4010 6290
244 322 349 388 με

1107 323 1313 382 LIBER
1349 320 1925 384 SUBNOTATIONUM
1967 325 2031 383 IN
2072 320 2302 381 VERBA
2341 313 2653 381 JULIANI.‘

3404 322 3513 387 N6

311 437 369 502 ἱ.
400 440 487 500 Ad
517 441 656 497 haec.
684 440 744 498 Si
770 438 1040 512 iudicialis
1068 449 1155 497 est
1177 442 1279 498 ista
1309 456 1455 500 mors
1478 442 1687 517 (Batus.
1718 461 1824 500 om.
1853 450 1909 510 Α
1930 445 2216 502 verborum
2263 442 2610 515 crepitaculis
2654 436 2824 514 magis
2868 452 3030 515 quam
3072 439 3201 501 ullis
3242 443 3517 503 declama-

241 533 411 608 mors]
442 548 551 606 qua
590 531 882 589 mulctatus
932 531 1107 589 Adam
1155 542 1262 603 est,
1289 541 1345 589 et
1400 534 1515 605 ipsa
1575 544 1659 592 est
1706 551 1827 607 quae

242 628 458 687 transiit
496 637 557 684 et
583 625 776 683 transit
830 626 887 681 in
935 634 1207 698 posteros,
1240 642 1369 699 non,
1399 637 1459 685 ut
1506 628 1609 696 ais,
1638 644 1826 687 omnes

242 720 487 785 omnino,
510 716 611 774 sed
631 717 700 773 ad
729 716 878 773 solos
898 715 1233 784 imitatores;
1262 732 1384 789 quas
1409 718 1496 776 vel
1520 719 1696 791 qualis
1717 720 1827 777 erit

246 812 329 870 illa
356 810 468 867 alia
496 824 622 883 qua:
648 810 887 867 animam
909 825 942 865 a
970 824 1204 883 corpore
1231 812 1489 882 separat?
1518 813 1619 870 llic
1645 822 1825 871 arcta-

242 914 327 964 tus
355 922 371 959 :
409 922 430 958 ι
460 902 767 971 Naturalis,
793 902 1030 975 inquies,
1062 903 1187 975 quia
1214 902 1384 960 Adam
1416 904 1530 962 sive
1549 914 1821 977 peccaret,

242 998 357 1055 sive
368 1011 478 1053 non
492 1003 1026 1068 peccaret,mortuus
1046 994 1255 1052 fuisset.
1280 1014 1301 1050 ι
1323 996 1405 1052 Εη
1423 1005 1651 1053 stemma
1671 997 1824 1055 Chri-

242 1092 470 1149 stianum
486 1092 503 1146 l
534 1099 563 1129 ι
577 1105 644 1147 en
662 1089 1033 1148 ecclesiastica
1045 1089 1262 1162 antiqua
1277 1089 1495 1147 traditio
1511 1091 1524 1145 ι
1549 1091 1658 1149 Sed
1671 1091 1822 1147 vides

239 1198 449 1253 nempe,
481 1183 759 1254 quomodo
783 1191 839 1239 te
866 1182 1066 1253 ipsum,
1100 1182 1157 1238 in
1194 1181 1354 1239 dictis
1382 1183 1491 1240 tuis
1517 1184 1823 1241 contrarius

238 1274 444 1349 [Βαια.
469 1273 784 1350 contrariis]
817 1274 935 1344 tibi,
965 1283 1238 1348 tamquam
1262 1276 1447 1347 vipera
1475 1276 1670 1346 lanies,
1698 1291 1821 1335 cum

1935 538 2172 594 tionibus
2201 538 2437 593 studium
2466 537 2627 594 inane
2651 536 2933 608 dependis.

2001 629 2057 683 2.
2086 627 2292 685 Vellem
2320 637 2499 684 autem
2530 637 2583 684 te
2611 628 2852 700 pressius
2876 630 3229 702 interrogare,
3253 626 3323 688 de
3351 644 3499 689 mor-

1932 728 1987 777 te
2038 719 2449 792 cuiusquemodi
2501 719 2629 791 quid
2680 722 2916 787 sentias,
2966 724 3057 794 qui
3113 738 3300 780 earum
3347 738 3512 781 unam

1930 812 2229 884 quamlibet
2256 812 2447 868 saltem
2476 813 2709 870 transire
2740 814 3031 884 permittis.
3059 815 3232 873 Velim
3262 831 3395 888 ergo
3424 815 3507 873 di-

1931 920 2025 963 cas
2054 905 2186 962 mihi
2215 906 2341 977 quid
2367 908 2438 962 sit
2463 922 2631 975 mors,
2651 923 2773 980 qum
2797 918 2887 965 tuo
2906 909 3111 980 judicio
3135 911 3347 967 transit.
3372 910 3513 970 Sub-

1927 1001 2127 1058 stantia
2179 1009 2262 1058 est
2313 1000 2400 1057 vel
2456 1010 2678 1070 natura,
2720 1018 2789 1058 an
2841 1018 2930 1061 res
2985 1004 3165 1075 aliqua
3218 1004 3512 1061 accidens?

1925 1094 1955 1137 δ
1983 1096 2325 1154 Meminimus
2351 1099 2498 1154 enim
2539 1108 2782 1171 tempore
2825 1116 2932 1172 quo
2975 1116 3220 1173 praesens
3275 1102 3330 1157 in
3368 1100 3505 1158 urbe

1925 1186 2117 1255 Roma,
2150 1203 2273 1245 cum
2300 1199 2322 1229 ο
2354 1190 2689 1261 principibus
2731 1191 2889 1262 hujus
2916 1192 3274 1248 amentissimi
3296 1190 3502 1247 erroris

1926 1283 2028 1347 tui,
2058 1284 2110 1339 in
2159 1283 2431 1339 nonnullis
2480 1282 2907 1355 simplicioribus
2938 1283 3239 1342 Ecclesiam
3268 1282 3503 1360 ventila-

1409 1453 1952 1515 CASTIGATIONES
1991 1458 2079 1515 ET
2118 1457 2349 1516 ΝΟΤιΕ.

241 1592 482 1673 gustinqs
514 1606 531 1673 ξ
565 1589 964 1673 Iiocjoqugris,
992 1589 1131 1673 quod
1157 1588 1411 1673 objectum
1429 1588 1806 1673 .hmresiarclue

239 1659 397 1720 vestro
424 1661 662 1734 Pelagio,
689 1661 745 1734 in
776 1659 1066 1734 episwpali
1101 1659 1305 1732 judicio
1340 1659 1642 1734 Palaestino,
1664 1661 1805 1732 quod

245 1739 310 1791 ita
334 1736 496 1804 [actus
530 1731 685 1803 fuerit
704 1732 892 1797 Adam,
915 1740 979 1804 _ut
1003 1731 1113 1785 sive
1135 1740 1389 1804 peccaret,
1424 1731 1529 1786 sive
1550 1747 1654 1784 non
1686 1748 1806 1799 pec-

247 1800 395 1868 caret,
422 1800 705 1858 moriturus
725 1810 874 1857 esset.
903 1800 1052 1856 Hanc
1073 1802 1211 1856 enim
1240 1811 1477 1866 mortem,
1506 1818 1606 1871 qua
1633 1817 1806 1856 omnes

248 1878 505 1939 morimur,
536 1876 602 1928 de
625 1889 728 1942 qua
753 1873 945 1929 dictum
987 1880 1062 1927 est
1093 1888 1111 1926 :
1139 1873 1185 1926 Α
1229 1872 1441 1926 muliere
1487 1873 1693 1926 initium
1721 1873 1806 1941 fa-

245 1957 373 2002 ctum
415 1954 490 2000 est
538 1944 756 2015 peccati,
784 1952 832 1998 et
878 1950 1108 2015 prapten
1133 1942 1283 1997 illam
1332 1942 1580 2015 morimur
1608 1942 1801 2015 (Eccli.

241 2034 364 2080 xxv,
391 2016 512 2086 33),
541 2013 648 2068 non
670 2014 746 2069 vis
773 2030 838 2068 ea:
858 2013 1065 2087 peccato
1090 2013 1145 2067 in
1174 2029 1361 2087 omnes
1380 2014 1561 2087 fecisse
1582 2014 1810 2087 origina-

244 2090 352 2144 liter
377 2082 680 2153 transitum,
708 2101 772 2139 ne
801 2082 999 2155 cogaris
1031 2085 1185 2155 fateri
1208 2082 1361 2138 simul
1388 2084 1545 2137 etiam
1576 2085 1811 2153 origina-

245 2160 354 2215 fiter
378 2156 625 2212 transisse
655 2154 917 2224 peccatum
942 2170 960 2208 :
989 2154 1147 2227 sentis
1166 2155 1357 2227 quippe
1386 2170 1538 2223 quam
1566 2154 1800 2225 iniquum

242 2231 304 2287 sit
327 2230 435 2283 sine
456 2227 641 2281 merito
658 2223 661 2224 ⁷
678 2229 922 2281 transisse
953 2223 1283 2297 supplicium.
1299 2223 1678 2297 Verumtamen
1703 2236 1808 2297 tam

241 2300 546 2355 catholicum
584 2306 681 2361 est,
712 2298 851 2366 quod
891 2295 1187 2367 expugnare
1224 2295 1448 2367 conaris,
1474 2305 1529 2350 ut
1567 2295 1663 2349 hoc
1696 2296 1806 2362 ille.

240 2372 340 2435 cui,
364 2371 497 2425 sicut
543 2367 676 2431 dixi,
707 2367 960 2437 objectum
986 2366 1083 2438 est,
1112 2366 1554 2438 nisidamnasset,
1580 2368 1809 2438 profecto

240 2458 299 2496 es;
316 2442 406 2494 illo
425 2439 630 2512 judicio
651 2435 926 2492 damnatus
954 2435 1350 2512 exiisset_.__Mors
1370 2453 1489 2512 ergo
1516 2447 1563 2492 et
1582 2435 1690 2492 ista
1709 2454 1811 2508 qua

240 2508 444 2578 spiritus
461 2527 492 2563 a
516 2524 731 2580 corpore
748 2518 1051 2580 separatur;
1077 2517 1125 2562 et
1151 2508 1243 2563 illa
1265 2524 1381 2580 quia
1409 2509 1599 2563 dicitur
1628 2525 1810 2563 secun-

240 2583 328 2646 da,
353 2598 457 2652 qua
478 2578 685 2652 spiritus
709 2578 829 2633 cum
853 2594 1066 2652 corpore
1085 2578 1418 2652 cruciabitur,
1445 2587 1694 2652 quantum
1711 2588 1800 2652 nt-

240 2650 375 2708 tinet
393 2652 462 2706 ad
491 2650 726 2705 meritum
763 2650 965 2723 generi}
991 2650 1226 2723 immani,
1260 2655 1313 2704 in
1359 2651 1811 2723 omneshomines

241 2724 533 2796 pertransiit
563 2736 583 2776 :
610 2724 699 2776 sed
723 2720 892 2796 gratia
920 2720 1034 2796 Dei,
1070 2736 1161 2790 per
1189 2737 1308 2776 eum
1334 2721 1423 2788 qui
1449 2721 1583 2796 venit
1614 2729 1672 2775 ut
1702 2737 1814 2796 rno-

242 2792 425 2849 riendo
454 2808 666 2863 regnum
693 2792 872 2847 mortis
903 2792 1128 2861 auferret
1156 2807 1217 2846 ea
1256 2792 1625 2846 resurrectione
1660 2793 1810 2863 cujus

246 2866 303 2934 in
328 2866 422 2918 illo
448 2863 1034 2934 pracessitexemplum,
1065 2871 1276 2918 mortem
1291 2878 1506 2934 regnare
1534 2879 1638 2917 non
1662 2864 1806 2934 sinit.

250 2933 373 3006 Hoc
394 2943 523 2988 tenet
551 2933 795 3006 cataclica
823 2933 973 3001 ﬁdes,
997 2933 1097 2988 hoc
1130 2942 1299 3006 tenent
1311 2933 1519 3006 judices
1548 2949 1696 3006 quos_
1708 2933 1810 3006 Pe-

247 3005 424 3075 lagius
450 3003 760 3074 formidavit,
789 3006 884 3076 ρος
904 3021 1007 3076 non
1030 3013 1196 3076 tenent
1224 3002 1449 3060 haeretici
1488 3002 1617 3076 quos
1656 3002 1813 3076 Pelae

246 3073 361 3146 gius
386 3073 670 3129 sensinavit.
700 3115 750 3157 ..
779 3074 848 3129 Et
873 3075 920 3129 si
940 3084 996 3157 tu
1019 3073 1205 3157 oblitus
1228 3091 1279 3130 es
1302 3073 1654 3157 gravejugum
1673 3075 1813 3145 quod

248 3145 491 3218 aggravet
513 3155 796 3218 nascentes,
826 3162 923 3211 nos
949 3154 999 3201 te
1020 3145 1317 3218 tamennon
1361 3145 1651 3200 desistimus
1672 3161 1816 3200 com-

245 3213 468 3271 monere.
494 3254 509 3270 .
532 3256 546 3270 .
569 3256 583 3269 .
604 3256 618 3270 .
649 3213 875 3270 Frustra
920 3226 1058 3271 recta
1104 3215 1256 3270 verba
1302 3224 1557 3286 torquere,
1580 3224 1628 3270 et
1669 3218 1814 3272 clara

252 3287 517 3342 obscurare
557 3287 762 3340 conaris
791 3287 890 3359 :in
934 3302 995 3341 eo
1040 3296 1370 3359 peccaverunt
1419 3302 1592 3359 omnes
1628 3288 1682 3340 in
1713 3304 1814 3353 quo

248 3360 536 3432 moriuntur
566 3373 780 3412 omnes:
808 3358 917 3432 ipse
961 3357 1048 3413 est
1067 3357 1257 3432 Adam,
1276 3358 1339 3432 _in
1379 3373 1488 3432 qua
1509 3357 1565 3432 si
1598 3361 1816 3432 parvuli
1841 3369 1887 3432 α

251 3445 351 3483 non
377 3430 693 3493 moriuntur,
718 3425 946 3499 profecto
974 3443 1066 3482 nec
1087 3429 1141 3482 in
1162 3425 1369 3483 Christo
1391 3425 1781 3494 viviﬁcabuntur
1796 3446 1816 3496 ;

247 3567 444 3625 Christo
475 3585 654 3641 omnes
682 3569 1075 3641 vivificabuntur
1104 3569 1150 3641 (1
1175 3568 1295 3641 Cor.
1332 3585 1426 3641 xv,
1457 3567 1571 3638 22),
1595 3568 1711 3625 ideo
1732 3571 1819 3640 qui

245 3642 416 3695 volunt
469 3640 581 3694 hazc
620 3638 771 3693 verba
817 3638 1125 3709 pervertere,
1166 3640 1298 3710 ipsi,
1346 3640 1421 3695 eis
1471 3638 1815 3709 manentibus,

243 3720 554 3767 evertuntur.
588 3729 607 3765 ι
628 3711 790 3768 Eutr.

314 3792 341 3820 ι
379 3781 618 3851 ldipsum
649 3780 909 3851 prolixius
939 3796 970 3837 a
1000 3781 1292 3838 Mercatore
1326 3788 1517 3851 postea
1547 3790 1821 3850 repetetur

244 3853 396 3924 (Cap.
414 3851 476 3917 2,
503 3868 649 3909 nam.
671 3852 752 3923 Β).
787 3852 933 3924 Dixit
960 3867 1089 3909 vero
1113 3867 1209 3921 per
1237 3852 1467 3924 ironiam
1490 3867 1558 3924 ea
1577 3868 1701 3924 quae
1721 3868 1820 3909 ex-

246 3922 541 4006 plicamus,
594 3933 655 3978 ut
682 3922 997 4006 .castigaret
1042 3923 1363 4006 insolentem
1409 3922 1819 4006 Pelagianorum

242 3992 576 4065 iactantiam,
606 3993 699 4064 qui
720 3992 965 4065 eum’toti
989 4002 1172 4065 essent
1195 3994 1249 4049 in
1274 4008 1413 4049 novo
1435 3992 1682 4065 dogmate
1702 4010 1823 4063 per-

245 4064 544 4130 suadendo,
574 4079 635 4121 se
680 4064 812 4119 nihil
842 4072 1023 4121 tamen
1054 4064 1317 4120 doctrina:
1358 4064 1573 4119 tradere
1622 4067 1820 4121 menti-

245 4145 451 4218 rentur,
474 4137 581 4218 nisi
608 4134 806 4218 quod}
830 4135 1126 4218 majoribus
1151 4135 1484 4218 accepissent
1503 4135 1708 4218 {immo
1732 4151 1822 4192 ca-

244 4208 459 4277 tholicas
508 4204 639 4262 fidei
688 4204 1096 4277 defensoribus,
1142 4221 1240 4277 per
1288 4206 1680 4277 intolerabilem
1726 4222 1821 4264 ca-

244 4274 508 4332 lumniam
530 4318 548 4343 ,
584 4277 876 4332 novitatem
905 4274 1274 4343 objicere‘non
1310 4276 1713 4333 erubescerent.

308 4346 385 4402 lta
414 4347 669 4419 Pelagius
700 4346 839 4419 (Lib.
862 4348 925 4403 de
946 4346 1073 4404 Nat.
1107 4355 1154 4402 et
1182 4346 1331 4402 Grut.
1359 4363 1474 4416 cap.
1497 4348 1561 4403 6|
1586 4356 1637 4419 et
1657 4346 1822 4417 seqq.)

248 4432 398 4472 suam
425 4418 494 4473 de
514 4417 873 4488 impeccantia
903 4419 1214 4487 Opinionem
1242 4427 1520 4488 acceptam
1552 4417 1825 4475 referebat

246 4487 546 4561 Lactantio,
580 4487 806 4561 Hilario,
850 4489 1169 4556 Ambrosio,
1201 4487 1611 4561 CbrysOstomo,
1669 4489 1824 4561 Sixto

245 4558 700 4683 rsettdomartyri.
734 4559 1099 4643 Hieronymo,
1148 4568 1209 4642 et
1240 4558 1821 4643 ips'imet.Augustino.

268 4638 316 4683 ta
344 4630 638 4683 Lmlesttus
667 4630 686 4683 l
695 4629 763 4683 In
799 4630 977 4683 libello
1005 4628 1159 4683 Fidei
1192 4646 1340 4683 auem
1371 4630 1480 4683 sed:
1527 4631 1821 4683 apostolicae

268 4638 316 4683 ta
344 4628 638 4685 Caelestius
667 4629 763 4701 (In
799 4628 977 4685 libello
1005 4628 1159 4685 Fidei
1192 4628 1340 4701 quem
1371 4630 1481 4685 sedi
1527 4628 1825 4700 apostolica

357 3500 600 3569 quoniam
622 3500 756 3552 sicut
779 3498 834 3552 in
856 3498 1024 3553 Adam
1049 3514 1222 3569 omnes
1249 3500 1565 3569 moriuntur,
1589 3499 1664 3569 ita
1693 3509 1740 3553 et
1762 3500 1816 3553 in

1914 1592 2005 1647 nio
2036 1592 2179 1660 quod
2206 1593 2420 1666 exalio
2444 1592 2797 1666 Operesatis
2835 1603 3216 1666 perspexerat;
3250 1596 3397 1653 visus
3424 1606 3510 1654 est

1907 1670 2086 1739 tamen
2118 1664 2564 1739 eo_in_clin_are,_ut
2590 1664 2753 1719 alicui
2790 1664 3323 1734 potius'sectatorum
3346 1682 3509 1739 quam

1908 1731 2133 1803 ipsimet
2159 1732 2417 1790 Caelestis
2446 1731 2833 1791 tribuerentur.

1982 1803 2038 1876 In
2068 1804 2206 1876 lianc
2226 1820 2326 1874 ego
2345 1807 2703 1876 posteriorem
2730 1807 3055 1863 sententiam
3072 1822 3181 1863 non
3208 1808 3505 1866 admodum

1913 1873 2113 1947 invitus
2136 1873 2304 1941 abeo;
2337 1873 2431 1947 sed
2460 1876 2604 1933 addo
2632 1888 2897 1947 praeterea
2927 1878 3205 1947 conjicere
3238 1894 3326 1935 me
3348 1895 3379 1935 a
3412 1879 3510 1936 Ju-

1916 1944 2063 2018 liano
2092 1948 2346 2014 scriptas.
2388 1946 2525 2001 Nam
2557 1944 2757 2017 etipse
2809 1944 3045 2005 sectator
3084 1948 3327 2005 leestii
3373 1949 3507 2018 fuit,

1914 2017 2128 2089 qualem
2163 2017 2377 2073 volebat
2405 2027 2685 2074 auctorem
2717 2020 3087 2089 Augustinus;
3113 2029 3168 2074 et
3199 2020 3506 2077 Siculorum

1915 2086 2303 2161 amicus,‘quos
2334 2089 2475 2161 inter
2498 2089 2749 2161 vulgatus
2781 2086 2899 2145 erat
2930 2090 3100 2161 liber;
3132 2099 3187 2146 et
3215 2090 3284 2145 ab
3324 2091 3508 2161 Augu-

1913 2157 2169 2231 stinoovel
2195 2160 2443 2231 cognitus
2474 2175 2581 2215 non
2611 2158 2734 2225 fuit,
2762 2161 2848 2216 vel
2876 2160 3054 2231 potius
3085 2161 3353 2216 nominari
3394 2157 3504 2218 non

1914 2226 2122 2309 debuit,
2148 2230 2272 2297 quia
2306 2232 2535 2309 necdum
2568 2245 2629 2309 s_e
2659 2232 2837 2301 palam
2877 2226 3225 2309 prodiderat;
3258 2233 3509 2309 etratio-

1913 2298 2239 2373 _c_i_nationem
2286 2316 2390 2371 qua
2418 2301 2487 2373 de
2521 2298 2718 2371 agitur,
2752 2317 2857 2357 non
2883 2298 3199 2357 absimilem
3236 2302 3355 2358 aliis
3383 2318 3507 2373 quae

1916 2367 2057 2440 libro
2082 2367 2448 2437 continentur,
2475 2367 2726 2439 instituit;
2758 2381 2814 2428 et
2839 2388 2869 2427 a
2891 2376 3195 2429 Mercatore
3222 2387 3329 2427 non
3352 2367 3504 2440 raro,

1912 2438 2225 2514 frequenter
2251 2442 2321 2498 ab
2341 2443 2648 2514 Augustino
2687 2438 2970 2499 accusatus
2994 2453 3103 2514 est,
3134 2443 3277 2514 quod
3307 2443 3361 2499 in
3394 2438 3507 2499 traé

1913 2511 2128 2582 otandis
2154 2513 2552 2582 quaestionibus
2573 2513 2856 2569 dialectica
2878 2512 3137 2569 methodo
3154 2511 3237 2569 uti
3266 2518 3501 2571 ama‘ret.

1919 2580 2055 2654 Usus
2084 2580 2398 2651 est—autem,
2422 2599 2592 2654 eaque
2622 2585 2779 2650 plane
2806 2593 3015 2649 exacta,
3045 2593 3234 2640 auctor
3262 2584 3508 2643 libriDa-

1914 2651 2222 2708 ﬁnitionum
2254 2671 2266 2707 :
2292 2670 2436 2725 nam
2479 2651 2652 2724 primo
2682 2654 2933 2725 proponit
2959 2669 3063 2723 qua
3091 2654 3161 2709 de
3188 2668 3247 2725 re
3272 2657 3504 2723 quaestio

1914 2732 2174 2796 vertatur,
2191 2740 2259 2796 an
2280 2723 2432 2779 homo
2461 2723 2623 2796 possit
2643 2740 2751 2778 esse
2773 2723 2882 2778 sine
2897 2734 3142 2796 peccato;
3167 2724 3503 2796 deinde_sex-

1915 2791 2090 2848 decim
2116 2791 2614 2851 ratiocinationibus
2634 2803 2844 2864 partem
2868 2791 3227 2850 afﬁrmantem
3242 2794 3462 2851 conficit
3479 2813 3504 2864 ;

1913 2874 2100 2948 postea
2132 2865 2459 2948 testimoniis
2495 2865 2791 2948 Scriptura:
2817 2866 3103 2948 confirmat
3140 2868 3505 2948 quaeratione

1914 2936 2252 3007 confecerat;
2283 2936 2516 3007 denique
2542 2935 2935 2991 catholicorum
2975 2935 3375 3007 objectionibus
3405 2952 3501 2993 re-

1915 3006 2168 3079 spondet,
2196 3015 2251 3062 et
2277 3006 2444 3079 quasi
2469 3022 2570 3079 pro
2594 3007 2852 3079 coronide
2883 3006 3171 3079 nonnullas
3197 3007 3502 3076 quaestiun-

1914 3076 2062 3148 culas
2089 3076 2625 3147 proponendas'suis.
2659 3087 2716 3132 ut
2740 3078 2837 3142 ait,
2866 3077 3193 3133 adversariis
3211 3079 3461 3148 exponit.

1986 3146 2372 3219 conjecturam
2402 3159 2602 3219 augent
2623 3148 2731 3204 duo
2761 3166 2775 3203 :
2807 3149 3060 3211 alterum,
3083 3147 3227 3219 quod
3257 3146 3388 3219 totis
3418 3149 3503 3205 bis

1914 3218 2187 3273 sexdecim
2217 3217 2739 3285 ratiocinationibus,
2765 3219 2933 3274 immo
2953 3227 3009 3273 et
3034 3217 3333 3287 subiunctis
3352 3218 3503 3275 Scri-

1917 3296 2090 3359 pturae
2114 3290 2457 3356 testimoniis,
2488 3290 2539 3345 id
2568 3305 2734 3345 unum
2760 3288 3012 3359 efficitur,
3054 3287 3314 3359 hominem
3348 3306 3501 3358 posse

1919 3358 2027 3430 esse
2045 3359 2152 3413 sine
2184 3368 2409 3430 peccato.
2436 3363 2505 3415 At
2533 3361 2671 3430 hanc
2698 3360 2867 3429 ipsam
2908 3358 3108 3430 Pelagii
3131 3359 3500 3417 deﬁnitionem

1919 3428 2071 3485 libris
2098 3428 2257 3485 editis
2286 3445 2317 3484 a
2342 3429 2556 3487 Juliano
2583 3428 2857 3486 defensam
2902 3428 3067 3484 fuisse
3106 3430 3327 3485 tradidit
3362 3431 3503 3487 Mer—

1919 3512 2069 3574 cator
2105 3498 2243 3574 Δ((ξαρ
2276 3501 2480 3574 diuino
2519 3500 2676 3574 Oper.
2703 3516 2843 3555 num.
2874 3498 2933 3571 Ξ)
2964 3518 2979 3555 :
3011 3499 3309 3574 Secundum
3335 3503 3506 3574 magi-

1920 3571 2014 3624 stri
2040 3571 2115 3625 tui
2138 3570 2745 3644 Pelagii_deﬁnitionent,
2774 3586 2888 3642 quae
2914 3570 2956 3644 a_
2977 3580 3023 3626 te
3052 3579 3124 3644 tot
3152 3571 3295 3626 libris
3322 3570 3506 3644 defen-

1920 3657 1979 3695 sa
2003 3650 2102 3705 est,
2129 3659 2228 3713 qua
2255 3641 2406 3696 ambo
2435 3642 2707 3714 decernitis
2747 3641 2895 3714 posse
2937 3641 3192 3696 hominem
3238 3658 3347 3698 esse
3384 3641 3501 3699 sine

1921 3712 2151 3785 peccato,
2188 3721 2233 3767 et
2262 3713 2423 3785 facile
2436 3712 2532 3768 Dei
2557 3712 2803 3785 mandata
2827 3727 3045 3785 servare.

1991 3782 2427 3852 Alterum,’quod
2456 3785 2601 3839 nulla
2644 3783 2761 3840 fere
2802 3783 2873 3837 sit
2912 3783 3053 3839 inter
3080 3782 3353 3840 sexdecim
3382 3783 3505 3841 illas

1922 3853 2365 3911 ratiocinationes
2394 3869 2567 3926 quam
2596 3870 2708 3910 non
2734 3870 2767 3910 a
2809 3853 3022 3926 Iuliano
3061 3854 3269 3926 factam
3300 3853 3506 3912 referat

1924 3925 2273 3996 Augustinus,
2318 3923 2520 3982 nullum
2557 3927 2927 3996 testimonium
2956 3923 3250 3996 Scripturae
3274 3939 3384 3996 quo
3408 3926 3509 3982 lu-

1922 3994 2097 4049 lianus
2127 4011 2237 4050 non
2268 3996 2430 4051 fuerit
2457 3996 2577 4051 aliis
2603 3998 2656 4051 in
2679 3996 2815 4051 locis
2843 3995 3061 4051 abusus.
3082 3994 3224 4062 Quid
3248 3994 3389 4066 quod
3417 4011 3507 4050 ra-

1926 4066 2222 4130 tiocinatio.
2255 4067 2322 4121 de
2350 4081 2456 4135 qua
2488 4082 2629 4122 nunc
2660 4066 2927 4136 Mercator
2954 4067 3084 4136 agit,
3116 4074 3203 4121 est
3226 4073 3414 4136 quarta
3444 4067 3502 4121 in

1922 4135 2064 4190 libro
2099 4137 2496 4203 Definitionum,
2526 4137 2630 4192 hoc
2650 4144 2857 4191 tantum
2881 4135 3217 4203 discrimine,
3247 4135 3389 4203 Quod
3417 4136 3505 4193 hic

1924 4206 2117 4269 fusius.
2147 4207 2476 4262 contractius
2501 4208 2573 4262 ibi
2605 4207 2942 4276 proponitur.
2965 4205 3055 4260 Sic
3081 4205 3227 4262 enim
3259 4219 3320 4261 se
3341 4204 3515 4263 habet

1926 4276 2136 4347 (Lib.de
2156 4276 2488 4345 PerfJustit.
2503 4278 2795 4332 ratiocinat.
2808 4276 2894 4347 4):
2918 4277 3262 4342 Quarendum
3282 4285 3357 4331 est
3374 4278 3503 4347 quid

1925 4356 1998 4402 est
2022 4358 2302 4418 peccatum,
2320 4357 2487 4415 actus,
2502 4364 2569 4402 an
2589 4364 2689 4403 res.
2708 4347 2771 4404 Si
2787 4363 2867 4418 res
2886 4356 2982 4415 est,
2996 4361 3199 4401 necesse
3222 4355 3298 4401 est
3323 4356 3381 4402 ut
3406 4363 3507 4402 au-

1925 4417 2114 4472 ctorem
2135 4420 2337 4489 habeat,
2364 4428 2411 4472 et
2431 4420 2475 4474 si
2494 4429 2753 4473 auctorem
2781 4417 2967 4472 habere
2992 4419 3205 4489 dicitur,
3224 4420 3342 4489 jam
3372 4418 3506 4473 alter

1926 4497 2113 4561 prater
2132 4488 2299 4561 Deum
2325 4491 2399 4543 rei
2422 4489 2851 4561 alicujusiauctor
2869 4488 3044 4543 induci
3070 4488 3321 4543 videbitur
3342 4506 3363 4544 :
3388 4498 3442 4544 at
3459 4490 3507 4544 si

1925 4562 2020 4614 hoc
2046 4559 2149 4613 dici
2168 4560 2382 4630 impium
2407 4570 2502 4624 est,
2530 4559 2763 4630 confiteri
2790 4576 2991 4615 necesse
3013 4568 3088 4614 est
3115 4568 3376 4627 peccatum
3396 4576 3502 4615 om-

1925 4647 1987 4685 ne
2015 4640 2184 4684 actum
2207 4647 2334 4697 esse,
2369 4647 2471 4686 non
2492 4646 2633 4698 rem;
2654 4632 2699 4686 si
2718 4633 2880 4702 igitur
2904 4638 3050 4702 actus
3079 4639 3175 4696 est,
3200 4631 3354 4684 immo
3379 4633 3506 4702 quia

244 4701 445 4769 obtulit)
474 4716 537 4755 ea
569 4699 689 4771 quas
709 4699 778 4756 de
801 4701 1186 4771 prophetarum
1206 4699 1264 4756 et
1288 4702 1653 4770 apostolorum
1676 4701 1822 4757 fonte
1849 4749 1899 4771 ,ι
1924 4717 2038 4755 vere
2066 4712 2213 4756 actus
2242 4713 2336 4767 est,
2376 4702 2528 4757 vitari
2554 4699 2754 4770 potest;
2784 4700 2977 4757 Affinis
3003 4715 3217 4771 quoque
3251 4710 3334 4755 est
3359 4699 3505 4756 deci-

245 4749 601 4842 gas—cissis:
611 4749 1186 4842 initiatuses;
1208 4749 1823 4842 statstajtaisn’n:
1846 4749 1899 4810 1)
1926 4749 2032 4826 iis
2056 4749 3343 4842 ᾇῇξιῖιὶεεῖἷὯὶιὶᾶὶὶιᾶῐιῆιᾮὶεξῖἷῖἱᾶιᾶἷᾰΊιόξηίῖιὲᾇ
3364 4749 3505 4842 ibi};

243 4839 472 4925 ferreis
497 4841 758 4925 iactabat.
792 4842 866 4897 Ita
887 4839 1132 4925 Julianus
1158 4839 1294 4925 (Lib.
1328 4857 1346 4895 ι
1394 4839 1548 4925 Oper.
1593 4840 1817 4925 [φρονῇ

243 4928 357 4982 cap.
383 4910 476 4982 59)
503 4914 800 4968 novitatem
830 4913 1190 4995 exprobrabat
1216 4910 1518 4995 Augustino
1550 4930 1563 4966 :
1597 4910 1722 4996 Non
1745 4910 1821 4996 est

243 4981 350 5035 lucc
380 4982 508 5061 ﬁdes
546 4984 676 5053 (qua
703 4984 940 5061 creditur
965 4991 1241 5061 peccatum
1262 4983 1570 5061 originale),
1598 4993 1825 5061 antiqui-

243 5062 326 5125 tus
362 5053 555 5125 tradita
593 5063 747 5122 atque
770 5053 1009 5125 fundata,
1040 5054 1141 5125 nisi
1166 5054 1224 5108 in
1259 5054 1492 5125 conciliis
1527 5053 1822 5125 malignan-

244 5124 392 5189 τίκα,
413 5124 673 5197 inspirata
693 5142 726 5180 a
760 5124 989 5197 digbolo,
1016 5124 1221 5197 prolata
1263 5142 1295 5179 a
1346 5124 1821 5197 Maniclueo.’cele-

241 5200 389 5249 bruta
416 5212 449 5249 a
482 5194 766 5263 Marciane,
800 5194 1026 5260 Fausto,
1046 5196 1338 5266 Adimanto,
1379 5195 1713 5266 omnibusque
1740 5211 1821 5250 eo-

1924 4850 2017 4907 est,
2043 4845 2180 4912 quod
2202 4843 2377 4898 nullus
2412 4858 2601 4913 negare
2643 4844 2743 4898 nisi
2784 4840 3027 4898 Marcion
3054 4851 3145 4913 aut
3184 4840 3507 4913 Manichtzus

1924 4910 2150 4981 audebit,
2189 4916 2444 4983 quomodo
2478 4910 2640 4985 igitur
2676 4914 2808 4970 bona
2840 4923 2935 4982 est,
2969 4913 3013 4968 si
3037 4910 3230 4966 malum
3251 4911 3302 4985 ei
3329 4925 3507 4965 cavere

1922 4999 2026 5065 non
2058 4980 2452 5066 estpossnibile?
2476 4980 2623 5040 omne
2670 4987 2807 5040 enim
2854 4980 3118 5057 peccatum
3153 4980 3350 5035 malum
3394 4996 3507 5037 esse

1923 5056 2035 5125 quis
2065 5054 2306 5109 dubitat?
2584 5084 2587 5087 ν
2856 5054 2865 5057 ⁷

1998 5128 2381 5183 Animadverte
2410 5126 2513 5181 hoc
2558 5126 2610 5182 in
2641 5126 2767 5182 loco
2805 5125 3127 5181 Marcionem
3172 5138 3293 5178 cum
3332 5121 3506 5178 Mani-

1929 5196 2280 5268 clneojungi,
2312 5197 2456 5268 quod
2490 5200 2675 5253 soleta
2705 5197 2937 5261 Juliauo,
2962 5206 3019 5249 ut
3043 5204 3255 5268 constat
3296 5204 3406 5268 tum
3436 5210 3506 5250 ex

241 5279 361 5317 rum
388 5266 715 5334 satellitibus,
739 5275 786 5321 et
814 5283 950 5321 nunc
985 5284 1019 5322 a
1061 5277 1108 5322 te
1130 5268 1183 5321 in
1223 5263 1406 5333 Italia,
1444 5265 1582 5335 quod
1605 5263 1828 5336 graviter
1929 5263 2232 5334 superiore'
2249 5263 2399 5334 nota,
2432 5278 2541 5323 tum
2576 5283 2642 5324 ex
2682 5269 2792 5323 alio
2822 5269 2980 5336 loco,
3012 5266 3099 5321 ubi
3145 5264 3504 5336 Augustinum

239 5337 513 5403 gemimus,
542 5345 793 5391 eructata.

311 5404 687 5478 {Occasione
717 5409 874 5478 hujus
900 5408 1003 5463 loci
1037 5422 1145 5463 non
1181 5408 1286 5463 erit
1324 5408 1687 5478 importunum
1717 5408 1821 5463 ali-

238 5476 370 5545 quid
400 5476 670 5533 disserere
690 5479 760 5534 de
783 5476 1004 5534 auctore
1026 5478 1147 5534 libri
1178 5476 1561 5534 Definitionum
1592 5494 1686 5534 seu
1714 5478 1823 5534 Ra-

238 5547 680 5620 toiooinationum,
705 5549 899 5620 quibus
918 5549 1214 5618 respondet
1240 5551 1574 5620 Augustinus
1600 5550 1651 5604 in
1680 5549 1821 5605 libro

238 5616 307 5690 de
334 5615 673 5690 Perfectione
704 5615 951 5688 justitiam
985 5615 1255 5675 Dubitavit
1282 5615 1574 5690 aliquando
1599 5629 1818 5676 sanctus

236 5686 439 5766 doctor
469 5704 533 5742 an
560 5686 1001 5766 ratiocinationes
1028 5692 1135 5766 illae
1156 5686 1621 5766 kastiifment,
1640 5706 1705 5746 au
1724 5692 1816 5766 aly

234 5760 503 5833 terius_ex_
528 5761 719 5833 eadem
746 5761 976 5833 factione
1009 5779 1021 5815 :
1046 5761 1309 5817 fatebatur
1327 5762 1542 5833 quidem
1570 5760 1811 5817 tuncdici

236 5840 367 5894 ﬁse
395 5826 655 5901 Caelestii,
685 5846 786 5890 nec
816 5832 1039 5904 putabat
1058 5826 1360 5893 abhorrere
1387 5834 1456 5892 ab
1482 5832 1627 5889 illius
1664 5833 1821 5903 inge-.-

1548 5978 1549 5981 ‘
1565 5976 1602 5990 v-

1927 5336 2218 5409 lttereticus
2249 5339 2317 5393 ita
2347 5340 2638 5409 compellat
2680 5338 2821 5409 (Lib.
2855 5352 2911 5391 Ill
2946 5335 3354 5409 Oper._lmperf.
3381 5353 3502 5409 cap.

1925 5407 2017 5477 55)
2053 5426 2064 5460 :
2099 5408 2223 5473 Quis
2246 5419 2299 5463 tu
2321 5427 2392 5474 es,
2417 5407 2504 5477 qui
2535 5408 2815 5463 Marcionis
2839 5417 2965 5462 testu
2986 5407 3263 5461 concitatus
3288 5409 3341 5461 in
3366 5408 3507 5461 exci-

1924 5480 2067 5532 dium
2086 5481 2341 5549 (equitatis
2357 5480 2611 5550 irrumpas
2624 5478 2648 5531 ?
2663 5479 2750 5547 qui
2771 5481 2863 5550 sub
2884 5492 3152 5550 censuram
3171 5479 3362 5550 lingua
3375 5486 3505 5550 tum,

1922 5547 2174 5620 mysteriis
2204 5552 2373 5605 adhuc
2400 5547 2805 5620 Man'iclueorum
2835 5548 3063 5617 lubricw,
3092 5547 3191 5620 Dei
3228 5548 3503 5620 tam_judi-

1920 5617 2002 5674 cio
2026 5638 2181 5691 quam
2217 5630 2469 5691 prlecepla
2509 5619 2825 5689 compellat?
2850 5630 2956 5675 etc.
2975 5620 3058 5691 Et
3086 5619 3201 5675 haec
3229 5617 3506 5689 conjectu-

1922 5706 1996 5746 ra:
2026 5689 2363 5746 confirmatio
2383 5689 2472 5744 est
2500 5704 2606 5744 non
2632 5689 3046 5745 contemnenda.

1996 5773 2017 5801 ο
2059 5761 2421 5818 Gerberonius
2449 5759 2800 5834 participibus.
2865 5761 3142 5818 GALLAND.

3550 1403 3601 1477 καὶ
