4010 6290
454 258 568 335 ,ιιι
911 258 930 272 ‘
1753 266 1946 323 manu
1985 268 2045 324 Ml

2159 266 2429 326 IATORIS
3642 267 3769 329 1⁸8

464 377 580 444 bas,
610 378 842 448 qualiter
887 380 1261 454 interrogabas
1309 401 1320 436 :
1353 401 1370 435 l
1407 383 1546 452 Quid
1591 390 1676 438 est
1723 393 2036 454 peccatum,
2067 393 2122 450 Α
2147 387 2216 444 de
2254 389 2344 442 illa
2383 389 2550 444 altera
2591 402 2709 458 qua:
2749 399 2776 441 a
2817 401 3050 458 corpore
3087 388 3318 444 animam
3368 393 3596 458 separat
3651 385 3767 442 tibi

465 461 741 536 inquiens,
797 471 1072 528 malumne
1116 471 1340 544 aliquid,
1372 489 1438 528 an
1490 473 1730 528 bonum?
1778 495 1798 528 ι
1844 477 2040 532 Malum
2148 483 2292 539 nulla
2326 483 2383 538 iit
2411 481 2971 548 mentio),substantia
2989 492 3072 538 est
3092 482 3400 552 aliqua,vel
3425 490 3666 548 natura,
3684 494 3766 534 an

466 561 651 636 utique
672 565 1101 635 respondebatur
1125 568 1239 623 tibi.
1272 567 1354 622 Ad
1381 568 1494 622 haec
1522 566 1759 622 addebas
1789 588 1802 622 :
1834 589 1854 623 ι
1880 571 2047 627 Deus-
2147 589 2239 630 res
2269 575 2512 643 quaedam
2545 575 2861 631 substantiae
2903 577 3194 632 accidens?
3217 576 3300 630 Tu
3340 576 3384 630 si
3417 575 3610 630 adhuc
3654 573 3768 628 all-

465 668 536 709 ne
565 653 726 724 hujus
757 658 882 712 mali
926 670 1115 716 auctor
1146 671 1201 715 et
1233 657 1445 728 opifex?
1482 677 1500 712 ι
1536 660 1724 726 Absit,
1754 661 1916 729 absit,
1947 678 2044 718 ex-
2145 667 2275 736 quid
2305 667 2358 722 in
2387 676 2438 722 te
2463 667 2679 722 luminis
2710 667 2896 735 babes,
2927 667 3304 738 respondebis,
3333 677 3390 723 et
3415 668 3598 733 dices,
3625 679 3764 720 eam

467 746 808 806 clamabatur
831 750 1056 825 [Baluz.
1111 751 1478 826 cxclamatur]
1532 754 1648 817 tibi,
1676 755 1854 824 longe,
1884 771 2043 826 quam
2147 769 2354 815 natum
2371 760 2691 816 substantia:
2707 762 2986 827 accidisse,
3021 777 3122 816 nec
3153 775 3311 830 posse
3336 761 3450 816 dici
3473 761 3766 817 substan-

465 838 626 910 longe
669 842 742 896 sit
771 845 870 897 ista
908 843 1199 900 dementia.
1230 843 1344 898 Hoc
1366 859 1467 898 nec
1495 845 1848 913 impiissimus
1883 845 2047 914 proii-
2149 851 2303 920 tiam,
2331 867 2452 922 quae
2476 854 2700 922 pinnulis
2727 854 2852 908 data
2887 863 2973 909 est
3014 853 3189 923 primo
3221 854 3658 924 transgressori,
3705 861 3768 907 et

462 934 564 986 teri
596 949 760 990 ausus
791 944 874 990 est
901 935 1246 1001 Manichacus,
1281 937 1373 1004 qui
1403 936 1529 990 mali
1560 946 1842 1015 auctorem
1876 937 2045 994 Deum
2149 943 2404 1014 deinceps
2427 946 2614 1014 generi
2642 943 2915 1012 humano;
2949 957 3226 1016 nemoque
3263 945 3637 1016 prudentum,
3675 944 3767 998 in-

463 1037 564 1078 nec
595 1026 777 1091 sentit,
805 1043 903 1081 nec
933 1025 1246 1094 profitetur;
1271 1027 1367 1081 sed
1391 1027 1441 1081 id
1472 1028 1751 1097 proprium
1783 1028 1990 1084 habere
2012 1045 2045 1084 a
2147 1037 2326 1106 quies,
2350 1051 2563 1106 pinnam
2592 1037 2792 1094 dixerit
2810 1053 2934 1094 esse
2958 1039 3312 1094 substantiam
3342 1037 3427 1093 vel
3451 1047 3764 1092 naturam:

461 1117 793 1184 sempiterno
840 1115 1187 1186 principium,
1238 1118 1511 1186 propriam
1559 1120 1878 1186 essentiam,
1914 1134 2044 1190 pro-

2159 1131 2238 1184 uhi
2272 1140 2326 1185 tu
2350 1145 2474 1186 mox
2501 1132 2605 1186 tuis
2634 1131 2873 1187 cassibus
2905 1131 3307 1188 concludendus
3340 1146 3424 1186 es.
3457 1129 3634 1185 Nullo
3659 1142 3765 1198 pa-

462 1208 746 1278 priamque
790 1217 1064 1277 naturam,
1100 1209 1486 1266 scelestissime
1510 1211 1717 1283 flagitat
1751 1230 1764 1268 :
1796 1213 1886 1268 ubi
1919 1229 2045 1269 mox
2150 1228 2241 1276 cto
2271 1232 2496 1276 mortem
2529 1223 2674 1277 illam
2699 1221 3034 1292 iudicialem,
3065 1235 3186 1293 quae
3217 1223 3340 1293 quia
3370 1221 3616 1293 ponatis
3645 1225 3765 1284 est.

465 1305 593 1351 tunc
624 1297 741 1365 ipse
771 1298 1125 1367 quaerendum
1151 1315 1275 1356 esse
1307 1300 1551 1371 dicebas,
1585 1322 1605 1358 ι
1642 1312 1820 1358 utrum
1855 1320 2048 1374 pecca-

461 1396 573 1441 tum
621 1388 924 1443 substantia
955 1401 1125 1456 esset,
1158 1408 1224 1446 au
1266 1403 1482 1460 natura,
1515 1410 1582 1449 an
1614 1411 1706 1451 res
1735 1396 1912 1466 aliqua
1949 1412 2044 1454 ac-

461 1477 672 1533 cidens.
701 1495 722 1530 ι
760 1478 864 1535 Ubi
886 1495 1006 1535 cum
1032 1482 1308 1550 paululum
1331 1483 1561 1540 haereret
1582 1485 1890 1542 Christiana
1918 1489 2048 1542 sim-

459 1571 700 1642 plicitas,
733 1571 918 1628 taliter
956 1573 1251 1646 inferebas,
1298 1595 1318 1629 ι
1364 1587 1640 1648 peccatum
1689 1579 1838 1636 nullo
1883 1580 2046 1636 modo

461 1663 625 1719 modo
649 1661 809 1734 posse
836 1680 958 1723 esse
979 1667 1340 1726 substantiam
1361 1671 1449 1727 vel
1473 1683 1744 1740 naturam,
1760 1673 1884 1744 quia
1917 1684 1942 1712 α
1967 1675 2048 1731 sic

2153 1311 2359 1383 [Baluz.
2402 1315 2527 1369 add.
2555 1313 2698 1386 quae]
2735 1315 3038 1370 substantia
3079 1315 3227 1370 nulla
3258 1324 3360 1379 est,
3399 1329 3564 1385 quam
3601 1322 3666 1367 tu
3707 1311 3769 1366 in

2151 1415 2400 1474 posteros
2417 1405 2604 1462 saltem
2630 1406 2930 1462 imitatores
2946 1405 3074 1461 Adae
3088 1405 3426 1472 transmittis,
3442 1417 3768 1474 numquam

2152 1497 2220 1553 de
2264 1498 2560 1553 substantia
2591 1499 2643 1553 in
2684 1497 3060 1564 substantiam,
3093 1497 3180 1553 vel
3211 1497 3280 1554 de
3309 1507 3502 1552 natura
3553 1497 3619 1550 in
3659 1509 3769 1550 na-

2154 1597 2352 1656 turam,
2383 1588 2526 1660 quod
2575 1587 2786 1662 [Belum
2830 1590 2917 1646 vel
2962 1598 3177 1659 natura,
3209 1583 3376 1660 quod]
3422 1588 3598 1645 homo
3646 1593 3765 1656 est,

2153 1696 2314 1751 posse
2345 1683 2570 1737 transire
2598 1681 2932 1737 declaratum
2956 1689 3059 1737 est.

459 1754 690 1837 haberet
737 1755 943 1832 [Baluz.
985 1757 1193 1834 habet],
1237 1762 1442 1829 aiebas,
1479 1763 1646 1820 Deum
1695 1766 1944 1835 opiﬁcem
1988 1768 2124 1829 etB
2223 1771 2276 1826 4.
2320 1772 2570 1838 Videsne,
2600 1773 2857 1844 cegregie
2881 1773 3212 1843 perditorum
3246 1773 3526 1844 magister,
3555 1779 3620 1828 et
3644 1769 3770 1827 dia"-

459 1859 772 1917 auctorem;
805 1851 956 1907 nulla
980 1853 1123 1908 enim
1156 1863 1242 1911 est
1287 1867 1483 1910 natura
1513 1872 1672 1926 quam
1718 1874 1824 1913 non
1856 1859 2048 1915 condi-

459 1939 548 1994 dit'
567 1939 732 1998 Deus.
762 1941 871 1998 Sed
901 1943 1026 2014 quia
1052 1957 1216 2015 supra
1241 1946 1489 2002 constitit
1520 1956 1795 2005 auctorem
1822 1947 1849 1988 δ
1873 1949 2044 2006 Deum

459 2032 588 2088 mali
619 2049 728 2089 non
773 2050 918 2102 esse,
948 2051 1054 2091 non
1087 2048 1172 2094 est
1218 2054 1350 2110 ergo
1379 2041 1680 2096 substantia
1721 2041 1806 2098 vel
1847 2053 2048 2097 natura

459 2134 768 2194 peccatum,
796 2127 940 2196 quod
969 2130 1171 2185 malum
1204 2145 1330 2186 esse
1363 2133 1705 2198 apertissime
1729 2133 1958 2200 claruit;
1991 2143 2046 2190 et

460 2213 934 2285 quod‘substantla
952 2233 1061 2275 non
1092 2227 1194 2285 est,
1220 2221 1421 2292 inquis,
1447 2222 1501 2277 in
1541 2223 1904 2279 substantiam
1947 2240 2044 2282 seu

460 2307 733 2392 naturam,
766 2309 912 2380 quod
942 2309 1107 2366 homo
1134 2319 1237 2378 est,
1272 2313 1508 2370 transire
1538 2316 1687 2370 nullo
1710 2317 1854 2385 jure,
1890 2318 2042 2372 nulla

461 2398 675 2456 ratione
698 2400 1030 2458 credendum
1060 2413 1174 2469 est;
1209 2423 1230 2458 ι
1261 2413 1422 2475 atque
1443 2407 1807 2463 concludebas
1829 2425 1842 2461 :
1864 2425 1882 2458 ι
1905 2410 2046 2465 male

457 2491 622 2560 igitur
649 2500 705 2548 et
741 2493 906 2550 stulte
934 2495 1318 2552 traducianum
1348 2511 1416 2554 ex
1445 2498 1620 2554 Adam
1649 2498 1894 2555 creditur
1917 2514 2046 2556 esse

456 2593 761 2651 peccatum.
795 2603 816 2638 ι

476 2738 480 2742 ,
524 2674 578 2730 5.
620 2675 691 2733 Ut
709 2692 844 2749 ergo
863 2694 1028 2750 supra
1055 2681 1324 2748 dicebam,
1355 2693 1543 2754 patere
1563 2700 1671 2754 me,
1699 2694 1759 2740 ut
1785 2700 1886 2756 ego
1914 2701 2049 2756 quo-

456 2784 558 2839 que
599 2770 700 2826 hac
722 2771 807 2826 via
836 2781 889 2829 te
922 2782 980 2830 et
1024 2774 1217 2832 iisdem
1248 2788 1683 2849 argumentorum
1715 2779 2045 2850 interrogem

455 2860 637 2949 lineis,
668 2869 727 2917 ut
757 2878 857 2920 nos
882 2865 1078 2922 doceas
1096 2871 1492 2939 respondendo.
1520 2872 1686 2939 Mors,
1715 2873 1908 2928 saltem
1933 2873 2049 2928 haec

456 2967 575 3022 qua:
609 2955 908 3012 secundum
933 2959 1165 3014 animam
1193 2973 1296 3028 est,
1329 2971 1384 3018 et
1412 2972 1497 3017 est
1522 2974 1745 3028 interna,
1783 2977 2050 3033 quamque

456 3045 628 3102 Adam
661 3055 1030 3119 transgressos
1058 3053 1293 3121 excepit,
1334 3063 1390 3108 et
1429 3056 1728 3110 transmisit
1769 3057 1821 3110 in
1862 3066 2050 3126 poste-

456 3143 566 3199 r‘o‘s.
600 3149 759 3207 quam
791 3146 849 3194 tu
880 3140 1056 3196 solam
1093 3142 1162 3197 ad
1192 3153 1678 3216 quantoscumque,
1713 3163 1819 3202 non
1855 3163 2048 3205 omnes
2075 3141 2122 3205 C

457 3228 676 3285 omnino
709 3232 957 3290 homines
979 3237 1330 3307 generaliter,
1353 3239 1492 3294 sicut
1514 3239 1808 3309 Apostolus
1828 3242 1921 3308 ait,
1949 3242 2046 3298 sed

457 3322 520 3379 ad
552 3339 751 3395 paucos
775 3331 1066 3388 admodum
1094 3333 1393 3390 imitatores
1420 3335 1654 3390 transire
1679 3335 1870 3389 deﬂnis
1899 3337 2045 3406 (nam

2151 1864 2340 1921 iectice
2369 1864 2688 1935 disputator,
2735 1866 2955 1922 videsne
3001 1881 3108 1936 quo
3148 1864 3446 1922 cecideris?
3486 1865 3764 1922 sentisne

2151 1971 2295 2012 nunc
2321 1957 2514 2012 saltem
2542 1963 2798 2027 quantum
2823 1972 2852 2012 a
2887 1958 3132 2013 veritatis
3158 1957 3375 2014 tramite
3401 1952 3770 2013 devinctis?

2151 2048 2258 2104 Sed
2288 2048 2384 2104 tibi
2427 2047 2645 2104 interim
2695 2050 2740 2104 si
2769 2058 2926 2105 vetus
2975 2047 3182 2120 [Βαίας.
3212 2047 3376 2121 ullus]
3418 2048 3597 2122 pudor
3645 2053 3767 2114 est,

2151 2154 2293 2194 nunc
2315 2140 2415 2195 ista
2439 2140 2711 2197 sufficiant
2745 2158 2759 2197 :
2793 2141 2838 2196 si
2861 2150 3043 2197 autem
3076 2142 3215 2197 Deus
3232 2145 3354 2197 vita:
3375 2148 3768 2198 commeatum

2151 2228 2384 2293 dederit,
2415 2241 2471 2286 et
2496 2231 2565 2286 ad
2597 2231 2970 2287 retractandos
2996 2231 3096 2287 hos
3124 2233 3364 2301 optimos
3388 2232 3560 2287 libros
3599 2242 3769 2298 tuos.

2151 2329 2208 2376 et
2231 2321 2298 2376 ad
2329 2321 2537 2394 [Βαιιιι.
2577 2339 2681 2377 om.
2729 2323 2817 2395 ad]
2849 2325 2994 2378 illam
3039 2324 3488 2394 sapientissimam
3539 2324 3748 2394 epism

2151 2413 2258 2469 iam
2293 2423 2442 2469 tuam
2495 2415 2840 2488 relegendam
2895 2425 3106 2489 tempus
3160 2417 3464 2483 indulserit,
3523 2415 3767 2488 quando

2151 2502 2293 2564 Deus
2324 2509 2586 2578 voluerit,
2612 2506 2637 2546 ά
2679 2511 2771 2566 tibi
2809 2511 3006 2568 iterum
3047 2511 3516 2582 respondebimus.
3558 2509 3767 2566 Profe-

2150 2613 2267 2654 ram
2299 2599 2501 2672 [Balatu
2546 2601 2904 2674 proferamus]
2939 2604 3157 2659 interim
3200 2613 3260 2660 et
3300 2603 3404 2660 alia
3443 2613 3560 2672 tua,
3615 2617 3756 2674 qua

2152 2705 2272 2747 cum
2304 2701 2495 2764 magna
2526 2696 2900 2750 exsecratione
2928 2696 3182 2752 vitemus.

2741 2829 2972 2886 CAPUT
3012 2829 3142 2886 VIII.

2154 2943 2288 3000 Item
2312 2962 2375 3000 ex
2395 2946 2522 3000 libro
2556 2947 2702 3000 tertio
2732 2947 2796 3000 de
2817 2957 3036 3016 quatuor
3063 2946 3132 3000 ad
3161 2946 3502 3000 Turbautium
3534 2944 3704 3002 editis
3736 2954 3760 2983 ⁶

2299 3033 2458 3088 prape
2485 3017 2742 3087 principia
2767 3018 2984 3088 capituli
3005 3019 3172 3087 tertii,
3193 3019 3342 3074 verba
3368 3016 3601 3072 Iuliani.

2231 3149 2249 3190 ί
2298 3169 2316 3205 ι
2346 3151 2584 3207 Gratiam
2635 3153 2972 3221 baptismatis
3012 3153 3245 3208 dicimus
3277 3167 3384 3210 non
3428 3168 3529 3222 pro
3564 3153 3764 3208 causis

2156 3258 2277 3299 esse
2319 3243 2657 3310 mutandam,
2690 3243 2834 3313 quod
2882 3244 3006 3311 ipsa
3034 3244 3174 3298 dona
3203 3253 3298 3299 sua
3343 3251 3441 3313 pro
3470 3243 3762 3299 acceden-

2157 3335 2287 3389 tium
2319 3335 2618 3402 capacitate
2649 3333 2958 3404 dispensat;
3007 3334 3236 3405 ideoque
3273 3333 3542 3402 Christus,
3582 3341 3610 3380 ι
3665 3332 3762 3404 qui

1619 3425 2169 3482 CASTIGATIONES
2210 3423 2298 3479 ET
2334 3421 2568 3478 NOTAE.

484 3509 558 3584 ξι
592 3507 926 3584 Gallandius,
954 3523 1077 3583 post
1105 3515 1382 3570 Baluzium
1409 3515 1561 3584 ponit
1603 3517 1649 3567 si
1685 3529 1780 3581 pro
1799 3506 1902 3580 sic,
1928 3530 2049 3570 mo-

457 3580 654 3705 ﬁtque
687 3580 1081 3641 Gerberoriium
1110 3587 1333 3655 habere,
1356 3580 1480 3656 quia
1516 3586 1560 3640 si
1601 3580 1753 3641 habet
1783 3598 2044 3642 naturam.

542 3666 554 3704 ι
605 3692 615 3702 .
1444 3672 1446 3675 ·

527 3721 552 3798 ξ’
593 3721 700 3798 Pro
743 3723 912 3798 Deum
956 3726 1334 3798 corrigendum
1381 3745 1499 3783 eum
1545 3727 1800 3798 jubet‘in
1853 3726 2050 3785 erratis

457 3791 728 3916 galuzius,
769 3796 925 3867 cujus
962 3791 1398 3854 emendationem
1447 3791 1674 3869 suscipit
1711 3793 2046 3854 Gallandius.

506 3879 614 3918 Di'i‘.

531 3946 552 4009 ὲ
597 3931 811 3990 Juliano
841 3937 1054 4007 reponit
1079 3941 1282 3996 Auctor
1305 3955 1409 3995 non
1437 3940 1728 4006 immerito,
1759 3939 1905 4009 quod
1931 3939 2050 4007 ipse

2154 3513 2248 3568 niti
2276 3521 2323 3566 et
2347 3513 2584 3576 accincti,
2607 3521 2814 3568 strenua
2828 3521 3007 3568 contra
3024 3513 3292 3568 hereticos
3307 3513 3442 3567 bella
3453 3517 3761 3582 gesserunt,

2155 3583 2412 3653 perfuncti
2433 3584 2654 3648 ﬁdeliter
2681 3599 2790 3640 sua:
2820 3583 3222 3654 dispensationis
3260 3584 3460 3652 labore,
3503 3584 3558 3635 in
3604 3582 3762 3649 puis

2154 3655 2349 3725 gremio
2371 3654 2711 3707 dormierunt.
2739 3656 3016 3725 Etpostea
3054 3673 3067 3707 :
3097 3655 3177 3709 An
3217 3664 3410 3709 tantum
3449 3655 3764 3725 consensio-

2154 3724 2270 3780 nem
2298 3725 2622 3778 sacerdotum
2647 3724 3016 3778 catholicorum
3045 3727 3474 3795 conspirationem
3509 3724 3760 3795 dicturus

2154 3814 2208 3850 es
2229 3795 2582 3866 perditorum?
2607 3795 2650 3850 Ο
2690 3797 2854 3848 verba
2887 3796 3143 3866 Ecclesiae
3169 3793 3442 3866 magistro
3468 3793 3644 3865 digna
3672 3794 3700 3848 ι·
3723 3805 3762 3850 o

2157 3865 2542 3922 documentum
2561 3867 2812 3920 omnibus
2841 3865 3056 3922 saeculis
3081 3869 3242 3922 utile!

2228 3933 2255 3973 ἀ
2299 3935 2396 3992 Vel
2440 3946 2629 3992 auctor
2655 3937 2950 3992 secundum
2976 3953 3138 4006 quem
3195 3936 3448 4006 promisit
3499 3935 3758 4001 laborem

457 3998 606 4080 prius
650 4022 745 4074 per
775 3997 1041 4080 summam
1085 4011 1332 4080 iniuriam
1381 4012 1666 4066 catholicis
1717 3997 2056 4075 imposuerat
2157 4022 2264 4062 non
2295 4007 2574 4080 suscepit;
2605 4009 2690 4063 vel
2730 4010 2876 4075 Opus
2904 3997 3240 4080 elaboratum
3273 4024 3380 4063 non
3408 3997 3762 4080 perveultrad‘

457 4069 596 4152 (Lib.
625 4069 843 4152 {contra
871 4078 983 4152 Iul.
1018 4069 1245 4152 capi'l),
1295 4082 1381 4136 his
1405 4083 1588 4138 verbis
1614 4101 1626 4136 :
1653 4081 1782 4136 Cum
1800 4069 1962 4150 igitur
1983 4081 2052 4134 li-

456 4149 607 4210 quido
630 4149 843 4214 clareat,
874 4149 1008 4206 uarie
1036 4149 1214 4207 sanam
1258 4163 1306 4206 et
1354 4169 1524 4208 verum
1570 4169 1678 4208 esse
1720 4152 2046 4215 sententiam,

457 4224 611 4287 quam
641 4221 806 4293 primo
849 4221 960 4275 loco
1001 4224 1155 4287 ratio,
1190 4223 1372 4277 deinde
1402 4222 1796 4293 Scripturarum
1832 4223 2050 4276 munivit

457 4291 756 4364 auctoritas,
782 4301 829 4344 et
849 4310 1002 4364 qtutm
1031 4309 1328 4348 sanctorum
1349 4291 1574 4347 virorum
1599 4311 1796 4364 semper
1822 4293 2050 4348 celebra-

458 4359 798 4430 vit'eruditio,
843 4359 929 4430 qui
974 4372 1143 4416 tamen
1191 4365 1387 4417 veritati
1421 4359 1774 4419 auctoritatem
1816 4381 1919 4417 non
1953 4381 2048 4419 suo

459 4429 678 4482 tribuere
697 4429 967 4496 consensu,
997 4436 1084 4487 sed
1118 4435 1461 4487 testimonium
1506 4443 1553 4487 et
1580 4435 1801 4503 gloriam
1828 4436 1891 4486 de
1932 4437 2046 4502 ejus

459 4505 725 4575 suscepere
749 4505 1026 4575 consortio,
1053 4503 1258 4558 nullum
1273 4505 1588 4575 prudentum
1629 4504 1892 4558 conturbet
1922 4522 2048 4558 con-

459 4571 671 4642 spiratio
709 4572 1045 4642 perditorum.

529 4641 810 4711 Indignum
850 4644 979 4698 illud
1008 4645 1230 4708 dictum,
1274 4661 1432 4714 quam
1461 4660 1604 4715 aigre
1627 4644 1814 4700 tulerit
1849 4643 1907 4700 S.
1937 4644 2048 4701 Au-

458 4715 702 4780 gustinus
744 4715 1006 4786 continuo
1036 4725 1282 4782 testatus,
1319 4718 1395 4770 ait
1424 4734 1438 4786 ;
1487 4715 1555 4770 In
1579 4733 1799 4786 quorum
1828 4733 2044 4771 conven-

459 4793 577 4857 ιιιηιΔ
599 4793 644 4838 te
679 4783 1056 4840 introduxerim
1093 4789 1344 4857 conspice.
1387 4783 1491 4857 ilic
1527 4783 1601 4841 est
1642 4786 2043 4842 Mediolanensis

459 4853 776 4928 Ambrosius,
805 4873 956 4928 quem
981 4853 1224 4928 magister
1244 4868 1366 4912 tuus
1395 4855 1642 4928 Pelagius
1680 4867 1824 4910 tanta
1852 4859 2045 4928 pradi-

459 4927 658 5000 catione
688 4926 942 5000 laudarit,
971 4938 1030 4981 ut
1066 4926 1256 4982 diceret
1294 4930 1348 4982 in
1379 4926 1664 5000 librisﬁcjns
1694 4926 1949 5000 prwcipue
1976 4930 2042 4998 [i-

457 4995 573 5050 dem
623 4997 790 5052 lucere
822 4996 1136 5063 Romanam,
1168 5000 1254 5065 qui
1300 4995 1631 5068 scriptorum,
1678 4995 1810 5051 inter
1831 4995 2044 5054 Latinos

457 5069 792 5140 ﬂosquidam
811 5071 1072 5133 speciosus
1099 5070 1312 5134 enituit;
1349 5072 1422 5124 ita
1461 5081 1514 5122 ut
1540 5072 1652 5140 ejus
1684 5069 1842 5138 ﬁdem
1868 5081 1916 5123 et
1943 5087 2042 5139 pu-

456 5138 716 5210 rissimum
737 5141 788 5193 in
811 5140 1097 5208 Scripturis
1153 5157 1355 5210 sensum
1412 5138 1780 5210 reprehendere
1832 5138 2046 5210 necini-

456 5208 620 5261 micas
657 5211 889 5264 auderet.
933 5211 1034 5265 Hic
1072 5221 1144 5266 est
1173 5220 1219 5265 et
1250 5207 1848 5279 Constantinopolitanae
1881 5209 2045 5265 Joan-

456 5294 567 5339 nes,
596 5295 741 5347 quem
771 5292 824 5334 tu
852 5284 905 5335 in
941 5300 1151 5337 numero
1182 5281 1501 5335 eruditorum
1529 5299 1590 5334 (ιε
1619 5291 1914 5333 sanctorum
1954 5296 2046 5333 ea:-

455 5347 877 5417 cellentissimum
905 5355 957 5406 in
985 5352 1081 5406 hac
1103 5355 1217 5421 ipsa
1255 5363 1362 5410 tua.
1406 5355 1487 5406 cui
1518 5353 1821 5421 respondeo,
1864 5352 2042 5420 dispit-

456 5421 647 5491 tatione
675 5421 910 5490 posuisti.
957 5421 1055 5476 Hic
1085 5435 1158 5478 est
1196 5421 1445 5488 Basilius;
1488 5427 1632 5491 cujus
1662 5430 1711 5474 te
1757 5421 1939 5481 verbis,
1971 5422 2040 5473 ad

454 5488 840 5562 idgquad'nu‘nc
866 5494 1036 5562 agitur
1068 5512 1168 5547 non
1199 5488 1586 5562 pertinentibus,
1623 5493 1814 5560 putasti
1843 5491 2040 5562 aliquid

454 5560 717 5634 adjuvari.
746 5559 850 5615 llic
877 5559 995 5634 sunt
1019 5575 1065 5616 et
1097 5559 1285 5628 celeri,
1317 5581 1533 5634 quorum
1575 5559 1631 5616 te?
1667 5578 1865 5634 movere
1895 5561 2041 5614 debet

453 5632 602 5705 tanta
629 5633 915 5688 consensio.
943 5633 1064 5688 Non
1084 5646 1155 5694 est
1178 5637 1297 5699 ista,
1324 5632 1452 5705 sicut
1475 5636 1607 5705 stylo
1638 5633 1888 5705 maledico
1910 5634 2038 5705 scri-

453 5701 552 5764 bis,
579 5705 890 5770 conspiratio
914 5704 1251 5769 perditorum.
1281 5705 1347 5758 In
1380 5701 1613 5759 Ecclesia
1646 5704 1898 5757 catholica
1941 5703 2035 5753 do-

454 5772 630 5829 ctrinae
656 5790 798 5829 sana:
825 5775 1009 5833 studiis
1037 5775 1354 5844 claruerunt,
1381 5776 1698 5846 spiritalibus
1734 5775 1889 5828 armis
1913 5789 2029 5827 mu-

2072 4820 2127 4880 D

2158 4093 2278 4132 nos.
2302 4077 2496 4133 Libros
2524 4093 2652 4134 vero
2675 4093 2814 4148 quos
2836 4093 2930 4147 per
2951 4079 3176 4134 ironiam
3201 4081 3436 4146 optimos
3459 4077 3618 4142 dicit,
3665 4079 3760 4132 ier-

2158 4148 2352 4210 telligit
2391 4157 2516 4204 octo
2555 4159 2859 4218 postremos
2899 4159 3088 4204 contra
3121 4149 3418 4206 secundum
3451 4149 3761 4218 Augudlini

2157 4219 2224 4274 de
2246 4219 2407 4288 Nupt.
2453 4230 2509 4275 et
2559 4221 2834 4289 Concup.,
2873 4221 3326 4289 quemadmodum
3376 4220 3548 4274 etiam
3591 4223 3764 4273 meat

2155 4290 2612 4360 sapientissiniam
2661 4292 2968 4357 epistolam,
3010 4305 3133 4362 qua
3179 4292 3303 4347 licet
3354 4290 3421 4345 ad
3469 4299 3759 4362 Summum

2155 4362 2467 4432 pontiﬁcem
2525 4363 2720 4432 scripta
2767 4363 2928 4428 foret,
2975 4379 3084 4417 non
3130 4365 3280 4432 prius
3310 4371 3488 4416 tamen
3521 4361 3590 4412 ad
3625 4376 3762 4415 eum

2155 4434 2402 4500 pervenit
2427 4449 2590 4502 quam
2623 4449 2718 4500 per
2749 4443 2914 4488 totam
2943 4433 3149 4488 italiam
3183 4433 3307 4487 fidis
3348 4432 3676 4486 homini-bus
3706 4435 3767 4487 et

2155 4503 2458 4562 animorum
2495 4504 2859 4572 captatoribus
2892 4505 3205 4559 transmissa
3237 4504 3449 4559 fuisset.

2229 4583 2252 4610 ο
2292 4574 2424 4640 Quae
2465 4571 2665 4628 Marius
2695 4574 2891 4640 refert,
2924 4587 2985 4628 ea
3033 4574 3259 4629 tetidem
3305 4573 3488 4628 verbis
3535 4571 3766 4642 August-

2153 4643 2298 4698 tinus
2327 4642 2546 4714 adducit
2587 4645 2724 4699 libro
2753 4660 2811 4698 ιιι
2843 4645 3035 4714 prioris
3065 4644 3264 4710 Operis'
3306 4659 3427 4712 cap.
3478 4646 3532 4697 3.
3572 4645 3769 4697 Alter-

2154 4724 2331 4769 utrum
2361 4713 2523 4781 igitur
2551 4715 2704 4769 fateri
2727 4713 2960 4784 Oportet,
2990 4727 3085 4770 sut
3112 4715 3364 4780 Marium,-
3387 4727 3511 4781 quaa
3536 4717 3764 4778 retulit,

2152 4799 2259 4839 non
2291 4801 2361 4840 ex
2386 4785 2607 4849 Juliani,
2642 4786 2739 4839 sed
2769 4797 2836 4841 ex
2866 4787 3153 4856 AuguStini
3184 4785 3342 4856 libris
3369 4785 3762 4856 decerpsisso;

2153 4866 2247 4910 aut
2275 4856 2636 4924 Augustinum
2673 4858 2742 4910 ita
2790 4853 3138 4924 respondisse
3176 4858 3271 4910 toti
3316 4855 3518 4910 Juliani
3556 4853 3760 4920 Operi,

2154 4935 2214 4981 ut
2243 4927 2437 4982 librum
2473 4927 2631 4989 libro,
2664 4928 2956 4995 capitulum
2985 4928 3224 4994 capitulo
3252 4926 3558 4982 reielleret.
3589 4924 3760 4992 Quod

2154 4997 2317 5066 longe
2369 4996 2841 5052 credibilissimum
2888 4998 3020 5052 mihi
3072 4998 3307 5064 videtur,
3369 4995 3571 5065 partim
3623 5001 3762 5065 quia

2154 5068 2352 5138 Marius
2380 5083 2442 5123 ea
2468 5081 2590 5136 quas
2619 5078 2744 5123 sunt
2773 5069 2913 5134 apud
2951 5070 3309 5138 Augustinum
3339 5081 3644 5136 parumper
3672 5067 3762 5120 in-

2154 5137 2319 5204 ﬂexa,
2371 5152 2476 5194 non
2524 5139 2631 5193 alio
2675 5138 2840 5193 modo
2871 5137 3051 5194 refert
3083 5155 3243 5207 quam
3288 5154 3397 5208 quo
3447 5138 3636 5192 solent
3684 5138 3761 5192 ab

2154 5220 2376 5264 auctore
2425 5208 2620 5277 illigari
2670 5224 2920 5264 sermone
2970 5209 3290 5277 proiisiore;
3348 5210 3550 5278 partim
3594 5208 3760 5278 quod

2153 5281 2489 5348 Augustinus
2520 5279 2570 5332 id
2601 5295 2705 5332 non
2737 5281 2962 5334 obscure
2993 5280 3250 5342 insinuet,
3292 5277 3416 5334 cum
3450 5279 3527 5333 ait
3556 5277 3705 5348 (Lib.
3741 5295 3760 5334 ι

2157 5348 2259 5415 0p.
2292 5348 2510 5422 Imperi.
2541 5365 2658 5418 cap.
2687 5348 2748 5422 2)
2778 5366 2799 5422 :7
2821 5349 3010 5404 Contra
3036 5361 3150 5422 tuos
3182 5349 3300 5404 illos
3332 5361 3559 5420 quatuor
3583 5349 3757 5422 libras

2149 5436 2240 5472 sea:
2279 5419 2398 5473 libri
2429 5419 2582 5473 ante
2623 5421 2804 5487 scripti
2846 5431 2982 5474 sunt.
3027 5419 3154 5472 Post
3199 5419 3766 5477 commemorationem

2147 5491 2334 5560 quippe
2360 5490 2733 5544 catholicorum
2770 5490 3056 5554 doctorum,
3087 5507 3244 5560 quam
3289 5491 3490 5544 duobus
3521 5493 3757 5544 volunti-

2146 5562 2582 5684 neizt‘tlsjaplicaui,
2609 5570 2870 5628 sequentes
2890 5571 3115 5631 quatuor
3135 5564 3366 5634 singulos
3390 5563 3494 5616 tuis
3521 5563 3754 5632 singulis

2146 5646 2171 5681 1⁸
2276 5647 2290 5681 ι
2332 5649 2365 5684 1.
2530 5656 2545 5669 '

2144 5631 2365 5684 reddidi.

2219 5698 2238 5737 ί
2285 5700 2534 5772 lialuzius
2572 5701 2734 5756 habet
2767 5703 2902 5768 Quia
2939 5703 3178 5772 gratiam.
3212 5703 3374 5759 Enrr.

2215 5780 2241 5818 κ
2281 5770 2416 5827 Cum
2456 5772 2711 5830 catholici
2754 5770 2992 5844 graviter
3027 5785 3348 5833 accusarent
3390 5774 3754 5855 Pelagianos,
