3898 6276
156 291 261 351 157·

1029 286 1232 344 LIBER
1273 288 1865 348 SUBNOTATIONUM
1899 291 1969 347 ΙΝ
2010 290 2236 349 VERBA
2275 290 2557 351 JlJLlANl.

154 405 367 482 quodin
394 403 486 461 illa
514 403 712 461 debeat
736 405 1041 474 mandari,
1069 408 1159 463 vel
1186 409 1408 480 corrigi,
1448 410 1550 466 nisi
1581 410 1724 481 quod
1750 415 1805 473 Α
1833 409 1933 465 hos
1957 410 2179 481 laqueos
2204 411 2410 467 evites?
2432 410 2687 481 Videsne,
2709 411 3201 483 impudentissime,
3225 414 3418 471 hostias

156 501 362 560 torsitan
391 512 621 569 pravum
647 498 765 554 est?

120 620 125 629 τ
214 592 295 648 ﬁl.
332 589 482 657 Quod
501 590 821 660 iustiﬁcam
844 592 1285 663 veljustilicator
1304 603 1411 663 est,
1436 596 1565 650 audi
1590 611 1723 666 apo-

156 687 331 742 stolum
359 683 589 739 Paulum
637 701 651 738 :
700 682 849 741 Sicut
883 694 959 741 est
990 687 1177 741 ueritas
1218 687 1274 741 in
1313 686 1440 742 tua
1471 688 1724 757 deponere

157 794 231 832 vos
264 774 538 830 secundum
568 775 845 843 pristinam
884 779 1322 833 conuersationem
1360 786 1582 833 vetarent
1624 780 1723 833 Iro-

156 868 343 933 su'neut,
381 866 468 936 qui
504 869 853 939 corrumpitur
887 870 1171 924 secundum
1207 870 1464 926 desideria
1509 872 1718 926 erroris.

155 959 465 1014 Renooantini
493 968 671 1015 autem
703 960 1140 1035 malintmalint.
1177 959 1348 1031 sensu]
1389 964 1576 1017 mentis
1607 980 1719 1017 ses-

156 1062 251 1116 trar,
276 1060 317 1104 et
350 1050 547 1104 induite
581 1067 769 1105 novum
798 1068 916 1105 eum
945 1051 1155 1123 [Baluz.
1184 1051 1490 1123 hominem],
1521 1054 1719 1122 quise—
1788 1122 1791 1129 ἱ

159 1142 349 1195 cundum
378 1141 550 1197 Deum
580 1152 782 1198 creatus
810 1153 883 1199 est
917 1146 971 1199 in
990 1144 1226 1218 justitia,
1256 1154 1302 1200 et
1330 1146 1607 1199 sanctitate
1632 1161 1716 1199 ve-

156 1233 527 1306 ritatis(Epltes.
546 1253 621 1306 iv,
640 1234 758 1309 23).
786 1238 846 1292 lli
869 1254 1008 1308 quos
1030 1248 1298 1294 vetustate
1324 1239 1475 1294 nulla
1495 1239 1720 1296 indutos

159 1343 258 1385 esse
296 1331 635 1399 pronuntias,
683 1331 811 1401 quid
860 1333 1080 1401 facient,
1113 1334 1156 1387 si
1210 1340 1263 1387 te
1310 1332 1571 1388 audient?
1606 1342 1715 1388 non

159 1424 385 1481 accedent
415 1424 483 1479 ad
514 1434 921 1494 renovatorem,
957 1439 1064 1481 non
1096 1438 1164 1483 eo
1202 1424 1517 1493 induentur,
1549 1424 1716 1497 depo-

160 1516 243 1573 sita
264 1525 547 1583 vetustate,
580 1527 640 1572 ut
671 1527 1011 1573 renoventur
1040 1519 1235 1588 spiritu
1262 1520 1460 1575 mentis
1487 1534 1619 1573 suae.

216 1607 294 1662 22.
328 1608 479 1675 Quod
523 1608 597 1664 de
634 1608 874 1665 tenebris
907 1609 1311 1665 transferuntur
1347 1611 1417 1664 ad
1457 1620 1715 1681 regnum,

162 1704 238 1774 qui
261 1703 441 1759 iuerint
474 1703 760 1773 baptizati,
790 1703 914 1760 audi
938 1703 1241 1776 apostolum
1266 1703 1497 1760 Paulum
1531 1723 1542 1757 :
1578 1700 1712 1759 Gra-

1827 504 1990 574 hujus
2010 507 2323 576 sanguinem
2348 506 2750 561 mundatorium
2773 516 3286 578 esse'peecatorum,
3318 506 3410 564 ro-

1827 598 2198 666 demptionem
2245 614 2462 669 quoque
2498 599 2565 654 ab
2595 600 2741 654 omni
2773 600 3083 670 iniquitate,
3130 616 3228 670 per
3253 616 3415 671 quem

1824 692 1931 746 sibi
1956 696 2289 761 praepararet
2311 694 2573 763 populum
2594 694 2975 749 mulatorem
2996 694 3261 749 bonorum
3284 702 3413 764 dpe-

1825 782 1980 837 rum?
2011 782 2078 837 Et
2118 794 2172 836 tu
2220 782 2400 839 fronte
2436 785 2635 851 ferres,
2666 786 2921 841 eteorde
2954 796 3142 850 saxeo,
3189 796 3412 856 sapam

1823 872 2087 941 parvulos
2112 886 2145 925 a
2176 873 2376 942 populo
2410 875 2529 941 Dei,
2561 876 2657 945 qui
2692 876 2943 945 enpiatus
2970 889 3031 934 et
3066 876 3406 948 redemptus,

1824 971 1903 1017 tot
1935 973 1989 1018 ct
2022 964 2220 1019 talibus
2252 964 2456 1019 divinis
2486 966 2721 1036 prmmiis
2752 968 2971 1037 gaudet.

2024 1056 2179 1125 Quod
2218 1056 2431 1113 deletor
2478 1059 2826 1131 chirographi
2869 1060 3075 1133 [Baluz.
3122 1060 3250 1132 est],
3283 1062 3409 1117 audi

1820 1150 2128 1219 apostolum
2175 1150 2407 1206 Paulum
2452 1151 2566 1206 :Et
2612 1169 2698 1208 vos
2727 1171 2840 1207 cum
2887 1156 3058 1208 essetis
3089 1156 3274 1209 mortui
3319 1155 3409 1209 de-

1822 1243 1973 1309 lictis,
2009 1254 2056 1298 et
2098 1247 2351 1315 prwputio
2385 1247 2555 1300 carnis
2598 1256 2796 1312 vestra,
2842 1248 3107 1313 viuiﬁcavit
3135 1263 3259 1301 cura
3292 1245 3405 1313 illo,

1820 1335 2000 1389 dolens
2030 1337 2166 1405 quod
2204 1338 2469 1391 adversum
2498 1354 2583 1391 vos
2612 1344 2739 1407 erat,
2775 1336 3173 1408 ekirog'rapltum
3208 1338 3261 1391 in
3288 1350 3403 1392 sert-

1819 1416 1988 1481 tentiis
2010 1430 2245 1493 decretis,
2266 1428 2407 1501 quod
2428 1439 2534 1483 erat
2558 1429 2871 1483 contrariam
2894 1429 3053 1496 vobis,
3074 1428 3253 1483 tollens
3277 1428 3408 1485 illud

1818 1521 1881 1574 de
1912 1520 2099 1586 medio,
2132 1522 2293 1591 allicit
2318 1522 2475 1589 cruci,
2508 1538 2698 1577 exuens
2748 1538 2800 1576 se
2826 1538 3053 1587 carnem,
3086 1522 3403 1593 principatus

1818 1622 1871 1666 et
1890 1621 2164 1683 potestates
2193 1613 2425 1667 traduxit
2452 1613 2765 1681 ﬁducialitar
2789 1611 3113 1678 triumphans
3142 1628 3227 1666 eos
3250 1613 3302 1664 in
3329 1626 3407 1666 ses

1816 1704 2030 1773 metipso
2052 1702 2185 1774 (Col.
2209 1719 2267 1771 tr,
2291 1702 2397 1773 li).
2418 1703 2559 1773 Quid
2583 1704 2671 1759 h'rc
2688 1713 2922 1770 astrues,
2943 1702 3136 1758 doctor
3151 1701 3406 1774 egregie?

163 1796 269 1864 tias,
294 1796 470 1868 inquit,
515 1808 729 1869 agentes
772 1796 881 1853 Deo
919 1808 968 1854 et
1007 1798 1191 1865 Patri,
1237 1799 1324 1869 qui
1360 1798 1571 1855 idoneos
1617 1814 1717 1854 nos
1741 1801 1787 1861 Β
1817 1793 1961 1850 delet
1992 1794 2045 1849 in
2073 1794 2342 1865 baptismo
2372 1795 2538 1850 etiam
2562 1792 2983 1866 chirographum
3019 1792 3405 1862 parvulorum?

163 1890 328 1958 fecititt
352 1896 495 1958 parte
541 1890 696 1945 sortis
734 1902 922 1945 sancta
950 1891 1155 1963 [Belum
1186 1892 1502 1964 sanctorum]
1544 1894 1603 1946 in
1629 1894 1712 1946 lu-

161 1983 289 2048 mine,
315 1982 394 2049 qui
416 1982 611 2052 eripuit
634 1996 727 2039 nos
750 1984 813 2039 de
839 1993 1086 2055 potestate
1107 1986 1449 2052 tenebrarum,
1477 1993 1523 2039 et
1545 1992 1715 2040 trans-

162 2074 255 2125 tulit
292 2074 337 2127 in
368 2090 585 2146 regnum
610 2072 744 2130 Filii
780 2075 1045 2133 charitatis
1080 2095 1205 2145 suta,
1236 2080 1289 2133 in
1330 2097 1433 2150 quo
1470 2077 1714 2134 habemus

159 2164 540 2237 redeatptionem,
564 2168 919 2226 remissionem
941 2178 1265 2239 peccatorum
1290 2169 1511 2241 (Coloss.
1534 2188 1571 2237 ι,
1601 2170 1713 2241 15).

159 2253 304 2325 Rogo,
324 2271 426 2327 quo
451 2273 574 2324 ore,
605 2272 711 2331 qua
737 2262 916 2330 potius
943 2260 1275 2332 imprudentia
1309 2265 1411 2317 ista
1438 2262 1529 2317 tibi
1555 2263 1715 2317 aliter

158 2347 254 2401 visa
284 2358 399 2403 sunt
426 2349 849 2419 consideranda,
884 2368 952 2409 ne
994 2361 1158 2409 tanta:
1204 2355 1341 2409 lucis
1385 2355 1618 2409 veritate
1658 2362 1714 2410 et

157 2439 353 2495 rationis
378 2440 705 2499 Christianus
742 2447 983 2515 pondere
1013 2447 1378 2515 premereris?
1419 2446 1714 2517 Separabis

157 2529 300 2599 igitur
323 2534 481 2588 etiam
519 2536 590 2591 ab
622 2536 728 2591 hoc
768 2538 1009 2607 capitulo
1046 2539 1327 2607 parvulos,
1364 2553 1431 2594 ne
1470 2540 1711 2596 insontes

157 2622 422 2679 secundum
456 2634 529 2694 te,
560 2634 615 2682 et
644 2627 737 2698 qui
770 2628 821 2683 in
857 2624 979 2685 luce
1005 2642 1133 2687 sunt
1162 2632 1352 2686 merito
1384 2631 1711 2687 innocentia:

156 2715 431 2782 constituti,
457 2718 669 2773 extrahi
710 2719 999 2777 videantur
1032 2722 1101 2778 de
1148 2732 1415 2793 potestate
1464 2725 1712 2780 tenebra-

155 2822 285 2863 rum.
313 2819 339 2848 ι
365 2810 495 2877 Sed,
517 2814 908 2871 vecordissime
930 2815 1265 2882 mortalium,
1291 2832 1399 2872 non
1429 2817 1585 2872 aliter
1610 2832 1712 2873 nec

154 2900 294 2963 prius
322 2902 704 2960 transferuntur
734 2906 788 2961 in
830 2918 1055 2978 regnum
1088 2906 1207 2963 Filii
1259 2908 1541 2963 charitatis
1590 2908 1707 2977 Dei,

154 2989 243 3045 nisi
270 2994 408 3061 prius
434 2999 662 3053 extracti
699 2996 904 3055 fuerint
934 3000 1002 3055 de
1040 3010 1308 3070 potestate
1340 3000 1705 3071 tenebrarum,

156 3090 200 3136 et
217 3084 308 3139 nisi
329 3085 617 3145 habuerint
640 3091 1100 3162 redemptionem,
1128 3095 1471 3151 remissionis
1498 3096 1709 3151 scilicet

1822 1890 1904 1945 An
1933 1889 2141 1943 nullum
2176 1887 2441 1943 habentes
2476 1887 2924 1957 chirographum,
2967 1902 3068 1943 nec
3102 1888 3401 1956 proprium,

1820 1997 1919 2038 nec
1948 1991 2255 2051 paternum,
2280 1982 2345 2036 ad
2376 1981 2514 2037 hanc
2546 1982 2823 2053 largitoris
2852 1983 3079 2051 gratiam
3114 1992 3217 2035 non
3248 1994 3405 2037 curas

1818 2075 2136 2132 admittere?
2165 2076 2401 2131 Audiant
2438 2074 2525 2131 hic
2551 2074 2677 2148 quid
2710 2076 2916 2131 sentias
2960 2073 3215 2133 catholici
3246 2074 3403 2131 Chri-

1816 2169 2002 2235 stiani,
2026 2179 2081 2224 et
2108 2182 2271 2238 quem
2302 2178 2356 2225 te
2382 2179 2505 2225 esse
2534 2167 2847 2240 inteliigure
2871 2168 3133 2237 debeant,
3156 2168 3402 2237 ipsorum

1818 2262 2073 2330 permitto
2093 2260 2324 2329 judicio.

1886 2350 1975 2408 26.
2017 2354 2173 2421 Quod
2192 2354 2303 2409 vita”
2335 2359 2417 2410 est
2439 2352 2709 2418 Christus,
2738 2350 2863 2408 audi
2895 2350 3158 2411 Joannem
3185 2356 3406 2424 aposto-

1816 2444 1928 2499 lum
1958 2464 1970 2497 :
2009 2444 2074 2498 Et
2109 2446 2204 2498 Itoc
2228 2446 2573 2500 testimonium
2604 2455 2678 2499 est
2710 2463 2721 2497 :
2757 2456 2778 2485 ο
2811 2446 2932 2515 quia
2970 2445 3124 2498 uitam
3161 2456 3405 2499 wternam

1814 2536 1957 2589 dedit
1979 2536 2123 2589 nobis
2146 2535 2307 2601 Deus,
2323 2544 2371 2589 et
2396 2535 2505 2589 Itarc
2530 2537 2639 2589 vita
2650 2534 2858 2590 'm'Filio
2884 2536 2996 2605 ejus
3016 2544 3107 2589 est.
3132 2536 3243 2602 Qui
3256 2535 3406 2588 habet

1820 2624 2035 2695 Filium,
2062 2627 2211 2681 habet
2237 2628 2425 2695 vitam;
2455 2628 2545 2699 qui
2573 2643 2673 2681 non
2704 2622 2853 2683 habet
2880 2627 3099 2692 Filium,
3130 2642 3230 2681 non
3256 2627 3404 2681 habet

1814 2720 1967 2773 citam
1996 2719 2035 2790 (Ι
2063 2718 2219 2775 Joau.
2256 2735 2306 2787 ν,
2354 2718 2466 2788 Η),
2507 2720 2596 2775 sed
2616 2706 2881 2791 judicium
2913 2716 3013 2773 Dei
3042 2728 3211 2773 manet
3248 2736 3404 2787 super

1812 2827 1925 2864 eum
1966 2809 2147 2880 (Joan.
2188 2826 2267 2875 ιιι,
2314 2808 2430 2879 56).
2474 2810 2574 2865 Eia
2619 2813 2898 2880 praeceps!
2925 2810 3157 2865 admitte
3195 2819 3256 2864 ut
3286 2810 3405 2867 sine

1811 2902 2082 2973 baptismo
2123 2903 2385 2974 parvulus
2425 2906 2567 2958 hanc
2604 2903 2801 2958 liabeat
2840 2903 3025 2957 vitam.
3063 2902 3303 2969 Hmsisti,
3348 2912 3408 2957 ιιι

1810 2997 1999 3065 credo,
2042 2997 2147 3063 hic,
2181 3006 2236 3054 et
2271 2997 2325 3053 in
2356 2997 2550 3053 eodem
2595 2997 2711 3053 luto
2754 2994 3014 3053 btcrendo
3053 2994 3079 3032 ά
3120 3011 3403 3052 versuram

1812 3092 1998 3147 solvis.
2048 3092 2103 3147 Si
2156 3090 2321 3159 igitur
2366 3104 2475 3145 non
2528 3089 2693 3145 habet
2738 3090 2859 3145 sine
2904 3089 3008 3144 hoc
3054 3098 3405 3145 sacramento

156 3185 489 3242 peccatorum.
515 3180 584 3237 Et
605 3192 733 3239 nota
763 3183 869 3253 hic,
902 3186 1362 3256 redemptionem,
1391 3202 1550 3258 quam
1578 3197 1632 3243 et
1655 3199 1706 3244 tu
1738 3178 1784 3241 C
1815 3186 2003 3252 vitam,
2048 3186 2313 3255 judicium
2346 3184 2441 3240 Dei
2489 3188 2669 3238 manet
2702 3192 2866 3253 super
2895 3196 3039 3237 eum.
3074 3182 3226 3239 Unde
3265 3181 3406 3238 hoc?

156 3264 276 3321 dices
304 3278 352 3325 et
380 3273 673 3343 concedes,
706 3276 801 3332 sed
835 3279 1021 3333 nescio
1060 3294 1218 3349 quam
1250 3281 1539 3337 conﬁctam
1569 3298 1581 3338 :
1612 3282 1708 3338 sed

158 3355 331 3427 [Battle
358 3364 437 3436 et}
462 3366 716 3434 alterum,
750 3384 911 3440 quam
944 3371 1237 3441 Apostolus
1271 3388 1381 3429 non
1416 3374 1551 3429 dicit
1586 3388 1709 3431 esse

156 3455 365 3525 principe
386 3457 527 3525 loco,
555 3461 659 3515 nisi
690 3471 1039 3531 peccatorum
1071 3464 1474 3520 remissionem.

209 3548 285 3602 23.
322 3550 474 3618 Quod
524 3555 815 3610 mundator
858 3572 954 3612 seu
981 3558 1226 3628 expiator
1252 3568 1358 3627 est,
1392 3559 1520 3613 audi
1562 3558 1708 3630 Bap-

156 3636 299 3694 tistam
322 3640 582 3700 Joannem
615 3665 629 3699 :
661 3645 793 3703 Ecce
820 3648 995 3719 Agnus
1024 3649 1141 3715 Dei,
1166 3666 1277 3705 ecce
1302 3651 1392 3721 qui
1422 3650 1556 3705 tollit
1583 3668 1707 3722 pec-

153 3739 439 3792 adserendi
472 3738 655 3812 (Joan.
688 3756 729 3808 ι,
766 3742 885 3813 29).
932 3743 1073 3811 Quid
1118 3744 1228 3813 hic,
1279 3759 1489 3816 quaeso,
1524 3748 1706 3816 Agnus

153 3823 233 3880 itte
271 3828 553 3898 signiﬁcat,
588 3834 690 3888 nisi
735 3835 1009 3890 victimam
1052 3846 1153 3906 pro
1184 3838 1443 3909 peccatis,
1485 3839 1573 3908 qui
1609 3853 1706 3907 pro

152 3919 241 3981 suis
265 3934 429 3991 certe,
461 3942 602 3996 quos
629 3928 810 3998 expiat
836 3944 959 3984 cum
988 3929 1201 3986 oblatus
1226 3939 1309 3987 est
1333 3941 1388 3986 et
1408 3929 1437 3970 ι)
1465 3930 1707 4001 quotidie

152 4010 195 4065 in
228 4016 331 4069 suis
373 4022 736 4075 sacramentis
772 4021 1022 4089 oﬂ‘ertur,
1063 4023 1440 4079 remissionem
1480 4031 1705 4094 praesmt

152 4108 513 4170 praeteritorum
544 4120 603 4166 et
636 4113 987 4180 prmsentium
1022 4116 1404 4184 peccatorum?

192 4195 277 4271 ει.
313 4199 553 4258 iubesne
599 4205 761 4275 igitur
813 4215 871 4261 ut
920 4207 1151 4275 parvuli,
1186 4206 1407 4263 obnoxii
1450 4207 1504 4263 in
1554 4207 1713 4263 nullo

151 4302 368 4359 peccato,
394 4292 534 4350 hanc
560 4297 664 4351 sibi
687 4297 871 4352 dicant
896 4297 1129 4354 hostiam
1155 4298 1377 4354 minime
1406 4300 1698 4368 promisse,

149 4392 245 4451 qua
290 4396 503 4443 tant‘um'
540 4396 647 4459 pro
688 4392 960 4461 peccatis,
1014 4392 1100 4446 vel
1148 4406 1248 4463 pro
1296 4392 1699 4464 peccaturibus,

150 4484 343 4533 mactata
369 4481 758 4551 c’ogndscitur"
782 4484 914 4552 quin
946 4481 1137 4539 audire
1165 4484 1331 4539 debes
1361 4485 1491 4554 quid
1522 4500 1700 4554 prteco

1810 3277 1927 3335 Non
1958 3296 2165 3349 quaero,
2203 3280 2500 3349 legentium
2535 3277 2819 3346 prudentia
2856 3276 3143 3347 intelligat.

1880 3370 1971 3425 26.
2013 3371 2167 3439 Quod
2195 3372 2447 3426 reﬁciens
2470 3379 2529 3426 et
2562 3370 2821 3424 relevans
2848 3369 3105 3425 Dominus
3136 3370 3191 3423 in
3226 3368 3403 3423 Evan-

1809 3465 1953 3536 gelio
1982 3484 2001 3520 :
2033 3463 2216 3517 Venite
2243 3463 2312 3516 ad
2340 3476 2440 3527 me,
2472 3474 2646 3517 onmes
2671 3463 2767 3531 qui
2798 3463 3047 3515 laboratis
3075 3472 3165 3515 aut
3193 3461 3400 3534 malua.

1810 3554 1881 3629 et]
1924 3557 2120 3611 onerati
2150 3557 2290 3620 estis,
2341 3565 2389 3610 et
2438 3572 2530 3628 ego
2573 3569 2661 3610 vos
2699 3554 2929 3622 reﬁciant
2966 3570 2984 3608 :
3017 3553 3180 3608 tollite
3214 3556 3404 3626 jugunt

1808 3666 1977 3705 meum
1999 3666 2152 3717 super
2181 3665 2289 3715 vos,
2319 3657 2365 3701 et
2393 3648 2573 3702 discite
2602 3663 2635 3700 a
2661 3664 2741 3701 me
2764 3647 2886 3715 quia
2916 3647 3055 3700 mitis
3078 3663 3190 3701 sum
3228 3655 3282 3700 et
3306 3649 3405 3700 Im—

1809 3742 1945 3796 milis
1990 3742 2163 3808 corde,
2217 3749 2266 3794 et
2310 3742 2574 3794 invenietis
2621 3740 2847 3810 requiem
2889 3738 3157 3792 animabus
3202 3730 3396 3793 uestris.

1807 3834 2001 3905 Iugum
2018 3836 2150 3889 enim
2174 3848 2339 3887 meum
2358 3846 2512 3885 suave
2531 3841 2625 3896 est,
2639 3844 2825 3886 etonus
2846 3834 3010 3885 nicum
3029 3842 3051 3867 ε
3067 3830 3173 3884 leve
3191 3831 3200 3903 ι
3216 3820 3396 3885 Bolus.

1808 3927 1937 3982 add.
1969 3924 2064 3997 est]
2098 3923 2313 3997 (Matth.
2346 3939 2423 3991 χι,
2463 3922 2574 3994 28).
2620 3922 2893 3991 Numquid
2933 3932 2991 3977 et
3031 3922 3114 3976 hic
3157 3921 3260 3976 erit
3292 3920 3401 3975 ulla

1807 4018 2094 4086 dubitatio,
2121 4020 2329 4074 nullum
2349 4018 2413 4072 ad
2439 4018 2588 4072 illum
2608 4018 3058 4071 coneionatorem
3079 4024 3394 4083 pruperare,

1808 4110 1912 4170 nisi
1952 4113 2041 4185 qui
2086 4108 2340 4168 oneratus
2381 4112 2561 4181 aliqua
2594 4111 2829 4174 sarcina,
2864 4108 3052 4162 labore
3088 4098 3396 4172 cunncitur,

1807 4224 1909 4279 qua
1941 4208 2207 4277 deposita,
2244 4205 2400 4260 tollat
2439 4205 2555 4259 leve
2577 4203 2773 4272 jugum
2805 4198 2921 4270 ejus
2958 4215 3121 4271 super
3161 4214 3223 4254 se
3251 4198 3398 4253 mitis

1806 4310 1860 4356 et
1892 4298 2111 4353 humilis
2141 4296 2340 4351 corde?
2368 4296 2433 4352 Et
2453 4295 2587 4365 quid
2602 4303 2686 4350 est
2706 4293 2873 4358 aliud,
2902 4294 3029 4362 nisi,
3058 4303 3114 4348 ut
3140 4291 3395 4357 diximus,

1808 4388 2023 4450 sarcina
2052 4390 2439 4462 peccatorum?
2468 4402 2586 4461 qua:
2618 4384 2768 4459 quia,
2817 4392 2875 4444 ut
2905 4390 2957 4444 te
2985 4387 3240 4452 delectat,
3273 4400 3400 4455 par-

1804 4486 1946 4543 tiulis
1997 4486 2142 4541 nulla
2180 4494 2285 4549 est,
2330 4500 2435 4537 non
2486 4482 2708 4537 audiant
2754 4480 2903 4537 hunc
2951 4480 3397 4535 concinnatorem

148 4565 283 4636 hujus
308 4573 541 4631 victima
570 4573 623 4629 in
659 4577 1121 4645 consequentibus
1155 4576 1402 4645 epistolas|
1440 4578 1703 4647 praedicet
1727 4560 1782 4620 Ῑ)
1809 4582 1991 4652 (quem
2022 4578 2197 4634 Graeci
2223 4576 2592 4631 Ecclesiasten
2618 4571 2978 4642 nuncupant),
3008 4583 3067 4628 et'
3092 4570 3399 4640 intelligere

146 4658 181 4727 (l
196 4658 329 4717 1m.
358 4681 393 4727 ν,
407 4666 467 4735 7)
484 4683 497 4718 :
515 4665 589 4720 Et
605 4668 817 4739 sanguis
837 4664 961 4723 Iesu
980 4665 1029 4721 Γ
1032 4669 1111 4722 illi
1133 4660 1229 4723 Dei
1241 4670 1502 4725 mandavit
1523 4686 1615 4724 nos
1634 4671 1695 4725 ab

143 4756 256 4807 omni
279 4750 475 4814 delicto.
527 4754 658 4815 ltem
689 4754 895 4833 [Baiae
938 4758 1107 4833 idem]
1138 4746 1336 4816 Paulus
1370 4780 1381 4814 :
1420 4762 1521 4828 Qui
1557 4762 1698 4816 dedit

143 4851 431 4919 sanctiputm
456 4867 552 4922 pro
583 4852 750 4919 nobis,
780 4863 835 4907 ut
862 4869 956 4908 nos
989 4853 1054 4907 ab
1084 4854 1222 4907 omni
1264 4853 1533 4925 iniquitate
1558 4856 1697 4908 redi-

142 4952 285 5009 πιθα,
313 4956 369 4999 et
384 4945 673 5000 munditer
684 4947 789 5001 sibi
802 4948 1053 5018 populum
1072 4948 1421 5002 circulatorem
1445 4948 1693 5003 bonorum

140 5031 315 5102 operum
343 5032 471 5111 (Tit.
513 5054 552 5107 ι,
583 5034 695 5111 ξι).
741 5038 857 5108 Quo
889 5046 940 5095 te
983 5039 1207 5096 vertes?
1245 5039 1363 5109 Quo
1402 5038 1603 5112 fugies,
1636 5051 1694 5098 ut

1804 4688 1911 4728 non
1942 4680 2157 4740 curent,
2187 4669 2257 4724 de
2287 4665 2530 4723 tollendo
2562 4666 2679 4722 miti
2709 4674 2763 4719 et
2791 4666 2907 4720 levi
2929 4665 3060 4735 jugo
3094 4662 3231 4734 ejus,
3270 4662 3397 4731 quia

1805 4765 2010 4821 nullum
2062 4763 2207 4834 quod
2257 4762 2596 4831 deponerent
2641 4772 2779 4816 onus
2829 4758 3092 4812 habuere.
3145 4755 3396 4810 llmccine

1800 4856 2139 4913 Christianos
2188 4852 2383 4910 audire
2432 4866 2543 4909 non
2591 4852 2741 4909 nefas
2788 4850 2906 4906 est?
2950 4860 3156 4918 vosque
3210 4845 3391 4901 adhuc

1802 4950 1911 5021 pati
1943 4948 2150 5017 garrire
2188 4960 2255 5002 ex
2294 4944 2620 5017 negligentia
2650 4936 3017 5008 sacerdotum,
3056 4950 3171 4995 non
3196 4938 3387 4993 ultima

1800 5053 1960 5112 poena
1987 5040 2104 5095 est?

1279 5222 1833 5281 CASTIGATIONES
1873 5223 1961 5278 ET
2001 5222 2229 5279 NOTAE.

188 5369 211 5399 ⁸
240 5362 513 5432 integrum
532 5366 637 5419 hoc
668 5373 1003 5435 segmentum
1047 5380 1218 5436 usque
1249 5365 1314 5421 ad
1338 5381 1527 5421 vocem
1559 5376 1695 5419 tene-

132 5431 310 5487 brarum
350 5431 629 5490 exciderat
665 5436 719 5492 in
735 5431 996 5494 'editione
1026 5431 1281 5494 Garnerii
1308 5455 1320 5491 :
1352 5438 1693 5493 restituimus

130 5516 184 5556 es
209 5503 434 5562 Baluzio.
462 5506 619 5563 Eutr.

187 5574 381 5648 “Nota
429 5580 791 5647 antiquissimi
839 5579 1122 5648 scriptoris
1176 5580 1547 5637 testimonium
1592 5593 1691 5646 pro

129 5647 370 5703 sacriﬁcio
397 5651 581 5705 missae
612 5647 983 5720 propitiatorio
1009 5668 1105 5719 pro
1133 5653 1367 5721 peccatis
1400 5653 1687 5719 praeteritis

126 5721 557 5787 «precantibus.
593 5721 727 5787 Quae
752 5725 949 5777 veritas
974 5724 1046 5777 ita
1072 5724 1170 5777 fuit
1200 5725 1255 5777 in
1276 5723 1532 5777 confesso
1562 5732 1685 5778 tune

128 5792 362 5859 temporis
383 5835 397 5862 ,
428 5800 495 5848 ut:
527 5792 715 5850 nullus
738 5792 853 5851 lere
886 5794 1047 5866 hujus
1086 5794 1270 5852 saeculi
1300 5795 1533 5865 scriptor
1575 5805 1684 5849 non

1801 5365 1997 5421 fecerit
2022 5365 2188 5432 ipsius
2210 5364 2565 5420 mentionem.

1874 5445 1897 5474 ι’
1927 5437 1994 5490 Ει
2018 5430 2115 5490 ista
2142 5452 2354 5506 quoque
2395 5449 2567 5502 usque
2601 5431 2666 5506 ad
2721 5432 2831 5506 ejus
2869 5430 3290 5506 est_exciderant
3335 5432 3389 5488 in

1799 5506 2040 5563 editione
2066 5501 2330 5571 Gornerii,
2364 5516 2423 5559 ut
2443 5512 2623 5557 monet
2649 5501 2916 5557 Buluzins.
2948 5502 3099 5558 Eutr.

1869 5575 1897 5616 ἀ
1929 5579 2095 5634 ldcst
2117 5580 2271 5633 fenus
2296 5590 2479 5642 auges,
2512 5574 2710 5629 malum
2741 5575 2885 5627 malo
2906 5575 3081 5629 addis.
3116 5572 3310 5631 Bstuz.

1870 5659 1893 5689 ⁸
1925 5648 2021 5704 Hic
2065 5660 2118 5703 et
2164 5649 2321 5715 paulo
2360 5648 2497 5701 intra
2531 5649 2680 5717 ponit
2712 5647 2824 5701 lene
2854 5646 3129 5716 Buluzins,
3169 5653 3390 5705 secum

1793 5722 2035 5778 codicem
2064 5720 2263 5777 Bellov.
2294 5719 2450 5774 Enrr.
