3994 6282
528 248 636 309 167

1824 252 2019 311 MARII
2052 253 2495 316 MERCATOBIS

3689 265 3798 329 168

525 370 631 426 lus.
678 369 1051 444 moriamur],
1096 385 1218 430 cum
1256 373 1477 431 evidens
1504 371 1748 443 Apostoli
1781 386 1880 428 nos
1916 371 2186 437 docestA
2212 384 2397 431 nostra
2448 375 2651 433 habere
2697 384 2906 435 certum
2955 376 3179 452 [Balus.
3223 381 3386 440 tidem
3431 390 3793 443 nostram.....

525 475 706 519 sermo
734 462 964 520 dicentis
1008 479 1024 518 :
1076 462 1437 537 Unusquisque
1466 466 1518 518 in
1555 480 1648 519 suo
1677 463 1878 520 ordine.
1908 464 1977 520 Et
2003 465 2108 521 ite-

521 568 640 609 rum
671 570 687 610 :
719 554 908 611 Omnes
941 556 1146 628 quidem
1170 572 1524 629 resurgemus,
1553 555 1644 611 sed
1678 572 1783 611 non
1814 572 1987 613 omnes
2012 557 2110 612 im-

522 646 859 702 mutabimur.

589 740 648 797 9.
689 741 955 812 Repetat,
989 757 1205 816 qum,
1234 756 1267 799 e
1293 741 1541 813 proximo
1566 741 1738 799 lector
1763 740 1968 815 [Batus.
1998 742 2108 801 Re-

516 841 662 903 petat
678 849 889 907 quoque
909 836 1154 907 proxime
1174 834 1363 909 lector]
1385 836 1664 907 superiora
1684 845 1871 893 contra
1889 845 1943 894 te
1961 837 2104 895 dicta

515 936 703 983 nostra
730 969 746 995 ,
801 929 892 985 ubi
942 928 1173 985 diximus
1231 937 1541 999 prosatores
1604 938 1822 986 nostros
1876 938 2103 1003 utraque

515 1031 691 1078 morte
712 1036 834 1079 esse
863 1022 1171 1089 mulctatos,
1202 1031 1260 1078 et
1284 1022 1469 1079 videat
1489 1022 1620 1095 quid
1648 1024 1911 1081 senserim
1940 1037 2101 1094 super

513 1111 618 1166 isto
644 1112 917 1181 capitulo,
951 1120 1181 1184 tuasque
1209 1112 1388 1184 lapide
1415 1113 1509 1169 illo
1542 1113 1811 1185 angulari,
1845 1113 1941 1172 tibi
1970 1127 2102 1171 sane

512 1198 566 1255 in
594 1201 942 1258 oﬂ'ensionem
969 1211 1024 1259 et
1045 1212 1256 1274 petram
1287 1203 1494 1278 [Balus.
1524 1205 1827 1264 odensione
1848 1214 1906 1263 et
1925 1204 2101 1281 petra]

510 1293 748 1349 scandali
774 1295 969 1364 posito,
1001 1294 1188 1353 fauces
1216 1296 1491 1354 obtrudat.

581 1383 669 1440 lo.
708 1384 897 1442 Adhuc
923 1396 1099 1442 tamen
1125 1387 1249 1443 audi
1270 1387 1416 1460 quod
1444 1397 1496 1446 te
1524 1389 1577 1446 in
1607 1388 1866 1461 majorem
1890 1391 2097 1449 rabiem

505 1485 694 1534 contra
737 1493 840 1534 nos
886 1488 940 1536 et
966 1479 1065 1536 Dei
1102 1479 1403 1538 Ecclesiam
1449 1483 1689 1540 concitet
1736 1501 1750 1537 :
1799 1482 1919 1541 Sive
1960 1486 2100 1540 enim

506 1580 670 1625 mente
690 1571 983 1627 accedimus
1004 1612 1020 1638 ,
1052 1570 1201 1641 Deo;
1228 1573 1331 1628 sive
1354 1574 1511 1630 sobrii
1539 1592 1741 1643 sumus,
1770 1576 1932 1631 vobis.
1959 1575 2096 1632 Cha-

504 1664 629 1719 ritas
654 1664 788 1719 enim
811 1664 1003 1720 Christi
1032 1666 1245 1739 [Belum
1278 1666 1405 1723 add.
1434 1665 1619 1739 inquit]
1650 1677 1794 1741 urget
1816 1684 1928 1734 nos,
1947 1670 2096 1743 judi-

2209 466 2469 539 cmptum]
2512 467 2581 524 de
2616 469 2824 527 duabus
2848 471 3116 530 mortibus
3138 513 3155 541 ,
3198 474 3268 531 de
3299 474 3499 547 quibus
3524 477 3793 548 superiori

2208 557 2332 615 loco
2349 600 2365 626 ,
2392 570 2454 616 ut
2484 561 2756 632 potuimus
2776 603 2793 630 ,
2818 563 3052 621 diximus
3082 583 3095 619 :
3126 581 3287 623 unam
3307 611 3325 640 ,
3350 584 3470 640 quas
3494 571 3792 630 secundum

2208 652 2443 709 animam
2468 661 2572 721 est,
2599 654 2871 712 Christum
2898 673 3005 715 non
3032 658 3306 730 habuisse,
3338 661 3369 702 ι’
3399 664 3542 735 quod
3570 680 3791 723 oramus

2206 752 2267 797 ut
2293 757 2361 799 ne
2387 744 2675 816 quisquam
2703 746 3113 807 dementissime
3147 751 3292 808 dicat
3317 762 3373 810 et
3398 756 3633 826 sentiat,
3660 758 3790 830 quia

2204 850 2311 893 non
2340 835 2414 893 ita
2438 846 2597 895 natus
2622 847 2742 908 est,
2766 850 2828 896 ut
2851 841 3033 899 caeteri
3058 857 3246 900 omnes
3274 844 3521 904 homines
3543 888 3561 915 ,
3585 848 3655 906 de
3690 864 3789 907 vo-

2204 927 2412 999 luptate
2433 931 2682 999 carnali,
2708 931 2806 989 sed
2846 948 2987 989 nova
3015 933 3070 990 in
3104 948 3172 992 eo
3197 938 3478 1007 generatio
3501 953 3570 996 ex
3594 940 3788 998 imma-

2204 1020 2377 1075 culata
2423 1030 2551 1078 ante
2595 1031 2808 1093 partum
2854 1032 2912 1080 et
2952 1034 3075 1096 post
3117 1034 3331 1097 partum
3375 1028 3583 1100 virgine
3613 1040 3636 1070 ¢
3664 1031 3788 1090 sine

2201 1109 2428 1169 libidine
2454 1112 2629 1170 alluit.
2659 1113 2901 1183 Intende,
2930 1116 3117 1172 lector.
3150 1118 3304 1174 Illam
3328 1128 3507 1177 autem
3531 1122 3783 1195 alteram,

2203 1199 2257 1257 id
2293 1213 2376 1259 est
2400 1244 2417 1271 ,
2463 1204 2661 1260 anima:
2689 1220 2720 1261 a
2748 1220 2981 1277 corpore
3017 1210 3410 1279 separationem
3433 1250 3450 1277 ,
3482 1213 3786 1272 voluntarie

2198 1295 2443 1365 suscepit
2470 1296 2797 1365 indebitam;
2850 1298 2942 1369 qui
2985 1298 3030 1354 si
3072 1302 3280 1359 scelere
3316 1302 3621 1361 Judazorum
3671 1322 3784 1365 non

2200 1385 2392 1444 {uisset
2432 1388 2678 1458 occisus,
2722 1391 2899 1459 potuit
2923 1391 3040 1448 ﬁeri
3071 1401 3129 1448 ut
3160 1403 3437 1453 senectute
3479 1396 3783 1469 longmvus,

2198 1476 2322 1549 quia
2354 1478 2457 1535 hoc
2482 1479 2558 1535 illi
2586 1480 2754 1537 semel
2785 1481 3082 1552 placuerat.
3105 1493 3301 1555 sponte
3328 1488 3646 1559 susciperet.
3678 1506 3786 1562 pro

2197 1569 2374 1637 nobis,
2398 1569 2452 1625 id
2479 1580 2585 1639 est,
2617 1586 2717 1642 pro
2748 1582 2933 1629 nostro
2955 1574 3099 1645 quod
3124 1577 3492 1634 contraximus
3520 1580 3574 1636 in
3604 1581 3782 1640 Adam

2198 1661 2418 1730 fenore,
2447 1672 2504 1720 et
2536 1665 2738 1721 nostris
2763 1667 2997 1738 propriis
3019 1683 3139 1739 quae
3167 1668 3471 1727 addidimus
3491 1713 3507 1739 ,
3541 1673 3786 1733 indebite

504 1765 676 1812 cantes
702 1758 821 1825 hoc,
851 1757 1095 1828 quoniam
1118 1758 1165 1812 si
1190 1775 1326 1814 unus
1353 1775 1447 1832 pro
1474 1762 1709 1815 omnibus
1734 1770 1966 1817 mortuus
1993 1771 2090 1834 est,
2120 1758 2172 1822 B
2197 1764 2520 1813 moreretur.
2570 1756 2906 1828 Quamquam
2948 1760 3118 1832 magis
3155 1762 3397 1818 omnium
3424 1762 3495 1821 de
3519 1763 3612 1821 illo
3639 1783 3784 1836 pra-

503 1865 623 1921 crgo
649 1865 820 1904 omnes
852 1851 1039 1905 mortui
1069 1858 1229 1917 sunt,
1267 1859 1316 1906 et
1357 1868 1452 1924 pro
1493 1852 1726 1907 omnibus
1758 1862 1990 1908 mortuus
2018 1864 2093 1909 est

503 1939 758 2005 Christus,
780 1950 838 1995 ut
860 1949 910 1995 et
933 1942 1022 2010 qui
1050 1940 1242 2009 uiuunt,
1257 1944 1371 2015 jam
1392 1958 1497 1997 non
1523 1942 1622 1997 sibi
1646 1943 1815 1997 vivant
1830 1983 1847 2009 ,
1874 1943 1964 1998 sed
2008 1943 2094 2001 illi

503 2032 587 2103 qui
610 2049 704 2104 pro
726 2034 851 2106 ipsis
880 2042 1110 2090 mortuus
1136 2044 1210 2090 est
1247 2044 1295 2090 et
1332 2036 1612 2092 resurrexit
1640 2035 1710 2108 (ll
1736 2035 1857 2092 Cor.
1885 2051 1942 2105 v,
1970 2037 2089 2109 15),

503 2134 559 2180 ut
586 2136 633 2181 et
658 2127 887 2182 vivorum
904 2134 952 2182 et
972 2137 1292 2183 mortuorum
1317 2128 1611 2184 dominetur
1657 2129 1835 2200 (Rom.
1865 2144 1980 2198 xiv,
2008 2131 2087 2201 9).

508 2218 833 2276 Obmutesce
856 2260 872 2287 ,
903 2220 1085 2277 nullus
1114 2260 1129 2287 ,
1159 2219 1260 2277 nisi
1286 2236 1383 2292 per
1408 2221 1579 2278 Adam
1601 2262 1617 2290 ,
1656 2222 1751 2279 sed
1780 2224 2086 2294 poenaliter,

503 2320 750 2366 mortuus
776 2318 881 2379 est,
913 2326 1088 2382 neque
1118 2312 1415 2368 moriturus
1463 2320 1576 2380 est;
1627 2314 1824 2381 nullus,
1858 2315 1963 2372 nisi
1994 2330 2090 2387 per

502 2401 773 2459 Christum
800 2411 1068 2474 resurget,
1092 2401 1189 2459 se‘d
1214 2402 1353 2459 alius
1380 2403 1449 2459 ad
1478 2403 1832 2475 regnandum,
1857 2405 1996 2462 alius
2020 2406 2089 2463 ad

503 2507 689 2567 pinnas
718 2502 953 2550 aeternas
982 2494 1207 2550 luendas
1240 2512 1253 2547 :
1292 2493 1651 2568 Unusquisque
1674 2536 1691 2563 ,
1734 2505 1795 2552 ut
1830 2496 1907 2553 ait
1940 2496 2089 2554 Scri-

503 2598 659 2659 ptura
690 2586 735 2660 (l
758 2584 879 2644 Cor.
912 2602 1003 2652 xv,
1034 2585 1151 2657 23),
1175 2585 1232 2641 in
1260 2587 1441 2642 ordine
1467 2604 1593 2655 suo,
1623 2596 1649 2625 α
1673 2586 1995 2657 dummodo,
2030 2596 2089 2646 ut

503 2695 652 2752 sape
674 2679 944 2747 diximus,
970 2687 1027 2735 et
1054 2678 1149 2734 tibi
1180 2692 1302 2734 cum
1330 2678 1592 2749 Apostolo
1620 2678 2000 2750 reclamamus,
2029 2689 2090 2738 ut

503 2775 680 2830 nullus
699 2772 922 2831 omnino
950 2770 1230 2829 hominum
1257 2772 1309 2826 in
1335 2773 1481 2828 omni
1508 2787 1733 2844 prorsus
1759 2783 1919 2832 aetate
1948 2789 2086 2847 prte-

504 2874 588 2921 ter
612 2863 780 2920 Adam
809 2872 1054 2919 mortuus
1075 2905 1090 2929 ,
1120 2863 1296 2919 nullus
1316 2863 1588 2920 redivivus
1613 2864 1668 2920 in
1689 2879 1851 2922 carne
1874 2864 2088 2924 iuturus

505 2954 579 3011 sit
603 2963 803 3026 praeter
821 2952 1120 3010 Christum.

583 3047 669 3104 ll.
712 3045 849 3102 Illud
875 3060 1091 3118 quoque
1118 3046 1428 3103 memineris
1457 3060 1558 3104 nos
1582 3056 1786 3118 tenere,
1818 3058 1873 3106 et
1897 3050 1950 3107 in
1980 3051 2088 3109 ﬁde

2193 1850 2342 1920 sagia
2368 1849 2775 1921 prophetarum,
2807 1859 2863 1907 et
2889 1850 3169 1909 inferenda
3188 1854 3238 1909 ei
3267 1869 3430 1912 cruce
3469 1858 3781 1926 parricidali

2192 1941 2503 1999 Judaorum
2540 1942 2747 2011 furore,
2785 1944 3103 2013 complenda
3128 1944 3316 2015 luisse,
3340 1945 3782 2010 Christianorum

2191 2034 2373 2090 nullus
2392 2033 2612 2090 omnino
2638 2033 2832 2090 debeat
2857 2034 3123 2091 dubitare.

2264 2123 2353 2179 l2.
2391 2123 2547 2181 Nunc
2576 2125 2591 2181 i
2620 2124 2841 2199 [Bolus.
2874 2142 2977 2181 om.
3008 2125 3056 2199 i]
3094 2127 3150 2183 in
3183 2128 3377 2185 malam
3405 2143 3620 2187 crucem
3648 2147 3781 2190 cum

2190 2214 2293 2272 ista
2314 2215 2602 2273 verborum
2627 2224 2843 2272 tuorum
2873 2216 3291 2289 magniﬁcentia,
3322 2220 3575 2293 fugitive;
3613 2239 3781 2281 nemo

2190 2316 2247 2364 te
2289 2306 2563 2363 rabiosum
2591 2307 2743 2363 audit
2780 2306 3091 2378 latrantem,
3130 2324 3290 2366 nemo
3318 2311 3388 2367 ab
3416 2313 3654 2370 Ecclesia
3685 2328 3782 2372 se-

2187 2399 2369 2472 quitur
2387 2398 2628 2465 devium,
2654 2414 2814 2456 nemo
2835 2408 2944 2456 tam
2967 2400 3159 2457 insano
3176 2404 3465 2460 consentit.
3482 2404 3592 2461 Nos
3610 2419 3781 2478 super

2187 2491 2512 2548 mortalitate
2536 2530 2554 2557 ,
2604 2505 2726 2563 qua:
2766 2506 2834 2548 ex
2873 2494 3278 2564 progenitorum
3330 2498 3782 2567 praevaricatione

2186 2600 2347 2657 paena
2375 2586 2609 2642 humano
2630 2586 2821 2657 generi
2844 2586 2967 2642 data
2996 2597 3099 2655 est,
3123 2597 3179 2644 et
3208 2588 3264 2644 in
3289 2602 3535 2647 naturam
3560 2607 3658 2664 per
3679 2608 3781 2649 se-

2186 2682 2330 2738 mina
2354 2679 2640 2750 percurrit,
2670 2690 2725 2735 et
2753 2679 2809 2735 in
2840 2680 2999 2736 linem
3024 2696 3193 2753 usque
3220 2697 3444 2740 cursura
3469 2694 3574 2752 est,
3601 2684 3781 2745 donec

2185 2772 2385 2829 divina:
2428 2770 2576 2827 illius
2616 2770 2759 2826 tubae
2800 2770 3054 2843 clangore
3097 2770 3306 2829 dicatur
3346 2789 3364 2830 :
3408 2775 3660 2848 Absorpta
3694 2787 3781 2833 est

2185 2880 2326 2920 mors
2348 2864 2405 2919 in
2431 2862 2640 2918 victoria
2656 2878 2676 2929 ;
2712 2862 2801 2917 ubi
2826 2872 2921 2929 est,
2949 2879 3107 2933 mors,
3139 2866 3348 2920 aculeus
3368 2868 3526 2921 tuus?
3562 2867 3648 2921 ubi
3674 2876 3776 2934 est,

2185 2973 2346 3024 mors,
2373 2955 2631 3011 contentio
2659 2964 2747 3009 tua
2780 2954 2925 3026 (Ose.
2948 2970 3064 3021 xm,
3090 2954 3222 3027 ll)?
3264 2972 3386 3012 cum
3406 2956 3653 3015 universa
3678 2959 3779 3016 Dei

2188 3050 2455 3116 Ecclesia,
2476 3047 2506 3086 ά
2534 3062 2655 3104 cum
2681 3048 2922 3118 patribus
2950 3047 3175 3117 nostris,
3197 3048 3495 3106 illustribus
3515 3050 3780 3108 Ecclesia

1670 3164 2215 3228 CASTIGATIONES
2249 3165 2338 3224 ET
2375 3163 2607 3221 NOTE.

576 3267 605 3297 ⁸
628 3256 963 3334 Ρθγῃιτικξιαξ
1001 3265 1130 3334 sunt
1168 3254 1516 3334 confusaque
1563 3273 1726 3334 voces
1761 3259 1922 3334 hujus
1959 3276 2083 3318 sen-
2109 3268 2156 3331 ο
2186 3276 2343 3334 quam
2385 3257 2624 3334 Christus
2658 3257 2867 3334 concipi
2906 3255 3320 3334 noluit,__fecisse
3360 3256 3416 3311 in
3453 3274 3633 3329 genere
3672 3260 3780 3334 hu-

507 3331 712 3387 lentim.
736 3329 964 3385 Rcstitui
995 3321 1297 3402 poss'untin
1327 3321 1706 3402 ltuncmodum
1730 3348 1745 3384 :
1767 3321 2082 3402 Dummodo,

507 3411 563 3455 ut
607 3417 743 3469 stupe
771 3402 1019 3467 diximus,
1058 3410 1107 3454 et
1156 3399 1244 3453 tibi
1283 3416 1402 3453 cum
1448 3400 1697 3469 Apostolo
1724 3399 2083 3467 reclamamus,

510 3471 684 3526 nullus
722 3472 927 3525 omnino
954 3470 1241 3542 hominum,
1274 3471 1328 3523 in
1356 3472 1493 3542 omni
1529 3488 1737 3542 prorsus
1775 3482 1944 3540 tetate,
1985 3475 2087 3529 nisi

508 3543 561 3615 in
606 3542 770 3615 Adam
800 3551 1062 3615 ma_r_tuus;
1108 3540 1283 3595 nullus
1328 3540 1581 3596 redivivus
1604 3543 1661 3597 in
1701 3558 1854 3599 carne
1879 3549 2087 3615 futurus

509 3614 596 3681 sit,
624 3612 722 3666 nisi
749 3628 836 3681 per
861 3610 1142 3665 Christum.

578 3656 840 3753 ιΧῖὶθῧ
858 3656 1142 3737 £3,166,133-
1171 3679 1605 3753 Pe‘agianorum,
1633 3684 1787 3753 quasi
1832 3683 2087 3742 catholici

511 3768 613 3825 pro
640 3751 955 3825 defensione
988 3751 1211 3825 peccati
1224 3753 1508 3825 originalis
1553 3751 1868 3824 iniuriosam
1892 3770 2088 3822 quam-

512 3822 635 3897 dam
664 3822 1055 3897 blasphemiam;
1094 3824 1145 3877 in
1174 3822 1452 3897 Christum
1492 3822 1827 3897 evomerent;
1857 3840 2090 3897 eumque

514 3896 758 3953 dicerent
802 3894 1058 3949 nascendi
1109 3893 1430 3950 necessitate
1472 3896 1730 3964 pollutum
1760 3896 1923 3951 fuisse
1963 3893 2092 3964 p'cc-

512 3974 635 4037 ἔδῑο
661 3964 965 4037 (Videqum
1008 3965 1147 4018 dicta
1190 3975 1311 4037 sunt
1341 3974 1448 4019 tum
1493 3965 1546 4019 in
1593 3966 1728 4037 notis
1767 3964 2091 4022 adlibellum

511 4034 728 4162 fid'qi'a
750 4034 965 4090 Iuliano
1012 4036 1376 4106 conscriptum,
1407 4045 1516 4089 tum
1551 4036 1620 4089 ad
1660 4046 1899 4108 excerpta
1927 4037 2092 4092 Theo-

550 4125 628 4162 ort
658 4146 672 4161 .

550 4125 672 4163 om.

724 4177 998 4234 allerenda
1022 4191 1182 4248 causa
1213 4191 1313 4232 cur
1338 4174 1583 4233 Christus
1615 4177 1826 4248 peccati
1854 4178 2093 4248 origina-

513 4249 582 4305 lis
609 4263 777 4319 purus
816 4249 996 4316 fuerit,
1039 4247 1320 4303 Mercatori
1369 4251 1717 4304 consentiunt
1762 4247 2092 4319 antiquiores

514 4318 724 4400 ἒβη-ω,
749 4333 887 4400 quos
924 4319 1066 4374 inter
1103 4329 1291 4400 aucto_r
1320 4318 1577 4374 librorum
1629 4318 2092 4400 liypqgnoSticon,

512 4388 655 4459 libro
706 4388 916 4459 primo;
967 4402 1107 4459 unus
1150 4389 1311 4443 modo
1360 4405 1458 4459 pro
1494 4388 1726 4444 cunctis
1762 4392 2093 4459 Augustinus

515 4458 657 4532 (Lib.
680 4457 723 4532 ί
741 4460 942 4513 advers.
973 4457 1086 4513 Jul.
1111 4474 1246 4532 βαρ.
1281 4457 1377 4529 15)
1402 4476 1416 4512 :
1441 4460 1576 4532 Quid
1607 4469 1681 4515 est
1707 4457 1871 4532 quod_
1891 4463 2092 4517 laboras

518 4528 716 4601 magnis
775 4528 1307 4601 argumentationibus
1355 4528 1640 4601 pervenire
1683 4528 1751 4583 ad
1817 4532 2091 4601 impietatis

514 4598 808 4667 abruptum,
850 4610 903 4652 ut
946 4598 1133 4670 Christi
1161 4615 1303 4665 caro,
1331 4598 1454 4670 quia
1480 4600 1545 4655 de
1588 4599 1761 4655 Maria
1802 4598 1953 4655 natus
1990 4613 2065 4657 est

2188 3327 2342 3388 manu
2372 3330 2706 3399 propaginem
2742 3328 2889 3393 mali,
2925 3330 3050 3401 quia
3076 3327 3265 3401 Mariae
3299 3327 3510 3401 corpus,
3539 3333 3779 3400 quamvis

2187 3404 2308 3459 inde
2335 3401 2547 3466 venerit,
2580 3408 2749 3453 tamen
2778 3414 2895 3454 eam
2930 3399 3033 3470 non
3071 3399 3278 3470 trajecit
3314 3399 3368 3453 in
3394 3399 3601 3469 corpus,
3630 3404 3781 3469 quod

2188 3491 2292 3529 non
2330 3473 2451 3528 inde
2491 3470 2740 3541 concepit,
2769 3478 2877 3543 etc_.
2929 3468 2999 3525 Et
3022 3468 3181 3543 paulo
3223 3480 3344 3540 post
3377 3485 3390 3522 :
3423 3470 3555 3543 Caro
3596 3468 3781 3543 itaque

2188 3545 2380 3600 Christi
2422 3539 2787 3597 mortalitatem
2829 3540 2894 3594 de
2940 3539 3251 3612 mortalitate
3304 3541 3499 3612 matris‘
3536 3539 3781 3612 corporis

2189 3616 2371 3679 traxit,
2416 3614 2541 3685 quia
2578 3627 2765 3685 corpus
2800 3613 2918 3685 ejus
2957 3611 3174 3685 mortale
3200 3612 3412 3685 inuenit.
3458 3609 3777 3685 Contagium

2189 3703 2307 3742 vero
2348 3682 2853 3757 peccatioriginalis
2891 3696 2995 3757 non
3036 3682 3209 3757 tragcit,
3243 3682 3364 3750 quia
3391 3682 3780 3757 concumbentis

2189 3752 2791 3827 concu'piscentiam'non
2819 3752 3044 3827 invenit,-
3082 3752 3127 3805 si
3167 3761 3336 3827 autem
3362 3767 3455 3806 nec
3480 3753 3781 3827 mortalita.

2190 3838 2312 3893 tem,
2346 3823 2435 3880 sed
2472 3826 2637 3879 solam
2675 3823 3016 3878 substantiam
3055 3824 3225 3878 carnis
3254 3823 3318 3877 de
3345 3832 3505 3877 matre
3528 3823 3758 3890 sumpsis

2189 3907 2285 3962 set,
2311 3912 2412 3951 non
2439 3896 2608 3949 solum
2642 3910 2762 3948 caro
2788 3894 2898 3963 ejus
2925 3909 3042 3948 caro
3077 3893 3294 3962 peccati,
3323 3894 3413 3947 sed
3446 3909 3536 3948 nec
3582 3893 3781 3949 simili-

2190 3970 2313 4022 tudo
2344 3966 2513 4020 carnis
2540 3966 2733 4034 peccati
2763 3980 2870 4036 esse
2896 3967 3160 4036 potuisset.

2262 4037 2289 4077 ά
2316 4038 2416 4105 Qui
2462 4036 2734 4091 lulianum
2775 4034 3197 4103 leestiumqne
3238 4042 3630 4101 praecesserunt
3665 4034 3777 4089 do-

2190 4118 2394 4173 ctores,
2436 4107 2639 4178 quique
2679 4106 3018 4178 abiEcclesia
3058 4112 3345 4178 parentum
3384 4115 3441 4160 et
3478 4107 3780 4178 magistro-

2190 4195 2309 4235 rum
2354 4175 2475 4234 (idei
2516 4179 2635 4232 loco
2684 4175 2852 4231 habiti
2889 4182 3035 4238 sunt.
3077 4175 3312 4230 unanimi
3352 4190 3619 4231 consensu
3667 4177 3779 4231 do-

2190 4261 2442 4312 cuerunt,
2472 4258 2703 4303 mortem
2729 4246 2976 4317 corporis
3006 4255 3226 4315 peccato
3254 4245 3441 4301 Adami
3473 4247 3778 4317 ingressam

2142 4321 2245 4377 sin
2274 4319 2549 4384 mundum,
2580 4326 2637 4373 et
2663 4319 2715 4372 in
2745 4331 2913 4388 genus
2962 4315 3255 4388 humanum
3287 4315 3600 4371 transivisse
3643 4333 3778 4374 cum

2192 4400 2344 4448 reatu
2381 4399 2477 4445 :ut
2516 4396 2735 4459 propter
2756 4386 3172 4456 inseparabilem
3206 4386 3276 4442 de
3298 4402 3460 4459 causa
3492 4388 3682 4459 mortis
3715 4399 3780 4445 et

2193 4462 2418 4518 traduce
2443 4456 2675 4531 peccat—ii
2686 4460 3075 4531 quaestionem,
3099 4459 3272 4531 accipi
3310 4458 3597 4531 debeat_in
3630 4456 3780 4518 hanc

2192 4543 2399 4602 partem
2421 4526 2624 4585 dictum
2647 4526 2777 4584 illud
2807 4527 3079 4602 Vincentii
3099 4526 3395 4602 Lirinensis
3417 4528 3469 4602 in
3504 4526 3780 4602 00111ωο-

2194 4595 2427 4658 ᾖίιοτὶοε
2464 4602 2592 4669 Quis
2644 4610 2764 4655 ante
2809 4600 3164 4670 prodigiosum
3210 4598 3520 4669 discipulum
3562 4595 3782 4670 Pelagii

516 4642 676 4744 2&qu
685 4642 897 4740 virginis
917 4684 1059 4735 caro,
1088 4669 1221 4744 sicut
1240 4642 1537 4744 ca’etZrorum
1562 4672 1809 4735 omnium,
1832 4689 1897 4744 ea;
1926 4642 2092 4726 Adii";
2118 4642 2169 4703 D
2196 4642 2513 4738 Castalium:
2538 4680 2686 4744 reatu
2713 4642 3292 4744 prte'uaric;tionis_ddtz
3313 4642 3463 4724 o'inne
3493 4684 3650 4744 genus
3674 4642 3783 4723 hau-

513 4741 683 4814 {u'erat
708 4750 1035 4814 prapagata,_
1056 4741 1187 4795 nihil
1215 4741 1367 4814 distet
1395 4758 1429 4795 a
1466 4743 1860 4814 carnepeccati,
1905 4754 1954 4814 et
1981 4745 2089 4798 sine

516 4810 629 4868 ulla
650 4810 974 4867 distinctiOne
1002 4811 1278 4880 Apostolus
1308 4812 1496 4866 dixisse
1520 4810 1762 4867 credatur
1786 4830 1903 4867 eum
1931 4813 2090 4882 fuisse

516 4885 729 4938 missum
755 4884 809 4936 in
833 4882 1170 4936 similitudine
1189 4886 1361 4936 carnis
1392 4883 1586 4951 peccati
1608 4884 1722 4953 (aut
1744 4884 1943 4938 nullam
1971 4899 2093 4939 car-

517 4970 640 5010 nem
687 4967 807 5009 esse
836 4953 1077 5023 peccati;
1126 4963 1219 5007 aut
1255 4952 1301 5008 si
1339 4954 1409 5007 sit
1448 4954 1576 5023 inuia
1602 4952 1727 5009 inde
1767 4955 1934 5019 venit,
1966 4953 2091 5009 inde

515 5025 679 5081 etiam
714 5022 845 5080 esse
882 5023 1081 5079 Christi
1123 5024 1402 5079 contendit
1442 5022 1783 5093 haereticus);
1812 5026 1968 5078 immo
1998 5041 2091 5086 po-

514 5097 616 5151 tius
644 5096 801 5150 instas
822 5104 879 5149 ut
905 5095 1048 5149 nulla
1069 5094 1134 5149 sit
1154 5110 1276 5149 caro
1306 5098 1517 5164 peccati,
1548 5110 1611 5148 ne
1638 5095 1731 5148 hoc
1769 5096 1836 5149 sit
1864 5105 1913 5149 et
1940 5094 2093 5149 Chri-

515 5167 599 5221 sti.
638 5166 774 5231 Quid
794 5175 867 5219 est
897 5181 1016 5235 ergo
1034 5166 1206 5219 carnis
1231 5163 1428 5235 precati
1456 5163 1761 5229 similitudo,
1790 5166 1834 5220 si
1854 5166 1999 5220 nulla
2019 5175 2095 5220 est

517 5254 638 5290 caro
667 5237 892 5307 peccati?
924 5236 1030 5307 sed
1052 5238 1183 5290 hanc
1210 5236 1544 5306 apostolicam
1561 5237 1863 5290 sententiam
1884 5253 1963 5290 me
1991 5252 2095 5290 non

518 5306 831 5360 intellexisse
870 5306 1071 5374 dixisti,
1110 5322 1201 5361 nec
1239 5323 1354 5362 eum
1395 5318 1565 5361 tamen
1610 5306 1911 5375 exposuisti,
1952 5317 2008 5361 ut
2047 5317 2095 5361 te

518 5378 727 5431 doctore
768 5391 1055 5447 nossemus,
1076 5377 1215 5445 quod
1238 5376 1416 5448 aliqua
1465 5393 1542 5430 res
1572 5379 1729 5445 possit
1772 5394 1882 5432 esse
1912 5378 2095 5432 similis

514 5448 563 5501 ei
592 5447 664 5501 rei
687 5462 802 5516 qua:
821 5462 924 5516 non
953 5458 1048 5503 est.
1076 5448 1229 5513 Quod
1257 5450 1299 5502 si
1326 5447 1570 5502 dementis
1595 5455 1667 5501 est
1690 5448 1878 5511 dicere,
1911 5458 1961 5502 et
1987 5449 2097 5503 sine

518 5517 676 5572 dubio
702 5514 824 5571 caro
863 5514 1056 5572 Christi
1094 5536 1197 5573 non
1240 5527 1313 5573 est
1357 5534 1476 5573 caro
1507 5518 1721 5584 peccati,
1766 5521 1856 5572 sed
1908 5518 2094 5574 similis

519 5589 663 5643 carni
692 5589 919 5659 peccati;
947 5588 1071 5661 quid
1099 5599 1252 5644 restat
1286 5601 1350 5661 Aut
1379 5588 1750 5661 intelligamus,
1782 5591 1882 5644 nisi
1906 5606 1969 5644 ea
2005 5606 2097 5645 ea;-

520 5668 689 5731 cepta,
710 5673 939 5731 __omnem
979 5659 1230 5731 reliquam
1275 5659 1562 5731 humanam
1591 5676 1797 5716 carnem
1828 5677 1935 5716 esse
1976 5677 2094 5730 pec-

521 5730 663 5786 cati?
702 5727 769 5785 Et
824 5729 941 5785 hinc
994 5727 1208 5803 apparet
1264 5730 1411 5789 illam
1463 5727 2097 5805 concupiscentiampper

2198 4758 2407 4797 manum
2442 4743 2641 4811 negavit
2665 4738 2966 4811 astrictum?
3004 4739 3366 4811 Traditionetn
3396 4738 3524 4794 vero
3547 4738 3784 4799 Patrum

2196 4828 2227 4867 a
2261 4809 2595 4883 temporibus
2620 4810 2984 4882 apostolorum
3010 4809 3382 4883 ad_Julianum
3407 4822 3577 4882 usque
3604 4811 3782 4883 exhi-

2198 4883 2330 4938 bere
2355 4878 2536 4953 opera:
2575 4878 2831 4953 pretium
2851 4891 2954 4944 est,
2982 4890 3038 4935 ut
3065 4878 3384 4953 'l_'heodorus
3404 4878 3528 4953 cum
3552 4895 3651 4936 suo
3675 4881 3783 4953 di-

2196 4948 2406 5021 scipnlo
2430 4948 2645 5009 Juliano
2679 4951 3051 5008 convincatur.
3078 4950 3278 5006 Paulus
3306 4950 3640 5020 Apostolus:
3665 4948 3783 5006 Per

2197 5040 2358 5078 unum
2384 5024 2641 5078 hominem
2665 5032 2926 5090 peccatum
2952 5023 3008 5076 in
3023 5021 3162 5076 hunc
3181 5023 3432 5076 mundum
3462 5021 3698 5087 intravit,
3723 5032 3785 5077 et

2200 5111 2290 5164 per
2306 5103 2571 5166 peccatum
2594 5111 2751 5157 mors,
2786 5104 2836 5148 et
2862 5093 2936 5145 ita
2964 5092 3017 5146 in
3037 5108 3211 5149 omnes
3233 5092 3465 5166 homines
3485 5107 3622 5166 mors
3647 5107 3784 5166 p_er-

2198 5159 2417 5234 transiit,
2444 5166 2496 5219 in
2518 5181 2617 5234 quo
2647 5179 2820 5219 omnes
2848 5173 3183 5224 peccaverunt
3221 5162 3397 5234 (llam.
3422 5177 3478 5229 v,
3521 5159 3629 5231 12).
3648 5159 3733 5217 Et
3762 5181 3781 5217 :

2199 5236 2262 5291 Si
2278 5246 2448 5290 autem
2470 5233 2702 5290 Christus
2721 5236 2775 5287 in
2790 5234 2933 5314 vobis
2948 5242 3044 5315 est,
3074 5233 3261 5302 corpus
3280 5234 3485 5315 quidem
3513 5243 3787 5315 mortuum;

2196 5317 2271 5362 est
2289 5315 2498 5379 propter
2524 5317 2805 5379 peccaium,
2852 5304 3067 5379 spiritus
3085 5320 3214 5379 ivero
3250 5304 3368 5379 civit
3394 5305 3783 5379 propierjusti-

2198 5374 2533 5447 ﬁnitionem;
2556 5375 2691 5446 quod
2733 5376 2778 5429 si
2802 5376 3012 5447 spiritus
3046 5377 3158 5445 ejus
3182 5375 3271 5447 qui
3307 5374 3570 5447 suscitavit
3593 5374 3786 5447 Iesum

2198 5442 2231 5503 a
2258 5449 2475 5503 mortuis
2500 5442 2694 5500 habitat
2729 5447 2781 5498 in
2811 5442 2968 5512 uobis,
3002 5442 3086 5514 qui
3130 5442 3391 5499 suscitauit
3415 5442 3596 5498 Iesum
3621 5442 3787 5499 Chri-

2199 5530 2331 5574 stum
2368 5536 2400 5573 a
2435 5518 2646 5573 mortuis
2687 5516 2961 5585 viviﬁcabit
2997 5525 3044 5569 et
3072 5514 3326 5569 Mortalia
3363 5530 3583 5585 corpora
3608 5524 3786 5585 castra

2202 5598 2409 5659 propter
2451 5582 2819 5659 inhabitantem
2867 5586 3107 5659 spiritum
3154 5588 3283 5659 ejus;
3316 5586 3369 5639 in
3404 5582 3541 5639 nabis
3580 5582 3785 5657 (Ibid.,

2200 5656 2319 5726 m‘,
2353 5662 2442 5727 ll,
2475 5659 2584 5728 l2).
2609 5659 2674 5712 Et
2703 5675 2715 5711 :
2753 5656 3005 5724 Quoniam
3034 5673 3122 5726 per
3146 5656 3403 5711 hominem
3428 5656 3659 5728 mors,et
3688 5674 3787 5725 per

2206 5731 2459 5786 hominem
2506 5727 2809 5787 resurrectio
2845 5738 3202 5795 mortuorum;
3234 5736 3286 5783 et
3331 5730 3464 5782 sicut
3505 5727 3560 5781 in
3608 5727 3786 5793 Adam
