3898 6276
169 265 258 324 £69
1018 263 1222 321 LIBER
1261 263 1839 326 Sl_tisNOTATl0NUM
1880 264 1946 321 ιΝ
1990 264 2217 321 VERBA
2253 264 2543 325 JULIANI.

3311 274 3413 335 I70

167 375 475 442 doctoribus,
498 375 551 432 in
581 375 727 433 hunc
745 376 1049 436 divinarum
1069 380 1463 452 Scripturarum
1486 396 1725 447 sensum,
1758 382 1812 443 Α
1837 382 2095 452 pastorali
2140 382 2290 437 clava
2320 383 2389 438 ab
2426 382 2670 439 Ecclesia
2711 385 3011 455 deterruit,
3059 392 3419 467 proturbavit,

169 473 213 528 in
240 472 345 527 hac
370 468 533 525 verba
554 470 877 541 iuravimus.

231 566 307 620 l5.
345 562 502 619 Salva
533 579 668 620 sane
702 566 1007 621 reverentia
1036 575 1090 622 et
1118 566 1299 622 debita
1322 566 1728 622 honoriﬁcentia

172 668 349 715 sancta:
371 672 432 713 ac
463 658 641 716 beata
666 660 945 718 memoriae
973 661 1254 732 Augustini
1279 661 1539 732 episcOpi,
1567 660 1655 731 qui
1679 669 1732 715 te

1836 483 1996 544 atque
2022 474 2312 545 confregit,
2340 476 2500 530 etiam
2531 475 2648 533 haec
2671 493 2701 532 a
2726 494 2835 548 me,
2862 490 2971 536 toto
3000 481 3103 537 isto
3127 485 3301 555 Opere
3330 500 3423 546 tuo

1839 567 2100 638 perlecto,
2124 571 2263 625 sicut
2290 568 2493 638 praefati
2514 586 2721 641 sumus,
2746 574 2970 642 sparsim
2994 584 3048 630 et
3070 578 3251 635 ubiubi
3273 596 3423 637 com-

1840 659 2061 715 modum
2091 660 2261 716 visum
2293 671 2376 717 est
2402 703 2416 729 ,
2468 663 2629 720 certis
2671 674 2696 702 ι
2744 668 3163 735 tragmentorum
3207 681 3421 729 tuorum

1308 814 1855 876 CASTIGATIONES
1893 816 1983 872 ET
2019 814 2252 876 ΝΟΤιΕ.

178 999 325 1040 omnes
351 980 659 1043 moriuntur,
706 979 780 1034 ita
804 980 936 1050 etin
967 977 1173 1034 Christo
1202 995 1375 1035 omnes
1396 979 1732 1050 viviﬁcabun-

179 1068 247 1109 tur
286 1054 323 1121 (1
364 1051 483 1106 Cor.
517 1065 616 1114 xv,
656 1048 917 1123 21,7122).
956 1050 1198 1123 Justinus
1247 1060 1451 1123 martyr
1468 1048 1622 1123 ﬁcum
1666 1050 1736 1106 de

178 1120 366 1182 (ἔπηξειο
394 1123 711 1191 loqueretur
744 1120 910 1190 (Dial.
945 1138 1059 1193 cum
1092 1120 1423 1193 Tryphone)’:
1452 1120 1599 1176 Sicut
1644 1137 1735 1173 nec

179 1197 317 1249 nasci.
364 1210 452 1247 nec
488 1193 748 1264 cruci/igi,
793 1193 940 1257 quasi
968 1192 1419 1260 horumindigus,
1457 1193 1734 1258 sustinuit;

176 1268 249 1321 sed
277 1266 476 1319 humani
508 1264 708 1333 generis
744 1279 923 1326 causa,
957 1264 1091 1329 quod
1122 1280 1211 1331 per
1241 1264 1409 1316 Adam
1436 1264 1493 1315 in
1522 1274 1735 1333 mortem

179 1347 218 1391 et
234 1332 566 1391 seductionem
589 1335 842 1403 serpentis
872 1334 1182 1399 conciderat,
1209 1344 1311 1389 etc.
1336 1334 1566 1388 lrenmus
1592 1332 1733 1403 (Lib.

177 1425 205 1462 γ
227 1426 327 1474 cap.
356 1408 442 1471 l6,
491 1421 553 1459 ea:
583 1420 715 1476 vers.
749 1404 913 1476 Aug.)
942 1423 953 1458 :
989 1405 1435 1476 Quemadmodum
1471 1406 1738 1457 astrictum

181 1492 239 1533 est
262 1479 403 1531 morti
428 1492 589 1545 genus
618 1475 923 1547 humanum,
950 1475 1174 1547 solvatur
1195 1492 1284 1547 per
1312 1476 1562 1546 virginem
1590 1490 1739 1546 aequa

182 1550 307 1603 lance
328 1548 572 1616 disposita
615 1546 883 1618 virginalis
924 1546 1280 1600 inobedientiw
1308 1563 1396 1615 per
1441 1547 1737 1618 virginalem

183 1621 503 1676 obedientiam.
534 1616 715 1671 Adhuc
753 1618 889 1672 enim
920 1618 1221 1688 protoplasti
1246 1630 1475 1688 peccato,
1506 1616 1595 1683 per
1626 1632 1737 1671 cor-

185 1694 429 1759 reptionem
470 1689 798 1760 primogeniti
844 1689 1257 1760 emendationem
1286 1689 1586 1760 accipiente,
1632 1705 1739 1760 ser-

188 1760 619 1841 pentisuprirdentia
645 1759 852 1841 devicta
900 1774 990 1830 per
1040 1759 1419 1841 simplicitatem
1462 1759 1733 1841 columbae,
1768 1780 1814 1841 Β

190 1829 371 1887 vinculis
397 1831 500 1884 illis
543 1831 754 1884 resoluti
798 1829 975 1883 sumus
1015 1846 1104 1899 per
1141 1844 1255 1899 qua:
1291 1829 1494 1899 alligati
1532 1845 1735 1883 eramus

191 1905 332 1957 morti.
370 1901 814 1969 Quemadmodum
852 1916 943 1970 per
971 1901 1231 1955 hominem
1258 1902 1448 1954 victum
1476 1901 1735 1954 descendit

188 1976 231 2028 in
254 1984 442 2028 mortem
465 1988 623 2043 genus
650 1981 922 2037 nostrum;
951 1972 1023 2024 sic
1048 1972 1236 2025 iterum
1265 1988 1356 2039 per
1386 1972 1639 2025 hominem
1661 1973 1739 2025 vi-

188 2056 345 2100 ctorem
370 2043 701 2097 ascendamus
738 2044 794 2095 in
820 2044 974 2096 vitam
1006 2058 1023 2094 :
1048 2052 1093 2097 et
1137 2043 1571 2111 quemadmodum
1596 2059 1738 2095 acce-

188 2118 252 2185 pit
284 2117 489 2184 palmam
512 2130 603 2185 per
628 2113 883 2167 hominem
910 2129 1047 2167 mors
1096 2114 1363 2166 adversum
1390 2129 1516 2178 nos;
1542 2114 1615 2166 sic
1640 2114 1733 2167 ite-

187 2204 283 2239 rum
327 2203 413 2240 nos
450 2187 691 2239 adversus
736 2192 950 2238 mortem
988 2200 1079 2253 per
1128 2185 1383 2237 hominem
1412 2185 1737 2253 accipiamus

188 2258 385 2326 palmam
425 2255 615 2326 (lbid.,
667 2273 783 2326 cap.
825 2255 942 2326 2|).
982 2252 1307 2309 Athanasius
1351 2252 1473 2326 (De
1522 2252 1737 2309 Incarn.

186 2325 351 2381 Christi
372 2330 387 2396 )
412 2325 552 2395 :Qui
582 2328 645 2380 de
670 2325 796 2380 Adw
821 2325 1165 2379 inobedientia
1185 2325 1511 2395 quaestionem
1535 2326 1734 2393 habuit,

179 2400 448 2469 judicioque
490 2406 699 2469 peracto
745 2397 1005 2465 duplicem
1034 2412 1235 2468 poenam
1276 2397 1329 2449 in
1367 2397 1616 2469 se_ntentia
1644 2413 1739 2450 sua

182 2466 451 2535 completus
474 2479 606 2534 erat,
637 2468 761 2521 dum
783 2478 979 2521 terreno
1000 2466 1072 2521 ita
1103 2468 1326 2535 loquitur
1355 2482 1374 2521 :
1405 2466 1561 2519 Terra
1585 2484 1658 2534 es,
1691 2477 1738 2521 et

180 2541 225 2593 in
246 2551 419 2595 terram
447 2541 710 2593 reverteris
742 2537 952 2605 (Genes.
986 2554 1064 2603 tu,
1098 2539 1221 2605 l9);
1246 2547 1395 2605 atque
1424 2539 1496 2590 ita
1528 2554 1621 2605 pro
1645 2538 1737 2591 de-

180 2623 299 2666 creto
325 2611 530 2665 Domini
558 2626 745 2682 corpus
763 2613 824 2682 in
850 2618 1044 2682 terram
1073 2609 1329 2682 abscedit;
1359 2608 1556 2682 animae
1571 2618 1739 2662 autem

178 2684 313 2747 dixit,
359 2682 522 2735 Morte
564 2678 797 2735 morieris
838 2678 1029 2749 (Ibid.,
1062 2694 1121 2744 ιι,
1153 2681 1458 2749 l7);atque
1503 2678 1621 2731 hinc
1663 2688 1739 2733 est

210 2754 301 2807 uad
345 2755 489 2807 homo
516 2753 567 2806 in
612 2752 741 2805 duas
788 2762 957 2819 partes
1001 2751 1325 2818 discerpitur,
1368 2760 1415 2803 et
1460 2759 1513 2803 ut
1542 2750 1611 2802 ad
1636 2750 1739 2805 duo

204 2841 287 2877 oca
314 2825 557 2886 discedat,
595 2824 982 2889 condemnatur,
1028 2831 1130 2876 etc.
1164 2820 1457 2891 Gregorius
1502 2820 1737 2875 Nazian-

185 2910 335 2949 zenus
356 2895 523 2966 (Orat.
547 2892 636 2965 42)
667 2913 681 2949 :
714 2893 996 2966 Postquam
1026 2892 1214 2947 diaboli
1250 2892 1442 2945 invidia
1472 2902 1517 2945 et
1558 2892 1740 2966 mulie-

184 2967 244 3018 ris
267 2963 472 3033 insultu,
502 2963 649 3035 quem
681 2974 726 3019 et
762 2973 817 3017 ut
845 2964 1051 3017 mollior
1078 2980 1234 3033 passa
1259 2974 1351 3035 est,
1378 2972 1425 3035 et
1451 2972 1505 3035 ut
1527 2963 1595 3015 ad
1626 2979 1740 3030 per-

184 3037 475 3090 suadendum
514 3033 967 3090 accommodatior
1014 3036 1234 3089 admovit
1288 3034 1341 3103 (o
1387 3033 1738 3102 inﬁrmitatem

185 3108 361 3161 meam!
399 3124 508 3160 mea
542 3109 681 3160 enim
708 3116 782 3161 est
810 3107 963 3177 primi
990 3106 1216 3176 parentis
1261 3105 1559 3175 inﬁrmitas)
1587 3122 1733 3159 acce-

1838 996 1975 1033 mors
1998 980 2197 1033 introiit
2240 996 2307 1033 ac
2340 982 2605 1036 dominata
2624 986 2776 1107 fuit?
2805 984 2909 1039 Per
2936 997 3201 1057 peccatum
3241 993 3417 1049 unius.

1843 1050 1980 1107 Quid
2003 1066 2154 1107 narro
2182 1052 2279 1105 sibi
2301 1052 2433 1105 illud
2465 1053 2593 1107 vult.
2661 1073 2691 1107 is
2720 1073 2817 1107 auo
2847 1073 3019 1107 omnes
3048 1066 3417 1107 necem-erunt?

1843 1050 2154 1127 Quidporro
2182 1052 2283 1127 sibi
2296 1052 2433 1127 illud
2465 1053 2593 1116 vult,
2620 1050 2691 1127 (In
2720 1073 2817 1121 quo
2847 1050 3019 1112 omnes
3048 1066 3421 1127 peccaverunt?

1841 1120 1946 1198 lito
1974 1122 2140 1198 lapso,
2168 1132 2214 1174 et
2246 1122 2490 1198 illiilem,
2539 1126 2627 1193 qui
2656 1120 2890 1195 de'ligno
2936 1120 3421 1198 non'comederunt,

1839 1190 2007 1258 effecti
2052 1201 2168 1245 sunt
2203 1210 2265 1246 ea:
2295 1194 2387 1247 illo
2416 1190 2639 1263 tempore
2666 1190 2837 1251 omnis
2864 1202 3122 1263 mortales.
3154 1213 3259 1257 etc.
3293 1190 3423 1260 Cum

1843 1264 2066 1333 peccavit
2094 1264 2421 1341 AdamLtum
2466 1268 2687 1341 etiljius
2725 1286 2906 1341 corpus
2944 1273 3159 1325 mortale
3184 1274 3423 1341 e/fectum

1842 1342 1914 1387 est
1945 1344 2095 1410 atque
2118 1336 2348 1410 patibile,
2380 1344 2484 1390 etc.
2513 1336 2697 1410 (Hom.
2731 1336 2821 1410 l2,
2836 1340 2889 1392 in
2910 1357 3023 1409 cap.
3060 1343 3132 1410 7).
3168 1336 3285 1397 Una
3307 1364 3423 1400 cum

1843 1413 2005 1480 morte
2020 1405 2225 1480 introiit
2248 1405 2540 1480 affectuum
2556 1409 2723 1480 turba.
2753 1408 2877 1463 Cum
2898 1405 3031 1464 enim
3069 1405 3255 1480 corpus
3278 1434 3419 1469 mor-

1844 1476 1946 1553 tale
1976 1475 2211 1553 e/fectum
2240 1485 2342 1553 est,
2362 1486 2489 1553 __etc.
2522 1477 2743 1553 (ﬂoruit.
2783 1482 3063 1553 sequente).
3096 1475 3423 1553 Theophilus

1845 1547 2241 1625 alexandriam
2285 1547 2423 1614 (Lib.
2458 1565 2495 1602 ll
2524 1547 2594 1625 _ad
2623 1551 2936 1625 Autolicum)
2967 1553 3155 1605 :Dicat
3194 1547 3379 1625 aliquis
3401 1576 3421 1613 :

1846 1615 2145 1699 Mortaline
2178 1628 2375 1699 creatus
2404 1628 2475 1699 est
2502 1622 2711 1699 homo?
2753 1615 3113 1699 Nequuquam:
3151 1615 3291 1691 Quid
3320 1628 3423 1699 igi-

1845 1688 2135 1766 tur?_1_Vum
2178 1689 2523 1766 immortalis?
2565 1689 2649 1745 Ne
2677 1691 2773 1745 hoc
2799 1688 3026 1766 quidem.
3061 1688 3201 1747 Nam
3241 1714 3272 1749 a
3312 1688 3423 1766 p'ri-

1844 1760 2045 1813 mordio
2077 1775 2183 1813 suae
2231 1761 2498 1814 creationis
2553 1778 2643 1815 nec
2695 1765 2930 1817 mortalis
2984 1781 3076 1818 nec
3121 1760 3423 1823 immortalis

1842 1832 2075 1907 cpnditus
2104 1840 2197 1884 est.
2253 1832 2313 1885 Si
2343 1833 2687 1907 immortalem
2739 1834 2803 1886 ab
2848 1836 2999 1907 initio
3036 1852 3154 1890 eum
3202 1840 3423 1907 fecisset,

1842 1900 2011 1977 Deum
2035 1919 2173 1977 _eum_
2194 1903 2573 1969 constituisset;
2618 1905 2662 1958 si
2693 1904 2960 1959 mortalem
2999 1923 3113 1960 eum
3152 1900 3424 1977 fo'riuasset

1842 1971 1906 2045 ab
1933 1973 2101 2045 initio,
2137 1972 2273 2026 Deus
2301 1991 2424 2028 sane
2452 1984 2620 2045 posset
2659 1988 2840 2030 auctor
2866 1977 3128 2031 hominum
3152 1971 3331 2034 mortis
3357 1985 3423 2036 vi~

1840 2043 1970 2119 deri.
2002 2043 2234 2119 Apparet
2268 2045 2427 2115 igitur
2454 2043 2735 2099 hominem
2773 2064 2805 2119 α
2844 2046 2958 2101 Deo
3004 2065 3094 2102 nec
3136 2052 3422 2119 mortalem,

1842 2130 1933 2166 nec
1953 2115 2291 2187 immortalem
2319 2131 2426 2170 esse
2450 2120 2680 2186 factum;
2721 2118 2830 2181 sed,
2861 2122 3290 2187 quemadmodum
3329 2115 3425 2178 su;

1800 2204 1805 2210 ·
1841 2201 1942 2252 pra
1965 2186 2388 2264 signi/impiatus,
2413 2188 2676 2264 utriusque
2700 2190 3076 2257 quodammodo
3104 2194 3423 2264 participem,

1843 2264 1899 2308 ut
1930 2265 2126 2330 reperet
2156 2257 2223 2309 ad
2260 2257 2697 2312 immortalitatem
2726 2275 2928 2313 servans
2973 2257 3423 2330 mandatum-Dei,

1843 2335 1890 2377 et
1928 2336 1983 2379 ut
2014 2328 2145 2406 hanc
2170 2337 2375 2399 caperet
2398 2331 2698 2406 mercedem,
2732 2332 2938 2406 tandem
2967 2342 3015 2384 et
3044 2333 3151 2402 ipse
3180 2332 3320 2390 Deus
3351 2328 3425 2406 fa;

1844 2406 1976 2471 ctus.
2012 2398 2107 2471 Sin
2138 2398 2308 2471 autem
2334 2415 2603 2455 conversus
2634 2402 2787 2468 fuerit
2817 2402 2885 2454 ad
2926 2398 3211 2471 peccutum,
3246 2398 3421 2461 inobe-

1843 2467 1986 2541 diens
2015 2468 2142 2541 Deo,
2173 2468 2270 2522 sibi
2310 2471 2407 2538 ipsi
2453 2467 2639 2525 auctor
2657 2471 2801 2541 ﬁeret
2830 2467 3028 2531 mortis.
3069 2486 3175 2529 etc.
3198 2467 3305 2531 vllis
3336 2495 3424 2534 ac-

1843 2540 1999 2615 cedat
2048 2540 2347 2615 Nestorius,
2401 2556 2725 2613 quamquam
2778 2542 3049 2597 Theodori
3100 2544 3421 2615 discipulus.

1842 2610 1936 2663 sed
1979 2609 2077 2665 bac
2126 2612 2180 2665 in
2236 2620 2390 2680 parte
2425 2609 2685 2679 magistro
2732 2616 3067 2679 reverentior
3116 2609 3422 2675 traditionis

1843 2681 2227 2755 ecclesiasticm
2260 2700 2272 2755 ς
2308 2680 2583 2746 Diabolus,
2611 2687 2780 2751 inquit
2799 2682 2995 2755 (Serm.
3020 2684 3056 2737 2
3084 2686 3284 2742 advers.
3320 2690 3421 2745 Pe-

1845 2749 2016 2826 la_g.),_
2048 2751 2356 2822 proferebat,
2397 2754 2536 2826 quod
2582 2764 2655 2808 est
2685 2749 2938 2826 adversus
2982 2767 3240 2824 naturam,
3286 2756 3421 2815 illud

1844 2823 2267 2893 chirographum,
2298 2824 2433 2895 quod
2459 2826 2705 2895 scriptum
2734 2833 2805 2878 est
2830 2840 2849 2878 :
2874 2824 3032 2879 Terra
3060 2844 3133 2892 es,
3167 2840 3214 2882 et
3238 2831 3289 2884 in
3315 2844 3423 2885 ter-

1842 2910 1953 2945 ram
1982 2895 2109 2960 ibis;
2144 2905 2191 2947 et
2234 2894 2451 2948 instabat
2496 2894 2569 2949 ex
2600 2897 2716 2963 hoc,
2758 2898 3105 2967 generationes
3154 2898 3421 2957 hominum

1845 2972 2006 3017 morte
2035 2982 2355 3030 consumens,
2390 2976 2495 3020 etc.

1915 3036 2087 3115 Atque
2135 3034 2366 3115 illa_l‘u_it
2403 3036 2639 3115 prientis
2695 3038 2960 3115 Ecclesiae
3007 3041 3243 3115 traditio,
3300 3061 3422 3115 quae

1844 3104 2185 3179 Theodorum
2222 3107 2420 3162 Juliani
2449 3109 2763 3177 magistrum
2810 3110 3025 3166 erudire
3056 3104 3276 3179 debuit;
3306 3104 3422 3172 lianc

186 3181 246 3247 pti
273 3179 491 3232 mandati
518 3177 709 3231 oblitus
739 3170 1009 3232 ab'acerbo
1043 3176 1138 3249 illo
1166 3170 1326 3249 gustu
1346 3177 1517 3249 (uictus
1543 3170 1640 3242 est,
1667 3177 1736 3230 si-
1767 3170 1815 3235 C
1846 3174 2180 3249 Latinorum,
2200 3192 2319 3247 quae
2337 3170 2945 3249 Juliaui'impudeutiam
2971 3185 3167 3247 arguit.
3202 3170 3419 3240 Tertull;

187 3250 280 3303 mul
305 3259 347 3303 et
378 3267 409 3301 a
429 3250 570 3319 ligno
594 3249 728 3314 vita,
753 3259 797 3321 et
827 3266 859 3301 a
887 3247 1149 3321 paradiso,
1168 3246 1228 3302 'et
1252 3247 1315 3301 ab
1338 3248 1447 3319 ipso
1481 3246 1588 3321 Deo
1616 3263 1738 3321 pro-

187 3330 279 3390 pter
320 3318 579 3388 peccatum
613 3318 910 3391 expellitur,
956 3329 1000 3374 et
1029 3320 1267 3391 pelliceas
1302 3318 1501 3391 tunicas
1546 3318 1733 3386 induit,

188 3393 336 3462 utique
383 3390 686 3446 crassiorem
731 3407 937 3446 carnem
990 3390 1037 3444 et
1085 3391 1392 3462 mortalem,
1421 3390 1738 3462 primumque

189 3459 525 3530 turpitudinem
551 3479 698 3516 suam
726 3466 974 3534 agnoscit,
1003 3470 1048 3516 et
1076 3478 1107 3513 a
1134 3459 1243 3515 Deo
1262 3478 1315 3515 se
1340 3460 1623 3534 abscondit,
1654 3468 1736 3513 at-

188 3550 270 3605 que
288 3533 361 3588 hic
389 3550 590 3605 quoque
618 3531 786 3587 tamen
820 3545 1029 3587 mortem
1053 3549 1127 3605 Aac
1167 3533 1360 3605 peccati
1387 3531 1739 3605 prwcisionem

189 3602 438 3671 elucratur,
483 3602 548 3658 ne
574 3604 775 3658 malum
803 3603 1093 3658 immortale
1130 3605 1230 3669 sit;
1260 3604 1333 3656 ita
1361 3618 1508 3670 pana
1543 3602 1659 3668 ipsa
1685 3602 1737 3655 in

191 3676 562 3729 misericordiam
598 3679 765 3729 cessit.
795 3674 884 3731 Sic
909 3676 1045 3729 enim
1068 3673 1230 3728 Deum
1269 3673 1524 3744 supplicia
1550 3672 1739 3744 inferre

188 3762 362 3816 censeo,
392 3757 497 3801 etc.
537 3744 833 3816 Gregorius
874 3746 1150 3816 Nyssenus
1187 3743 1377 3799 Contra
1418 3743 1735 3816 Eunoniiuin

191 3815 342 3881 (Orat.
376 3817 424 3887 l)
459 3834 474 3871 :
524 3814 675 3869 Venit
703 3814 953 3870 Dominus
985 3827 1040 3869 ut
1065 3826 1310 3887 qutererel
1344 3822 1393 3868 et
1428 3814 1626 3867 salvum
1656 3816 1739 3887 [αξ

188 3896 302 3940 ceret
334 3885 466 3957 quod
500 3888 718 3955 perierat
748 3903 768 3939 :
795 3889 1006 3954 perierat
1037 3885 1211 3939 autem
1259 3902 1362 3939 non
1392 3901 1599 3956 corpus,
1649 3885 1739 3957 sed

187 3966 303 4011 totus
342 3956 489 4011 homo
518 3974 583 4011 ex
626 3958 799 4011 anima
833 3967 1258 4025 contemperatus.
1306 3966 1370 4021 et,
1400 3957 1444 4009 si
1470 3958 1633 4008 verius
1662 3956 1739 4008 lo-

186 4031 416 4096 quendam
453 4038 546 4093 est,
580 4038 698 4082 ante
722 4045 909 4099 corpus
929 4030 1101 4081 anima
1142 4029 1396 4097 perierat;
1426 4042 1542 4099 nam
1566 4026 1739 4079 inobe-

189 4099 359 4151 dientia
382 4100 661 4163 electionis,
704 4097 820 4152 sive
844 4098 1141 4162 voluntatis,
1171 4115 1273 4152 non
1301 4097 1528 4165 corporis
1556 4112 1737 4167 pecca-

191 4178 281 4221 tum
305 4178 370 4224 est
395 4186 414 4223 :
434 4171 646 4237 propria
667 4179 741 4223 est
761 4178 929 4223 autem
953 4171 1139 4223 anima:
1168 4169 1368 4231 electio,
1396 4184 1427 4220 a
1450 4184 1547 4233 qua
1572 4168 1737 4221 omnis

190 4251 364 4309 natura
387 4239 654 4295 calamitas
686 4241 994 4309 principium
1026 4240 1222 4304 habuit,
1261 4250 1313 4293 ut
1342 4237 1502 4292 verbis
1527 4246 1739 4309 testatur

188 4306 556 4378 haudquaquam
588 4311 807 4364 mendax
848 4306 947 4365 Dei
981 4311 1251 4377 minitatio,
1284 4310 1420 4379 quod
1450 4310 1503 4361 in
1528 4325 1628 4377 quo
1653 4308 1739 4363 die

190 4382 445 4445 prohibitos
473 4386 671 4451 fructus
694 4383 971 4451 tetigerint,
1003 4384 1109 4436 sine
1135 4382 1455 4434 cunctatione
1477 4379 1573 4431 sibi
1590 4395 1736 4451 mors

190 4452 448 4507 cohcrebit.
474 4450 605 4507 Cum
634 4450 803 4506 autem
829 4454 894 4506 sit
921 4452 1110 4523 duplex
1131 4452 1349 4523 hominis
1374 4450 1730 4518 compositum,

190 4534 500 4593 congruenter
537 4525 591 4576 in
633 4532 902 4593 utrumque
942 4522 1077 4576 mars
1116 4522 1335 4593 duplicis
1371 4523 1487 4574 vita:
1528 4537 1737 4574 munere

190 4591 421 4665 [augentis
470 4611 563 4648 suo
615 4594 661 4647 ei
698 4595 785 4661 qui
821 4591 1045 4647 moritur
1094 4591 1426 4663 privationem
1464 4602 1737 4661 aperatur;

190 4666 390 4735 corporis
419 4667 625 4735 quidem
652 4681 789 4719 mors
816 4674 890 4718 est
916 4681 1153 4718 sensuum
1179 4666 1624 4735 instrumentorum
1646 4678 1737 4717 ea:A

188 4734 385 4803 stinctio,
416 4734 461 4790 et
488 4737 541 4789 in
568 4746 787 4806 cognata
810 4736 1055 4790 elementa
1094 4734 1397 4799 dissolutio;
1432 4734 1608 4786 anima
1635 4750 1733 4786 au-

188 4814 291 4871 tem,
326 4822 435 4889 qua
470 4806 772 4889 peccaverit,
816 4807 930 4889 ipsa
961 4806 1235 4889 morietur';
1279 4814 1735 4889 peccatum_autem

186 4886 250 4955 est
275 4894 302 4928 a
326 4879 429 4932 Deo
467 4873 733 4941 alienatio,
765 4873 851 4955 qui
880 4886 951 4930 est
993 4892 1107 4929 vera
1135 4874 1348 4955 solaque
1385 4875 1507 4927 vita.
1534 4873 1595 4955 fl!
1606 4876 1737 4927 ultas

187 4946 321 5013 igitur
346 4964 596 5002 annorum
618 4945 869 5001 centurias
894 4958 1005 5014 post
1030 4946 1498 5017 praevaricationem
1528 4945 1738 5017 insuper

186 5017 291 5069 risit
330 5022 673 5089 protoplastus
700 5020 871 5083 homo,
902 5018 991 5071 sed
1032 5016 1177 5072 Deus
1217 5034 1320 5071 non
1362 5024 1433 5068 est
1474 5016 1733 5089 mentitus,

186 5103 284 5159 cum
310 5085 436 5143 dixit
467 5085 486 5144 ἑ
516 5091 578 5143 In
607 5106 711 5159 qua
754 5089 837 5142 die
881 5089 1222 5151 comederitis,
1261 5094 1419 5141 morte
1455 5085 1739 5159 moriemini

186 5155 371 5225 (Cenes.
403 5177 464 5226 ll,
500 5155 925 5230 l7).'l’r0pterea
948 5160 1085 5212 enim
1104 5159 1240 5229 quod
1266 5159 1519 5211 alienatus
1549 5155 1665 5230 fuit,
1692 5166 1738 5230 et

184 5244 367 5286 aversus
400 5237 513 5300 ipse
547 5227 581 5284 a
620 5247 739 5284 vera
764 5233 888 5295 υἱιρ,
917 5239 963 5283 et
994 5227 1122 5294 ipso
1148 5230 1231 5283 die
1260 5230 1471 5300 ﬁrmata,
1500 5237 1610 5300 rata
1638 5227 1738 5295 fuit

183 5302 402 5357 adversus
423 5298 556 5356 eum
586 5304 765 5354 mortis
794 5302 1075 5365 sententia;
1107 5311 1277 5367 postea
1311 5316 1425 5353 vero
1454 5298 1737 5351 labentibus

181 5374 314 5444 annis
338 5390 471 5427 mors
502 5372 786 5444 corporalis
800 5372 1062 5444 Adamum
1086 5380 1358 5444 consecuta
1383 5380 1491 5444 est.
1506 5367 1739 5444 Epipha-

176 5441 282 5496 nius
308 5444 440 5515 (Lib.
474 5460 512 5499 u
545 5437 753 5497 advers.
791 5443 937 5496 later.
976 5444 1102 5515 haer.
1137 5443 1204 5496 64
1234 5458 1376 5515 num.
1407 5439 1502 5515 μ)
1534 5455 1548 5492 :
1581 5437 1735 5515 Dote;

174 5524 244 5565 rat
271 5509 325 5567 in
339 5526 583 5570 internum
609 5516 771 5568 vivere
790 5529 975 5586 corpus
1002 5521 1051 5566 et
1078 5512 1366 5586 immortale
1390 5511 1521 5586 ﬁeri,
1554 5510 1654 5562 nisi
1674 5509 1736 5563 ab

172 5588 409 5653 gustanda
444 5588 547 5641 vita
588 5586 719 5655 foret
750 5580 1080 5653 prohibitum.
1118 5582 1186 5638 Et
1210 5591 1390 5654 postea
1418 5600 1429 5633 :
1457 5580 1739 5655 PrOpterea

172 5652 427 5722 ligortalem
459 5652 610 5711 illum
639 5652 779 5711 Deus
813 5673 922 5711 esse
948 5657 1126 5719 voluit,
1156 5652 1225 5709 ac
1256 5664 1416 5708 morte
1453 5652 1735 5722 damnavit.

173 5721 281 5780 Hoc
306 5730 439 5782 enim
457 5738 671 5797 scortea
689 5728 794 5781 illte
815 5728 1004 5785 tunica:
1022 5726 1407 5797 signiﬁcabant,
1433 5736 1537 5797 etc.
1566 5721 1739 5796 Chry-

173 5808 434 5855 sostomus
477 5795 664 5872 (Hom.
707 5799 790 5858 l0.
844 5800 898 5852 in
938 5795 1129 5880 cup—sv
1174 5796 1350 5865 Rom.)
1384 5812 1396 5851 :
1433 5796 1545 5863 Quo
1590 5795 1739 5863 pacto

417 5894 696 5955 Ρλτιοι.
750 5891 1034 5955 XLVIII.

1846 3248 2300 3321 lianttsranitnam
2350 3250 2665 3318 colloquens
2713 3248 2869 3321 (Lib.
2920 3253 2982 3303 de
3032 3252 3165 3306 Test.
3221 3257 3421 3312 Anima:

1840 3334 1959 3395 cap.
1991 3320 2055 3387 5)
2094 3339 2105 3372 :
2142 3320 2394 3395 Satanam
2437 3321 2489 3373 in
2532 3321 2669 3373 omni
2710 3320 3045 3395 aversatione,
3099 3332 3146 3375 et
3176 3342 3422 3395 asperna-

1841 3392 1998 3454 tione,
2043 3400 2089 3443 et
2134 3392 2464 3445 detestatione
2513 3394 2833 3459 pronuntias,
2881 3410 3032 3462 quem
3079 3411 3171 3448 nos
3200 3392 3421 3454 dicimus

1839 3463 2051 3514 malitia:
2078 3462 2335 3531 angelum,
2371 3462 2526 3515 totius
2573 3464 2761 3516 erroris
2804 3464 3074 3531 artiﬁcem,
3125 3470 3282 3520 totius
3324 3487 3422 3524 ste-

1840 3532 1943 3584 culi
1972 3532 2410 3599 interpolatorem,
2444 3549 2532 3601 per
2560 3550 2709 3601 quem
2743 3533 2892 3585 homo
2934 3551 2965 3586 a
2995 3536 3279 3603 primordio
3318 3542 3421 3594 cir-

1840 3614 2151 3675 cumventus,
2201 3614 2253 3656 ut
2279 3617 2587 3675 praceptum
2620 3603 2713 3657 Dei
2738 3605 3018 3671 excederet,
3061 3616 3109 3660 et
3149 3621 3421 3675 prapterea

1841 3674 1894 3747 in
1920 3685 2137 3747 mortem
2171 3674 2343 3739 datus,
2368 3675 2574 3747 exinde
2611 3684 2768 3727 totum
2798 3692 2955 3747 genus
3000 3677 3063 3731 de
3102 3674 3194 3731 suo
3231 3684 3421 3736 semine

1841 3745 2109 3827 infectum,
2163 3746 2463 3827 sitteuetiu-m
2492 3745 3133 3827 damnationisntr‘adueem
3170 3751 3308 3819 fecit.
3355 3755 3419 3808 Et

1841 3815 1947 3869 alio
1980 3820 2029 3869 in
2063 3817 2182 3887 loco
2205 3815 2341 3884 (Lib.
2374 3817 2435 3868 de
2471 3815 2655 3869 Anima
2684 3834 2799 3887 cap.
2842 3816 2933 3886 50)
2971 3835 2981 3869 :
3011 3815 3228 3873 Publica
3258 3825 3417 3877 totius

1841 3888 2040 3963 generis
2068 3886 2281 3963 humani
2296 3888 2569 3963 sententia.
2597 3886 2812 3963 mortem
2829 3888 3053 3963 debitum
3078 3899 3276 3945 natura
3299 3910 3419 3963 pro-

1843 3960 2163 4032 nuntiamus,
2198 3958 2572 4032 Itoctstipulata
2595 3966 2685 4032 _est
2721 3958 2988 4032 De-i_voa:.‘
3013 3960 3108 4032 hec
3144 3958 3418 4032 spopondit

1840 4043 1987 4082 omne
2010 4028 2146 4097 quod
2170 4030 2408 4082 nascitur.
2444 4026 2745 4097 Cyprianus
2782 4026 2919 4096 (Lib.
2954 4029 3017 4081 de
3036 4026 3180 4085 Bono
3205 4026 3418 4087 Patien-

1843 4097 1970 4169 tite),
1994 4114 2115 4153 cum
2148 4107 2441 4167 exponeret
2463 4100 2780 4151 sententiam
2810 4116 2839 4169 ει
2875 4100 2981 4169 Deo
3011 4100 3025 4151 Ι
3070 4112 3173 4152 tam
3202 4104 3254 4155 in
3277 4104 3419 4158 Ada-

1842 4166 1987 4222 tnu'in
2036 4185 2185 4242 reuni
2221 4166 2411 4242 uiolati
2458 4170 2708 4242 praecepti
2742 4185 2753 4219 :
2792 4166 2926 4242 Quia
2972 4171 3186 4237 audisti,
3220 4172 3415 4242 inquit,

1840 4254 2009 4293 vocem
2042 4239 2267 4292 mulieris
2299 4247 2420 4303 tute,
2467 4248 2514 4291 et
2544 4238 2866 4291 manducasti
2896 4255 2957 4291 ex
2998 4242 3088 4293 illa
3116 4238 3317 4305 arbore,
3355 4238 3419 4301 de

1838 4326 1941 4378 qua
1978 4310 2087 4363 sola
2140 4324 2479 4380 prleceperam
2509 4308 2593 4360 tibi
2634 4325 2698 4380 ne
2740 4308 3098 4380 manduﬁcares.
3146 4317 3420 4371 maledicta

1840 4389 1978 4460 terra
2014 4381 2106 4460 erit
2130 4382 2183 4433 in
2214 4379 2448 4433 omnibus
2476 4379 2720 4460 operibus.
2741 4381 2839 4433 tuis
2864 4396 2893 4460 ε.
2916 4379 2981 4433 1η
3018 4384 3233 4460 tristitia
3254 4398 3299 4440 et
3330 4405 3418 4460 ge-

1840 4453 1966 4504 mitu
1994 4453 2107 4505 edes
2157 4467 2220 4505 ea:
2248 4467 2305 4504 ea
2350 4450 2579 4521 omnibus
2619 4451 2793 4503 diebus
2846 4451 2960 4505 vita:
2987 4461 3122 4517 tiae;
3153 4450 3351 4521 spinas'
3370 4470 3418 4513 et

1843 4522 2059 4606 tribulos
2087 4523 2257 4606 ejiciet
2302 4520 2411 4584 tibi,
2457 4532 2503 4574 et
2533 4524 2649 4574 edes
2691 4521 2933 4606 quulum
2961 4526 3110 4594 agri;
3139 4528 3189 4606 i_n
3230 4532 3417 4606 sudore

1842 4592 2013 4647 vultus
2043 4592 2119 4647 tui
2144 4594 2258 4646 edes
2304 4609 2484 4659 panem
2521 4592 2879 4654 tuum,donec
2924 4592 3191 4649 revertaris
3222 4600 3272 4651 in
3317 4612 3415 4655 ter-

1842 4681 1972 4729 ram,
2003 4665 2065 4734 de
2102 4681 2204 4734 qua
2242 4674 2474 4734 sumptus
2502 4680 2572 4729 es,
2609 4665 2740 4734 quia,
2776 4672 2910 4717 terra
2952 4682 3027 4729 es,
3058 4677 3109 4720 et
3145 4672 3197 4721 in
3230 4682 3412 4724 terram

1842 4734 1937 4807 ibis
1975 4732 2180 4807 (Cenes.
2229 4749 2309 4799 tu,
2356 4732 2418 4787 l7
2462 4734 2669 4807 seqq.).r
2698 4733 2875 4803 Hujus
2914 4739 3175 4791 sententite
3217 4740 3417 4794 vinculo

1843 4805 2073 4877 colligati
2113 4821 2284 4858 omnes
2324 4813 2372 4857 et
2400 4805 2672 4877 constricti
2722 4822 2919 4871 smnus,
2960 4808 3121 4860 donec
3159 4822 3417 4875 expuncto

1843 4874 2006 4929 morie
2032 4874 2095 4928 de
2119 4877 2214 4929 isto
2252 4874 2439 4929 steculo
2478 4875 2796 4940 recedamus,
2839 4887 2943 4930 etc.
2979 4874 3419 4933 Hilarius'diacu-

1845 4960 1945 4999 nus
1992 4944 2081 5015 (1η
2135 4963 2252 5016 cap.
2307 4946 2337 4997 7
2384 4946 2451 4997 ad
2510 4945 2718 5015 Rom):
2750 4946 3015 5009 Quomodo
3060 4949 3308 5001 inhabitat
3363 4952 3417 5004 in

1844 5032 1999 5070 carne
2025 5026 2306 5083 peccatum,
2336 5031 2450 5067 cum
2481 5032 2578 5068 non
2615 5019 2679 5069 sit
2712 5019 3010 5081 substantia,
3052 5019 3140 5069 sed
3167 5025 3416 5087 praevari~

1842 5088 1974 5140 catio
2007 5088 2123 5139 boni
2142 5088 2167 5139 7
2191 5088 2447 5150 Quoniam
2476 5089 2629 5151 primi
2660 5088 2876 5157 hominis
2906 5104 3087 5157 corpus
3116 5102 3417 5154 corruptum

1842 5168 1917 5211 est
1946 5174 2033 5225 per
2062 5168 2351 5229 peccatum,
2387 5167 2440 5209 ut
2474 5158 2630 5229 possit
2659 5156 2870 5229 dissolvi
2898 5172 2917 5208 :
2943 5156 3055 5222 ipsa
3082 5163 3275 5227 peccati
3303 5179 3419 5216 coro

1842 5230 2013 5303 ruptio
2046 5226 2133 5298 per
2163 5228 2502 5303 conditionem
2546 5226 2838 5303 o/fensionis
2885 5238 3049 5303 manet
3082 5226 3139 5303 in
3180 5247 3413 5303 corpore.

1842 5297 2210 5374 roburgtenens
2240 5300 2426 5374 divina:
2448 5299 2734 5374 Δρςηιςξηιὶαε
2773 5297 2917 5374 datae
2956 5300 3022 5374 in_
3057 5300 3245 5363 Adam,
3270 5297 3417 5374 quod

1842 5380 1923 5445 est
1981 5372 2185 5441 signum
2241 5369 2364 5445 legis
2424 5368 2846 5445 diaboli_,__cujus
2902 5371 3144 5445 instinctu
3193 5368 3417 5445 peccavit

1842 5437 2045 5516 elidant;
2075 5452 2179 5495 etc.
2228 5437 2723 5516 Ambrosius-(LPb.
2757 5437 3088 5516 ded’arad.
3140 5437 3254 5511 ca'p.
3308 5446 3362 5516 7)
3401 5466 3412 5498 :

1844 5511 2028 5565 Mortis
2068 5528 2225 5567 causa
2260 5509 2746 5584 inobedientiafuit,
2771 5518 2825 5584 _et
2856 5510 2970 5565 ideo
3006 5512 3158 5567 homo
3185 5509 3296 5584 ipse
3321 5509 3419 5570 s'ibs

1841 5584 2020 5637 mortis
2061 5594 2134 5638 est
2173 5597 2353 5645 causa,
2386 5594 2488 5632 non
2534 5578 2723 5633 habens
2760 5578 2926 5635 Deum
2962 5600 3069 5638 sua:
3114 5578 3291 5640 mortis
3321 5604 3419 5640 au~

1840 5662 2046 5708 ctorem.

1913 5734 1937 5762 ⁸
1962 5725 2210 5779 Baluzius
2232 5724 2385 5793 ponit
2405 5725 2685 5796 {rogorum
2713 5735 3040 5796 annotatque
3063 5725 3199 5781 hanc
3227 5727 3418 5783 lectio-

1845 5810 1965 5854 nem
1988 5805 2297 5852 constanter
2318 5794 2549 5866 proferri
2587 5797 2863 5855 codicibus
2887 5794 3214 5853 Mercatoris.
3252 5798 3407 5855 Eutr.

2831 5892 2867 5947 6
