3948 6274
451 247 554 302 183

450 454 646 510 festam
675 454 831 509 nobis
851 465 1088 510 nostram
1117 457 1294 512 fecere
1317 454 1633 511 sententiam
1657 453 1710 525 ),
1741 463 1768 491 ι
1802 455 2034 524 pruden-

451 546 600 602 tibus
628 547 838 602 scilicet
868 547 1110 616 ejusdem
1139 546 1166 586 δ
1196 547 1508 602 orthodoxa:
1524 545 1902 616 professionis:
1928 548 2035 602 for-

450 639 591 694 sitan
626 640 768 694 enim
801 639 932 695 utile
958 639 1161 710 aliquid
1198 638 1454 695 Ecclesiis
1497 646 1662 696 rectae
1690 638 1814 695 ﬁdei
1845 652 2036 709 prove-

450 731 583 798 niet,
620 731 850 787 Domino
873 739 1216 802 cooperante.

946 243 1138 301 MAR“
1179 243 1623 301 MERCATORIS
1663 242 2236 300 TRANSLATIONES
2276 242 2638 300 VARIORUM
2677 238 3208 298 OPUSCULORUM.

449 361 701 430 sidentis,
730 370 785 418 et
805 363 872 417 ab
903 361 1303 430 Alexandrino,
1337 362 1516 418 multis
1545 360 1823 431 rescriptis
1851 361 2026 416 mani-
2053 374 2107 435 Α

3616 231 3726 292 i8]

2210 375 2232 404 ⁸
2260 364 2485 420 Omnem
2513 362 2902 418 fraternitatem
2928 360 3244 416 salutamus.

2211 458 2276 511 Et
2297 457 2399 512 alia
2436 473 2594 510 manu
2626 472 2639 508 :
2672 453 2961 510 Incolumis
2987 461 3041 508 et
3068 451 3194 507 forti
3222 451 3435 518 animo,
3467 459 3522 508 et
3551 453 3729 522 pluri-

2140 565 2286 604 mum
2314 563 2474 605 orans
2498 562 2597 619 pro
2635 546 2815 614 nobis,
2849 544 3068 603 doneris
3100 544 3285 612 nobis,
3315 543 3730 615 religiosissime

2141 639 2321 697 frater.

1607 822 2156 881 CASTIGATIONES
2192 823 2280 879 ET
2319 823 2547 879 NOTAE.

451 948 565 994 tum
595 951 804 1009 tempus
833 959 847 1006 ;
893 936 1322 1011 quandoquidem
1349 951 1457 1011 _nec
1481 937 1720 1011 Ioannes
1749 937 2033 1011 Celestini

451 1011 662 1065 litteras
693 1013 756 1064 ad
785 1027 841 1065 sc
868 1009 1017 1065 datas
1043 1051 1057 1074 ,
1103 1023 1157 1064 et
1204 1024 1298 1076 per
1343 1009 1716 1064 Possidonium
1745 1010 2030 1065 diaconum

449 1082 825 1136 Alexmdriam
855 1086 1082 1150 primum
1110 1081 1315 1134 delatas
1341 1121 1355 1144 ,
1388 1091 1440 1133 et
1470 1079 1594 1134 hinc
1623 1081 1820 1136 deinde
1843 1082 2034 1136 Antio-

451 1155 626 1207 chiam
670 1170 787 1207 cum
836 1155 1057 1221 epistula
1083 1151 1267 1223 Cyrilli
1311 1151 1501 1204 missas
1541 1152 1786 1220 accipere
1834 1153 2030 1221 potuit,

453 1224 552 1276 nisi
587 1233 703 1280 nost
733 1234 842 1275 tres
868 1224 1057 1276 saltem
1084 1235 1173 1275 aut
1204 1232 1433 1291 quatuor
1457 1237 1690 1276 menses.

524 1303 549 1330 ⁸
581 1293 633 1347 Id
665 1301 764 1354 est,
795 1293 1050 1347 studiosis
1078 1308 1172 1346 seu
1201 1293 1410 1360 peritis,
1446 1292 1625 1360 phrasi
1657 1291 1848 1346 usitata
1887 1293 2032 1360 apud

451 1374 697 1417 auctores
729 1363 871 1418 illius
910 1365 1165 1432 temporis
1199 1380 1211 1416 :
1263 1362 1406 1417 unde
1457 1361 1515 1417 S.
1562 1363 1902 1418 Innocentius
1935 1366 2035 1417 im-

450 1434 740 1502 prudentes
768 1435 903 1488 dixit
932 1431 1033 1502 pro
1062 1435 1325 1501 imperitis
1358 1451 1371 1486 :
1425 1431 1568 1486 Tunc
1613 1436 1788 1497 enim,
1839 1435 2030 1503 inquit,

451 1505 630 1558 melius
662 1506 771 1560 haec
807 1505 1046 1576 exempla
1075 1513 1338 1578 ponuntur
1363 1545 1377 1570 ,
1414 1505 1618 1575 quando
1647 1521 1761 1559 cum
1788 1505 1852 1561 iis
1871 1547 1884 1572 ,
1910 1521 2036 1577 quos

2137 941 2322 993 horum
2349 947 2544 992 constat
2571 937 2914 1006 imprudentes
2941 953 3068 1002 esse,
3101 944 3399 990 tractamus.

2206 1009 2233 1051 ι)
2267 1010 2380 1064 Hoc
2402 1009 2620 1063 nomine
2647 1009 2882 1076 appellat
2904 1007 3256 1074 impietatem,
3280 1021 3399 1076 quae
3420 1016 3580 1077 negat
3594 1008 3728 1064 bea-

2140 1093 2246 1136 tam
2283 1081 2548 1150 Virginem
2574 1094 2693 1134 esse
2725 1079 3029 1146 Deiparam.

2211 1163 2233 1190 ο
2269 1146 2482 1205 Fratres
2515 1160 2668 1205 vocat
2693 1153 3008 1218 episc0pos,
3052 1148 3292 1218 aliosque
3319 1146 3560 1202 leeslii
3610 1148 3727 1204 iuu-

2139 1231 2305 1286 tores,
2337 1221 2430 1291 qui
2461 1222 2590 1275 nihil
2620 1237 2724 1274 non
2753 1221 3112 1275 moliebantur
3139 1218 3635 1291 Constantinopoli,
3670 1229 3728 1275 ut

2139 1290 2372 1347 Orientis
2405 1292 2584 1346 favore
2607 1293 2862 1346 adversus
2889 1291 3197 1345 Occidentis
3221 1290 3484 1357 judicium
3514 1305 3573 1345 se
3606 1300 3728 1346 tne-

2140 1373 2344 1418 rentur.
2393 1362 2572 1432 Pergit
2610 1375 2789 1416 autem
2835 1359 3109 1416 Nestorius
3161 1361 3418 1416 miserum
3469 1361 3724 1417 exsulem

2145 1434 2320 1490 adhuc
2350 1433 2604 1489 nonnulla
2627 1448 2722 1504 spe
2743 1433 3016 1502 decipere.

482 1619 3706 1646 Μ

1956 1743 2132 1849 ΙΙ.

1460 1950 2013 2036 NESTORII
2052 1941 2080 1980 ¹³
2112 1950 2804 2036 TRACTATUS

1185 2113 1504 2178 CONTRA
1551 2111 2303 2190 HERESIMPELAGII
2348 2112 2492 2173 SEU
2538 2108 2970 2176 COELESTII.

649 2416 669 2442 ε
711 2403 1086 2460 ΡΒᾹΕΕΛΤΙΟ
1119 2403 1313 2461 MAR“
1350 2405 1819 2465 MERCATORIS.

520 2499 571 2554 1.
616 2495 819 2552 Contra
857 2496 1061 2568 Pelagii
1099 2506 1153 2554 et
1192 2496 1432 2556 Caelestii
1461 2514 1682 2570 pravam
1713 2509 1769 2557 et
1810 2499 2030 2571 impiam

2057 2407 2505 2472 Bdefinitionem
2549 2406 2576 2443 ά
2625 2408 2874 2478 quamvis
2930 2416 3078 2464 recte
3127 2410 3354 2465 sentiret
3400 2417 3453 2462 et
3509 2409 3732 2464 doceret

2140 2499 2445 2570 Nestorius,
2485 2501 2756 2558 Iulianum
2785 2509 2968 2558 tamen
3020 2516 3090 2557 ex
3139 2499 3727 2573 episcopoEclanensi,

1606 2654 1854 2714 CASTIG
1864 2654 2160 2714 ATIONES
2197 2656 2289 2712 ET
2325 2656 2553 2714 NOTAE.

521 2805 551 2834 ⁸
593 2793 670 2850 De
715 2795 832 2860 ipso
873 2791 1138 2862 prolixius
1184 2791 1436 2864 dicemus
1481 2793 1535 2847 in
1596 2792 1830 2848 secunda
1881 2800 2037 2864 parte
2139 2791 2402 2863 Legimus,
2431 2809 2582 2862 quam
2612 2793 2735 2848 bene
2768 2803 2935 2848 teneas
2955 2803 3221 2864 peccatum
3242 2795 3527 2864 originale;
3553 2798 3727 2863 quali-

448 2868 682 2936 Operutn
696 2935 703 2936 ί
719 2861 1047 2936 Mercatoris
1067 2862 1305 2936 :Asuflicit
1323 2864 1821 2936 impraesentiarum
1842 2906 1857 2931 ,
1885 2861 2036 2936 _q_nod

450 2931 616 2993 habet
645 2935 962 2989 Vincentius
992 2932 1290 2988 Lirinensis
1322 2934 1375 2987 in
1409 2931 1831 2988 Commonitorio
1874 2931 2035 3002 (Cap.

450 3009 574 3076 16):
604 3003 672 3060 Ut
701 3006 789 3076 uni
814 3003 993 3076 haeresi
1015 3020 1121 3076 suae
1145 3005 1353 3076 aditum
1373 3008 1717 3076 patefaceret,
1735 3013 2037 3076 cunctarum

451 3073 710 3132 haereseon
742 3073 1088 3139 blasphemias
1136 3073 1505 3128 insectabatur.
1549 3073 1604 3127 Id
1634 3073 1776 3127 enim
1813 3075 1937 3127 facit
1971 3073 2037 3127 ad

451 3146 860 3215 Intelligendum
880 3186 893 3205 .
925 3159 1029 3210 quo
1051 3145 1276 3199 consilio
1305 3144 1613 3212 versipellis
1639 3143 1949 3209 haereticus,
1985 3153 2040 3198 et

451 3220 509 3274 in
523 3218 840 3288 Pelagianos
854 3215 1432 3288 invehereturLlicetin
1457 3215 1749 3288 amicitiam
1767 3226 2035 3281 receptos;

456 3300 512 3347 et
547 3285 862 3359 qua'mente
903 3287 1179 3359 impulerit
1207 3285 1572 3359 Theodosium
1619 3287 2034 3359 imperatorem,

455 3361 522 3415 ad
535 3355 868 3413 sanctionem
885 3357 1144 3411 adversus
1161 3371 1350 3412 omnes
1367 3356 1675 3424 hatreticos,
1691 3355 2042 3424 impnrasque

456 3445 743 3500 personas,
755 3427 1020 3500 edendam
1048 3425 1201 3499 (Cod.
1225 3425 1422 3481 Theod.
1453 3429 1552 3500 leg.
1569 3427 1640 3483 65
1661 3427 1726 3480 de
1748 3425 1972 3494 Haeret,
1993 3436 2039 3479 et

460 3497 524 3554 de
551 3498 798 3553 Lenonib.
830 3499 918 3552 lib.
943 3497 1028 3567 tt).

531 3568 949 3637 Animadverte,
994 3569 1192 3634 lector,
1245 3570 1288 3622 si
1347 3568 1557 3624 animus
1595 3568 1691 3623 tibi
1739 3567 1901 3623 fuerit
1943 3568 2041 3622 has

457 3641 602 3710 leges
653 3641 978 3706 consulere,
1011 3640 1153 3694 inter
1198 3641 1520 3710 haereticos,
1565 3640 1654 3710 qui
1706 3652 1804 3710 suo
1846 3640 2040 3709 singuli

462 3708 806 3782 appellantur
829 3710 1067 3782 nomine.
1097 3708 1271 3763 notari
1290 3710 1605 3782 praesertim
1622 3708 2044 3782 Apollinaristas

459 3779 516 3837 et
547 3780 876 3836 Manichaeos
917 3798 929 3834 :
964 3779 1114 3835 sileri
1155 3781 1376 3834 omnino
1410 3780 1477 3834 de
1518 3779 1854 3848 Pelagianis,
1908 3794 2042 3848 quos

465 3862 646 3907 tamen
680 3859 997 3921 oportuerat
1023 3851 1292 3921 praecipue
1331 3851 1594 3906 nominari
1626 3850 1680 3905 in
1720 3851 2000 3905 sanctione
2025 3891 2040 3914 ,

460 3938 584 3993 quae
635 3931 816 3993 vetera
855 3928 1054 3993 statuta
1107 3931 1422 3987 renovaret,
1466 3922 1665 3990 quippe
1711 3921 1840 3993 qui,
1879 3922 2044 3993 etab

461 3991 640 4047 Attico
693 3992 937 4048 damnati
990 3991 1241 4053 fuerant.
1291 4001 1342 4048 et
1397 3993 1713 4046 auctoritate
1774 3991 2039 4058 imperiali

2142 2872 2218 2917 ter
2247 2865 2410 2931 ipsam
2436 2874 2674 2917 naturam
2703 2865 2890 2918 asseris
2915 2863 3215 2918 debitricem
3240 2907 3255 2931 ,
3302 2863 3349 2916 et
3386 2882 3498 2917 cum
3541 2869 3728 2921 merito

2142 2933 2364 3005 debitum
2386 2935 2616 3000 reddere,
2639 2936 2725 3005 qui
2747 2935 3003 2988 descendit
3020 2936 3085 2988 de
3112 2951 3292 3004 genere
3313 2935 3579 3003 debitoris,
3617 2949 3726 2992 etc.

2218 3004 2414 3058 Verum
2460 3007 2574 3059 hare
2619 3004 2854 3074 suspicio
2902 3021 3009 3060 non
3058 3007 3189 3060 levis
3216 3014 3424 3060 tantum
3467 3017 3583 3070 est,
3636 3008 3729 3063 sed

2142 3075 2304 3129 etiam
2332 3090 2466 3129 vana
2520 3091 2534 3129 :
2569 3084 2930 3140 nani‘sanctus
2972 3075 3206 3141 pootifex
3249 3076 3478 3130 Nestorii
3511 3093 3730 3132 sensum

2142 3144 2211 3199 de
2253 3154 2474 3213 peccato
2514 3146 2759 3214 originali
2809 3163 2870 3202 re
2913 3147 3032 3216 ipsa
3081 3150 3329 3213 cognovit
3377 3163 3442 3202 ex
3493 3150 3732 3202 seCundo

2143 3230 2393 3287 sermone
2427 3262 2440 3281 ,
2493 3217 2648 3285 cujus
2697 3217 2904 3271 initium
2958 3227 3087 3272 est:
3137 3218 3485 3273 Contumelias
3521 3220 3731 3287 quidem

2143 3285 2516 3356 bcereticorum,
2537 3297 2642 3341 etc.
2666 3287 2839 3342 Verba
2863 3289 3028 3352 enim,
3055 3305 3176 3356 qua
3194 3289 3454 3350 adhibuit,
3482 3285 3545 3342 ex
3577 3306 3727 3343 num.

2145 3355 2213 3428 175
2242 3357 2570 3424 desumpsit,
2606 3359 2694 3411 ubi
2729 3358 3009 3412 Nestorius
3035 3355 3106 3412 ita
3149 3359 3381 3428 loquitur
3411 3377 3422 3411 :
3463 3359 3528 3413 Ut
3561 3372 3731 3413 osteno

2143 3427 2298 3481 datur
2327 3429 2609 3500 benignitas
2629 3429 2797 3499 justa,
2834 3445 2936 3482 non
2966 3430 3074 3500 sine
3105 3427 3306 3500 judicio
3330 3432 3517 3500 passim
3545 3440 3591 3482 et
3645 3441 3730 3483 ut-

2144 3514 2355 3566 cumque
2389 3497 2580 3553 donata
2622 3497 2640 3552 ἑ
2677 3509 2942 3570 prapterea
2972 3497 3202 3570 Christus
3239 3497 3463 3552 debeatis
3505 3503 3732 3566 suscepit

2145 3585 2416 3637 personant
2447 3579 2677 3632 natura,
2704 3580 2749 3622 et
2775 3585 2862 3635 per
2891 3585 3002 3622 eam
3032 3569 3255 3622 debitum
3283 3579 3540 3637 tamquam
3584 3572 3728 3639 ﬁlius

2145 3639 2272 3693 Adw
2288 3641 2519 3701 exsolvit,
2552 3639 2810 3709 oportebat
2831 3639 2964 3709 enim
2980 3639 3199 3692 debitum
3223 3640 3440 3692 tuentem
3461 3658 3523 3694 ex
3545 3656 3730 3709 genere

2146 3711 2330 3782 deduci
2357 3712 2492 3780 ejus,
2521 3708 2607 3782 qui
2629 3710 2682 3763 id
2709 3708 2987 3782 aliquando
3009 3719 3352 3782 contraxerat,
3380 3721 3484 3764 etc.

2221 3790 2243 3819 ο
2273 3780 2871 3848 Quamvisbrevissima
2903 3781 2994 3844 sit,
3019 3781 3187 3832 multa
3219 3780 3598 3846 nihilominus,
3639 3783 3726 3836 vel

2145 3851 2306 3905 dubia
2334 3851 2637 3916 conﬁrmat,
2667 3853 2751 3906 vel
2782 3852 3014 3905 obscura
3045 3850 3308 3910 illustrat,
3343 3852 3423 3904 vel
3458 3851 3729 3920 incognita

2145 3921 2327 3976 docet.
2369 3923 2596 3976 Dubium
2627 3933 2768 3986 erat,
2799 3936 2958 3989 quam
2988 3920 3257 3975 civitatein
3291 3920 3534 3976 Julianus
3559 3937 3728 3975 rexe-

2146 3992 2245 4051 rit;
2297 3992 2651 4046 Eclanensem
2682 3993 2873 4046 asserit
2907 4003 3076 4059 :quot
3109 3994 3294 4046 Patres
3335 3995 3728 4046 mcunnenicam

461 4064 672 4130 expulsi
714 4063 849 4118 urbe
886 4064 1055 4132 regia,
1089 4074 1144 4116 et
1172 4077 1202 4116 a
1245 4061 1516 4126 Sisinnio,
1555 4063 1708 4128 cujus
1734 4056 1894 4132 ﬁdem
1925 4070 2044 4129 post
2069 4056 2114 4118 C
2148 4062 2412 4132 synodum
2441 4060 2827 4127 conflaverint,
2850 4056 3113 4116 ducentos
3133 4064 3468 4132 septuaginta
3497 4073 3732 4130 quatuor

464 4133 627 4189 Attici
677 4135 879 4187 obitum
936 4130 1276 4188 tentaverant
1307 4173 1322 4197 ,
1354 4133 1563 4201 rejecti.
1610 4132 1718 4186 Sed
1763 4130 2044 4185 Nestorius

377 4235 380 4237 λ
465 4203 681 4258 favebat
711 4203 1012 4271 Pelagianis
1035 4245 1052 4271 ,
1091 4203 1276 4273 etiam
1317 4211 1430 4258 tum
1459 4201 1728 4272 cogitabat
1755 4204 1936 4255 animo
1975 4201 2044 4256 de

465 4273 710 4328 facienda
757 4273 1037 4328 catholicis
1091 4274 1332 4339 invidia,
1383 4276 1537 4342 quasi
1570 4273 1638 4328 de
1678 4273 2044 4327 incarnatione

465 4343 631 4399 Verbi
660 4345 924 4414 sentirent
951 4358 1072 4398 cum
1104 4343 1433 4413 Apollinari;
1464 4344 1533 4398 de
1574 4343 1748 4414 gratia
1777 4351 1833 4398 et
1873 4343 2044 4398 libero

466 4414 694 4467 arbitrio
723 4428 842 4466 cum
875 4412 1202 4468 Maniclimis.

537 4483 565 4522 ι’
598 4484 786 4536 Posset
815 4482 1043 4551 alicujus
1074 4484 1255 4536 animo
1279 4481 1516 4552 incidere
1540 4483 1776 4552 suspicio
1801 4525 1814 4548 ,
1847 4498 1913 4536 an
1938 4497 2042 4537 non

463 4553 547 4608 illi
579 4552 678 4623 ipsi
707 4562 963 4623 tractatus
993 4554 1101 4607 sint
1120 4593 1136 4617 ,
1163 4567 1299 4622 quos
1329 4551 1630 4623 Nestorius,
1651 4553 1711 4608 S.
1751 4552 2044 4623 Caelestino

466 4640 566 4693 per
592 4622 916 4678 Antiochum
967 4623 1297 4693 transmisit,
1318 4637 1421 4675 una
1449 4637 1571 4693 cum
1603 4622 1808 4676 duobus
1853 4622 2043 4676 saltem

467 4692 810 4749 sermonibus
835 4694 901 4747 de
925 4704 1078 4760 partu
1103 4692 1374 4760 Virgineo,
1399 4692 1702 4761 quibusque
1722 4707 1872 4746 suam
1894 4707 2042 4746 sum-

469 4781 558 4818 mo
607 4763 1132 4835 pontificiuprobaqvit
1183 4764 1341 4835 Iidem
1379 4761 1522 4835 circa
1566 4764 2044 4835 peccatumgorigi-

469 4833 619 4890 nale.
643 4833 942 4890 Nonnullos
973 4833 1115 4889 enim
1146 4833 1414 4901 ejusmodi
1455 4833 1806 4889 transmissos
1849 4833 2042 4902 fuisse,

471 4908 625 4986 testis
645 4917 750 4986 est,
781 4921 884 4986 non
911 4904 1081 4986 solum
1094 4903 1358 4986 gyrillus,
1381 4904 1474 4959 sed
1498 4904 1656 4986 etiam
1675 4903 2002 4986 leestinus
2029 4925 2043 4962 :

473 4975 761 5040 Nestorius,
791 4976 977 5046 inquit,
1003 4975 1066 5028 de
1094 4974 1336 5046 Virginea
1357 4986 1507 5045 partu
1527 4975 1752 5045 nefanda
1778 4978 2043 5046 pradicat,

469 5047 697 5117 nefanda
725 5045 1021 5117 persuadet,
1046 5046 1175 5099 sicut
1193 5045 1253 5098 et
1280 5053 1389 5113 ejus
1418 5047 1609 5112 scripta
1635 5047 1702 5098 ad
1730 5064 1821 5101 nos
1842 5048 1904 5101 ab
1934 5049 2046 5116 ipso

469 5115 584 5188 cum
639 5119 860 5188 propria,
892 5115 1261 5188 subscriptione
1317 5117 1656 5188 transmissa;
1711 5119 1841 5172 sicut
1895 5115 2048 5173 etiam

465 5185 661 5260 glutto
702 5185 863 5240 sancti
900 5185 1098 5260 Patris
1128 5194 1175 5239 et
1214 5186 1498 5260 coepiscopi
1522 5186 1735 5260 Cyrilli,
1767 5204 1857 5260 per
1881 5189 2048 5260 ﬁlium

468 5254 841 5329 Possidonium
871 5259 1163 5322 diaconum,
1192 5257 1260 5308 ad
1287 5273 1367 5310 me
1387 5254 1543 5311 missa
1563 5254 1802 5329 patefecit
1824 5275 1843 5313 :
1869 5254 2048 5328 quibus

470 5327 706 5400 omnibus
737 5329 990 5400 recensitis
1021 5343 1257 5400 magnam
1282 5327 1641 5400 vitandumque
1669 5327 2047 5400 peruersitatem

467 5397 645 5471 impia!
672 5398 1051 5471 praedicationis
1089 5399 1400 5471 invenimus,
1426 5410 1519 5471 etc,
1564 5397 1758 5471 (Epist.
1795 5400 1864 5452 ad
1887 5399 2043 5471 Joan.

473 5464 716 5540 Qntioch.
732 5467 892 5540 epist.
917 5468 984 5521 ad
1005 5465 1243 5523 Juvenal.
1284 5464 1737 5540 Hierosolq'epist.
1767 5473 1834 5522 ad
1859 5469 2052 5523 clerum

472 5535 915 5611 Constantinam).
958 5539 1020 5590 Et
1050 5540 1292 5611 scribens
1320 5541 1385 5593 ad
1426 5535 1730 5594 Nestorium
1758 5556 1773 5595 :
1813 5540 2054 5611 Legimus

469 5609 812 5680 epistularum
865 5617 1090 5680 tenorem
1129 5620 1173 5664 et
1203 5610 1362 5664 libros
1390 5627 1516 5680 quos
1537 5652 1552 5676 ,
1571 5611 1774 5678 .illustri
1809 5609 1914 5665 lilio
1944 5626 2054 5664 meo

474 5676 727 5752 Antiocho
767 5679 1024 5752 tradente,
1055 5684 1365 5752 suscepimus
1404 5676 1425 5734 ξ
1455 5682 1507 5734 in
1531 5676 1608 5735 Itis
1629 5683 1886 5750 quidemn
1913 5682 2055 5736 nobis

472 5749 822 5819 investigatus,
845 5749 1267 5815 deprehensus'et
1291 5759 1455 5804 tentus
1477 5760 1570 5820 est,
1592 5749 1702 5808 etc.
1724 5753 1835 5812 Sub
1855 5753 2013 5807 linem
2037 5770 2048 5804 :

2150 4131 2397 4202 numerat
2425 4152 2437 4186 :
2471 4134 2520 4185 in
2553 4147 2659 4201 quo
2686 4133 2964 4187 Nestorius
2991 4148 3114 4186 cum
3146 4131 3448 4202 Pelagianis
3471 4136 3724 4188 senserit:

2149 4211 2310 4270 negat
2359 4201 2427 4256 de
2457 4214 2678 4270 peccato
2706 4204 2952 4270 originali
3001 4201 3344 4256 consensisse
3375 4219 3392 4257 ι
3436 4203 3726 4258 obscurum

2149 4270 2249 4326 fuit
2281 4272 2543 4327 hactenus
2570 4314 2584 4337 ,
2613 4273 2754 4340 quod
2785 4270 2853 4327 de
2885 4275 3133 4327 Nestorio
3163 4271 3485 4328 Caelestinns
3514 4272 3727 4328 Cassia-

2150 4357 2356 4410 nuSqne
2401 4344 2606 4412 scripto
2653 4344 3016 4408 tradiderunt;
3081 4343 3204 4396 hinc
3258 4343 3428 4398 lucem
3471 4347 3668 4412 accipit
3713 4361 3726 4398 :

2149 4413 2388 4482 ignotum
2422 4411 2626 4478 fuerat,
2667 4414 2794 4483 quid
2826 4413 3080 4469 leestio
3118 4411 3317 4467 factum
3354 4425 3474 4483 post
3507 4411 3732 4468 damna-

2151 4485 2351 4539 tionem
2378 4525 2392 4548 ,
2443 4485 2533 4538 ubi
2565 4495 2825 4538 terrarum
2850 4495 3095 4538 versatus
3136 4486 3234 4546 sit;
3268 4485 3355 4538 ubi
3401 4496 3455 4538 et
3482 4484 3731 4540 Julianus

2148 4569 2270 4624 cum
2318 4555 2586 4624 episcopis
2626 4555 2888 4624 depositis
2942 4554 3243 4624 :iignotum
3291 4556 3487 4623 pariter
3531 4566 3730 4618 quanta

2149 4623 2292 4678 foret
2336 4623 2639 4679 Nestorium
2685 4623 2824 4680 inter
2859 4635 2914 4680 et
2957 4623 3269 4679 leestiuin
3323 4626 3667 4680 necessitudo
3717 4644 3728 4679 :

2148 4693 2388 4764 ignotum
2442 4696 2706 4766 denique,
2756 4695 3060 4766 Nestorium
3105 4695 3362 4749 adversus
3405 4695 3728 4765 Pelagianos

2151 4774 2410 4821 tractatus
2439 4765 2692 4823 habuisse
2720 4767 2772 4820 in
2809 4765 3048 4820 Ecclesia
3079 4778 3197 4829 sua,
3227 4776 3279 4820 et
3311 4766 3526 4820 eosdem
3560 4767 3734 4821 hama-

2150 4837 2288 4892 ticos
2314 4837 2395 4892 bis
2415 4838 2704 4893 damnatos
2727 4837 2794 4891 ab
2826 4837 3098 4903 Ephesina
3131 4837 3358 4905 synodo.
3387 4835 3511 4889 Haec
3552 4838 3731 4890 omnia

2151 4923 2294 4963 nunc
2319 4925 2545 4977 primum
2573 4910 2752 4964 docet.
2776 4935 2850 4948 --
2871 4907 2972 4960 llic
2994 4909 3302 4977 necessario
3323 4905 3623 4961 monendus
3649 4916 3736 4960 est

2151 4975 2330 5035 lector
2356 4980 2496 5033 hunc
2526 4980 2736 5033 titulum
2769 4995 2798 5032 a
2836 4977 2994 5031 nobis
3023 4975 3266 5030 additum
3293 4991 3414 5031 esse
3435 5015 3450 5041 ,
3483 4978 3603 5042 quia
3652 4978 3735 5029 in-

2151 5050 2372 5118 scriptio
2395 5049 2671 5118 sequentis
2695 5049 2876 5118 operis
2900 5046 3090 5102 deerat
3115 5048 3166 5101 in
3195 5048 3429 5118 antiquis
3450 5047 3732 5116 exempla-

2151 5122 2317 5175 ribus.
2350 5119 2547 5175 Bawz.

2220 5187 2247 5226 ά
2281 5191 2509 5258 ldipsum
2561 5189 2720 5258 paulo
2771 5198 2893 5258 post
2937 5190 3132 5258 repetit
3164 5189 3429 5244 Mercator
3480 5205 3491 5240 :
3539 5187 3734 5241 Contra

2149 5276 2388 5330 quorum,
2419 5260 2610 5330 inquit,
2634 5261 2876 5314 distortae
2905 5261 3212 5326 sententias,
3244 5270 3427 5330 prater
3473 5261 3731 5330 prapriam

2150 5331 2482 5396 impietatem,
2506 5347 2617 5398 qua:
2642 5331 2787 5382 illum
2807 5331 2874 5382 ad
2895 5330 3276 5383 damnationem
3299 5346 3455 5398 usque
3475 5330 3731 5399 perduxit,

2152 5402 2426 5454 rectissime
2479 5401 2724 5454 sentiebat
2770 5409 2819 5454 et
2861 5400 3090 5453 docebat.
3141 5401 3425 5454 Mercatori
3465 5398 3736 5453 Consenlit

2076 5437 2129 5497 Β
2156 5469 2517 5542 leestinus.
2575 5471 2814 5542 qnipost
2855 5470 3017 5525 verba
3063 5486 3187 5523 mox
3221 5473 3414 5542 allata,
3463 5472 3640 5542 pergit
3683 5469 3734 5522 in

2158 5541 2298 5595 hunc
2326 5545 2540 5596 modum
2589 5539 2603 5595 ἑ
2653 5541 2751 5609 Qui
2778 5551 2942 5595 tecum
2971 5541 3164 5608 faciunt
3191 5581 3206 5606 ,
3246 5542 3333 5610 qui
3361 5539 3476 5594 sunt
3513 5539 3622 5594 lucc
3651 5555 3737 5592 ne-

2157 5613 2329 5681 gando
2384 5613 2654 5667 damnati?
2698 5611 2993 5679 Numquam
3031 5612 3139 5682 sine
3179 5613 3469 5682 suspicione
3514 5627 3578 5682 ea
3627 5623 3739 5677 quae

2157 5680 2252 5735 sibi
2274 5694 2393 5736 sunt
2411 5687 2622 5738 adversa
2667 5684 2994 5738 conveniunt.
3041 5680 3374 5749 Ejirerentur
3403 5681 3617 5749 denique
3691 5698 3735 5730 si

2159 5753 2247 5806 tibi
2272 5769 2468 5818 quoque
2493 5756 2715 5809 similiter
2754 5753 3104 5813 displicerent.
