3898 6276
175 314 263 368 185

163 438 301 481 “cum
330 418 679 491 participibus
708 417 843 481 suis,
863 416 1022 485 hujus
1052 414 1637 483 haresisbsigniferum
1652 423 1707 468 et
1731 424 1785 483 Α

160 515 560 584 antesignanum,
597 520 619 549 ε
662 508 794 563 olim
820 507 1190 563 ecclesiastica
1222 505 1429 577 [Baluz.
1463 506 1590 561 olitn
1639 506 1707 563 ab

162 600 446 678 apostolica]
458 601 729 657 sententia
748 608 1147 655 exauctoratum
1162 608 1319 668 atque
1335 598 1658 668 depositum,
1676 595 1703 635 ιι

163 701 209 754 in
229 694 501 752 amicitiam
533 692 753 748 interim
776 692 985 747 censuit
1015 691 1448 761 suscipiendum,
1479 706 1629 763 spem
1656 692 1707 747 ei

165 786 491 847 absolutionis
521 787 849 857 promittens
892 804 903 839 :
940 785 1113 854 ipsum
1153 800 1366 854 quoque
1394 784 1705 839 Coelestium

163 881 332 937 litteris
354 880 465 934 suis
486 922 500 945 ,
536 892 770 949 quarum
799 877 1134 949 exemplaria
1163 876 1497 934 subdidimus
1523 921 1537 945 ,
1579 892 1707 934 con-

163 974 340 1029 solatus
367 981 464 1025 est.

221 1069 268 1122 2.
300 1064 449 1133 Quod
478 1073 661 1120 utrum
692 1065 893 1121 malitia
930 1080 997 1122 an
1034 1065 1287 1122 vecordia
1325 1066 1550 1132 fecerit,
1596 1081 1701 1121 non

880 298 1195 354 NBSTOBII
1237 296 1649 354 TBACTATUS
1686 296 1960 351 CONTRA
2002 297 2321 353 HASBESIM
2363 297 2657 356 PELAGII.

3284 300 3384 357 186

1812 412 1967 468 facile
1990 415 2137 469 nosci
2167 423 2346 484 potest
2377 434 2389 467 :
2424 424 2480 471 ut
2508 425 2695 471 contra
2722 430 2951 487 quorum
2976 416 3230 474 distortas
3258 432 3383 474 sen-

1814 506 2035 572 tentias,
2064 518 2261 574 praeter
2286 508 2557 577 propriam
2591 508 2923 580 impietatem
2943 550 2959 575 ,
2985 524 3107 580 quae
3137 508 3289 564 illum
3319 510 3385 566 ad

1807 602 2205 658 damnationem
2249 619 2418 674 usque
2462 605 2714 674 perduxit
2786 603 3088 661 rectissime
3122 604 3386 662 sentiebat

1806 703 1861 751 et
1885 694 2135 760 docebat,
2162 710 2256 750 eos
2277 706 2334 751 et
2370 695 2572 750 amicos
2604 696 2846 762 haberet,
2869 704 2921 751 et
2953 709 3050 765 spe
3076 711 3228 751 vanae
3257 711 3385 766 pro-

1809 788 2080 843 missionis
2132 787 2390 843 fovendos
2444 797 2499 843 et
2550 788 2829 844 lactaudos
2871 796 3088 859 putaret
3132 805 3144 840 :
3187 788 3386 858 quique

1810 894 1930 935 cum
1964 890 2189 950 patrono
2236 890 2534 935 memorato
2583 881 2636 935 in
2668 879 2985 951 Ephesiensi
3028 880 3260 935 concilio
3290 894 3319 933 a
3353 888 3380 917 ο

1817 973 2059 1029 ducentis
2101 973 2439 1043 septuaginta
2479 982 2533 1029 et
2561 984 2790 1043 quatuor
2834 972 3101 1045 episcopis
3130 969 3151 1011 ί
3189 972 3383 1029 iterum

1814 1065 2119 1135 iterumque
2148 1066 2386 1123 damnati
2412 1070 2556 1123 sunt.

1293 1179 1838 1237 CASTIGATIONES
1878 1180 1967 1236 ET
2004 1180 2227 1237 NOTAE.

222 1310 243 1338 ι
273 1298 547 1370 Episcopis
575 1299 825 1353 nimirum
856 1297 1241 1370 exauctoratis,
1275 1295 1538 1358 Persidio,
1570 1294 1705 1349 Mar-

164 1369 345 1434 cellino,
381 1370 560 1435 Floro,
585 1370 827 1429 Orontio,
850 1369 1039 1434 Fabio,
1066 1378 1193 1433 etc.,
1220 1382 1445 1436 quorum
1477 1370 1530 1436 lit
1555 1381 1705 1419 men-

165 1446 251 1505 tio,
280 1442 460 1510 partim
512 1443 563 1495 in
596 1441 841 1509 epistolis
862 1440 1065 1493 duabus
1095 1435 1324 1493 Nestdrii
1354 1438 1433 1510 ad_
1458 1435 1705 1510 leesti-

166 1507 307 1579 num,
339 1513 527 1581 partim
580 1507 800 1566 inpetis
841 1510 1143 1579 Ephesinis.
1185 1510 1351 1563 Porro
1397 1508 1587 1561 Florus
1616 1507 1703 1562 ille

167 1596 269 1646 est,
316 1584 378 1636 ad
426 1598 584 1649 quem
638 1582 884 1636 Julianus
930 1581 1147 1650 scripsit
1191 1588 1703 1650 postremumropus

166 1670 293 1709 suum
309 1696 321 1717 ,
341 1648 596 1707 adversus
612 1652 806 1706 librum
824 1648 1116 1706 secnndum
1143 1648 1426 1717 Augustini
1454 1649 1522 1703 de
1540 1648 1699 1717 Nupt.

166 1736 209 1779 et
232 1724 449 1793 Coucup.
494 1723 943 1793 quemadmodum
972 1723 1203 1793 primum
1238 1736 1406 1789 opus,
1430 1736 1545 1793 quo
1593 1721 1702 1788 pri-

170 1812 287 1849 roum
302 1791 574 1862 Augustini
592 1795 789 1848 librum
812 1794 879 1848 de
903 1791 1063 1863 Nu’pt.
1087 1802 1142 1847 et
1160 1792 1401 1861 Concup.
1428 1791 1705 1861 impugna-

168 1868 258 1928 bat,
282 1865 569 1919 Turbantio
599 1865 889 1919 dicaverat.

222 1935 244 1972 δ
274 1936 524 1989 Mercator
553 1953 568 1991 :
596 1937 674 1989 An
701 1937 896 2003 decepti
921 1942 1058 1997 sunt,
1086 1934 1275 2003 inquit,
1303 1934 1389 2003 qui
1412 1941 1456 1985 te
1485 1932 1579 1985 sibi
1610 1950 1703 2001 pa-

168 2016 371 2059 rurerttnt
416 2004 556 2073 (Lib.
592 2006 807 2059 Subnot.
842 2022 955 2071 cap.
983 2005 1039 2074 6)
1072 2003 1520 2076 defensoremIEt
1558 2014 1706 2057 certe

167 2079 374 2131 Julianus
394 2072 486 2129 lib.
515 2093 530 2130 t
568 2076 632 2130 ad
657 2072 1029 2139 Turbantium,
1056 2091 1114 2129 se
1137 2072 1255 2130 cum
1288 2072 1487 2127 Davide
1516 2084 1707 2127 contu-

166 2117 217 2201 lit
244 2193 255 2211 ,
306 2163 394 2213 pro
441 2117 632 2201 causa“
652 2146 747 2201 Dei
770 2117 1055 2215 "pugnant’e
1104 2117 1538 2214 :vAugustinum
1582 2159 1702 2198 cum
1736 2117 1783 2177 B

167 2219 371 2281 Coliath,
397 2218 657 2287 gigantes:
690 2216 1039 2271 immanitatis
1069 2224 1337 2282 portento.
1367 2216 1566 2270 Locum
1599 2218 1707 2268 Au-

165 2290 329 2356 gustini
355 2291 403 2341 in
434 2290 574 2343 notis
596 2288 661 2341 ad
691 2288 919 2342 Subnot.
947 2289 1245 2341 attulimus.

228 2370 245 2396 ε
267 2360 496 2414 Julianus
528 2374 650 2414 cum
694 2359 813 2412 aliis
843 2359 1125 2413 damnatus
1157 2358 1330 2411 fuerat
1375 2368 1497 2410 ante
1535 2371 1705 2411 annos

168 2430 259 2484 fere
282 2430 575 2495 duodecim,
607 2438 887 2498 propterea
912 2430 1052 2496 quod
1085 2437 1355 2482 conventus
1379 2429 1701 2498 detrectaret,

165 2518 258 2552 cum
304 2502 531 2553 universa
584 2497 818 2553 Ecclesia
864 2516 951 2565 per
998 2510 1157 2553 totum
1204 2498 1405 2567 orbem,
1437 2497 1705 2569 Pelagium

165 2570 516 2641 Calestiumque
568 2573 829 2624 damnare.
863 2569 1034 2624 Verba
1076 2578 1202 2624 sunt
1250 2569 1577 2622 Mercatoris.
1637 2570 1706 2623 At

164 2642 483 2709 depositioais
525 2642 789 2696 sententia
822 2641 1068 2694 mandata
1110 2643 1279 2694 fuerat
1309 2641 1640 2693 exsecutioni
1677 2656 1704 2693 a

162 2711 449 2776 Ctelestino,
478 2723 600 2766 ante
628 2726 800 2765 annos
831 2711 941 2766 fere
972 2712 1207 2782 quinque
1238 2718 1330 2763 aut
1359 2725 1475 2775 sex,
1509 2725 1704 2777 nempe

164 2795 269 2850 post
295 2784 516 2837 edictum
542 2783 894 2837 Valentiniani
927 2799 1002 2836 ιιι.
1031 2783 1161 2836 Vide
1186 2798 1303 2851 qum
1329 2782 1466 2834 dicta
1500 2792 1621 2834 sunt
1651 2782 1703 2835 in

162 2856 290 2907 notis
314 2854 376 2907 ad
408 2870 519 2923 cap.
550 2856 581 2907 ’5
634 2852 1045 2907 Commonitorii
1071 2854 1137 2907 de
1168 2853 1534 2923 imperialibus
1562 2852 1705 2904 edic-

163 2926 243 2987 tis,
265 2934 313 2978 et
336 2922 509 2978 eorum
540 2936 795 2993 tempore.
827 2924 956 2977 Vide
980 2925 1128 2984 item,
1153 2940 1271 2992 quae
1296 2922 1411 2975 fuse
1430 2923 1703 2993 pr0secuti

162 3008 324 3047 sumus
350 2996 398 3048 in
422 2996 630 3049 dissert.
650 2992 730 3049 de
758 2996 1066 3049 auctoribus
1095 3005 1147 3049 et
1178 2993 1557 3048 defensoribus
1586 2992 1699 3047 lue-

162 3066 279 3119 resis
304 3066 608 3134 Pelagianre.

218 3134 242 3171 ἀ
272 3136 395 3189 Hinc
425 3138 510 3190 illa
542 3134 819 3192 leestini
845 3136 1093 3191 Nestorio
1124 3136 1476 3191 rescribentis
1506 3151 1701 3202 expro-

163 3208 346 3272 bratio,
392 3224 549 3275 quam
607 3209 765 3275 paulo
818 3219 971 3260 antea
1014 3208 1317 3261 retulimus.
1369 3208 1499 3259 Hinc
1540 3208 1699 3260 verba

164 3275 372 3330 Cassiani
415 3277 551 3347 (Lib.
605 3277 711 3331 ide
743 3276 983 3345 Incarn.)
1031 3295 1045 3333 :
1098 3277 1553 3331 lntercessionibus
1597 3279 1703 3331 suis

169 3347 605 3417 Pelagianistarum
634 3348 867 3417 querelas
895 3350 1057 3418 foret,
1088 3358 1136 3401 et
1164 3350 1364 3415 scriptis
1396 3351 1499 3400 suis
1524 3365 1701 3402 causas

164 3418 339 3470 illorum
361 3421 563 3479 asserit,
586 3421 723 3488 quod
745 3419 995 3472 subtiliter
1018 3418 1097 3471 Itis
1119 3419 1215 3482 vel,
1242 3431 1293 3471 ut
1316 3421 1481 3471 verius
1507 3420 1696 3480 dicam,

162 3489 340 3563 subdole
367 3492 746 3563 patrocinatur;
777 3499 827 3563 e_t
853 3492 1243 3558 consanguinea:
1389 3491 1701 3563 improbitati
1731 3501 1775 3563 ρ

164 3559 357 3628 improbo
387 3560 710 3631 sti/fragatur
748 3559 937 3625 affectu
986 3577 1003 3612 :
1048 3562 1210 3613 sciens
1242 3561 1433 3631 scilicet
1476 3562 1703 3631 ejusdem

164 3645 205 3680 se
226 3646 318 3682 esse
340 3646 536 3691 sensus,
566 3630 1057 3701 ejusdcmspiritus;
1089 3641 1131 3683 et
1154 3632 1263 3684 ideo
1286 3630 1705 3701 dolens,reogna-

165 3708 245 3770 tam
285 3701 372 3751 sibi
414 3702 645 3753 Itatresim
692 3701 754 3752 ab
790 3700 1018 3753 Ecclesia
1051 3718 1154 3753 esse
1198 3702 1546 3770 disjunclam,
1584 3700 1701 3754 ietc.

165 3769 576 3824 IntercessiOnum
625 3772 844 3825 nomine
901 3772 1166 3839 significat
1214 3769 1421 3824 litteras
1471 3772 1703 3825 Nestorii

164 3854 241 3906 pro
287 3840 607 3909 Pelagianis,
655 3856 884 3909 quorum
926 3844 1377 3907 consanguineam
1426 3842 1561 3895 dixit
1609 3858 1703 3895 seu

162 3921 405 3979 cognatam
442 3912 775 3966 [Vestorianm
804 3913 1083 3977 haeresim;
1117 3928 1219 3965 non
1260 3928 1364 3981 qua
1398 3913 1703 3967 (Imlestiani

164 3991 384 4046 negarent
408 3994 684 4051 peccatum
717 3983 995 4049 originale.
1025 3983 1090 4035 de
1122 3998 1226 4047 quo
1258 3984 1394 4036 forte
1422 3984 1558 4037 bene
1583 3999 1705 4037 sen-

164 4052 300 4104 tiebat
338 4053 647 4115 Nestorius;
696 4053 788 4105 sed
817 4068 917 4117 qua
952 4052 1318 4120 Pelagianism
1358 4055 1699 4118 asserebant,

164 4123 352 4187 gentiam
384 4123 500 4176 dari
533 4138 630 4191 pro
666 4123 891 4186 meritis,
926 4132 983 4176 ut
1010 4134 1240 4188 coiistat,
1270 4132 1377 4175 tum
1407 4140 1473 4177 ex
1503 4139 1706 4191 praece-

165 4192 383 4247 dentibus
414 4196 653 4246 Cassiani
692 4194 903 4257 verbis,
952 4205 1061 4247 tuin
1102 4209 1167 4248 ex
1198 4194 1312 4246 istis
1340 4196 1474 4259 apud
1503 4194 1704 4249 Merca-

165 4271 325 4324 toretn,
345 4274 530 4330 prieter
557 4266 815 4335 propriam
840 4265 1166 4334 impietatem,
1194 4274 1322 4324 etc.,
1348 4274 1454 4317 tum
1477 4266 1706 4335 denique

163 4346 215 4402 ex
249 4336 515 4400 epitaphio
556 4334 887 4387 Nesmrianae
935 4336 1153 4388 haeresis
1185 4335 1322 4398 apud
1360 4334 1703 4402 l‘rosperu’m.

164 4401 250 4455 Hac
276 4408 337 4458 de
362 4406 665 4472 qumstione
691 4405 899 4471 prolixe
934 4405 1125 4458 dicturi
1159 4419 1343 4459 sumus
1376 4407 1427 4457 in
1474 4401 1707 4459 secunda

166 4484 286 4539 parte
311 4490 533 4540 operum
566 4474 893 4528 Mercatoris.

218 4544 443 4614 eNuper
504 4546 556 4598 in
618 4545 769 4598 Notis
841 4545 907 4597 ad
966 4546 1301 4599 Vincentium
1370 4546 1706 4600 Lirinensent

163 4628 257 4681 pag.
286 4614 376 4670 451
407 4616 754 4668 observatum
775 4625 857 4669 est
884 4617 1055 4669 varias
1075 4631 1194 4669 esse
1224 4626 1465 4670 veterum
1500 4618 1700 4683 opinio-

162 4699 236 4737 nes
260 4686 317 4739 de
346 4700 574 4739 numero
604 4688 975 4754 episcoporum
1009 4688 1099 4755 qui
1123 4688 1288 4755 priori
1309 4688 1516 4755 synodo
1534 4688 1709 4751 Ephe-

160 4756 266 4808 sinit!
292 4756 547 4810 adversus
588 4757 891 4809 Nestorium
922 4757 1116 4810 habit-.9.
1139 4756 1517 4821 interfuerunt,
1564 4760 1708 4813 illam

160 4837 306 4878 autem
335 4828 503 4879 videri
555 4830 823 4880 veriorem
872 4842 989 4895 qua:
1044 4828 1305 4882 ducentos
1352 4839 1441 4881 attt
1496 4830 1711 4884 circiter

161 4896 295 4950 fnis~e
317 4899 492 4951 docet.
527 4895 728 4949 Contra
758 4896 957 4951 Marius
985 4898 1250 4952 Mercator
1278 4908 1331 4953 et
1354 4898 1514 4952 isthic
1545 4907 1599 4952 et
1629 4901 1711 4952 in-

161 4966 223 5017 fra
250 4983 355 5035 pag.
389 4970 496 5021 152
526 4982 712 5021 eorum
737 4984 1015 5021 numerum
1048 4969 1253 5035 profert
1282 4969 1450 5021 multo
1477 4970 1706 5035 longius,

159 5040 406 5103 episcopos
474 5038 627 5092 istius
676 5038 868 5107 synodi
924 5040 1167 5093 scribens
1224 5039 1391 5093 fuisse
1448 5040 1712 5093 ducentos

158 5113 467 5177 septuaginta
503 5119 737 5176 quatuor
775 5116 869 5179 aut
898 5109 1154 5179 quinque.
1199 5111 1343 5165 lianc
1386 5112 1707 5163 sententiam

159 5188 201 5228 nt
222 5194 386 5232 veram
414 5181 696 5245 amplexus
721 5186 805 5232 est
827 5177 1119 5233 Gai-uerius
1148 5199 1159 5231 :
1195 5190 1249 5234 et
1273 5192 1329 5232 ut
1361 5196 1479 5235 eam
1508 5182 1709 5235 contir-

157 5262 272 5311 met,
310 5250 481 5303 utitur
509 5249 744 5303 lectione
770 5252 967 5303 veteris
1005 5251 1208 5304 codicis
1253 5251 1423 5305 (ἐιωοί
1468 5254 1631 5305 relata
1676 5267 1706 5307 a

157 5318 339 5399 [.a‘bbeo
380 5321 432 5372 in
461 5319 830 5399 -t0ino_tertio
859 5320 1223 5399 Conciliorttm
1258 5338 1380 5399 pag.
1407 5322 1510 5399 575
1530 5363 1545 5386 ,
1574 5325 1705 5399 ὑπὲρ

152 5392 249 5464 τοὺς
270 5391 585 5464 διακοσίους,
619 5394 743 5464 aias!
771 5396 1089 5464 τριακοσίους
1118 5394 1254 5450 ἥττω
1274 5392 1304 5451 ἦ
1327 5394 1483 5447 πλείω
1511 5412 1521 5444 :
1549 5391 1706 5461 queri!

153 5461 303 5516 locum
331 5463 407 5515 sic
438 5464 595 5535 vertit
623 5462 763 5535 idem
798 5461 1099 5517 Garuerius
1127 5480 1137 5515 :
1178 5464 1366 5535 Sumus
1397 5466 1479 5515 hic
1503 5480 1714 5535 congre-

151 5536 239 5599 gati
272 5534 494 5600 episcopi
532 5533 669 5584 ultra
696 5532 957 5593 ducentos.
997 5536 1100 5599 fere
1140 5532 1254 5602 plus
1283 5534 1453 5586 minus
1484 5532 1711 5588 trecenti.

153 5604 384 5670 Sumptus
411 5613 492 5657 est
521 5614 701 5658 autem
724 5618 787 5657 ex
814 5605 1039 5672 epistola
1064 5604 1253 5674 Cyrilli
1278 5605 1625 5659 Alexandrini
1649 5608 1713 5659 ad

152 5677 330 5726 clerum
360 5674 723 5744 pupulumque
756 5676 1178 5730 Alexandrinum
1200 5718 1213 5735 .
1248 5678 1298 5728 in
1325 5691 1427 5744 qua
1459 5678 1535 5730 sic
1558 5693 1719 5745 repo-

150 5756 353 5797 suerunt
386 5746 623 5818 editores
660 5745 886 5800 Romani
920 5764 932 5798 :
961 5745 1084 5818 ἦμεν
1115 5746 1167 5802 δὲ
1197 5748 1240 5800 οἱ
1268 5747 1577 5809 συνελθόντες
1604 5751 1719 5802 imi-

154 5836 316 5869 σκοποί
346 5820 471 5870 ὡσεί
488 5814 731 5871 διακόσιοι
752 5818 938 5878 ἥττους
961 5814 1231 5879 ﬁnitimae,
1264 5820 1313 5871 itl
1338 5826 1449 5869 cst:
1478 5818 1722 5887 Episwpi

1740 4867 1791 4926 D

1808 1306 1977 1349 autem
2019 1298 2105 1366 qui
2138 1296 2494 1359 convenimus,
2538 1294 2739 1349 ducenti
2770 1296 2970 1351 circiter
2998 1312 3230 1362 eramus,
3267 1296 3387 1367 plus

1809 1369 1998 1421 minus.
2031 1368 2166 1435 Quia
2197 1382 2327 1421 vero
2348 1367 2688 1421 dissimulare
2720 1382 2893 1436 neque
2926 1376 3169 1435 poterant
3210 1382 3386 1437 neque

1810 1439 2061 1491 volebant
2094 1440 2193 1491 viri
2227 1438 2517 1492 doctissimi
2550 1437 2751 1491 editum
2794 1454 2823 1491 a
2852 1438 3188 1493 Commelino
3216 1438 3383 1495 fuisse

1808 1509 1938 1586 ὑπὲρ
1954 1512 2082 1586 ’τοὺς
2111 1508 2417 1573 διακοσίους,
2448 1507 2663 1586 omissis
2680 1508 2900 1586 vocibus
2920 1511 3102 1586 ἤτιςους
3115 1508 3145 1569 ἢ
3164 1509 3385 1586 πλείους,

1808 1579 1926 1633 cani
1954 1581 2236 1635 lectionem
2272 1586 2568 1647 posuerunt
2594 1579 2646 1632 in
2675 1580 2947 1648 margine,
2988 1580 3184 1641 bonam
3222 1580 3384 1634 fidem

1806 1665 1955 1704 suam
2000 1653 2049 1704 in
2091 1653 2190 1705 hoc
2230 1653 2429 1705 testati.
2471 1650 2798 1703 Destinatum
2833 1665 2995 1719 porro
3031 1650 3128 1703 fuit
3166 1649 3387 1705 Labbeo

1807 1724 2041 1776 retinere
2068 1722 2244 1775 varias
2279 1722 2538 1775 lectiones
2560 1720 2880 1791 marginales
2906 1720 3245 1789 superiorum
3274 1721 3387 1775 edi-

1810 1792 2045 1856 tionum;
2073 1807 2139 1847 ex
2169 1807 2345 1861 eoque
2374 1792 2568 1846 factum
2593 1800 2674 1846 est
2705 1792 2912 1846 incuria
2936 1791 3387 1863 typographorum

1807 1874 1865 1917 ut
1896 1864 2054 1917 lectio
2085 1859 2395 1933 marginalis
2435 1864 2797 1917 Romanorum
2823 1904 2837 1924 .
2867 1859 3100 1931 quaeest
3137 1859 3387 1917 Comme-

1809 1933 1927 1997 lini,
1956 1934 2242 2000 conjuncta
2271 1935 2343 1988 sit
2368 1949 2487 1987 cum
2519 1948 2581 1988 ea
2611 1949 2768 2001 quam
2798 1933 3041 1988 Labbeus
3068 1934 3288 2001 protulit
3318 1948 3383 1987 ex

1809 2006 1996 2059 codice
2024 2004 2195 2059 veteri
2234 2005 2580 2059 bibliotheca:
2619 2004 3014 2073 Seguieriante:
3057 2005 3237 2073 sicque
3282 2004 3389 2058 for-

1811 2084 2010 2129 matum
2044 2085 2126 2128 est
2156 2076 2286 2129 illud
2320 2086 2621 2129 monstrum
2652 2075 2916 2129 lcetionis.
2957 2074 3095 2128 Hinc
3128 2089 3257 2143 ergo
3296 2073 3389 2130 de-

1809 2155 1999 2215 ceptus
2019 2145 2334 2211 Garnerios,
2357 2156 2464 2199 tum
2494 2147 2543 2199 in
2576 2155 2835 2199 remotam
2858 2162 2883 2196 a
2901 2145 3104 2213 vulgari
3128 2144 3387 2213 opinione

1810 2219 2135 2271 sententiam
2182 2217 2441 2271 adductus
2491 2218 2812 2270 auctoritate
2852 2215 3182 2280 Mercatoris,
3235 2216 3386 2269 insu-

1809 2288 2109 2356 perhabitis
2134 2302 2197 2341 ac
2220 2287 2579 2342 dissimulatis
2604 2288 2929 2341 testimoniis
2961 2286 3145 2356 Cyrilli
3178 2296 3232 2341 et
3256 2285 3389 2353 Epi-

1808 2373 2095 2427 scoporum
2126 2358 2318 2428 synodi
2350 2358 2661 2427 Ephesium,
2698 2360 2907 2426 quibus,
2942 2366 2998 2410 ut
3026 2357 3100 2410 ait
3131 2356 3390 2412 Baronitts

1809 2429 1875 2484 de
1906 2432 2005 2483 hac
2036 2430 2147 2499 ipsa
2180 2444 2239 2484 re
2274 2444 2465 2498 agens,
2506 2430 2669 2500 magis
2699 2429 2938 2482 standum
2967 2444 3072 2481 esse
3113 2443 3259 2481 neruo
3288 2444 3388 2500 non

1809 2500 2025 2563 dixerit,
2083 2501 2407 2555 testimoniis
2467 2499 2683 2569 inquam
2746 2500 3121 2565 episcoporum
3194 2499 3387 2568 synodi

1808 2570 2132 2639 Ephesium,
2178 2586 2297 2639 qua:
2336 2571 2621 2625 manifeste
2661 2570 2855 2623 docent
2893 2570 3176 2639 episcopos
3212 2569 3304 2637 qui
3342 2570 3389 2623 ei

1809 2641 2168 2695 interfuerunt
2190 2656 2294 2694 non
2320 2640 2483 2694 fuisse
2514 2641 2655 2693 ultra
2685 2641 2944 2693 ducentos
2972 2639 3391 2703 octodecim,ino

1808 2712 2169 2780 superhabitis
2211 2726 2273 2765 ac
2333 2711 2712 2776 dissimulatis,
2766 2709 3047 2764 contendit
3102 2710 3388 2780 episcOpos

1807 2779 2049 2849 ejusdem
2082 2782 2277 2853 synodi
2319 2781 2484 2836 fuisse
2526 2781 2639 2853 fere
2683 2789 3189 2853 trecentosﬂcontra
3226 2779 3385 2853 fidem

1808 2853 2049 2907 omnium
2082 2850 2425 2907 saeculorum.
2473 2854 2598 2908 Scio
2629 2852 2911 2905 lectionem
2948 2851 3093 2904 illam
3128 2853 3211 2903 cui
3251 2850 3391 2904 inni-

1808 2924 1935 2977 titur
1962 2923 2256 2977 Garnerius
2298 2924 2525 2985 reperiri
2565 2939 2627 2977 ex
2662 2932 2816 2992 parte
2848 2923 2898 2975 in
2937 2921 3147 2975 duobus
3184 2921 3390 2975 codici-

1807 2994 1908 3047 bus
1940 2994 2143 3067 Crzrcis
2185 2994 2522 3047 bibliothecae
2562 2996 2751 3067 regite,
2774 2993 2856 3067 Δἱιι
2900 2992 3094 3067 quibus
3126 3007 3222 3060 pro
3260 2994 3392 3067 ὑπὲρ

1806 3070 1926 3126 τοὺς
1950 3064 2257 3129 διακοσίους,
2284 3080 2407 3133 quas
2442 3074 2524 3118 est
2565 3064 2730 3119 editio
2764 3061 3106 3123 Commelini,
3139 3074 3232 3117 aut
3271 3061 3394 3119 ὠσὲὶ

1804 3136 2050 3193 διακόσιοι
2071 3139 2252 3197 ἥττους
2278 3132 2316 3196 ἦέ
2340 3138 2553 3197 πλείους,
2577 3151 2683 3204 quo
2705 3136 2863 3189 modo
2890 3134 3105 3187 edidere
3127 3132 3389 3199 Romani,

1805 3213 2069 3277 scriptum
2109 3219 2193 3263 est
2226 3212 2346 3263 ὡσιί
2387 3208 2638 3263 διακόσιοι
2673 3209 2856 3266 ἥττους
2890 3205 2920 3264 ἦ
2956 3206 3177 3277 πλιὶουςτ
3212 3204 3393 3277 Nihilo

1808 3275 1985 3333 tamen
2026 3279 2199 3331 minus
2224 3280 2460 3333 arbitror
2498 3280 2640 3331 illam
2680 3277 2967 3331 lcetionem
3000 3290 3119 3330 esse
3158 3275 3345 3328 falsam
3372 3318 3385 3340 ,

1804 3352 1931 3417 quia
1958 3362 2223 3417 repugnat
2252 3350 2397 3403 omni
2428 3358 2573 3402 retro
2622 3347 2963 3416 antiquitati,
2997 3355 3051 3398 tit
3094 3345 3391 3417 Carnerius

1806 3414 1919 3486 ipse
1967 3414 2192 3482 fatetur,
2246 3430 2301 3474 et
2344 3421 2467 3489 quia
2526 3414 2850 3489 adversa—tur
2901 3414 3391 3489 etiatnncodicibus

1808 3490 2012 3545 Graecis
2039 3491 2231 3558 quibus
2252 3491 2333 3544 usi
2362 3486 2497 3544 sunt
2524 3488 2892 3544 Commelinus
2926 3496 2982 3543 et
3008 3487 3245 3541 editores
3283 3486 3392 3558 Ro-

1811 3563 1976 3615 mani.
2017 3557 2234 3613 Inducta
2262 3570 2441 3615 autem
2483 3569 2567 3615 est
2613 3561 2681 3613 ab
2725 3559 2791 3613 iis
2817 3558 2907 3628 qui
2948 3573 3009 3613 ea
3062 3557 3392 3626 exemplaria

1809 3632 2031 3686 concilii
2070 3632 2328 3701 Ephesini
2369 3632 2650 3694 viderant,
2692 3631 2748 3701 in
2780 3630 2974 3699 quibus
3014 3629 3391 3701 episcoporum

1809 3717 2068 3757 numerus
2095 3697 2417 3758 excreverat
2443 3717 2613 3769 usque
2640 3700 2705 3754 ad
2726 3697 3000 3755 trecentos
3029 3697 3122 3753 aut
3148 3697 3391 3763 circiter,

1810 3773 1876 3826 iis
1905 3776 2155 3828 nimirum
2175 3775 2371 3827 similia
2399 3789 2520 3843 qua:
2552 3773 2603 3825 in
2625 3787 2813 3825 manus
2838 3771 3148 3843 Mercatoris
3175 3784 3391 3843 venere.

1809 3843 2055 3898 Ridicula
2089 3861 2254 3913 porro
2281 3857 2363 3898 est
2395 3840 2559 3898 lectio
2589 3842 2907 3912 marginalis
2932 3856 3089 3911 quam
3114 3841 3165 3895 in
3197 3840 3391 3895 editio-

1809 3931 1929 3969 neni
1960 3916 2300 3969 Labbeanam
2333 3916 2511 3969 intulit
2532 3914 2733 3968 incuria
2764 3914 3224 3983 typographorum
3256 3926 3393 3965 con-

1804 3985 2145 4055 jungentium
2181 3988 2469 4040 lectionem
2504 3985 2986 4055 Commelinianam
3028 3998 3147 4055 cum
3189 3996 3325 4036 nova
3362 3996 3390 4055 a_

1808 4052 2030 4111 Labbeo
2066 4058 2298 4124 prolata.
2328 4057 2464 4122 Quid
2496 4055 2638 4109 enim
2672 4055 2841 4121 magis
2868 4053 3150 4106 ridiculum
3184 4052 3395 4106 censeri

1808 4136 1988 4196 potest
2015 4143 2181 4196 quam
2208 4128 2464 4180 inducere
2480 4126 2741 4196 Cyrillum
2760 4124 3086 4196 scribentem
3111 4124 3396 4196 episcopos

1810 4192 1864 4251 in
1908 4199 2007 4251 hac
2034 4192 2255 4266 synodo
2293 4198 2458 4249 fuisse
2508 4192 2665 4263 supra
2706 4194 2997 4266 ducentos,
3030 4192 3083 4245 id
3124 4204 3205 4266 ρει
3230 4235 3244 4257 ,
3283 4192 3396 4246 fere

1811 4261 2091 4323 trecentos
2113 4269 2229 4335 plus
2264 4268 2477 4319 minus?
2510 4261 2638 4317 Nam
2669 4263 2760 4331 qui
2782 4264 2912 4317 dicit
2936 4278 3096 4331 supra
3110 4261 3393 4335 ducentos,

1810 4339 1941 4394 dicit
1968 4332 2188 4391 omnino
2228 4339 2339 4392 fere
2365 4337 2648 4399 ducentos,
2680 4337 2749 4388 ita
2778 4344 2833 4387 ut
2873 4349 3131 4389 numerus
3162 4332 3251 4386 ille
3287 4348 3395 4387 non

1809 4414 1982 4477 possit
2004 4409 2229 4462 multum
2257 4406 2871 4477 supergredinumerum
2894 4404 3293 4477 ducentorum;
3325 4404 3399 4458 si-

1810 4474 1903 4536 cut
1931 4481 2136 4534 Plinius
2163 4480 2261 4533 lib.
2304 4474 2443 4543 ιινί
2465 4493 2584 4546 cap.
2626 4475 2678 4542 4,
2714 4476 2901 4530 dicens
2930 4476 3051 4529 vina
3098 4489 3228 4546 quae,
3258 4474 3398 4529 facta

1812 4554 2025 4605 fuerant
2067 4550 2128 4604 L.
2165 4551 2377 4619 Opimio
2408 4545 2638 4603 Consule
2672 4547 2834 4619 natali
2868 4546 3029 4619 Urbis
3068 4546 3171 4600 63s
3204 4545 3399 4619 durare

1812 4625 1987 4676 adhuc
2017 4615 2264 4676 ducentis
2292 4621 2404 4674 fere
2447 4619 2604 4673 annis
2627 4662 2639 4686 ,
2685 4617 3059 4671 noluitdicere
3100 4631 3163 4670 ea
3200 4615 3399 4670 durare

1814 4695 2068 4748 trecentis
2098 4692 2211 4745 fere
2232 4707 2353 4745 cum
2384 4690 2450 4743 ab
2486 4703 2628 4742 anno
2651 4689 2753 4743 654
2779 4688 3010 4741 condita:
3035 4686 3182 4741 urbis
3214 4688 3400 4740 Romae

1816 4781 1984 4833 usque
2011 4763 2076 4816 ad
2105 4772 2333 4815 mortem
2364 4761 2703 4828 Vespasiani,
2736 4760 2841 4833 sub
2864 4774 2971 4833 quo
2999 4756 3268 4833 scribebat
3289 4757 3398 4809 Pli-

1820 4828 1961 4897 nitis,
2010 4834 2345 4887 intercedant
2390 4843 2591 4884 tantum
2630 4829 2754 4882 anni
2786 4829 2886 4882 199
2922 4838 2978 4881 ιιι
3018 4828 3185 4883 cuivis
3214 4836 3400 4879 notum

1817 4915 1922 4959 est.
1962 4905 2163 4958 Eodem
2196 4903 2357 4957 modo
2385 4903 2473 4968 qui
2501 4901 2629 4954 dicit
2660 4901 2767 4968 fere
2810 4900 3020 4952 trecenti
3066 4898 3181 4967 plus
3208 4897 3399 4959 minus,

1816 4976 1973 5043 longe
2023 4984 2139 5039 post
2190 4988 2247 5027 se
2300 4973 2557 5041 relinquit
2589 4985 2897 5043 numerum
2948 4968 3398 5043 ducentesimum,

1814 5035 1976 5114 quevm
2010 5035 2217 5114 certum
2250 5054 2333 5097 est
2362 5035 2748 5114 comprehendi
2780 5041 2831 5093 in
2865 5038 3265 5114 trecentesimo.
3297 5035 3404 5114 Ita:

1814 5106 1917 5183 que
1965 5124 2020 5168 ut
2050 5115 2114 5168 ad
2150 5113 2199 5167 id
2246 5106 2583 5167 revertamur
2630 5110 2770 5183 unde
2817 5108 3126 5183 necessario
3171 5106 3405 5183 digressi

1813 5178 1998 5240 sumus
2027 5188 2092 5238 ad
2138 5183 2516 5253 inquirendam
2550 5182 2869 5245 veritatem,
2899 5179 3186 5253 episcopos
3212 5178 3406 5253 synodi

1812 5257 2096 5327 Ephesium
2137 5249 2303 5311 fuisse
2349 5254 2613 5310 ducentos
2656 5258 2861 5306 tantum
2890 5260 2980 5303 aut
3024 5249 3242 5375 circittlsr
3284 5249 3407 5304 hinc

3152 5334 3186 5375 ο
3211 5336 3315 5375 tam

3152 5334 3315 5376 etiam

1894 5465 1911 5502 ί
1948 5465 2256 5521 Coslestiani
2290 5479 2396 5518 non
2446 5461 2613 5517 semel
2654 5460 2894 5515 damnati
2925 5468 3049 5515 sunt
3082 5460 3136 5514 in
3177 5460 3409 5514 concilio

1821 5537 2138 5604 Ephesiensi
2184 5553 2197 5589 :
2232 5550 2355 5589 nam
2396 5541 2597 5604 praeter
2641 5531 2925 5604 epistolam
2970 5529 3285 5604 synodicam
3326 5532 3409 5604 ad

1820 5602 2167 5662 Caelestinum
2190 5648 2205 5671 ,
2236 5609 2288 5659 in
2337 5602 2442 5672 qua
2473 5604 2781 5658 continetur
2812 5603 3049 5672 ipsorum
3098 5602 3407 5664 damnatio.

1824 5680 1963 5733 lecta
1994 5688 2120 5731 sunt
2142 5679 2190 5729 in
2216 5684 2355 5729 cretii
2380 5676 2622 5741 Patrum,
2645 5684 2700 5731 et
2721 5674 3009 5743 approbata
3036 5673 3094 5729 S.
3125 5672 3409 5729 Ctelestini

1825 5758 1983 5814 acta,
2034 5757 2194 5815 atque
2238 5747 2497 5802 adversus
2538 5761 2908 5818 quoscumque
2955 5745 3286 5802 Nestorianis
3335 5743 3405 5799 fa.

1827 5830 2035 5882 ventes,
2064 5818 2192 5872 editi
2225 5831 2483 5875 canones.
