3948 6274
529 312 625 372 ιιιι
661 313 666 319 ’

999 315 1189 372 VARI!
1231 317 1671 376 MERCATORIS
1710 320 2076 378 TRANSLAT

2190 322 2280 379 iES
2323 323 2676 380 VARIOBUM
2717 323 3251 383 ορυεουιοιιυιι.

3691 326 3803 386 191

593 432 652 489 2.
692 433 834 488 Ante
856 431 1000 488 hunc
1021 431 1074 488 in
1099 446 1335 489 mmrore
1360 442 1414 489 et
1428 433 1627 504 gemitu
1659 433 1964 490 universum
1990 444 2108 491 erat
2133 439 2186 498 Α
2280 434 2332 490 5.
2375 436 2481 492 Sed
2504 435 2632 491 illud
2658 439 2874 508 quidem
2896 439 3038 510 quod
3059 439 3263 497 dictum
3295 451 3401 512 est,
3429 446 3599 515 paries
3625 445 3794 516 plios,

529 524 878 580 constitutum
928 537 1099 594 genus
1148 522 1459 590 humanum,
1500 523 1600 580 sub
1641 526 1919 582 sententia:
1963 527 2105 583 illius

528 618 794 674 clamante
820 626 1007 674 contra
1037 616 1297 685 originem
1328 617 1612 672 maledicto
1643 635 1658 673 :
1693 627 1719 656 ι
1751 619 2105 691 Muttiplicans

528 710 884 780 multiplicabo
913 711 1144 766 tristitias
1170 720 1286 765 tuas
1312 720 1362 764 et
1389 712 1603 782 gemitus
1634 720 1745 767 tuos
1775 713 1984 782 (Genes.
2017 729 2098 784 ιιι,

529 802 642 872 16).
661 803 889 874 Propter
916 803 1016 858 huc
1043 801 1305 859 Dominici
1327 802 1680 867 adventus,et
1711 812 1978 859 tantorum
2006 805 2104 861 bo-

525 906 739 962 norum,
763 895 855 949 ille
881 895 1082 963 primus
1109 902 1210 960 est,
1225 893 1511 963 gaudiique
1534 894 1750 949 nuntius
1783 913 1796 948 :
1828 898 1951 963 Ave,
1980 913 2103 969 gra-

526 987 599 1040 tia
625 988 776 1058 plena
809 989 950 1058 (quae
981 1001 1080 1041 vox
1108 985 1174 1040 ad
1200 985 1472 1056 Virginem
1502 986 1640 1042 facta
1669 988 1771 1057 est)
1803 1006 1815 1040 :
1847 987 2102 1046 Dominus

524 1088 686 1132 tecum
711 1077 860 1149 (Luc.
885 1093 923 1145 ι,
945 1078 1058 1146 28),
1091 1088 1360 1146 propterea
1384 1080 1520 1142 quod
1545 1094 1609 1132 ex
1634 1089 1680 1132 te
1703 1086 1936 1133 sanctum
1959 1096 2102 1134 voca-

523 1169 656 1223 bitur
677 1167 846 1222 Filius
871 1167 967 1222 Dei
990 1165 1182 1239 (Ibid.,
1225 1167 1339 1238 '55).
1389 1167 1600 1232 Tecum,
1632 1168 1823 1237 inquit,
1852 1180 1906 1225 et
1933 1186 1998 1226 ex
2019 1179 2100 1236 te;

521 1273 682 1318 tecum
712 1262 962 1318 videlicet
989 1261 1285 1317 divinitatis
1315 1260 1525 1334 [Baluz.
1567 1261 1804 1334 deitatis]
1833 1263 2096 1332 adventu;

519 1363 650 1408 exte
667 1363 869 1421 autem,
899 1369 995 1425 per
1022 1354 1251 1410 formam
1281 1365 1584 1425 susceptam
1635 1354 1978 1414 humanitatis
2029 1374 2097 1414 ex

591 1535 642 1591 5.
675 1536 901 1605 Quando
927 1539 1088 1609 igitur
1117 1538 1396 1604 infantem,
1421 1553 1454 1594 o
1481 1539 1718 1609 gentilis,
1752 1541 1806 1596 in
1829 1542 2094 1612 praesepio

521 1630 754 1700 positum
799 1630 1036 1685 audieris
1081 1639 1135 1684 et
1178 1630 1377 1700 pannis
1400 1630 1718 1700 involutum,
1753 1631 1864 1686 noli
1895 1632 1946 1686 iu
1976 1647 2094 1688 car-

2208 529 2548 586 l‘ecunditatis
2602 541 2723 587 erat
2772 532 3098 590 benedictio.
3135 546 3157 576 ο
3189 534 3409 592 Crescite
3435 547 3485 593 et
3529 541 3794 613 πιαιιὶρῆ-

2207 622 2416 690 camini,
2431 630 2480 677 et
2503 624 2691 695 replete
2718 633 2904 680 terram
2934 625 3141 697 (Cenes.
3174 629 3324 699 1,28)
3347 645 3362 694 ;
3385 631 3616 700 genitrix
3639 635 3791 689 enim

2206 720 2291 768 est
2313 714 2630 770 incrementi
2652 717 3007 786 providentia.
3028 717 3094 773 In
3115 720 3411 775 meroribus
3431 730 3598 776 autem
3611 727 3788 792 paries

2196 805 2376 874 ﬁlios;
2400 807 2604 874 peccati
2635 808 2838 863 fructus
2883 809 3204 878 ostenditur.
3251 810 3382 866 Nam
3429 813 3567 868 sicut
3617 814 3788 872 edere

2204 896 2613 953 vivilicatorium
2626 897 2825 954 donum
2850 909 2930 956 est
2953 901 3136 971 generi
3165 900 3462 958 aCreatore
3490 903 3784 972 collatum;

2203 995 2330 1042 ante
2355 997 2629 1057 peccatum
2659 992 2802 1045 enim
2854 991 2923 1046 de
2972 991 3092 1046 cibo
3135 992 3202 1046 ad
3247 994 3634 1063 protoplastum
3683 997 3790 1054 Dei

2201 1080 2516 1136 constitutio
2547 1081 2901 1151 loquebatur:
2937 1081 3020 1137 Ex
3071 1085 3209 1137 omni
3243 1085 3383 1156 ligno
3429 1087 3567 1156 quod
3608 1099 3684 1142 est
3725 1091 3789 1144 in

2201 1173 2443 1244 paradiso
2467 1175 2536 1227 ad
2566 1190 2731 1228 escam
2752 1176 3080 1230 manducabis
3108 1175 3317 1248 (Genes.
3351 1193 3430 1239 ut.
3463 1181 3574 1250 16).
3604 1181 3695 1236 Sic
3725 1183 3786 1237 in

2201 1264 2526 1320 maeroribus
2555 1265 2926 1331 manducabis,
2958 1281 3025 1322 ex
3056 1267 3339 1323 maledicto
3370 1269 3648 1326 introitum
3682 1271 3787 1328 ba-

2200 1355 2335 1411 buit.
2365 1353 2482 1411 Non
2505 1357 2651 1412 enim
2680 1357 2814 1410 dixit
2840 1357 2971 1412 Adat
3004 1357 3144 1413 Deus
3177 1376 3190 1410 :
3225 1359 3360 1424 Quia
3388 1361 3579 1415 audisti
3607 1378 3788 1416 vocem

2201 1448 2434 1503 mulieris
2464 1457 2583 1515 tua,
2611 1457 2662 1504 et
2685 1450 2806 1518 quia
2847 1450 3187 1514 manducasti,
3227 1450 3420 1504 idcirco
3466 1459 3515 1506 ts
3555 1453 3784 1518 damna;

2201 1540 2296 1596 sed
2323 1558 2336 1593 :
2368 1541 2621 1608 Quoniam
2642 1541 2963 1595 manducasti
2988 1557 3050 1596 ex
3077 1541 3218 1611 ligno
3249 1542 3312 1595 de
3331 1559 3430 1612 quo
3449 1544 3559 1598 solo
3588 1561 3788 1616 prlece-

2204 1649 2384 1700 peram
2413 1633 2502 1688 tibi
2523 1649 2586 1688 ne
2615 1634 3252 1705 manducares,propterea
3275 1636 3328 1687 in
3350 1637 3536 1690 sudore
3558 1639 3787 1692 mandu-

518 1737 642 1777 nem
671 1737 791 1793 quae
810 1721 1019 1777 videtur
1046 1720 1344 1788 olfendere,
1375 1720 1470 1777 sed
1497 1721 1644 1777 illius
1673 1722 1891 1779 infantis
1917 1726 2094 1796 cogita
2196 1723 2332 1777 cabis
2373 1739 2552 1793 panem
2580 1732 2726 1777 tuum
2759 1722 2921 1793 (Ibid.
2972 1740 3058 1792 ιιι,
3101 1725 3212 1796 17).
3243 1724 3270 1762 ἀ
3298 1725 3583 1782 lndoloria:
3625 1729 3782 1785 enim

515 1814 827 1886 dignitatem
850 1857 866 1881 ,
918 1813 947 1853 ι’
970 1826 1198 1871 matrem
1239 1830 1360 1885 quae
1406 1829 1469 1870 se
1505 1815 1688 1884 genuit
1721 1816 1927 1872 Deitate
1971 1831 2096 1887 pro—
2126 1823 2172 1884 Β
2201 1816 2388 1881 primae
2411 1813 2516 1869 illte
2539 1814 2858 1885 protoplasti
2877 1813 3026 1870 fuere
3044 1814 3344 1882 deliciae,et
3373 1817 3614 1872 laborum
3635 1821 3784 1888 agri-

514 1917 813 1976 creantem,
861 1908 1167 1964 humanitus
1215 1905 1424 1979 [Βαιιιι.
1456 1907 1788 1963 humanitate
1834 1907 1983 1980 vero]
2041 1909 2094 1964 in
2198 1908 2423 1963 culturae
2451 1907 2667 1978 penitus
2690 1907 2900 1963 liberae.
2943 1907 3035 1964 Sic
3084 1917 3139 1963 et
3168 1908 3235 1964 de
3266 1908 3497 1965 filiorum
3527 1927 3786 1982 procrea-

513 1999 601 2055 illa
631 2000 917 2056 formatum
948 2008 1143 2058 et‘eam
1175 2001 1438 2057 formasse
1470 1999 1758 2066 divinitus;
1791 2002 2093 2058 involutum

512 2093 806 2147 secundum
829 2107 1044 2149 carnem
1073 2097 1286 2164 pannis,
1319 2093 1547 2150 Deitatis
1575 2109 1704 2149 vero
1754 2094 2092 2164 providentia

512 2184 691 2240 omnia
711 2183 1115 2252 continentem;
1146 2200 1245 2257 pro
1274 2186 1524 2256 corporis
1546 2197 1733 2242 natura
1763 2187 1977 2253 lactari,
2004 2187 2092 2243 di-

511 2275 735 2330 vinitate
755 2283 932 2332 autem
981 2277 1233 2333 omnibus
1256 2277 1345 2348 qui
1378 2286 1672 2333 nascuntur
1723 2277 1877 2334 lactis
1923 2280 2094 2334 nutri-

511 2375 691 2424 menta
721 2369 993 2426 uberrime
1017 2369 1358 2442 largientem.

579 2463 634 2517 4.
665 2461 912 2520 Forsitan
938 2479 1102 2535 super
1119 2464 1212 2520 tali
1237 2479 1459 2522 munere
1481 2465 1698 2521 Gabriel
1721 2465 1786 2519 ad
1817 2464 2089 2536 Virginem

508 2551 634 2608 ideo
658 2554 990 2611 exclamabat
1024 2572 1036 2608 :
1066 2556 1192 2619 Ave,
1224 2557 1397 2626 gratia
1423 2555 1519 2610 Dei
1545 2555 1719 2627 plena.
1752 2555 1872 2610 Mox
1921 2555 2087 2624 enim,

506 2651 564 2696 ut
611 2645 851 2698 omnium
892 2643 1152 2700 Dominus
1190 2643 1435 2701 Christus
1479 2645 1607 2702 huic
1635 2647 1758 2702 vita:
1785 2655 1940 2702 natus
1983 2655 2085 2713 est,

505 2737 746 2793 omnium
775 2738 1008 2794 tristium
1037 2739 1332 2811 capitulum
1361 2739 1625 2806 dissolvit,
1645 2749 1966 2811 mutansque
1993 2754 2089 2796 na-

504 2837 639 2884 tura:
687 2829 827 2884 fetus
866 2831 1206 2897 maledictos,
1255 2831 1490 2888 absolvit
1550 2833 1881 2889 nativitatem
1939 2833 2085 2888 illam

505 2921 776 2992 quondam
807 2924 858 2976 in
887 2924 1204 2992 corporibus
1229 2924 1678 2990 condemnatam;
1706 2925 1910 2980 delevit
1951 2939 2084 2995 quo-

503 3029 610 3085 que
632 3015 778 3070 illius
807 3017 1090 3072 sententiae
1119 3017 1377 3083 edictum,
1401 3018 1542 3086 quod
1571 3031 1776 3074 natura:
1803 3022 2083 3074 connasci-

503 3114 613 3172 tur,
637 3107 690 3162 id
715 3116 818 3174 est,
850 3108 1198 3179 multiplicans
1219 3110 1575 3182 multiplicabo
1595 3113 1832 3166 tristitias
1873 3121 1987 3168 tuas
2031 3125 2080 3168 et

2199 1999 2348 2055 tione
2405 2013 2510 2054 non
2560 1999 2806 2055 absolute
2845 1999 2914 2054 ad
2965 1999 3127 2055 Evam
3179 2000 3320 2057 Deus
3345 2010 3467 2071 post
3497 2015 3781 2072 peccatum

2196 2092 2425 2158 dicebat,
2458 2091 2626 2164 paries
2651 2091 2825 2160 filios;
2853 2091 2972 2156 sed,
2998 2092 3055 2145 in
3087 2092 3385 2148 maeroribus
3415 2095 3583 2163 paries
3613 2095 3779 2162 ﬁlios.

2265 2183 2321 2239 6.
2362 2182 2575 2254 Nuptiae
2603 2197 2835 2253 namque
2863 2182 3059 2238 divinae
3087 2199 3282 2238 munus
3322 2192 3446 2240 sunt
3488 2185 3773 2254 bonitatis,

2195 2274 2415 2330 ubertas
2447 2283 2676 2341 natum,
2706 2273 2955 2328 machina
2986 2289 3292 2345 repugnans
3330 2285 3514 2332 contra
3545 2286 3780 2333 mortem

2191 2369 2372 2425 omnia
2419 2377 2877 2432 consumentem;
2930 2368 3192 2423 castitatis
3246 2376 3434 2424 contra
3491 2367 3780 2427 libidinem

2191 2461 2353 2526 freni,
2403 2457 2744 2529 inculpabilis
2789 2457 3075 2528 voluptatis
3132 2466 3371 2529 potestas
3403 2477 3418 2513 :
3448 2461 3779 2532 multiplices

2190 2562 2372 2610 autem
2402 2553 2635 2624 gemitus
2656 2553 2708 2608 in
2725 2553 3083 2624 parturitione
3106 2551 3449 2624 feminarum,
3474 2570 3629 2626 paena
3643 2571 3781 2628 pec-

2190 2649 2295 2703 cati
2323 2656 2426 2704 est.

2261 2742 2316 2798 7.
2357 2741 2423 2797 Et
2465 2755 2656 2812 parere
2693 2740 2909 2812 quidem
2939 2755 3050 2795 non
3095 2748 3182 2796 est
3217 2739 3597 2806 maledictum;
3656 2757 3772 2798 non

2190 2833 2332 2890 enim
2356 2831 2663 2889 benedictio
2691 2833 2745 2887 in
2769 2830 3112 2888 maledictum
3165 2831 3403 2888 daretur.
3445 2833 3501 2887 ln
3546 2833 3775 2890 tristitia

2187 2935 2367 2981 autem
2397 2939 2614 2995 parere,
2657 2922 2763 2978 hoc
2815 2938 2881 2978 ex
2910 2922 3195 2978 maledicto
3222 2923 3314 2978 illo
3362 2939 3497 2979 onus
3537 2924 3778 2982 trahitur

2187 3026 2309 3086 post
2335 3024 2630 3086 peccatum.
2689 3014 2886 3070 Parere
2926 3029 3156 3081 namque
3195 3025 3438 3071 naturam
3485 3015 3775 3075 doloribus

2185 3118 2436 3178 partuum
2468 3115 2739 3178 punctum,
2769 3107 3058 3176 angoribus
3087 3107 3385 3173 tabescere,
3434 3108 3610 3164 acerbi
3639 3124 3777 3179 par-

501 3199 717 3269 gemitus
747 3209 880 3256 tuos.
927 3199 996 3256 In
1044 3202 1341 3258 maeroribus
1380 3202 1550 3275 paries
1576 3202 1711 3274 ﬁlios
1743 3203 1969 3275 (Genes.
1999 3220 2078 3273 ιιι,
2109 3183 2156 3247 C
2188 3209 2274 3256 tus
2301 3209 2502 3256 metum
2525 3199 2810 3264 sustinere,
2849 3197 3162 3256 immaturos
3187 3215 3584 3272 nonnumquam
3623 3203 3775 3260 fetus

502 3290 613 3346 16“

2189 3305 2465 3364 excutere,
2508 3293 2773 3350 excedere
2815 3294 3101 3364 aliquoties
3138 3305 3478 3365 praegnantes
3519 3305 3776 3364 tempora

1633 3387 2184 3448 CASTIGATIONES
2223 3389 2310 3444 ET
2350 3387 2577 3444 ΝΟΤιΕ.

503 3473 800 3551 Pentecoste
835 3479 1091 3551 originem
1137 3495 1197 3534 ac
1248 3479 1636 3551 fundamentum
1691 3481 1905 3534 ducunt.
1960 3482 2080 3536 Nisi

500 3549 635 3622 enim
653 3549 934 3604 secundum
953 3566 1155 3604 carnem
1171 3549 1322 3605 natus
1340 3559 1466 3622 esset
1490 3549 1742 3622 Cbri_stus.
1765 3568 2081 3622 nequaquam

500 3617 783 3688 baptizatus
821 3629 970 3689 esset,
1009 3637 1127 3674 nam
1166 3622 1219 3674 id
1257 3631 1329 3675 est
1371 3621 1560 3691 festum
1594 3617 2078 3691 TheOphaniorum;

499 3703 818 3760 nequaquam
844 3692 1024 3759 fuisset
1053 3693 1354 3759 cruciﬁxus.
1389 3707 1510 3744 nam
1539 3693 1635 3744 hoc
1659 3701 1731 3745 est
1757 3693 1943 3759 festum
1969 3692 2080 3746 Pa-

499 3757 1015 3832 sclue;‘n_equaquam
1042 3757 1258 3832 misisset
1284 3761 1534 3832 Spiritum
1562 3757 1815 3826 sanctum,
1837 3766 1979 3832 quod
2001 3774 2080 3818 est

498 3831 682 3904 festum
713 3830 1052 3904 Pentecostes.
1085 3830 1267 3904 Itaque
1305 3830 1367 3885 ab
1395 3832 1517 3904 ltoc,
1549 3848 1648 3904 ceu
1668 3835 1809 3902 fonte
1835 3830 2077 3903 quopiam

498 3898 681 3985 diverlsi
707 3904 803 3955 orti
827 3903 997 3985 ﬂuvii,
1025 3914 1148 3957 nata
1172 3898 1291 3958 sunt
1317 3902 1461 3985 nobis
1471 3903 1595 3985 .ltcec
1625 3898 1771 3972 festa,
1804 3898 1909 3985 etc.

572 3977 596 4004 η
629 3972 797 4027 Locus
826 3972 926 4027 iste
958 3974 1232 4030 Geneseos
1261 3989 1382 4030 cum
1415 3973 1534 4026 aliis
1563 3989 1681 4042 quae
1713 3977 1979 4041 pertinent
2007 3976 2072 4029 ad

498 4053 713 4108 pmuam
735 4043 938 4112 peccati
964 4047 1260 4114 primorum
1289 4054 1590 4114 parentum,
1616 4060 1645 4097 a
1677 4043 1889 4098 Iuliano
1916 4045 2074 4100 simul

497 4119 554 4186 et
601 4113 895 4186 Augustino
936 4120 1185 4185 agitatur,
1231 4113 1320 4170 illo
1365 4116 1741 4186 auctoritatem
1786 4115 2075 4185 Scriptura:

497 4181 825 4257 declinante,
859 4181 1221 4257 isto—graviter
1246 4182 1488 4257 urgente.

565 4251 827 4309 Julianus.
864 4251 1075 4310 Non'est
1097 4258 1290 4310 dictum
1314 4251 1389 4310 ad
1417 4255 1682 4311 mulierem
1705 4271 1722 4307 :
1749 4255 1996 4310 Orientur
2019 4259 2072 4312 in

495 4332 543 4374 te
579 4323 802 4388 dolares,
835 4329 1205 4399 aut_generabo
1235 4329 1324 4399 tibi
1357 4329 1680 4399 gemitus,_u¢
1721 4334 1834 4399 post
1868 4331 2072 4398 culpam

492 4407 884 4476 sensus-equm
929 4397 1126 4476 institui
1167 4396 1486 4463 viderentur;
1525 4397 1671 4476 sed;
1711 4396 2070 4476 Multiplicans

492 4460 849 4538 multiplicabo
879 4467 1107 4520 tristitias
1147 4478 1294 4533 tuas;
1329 4486 1427 4537 quo
1468 4460 1686 4520 ostendit
1721 4461 1845 4538 jtim
1874 4460 1979 4520 esse
2016 4474 2070 4523 in

493 4533 716 4608 naturali
751 4536 1146 4608 ratione,_quod
1188 4554 1240 4591 se
1276 4533 1644 4604 in'peccatrice
1684 4533 1924 4608 pcrsona,
1965 4555 2067 4592 non

491 4603 728 4678 condere,
760 4606 850 4658 sed
892 4603 1255 4674 multiplicare,
1294 4603 1574 4678 promittit;
1614 4603 1891 4675 numquam
1933 4610 2066 4663 enim

491 4674 895 4749 multiplicantur
924 4679 1021 4730 nisi
1046 4674 1316 4732 exstantia.
1352 4677 1465 4731 Hoc
1503 4679 1676 4747 itaque
1704 4678 1885 4731 ordine
1907 4679 2070 4749 gemi-

491 4747 1022 4816 tusiparturilionum,
1055 4751 1141 4816 qui
1175 4749 1454 4803 secundum
1491 4757 1732 4800 naturam
1770 4747 1959 4814 fuerat,
1992 4751 2067 4804 ita

489 4814 542 4866 in
574 4815 834 4890 hominum
865 4814 1181 4890 corporibus,
1212 4823 1344 4873 sicut
1366 4820 1422 4872 in
1450 4818 2055 4890 pecoribus.institutus,

488 4899 595 4960 non.
616 4887 855 4940 conditur
875 4890 927 4960 in
953 4887 1079 4956 Eva,
1103 4892 1189 4944 sed
1215 4891 1409 4956 crescit,
1427 4887 1483 4942 ut
1503 4887 1755 4960 peculiari
1771 4891 2060 4958 granditate

486 4955 818 5030 exeitatorum
838 4955 1139 5030 aﬂligeretur
1162 4976 1428 5030 angorum,
1457 4955 1562 5015 eic.

557 5024 753 5082 Contra
780 5024 1108 5103 Augustinus
1130 5046 1149 5085 :
1174 5024 1416 5103 Dolorem
1444 5031 1677 5103 pariendi
1702 5047 1902 5103 poenam
1933 5033 2064 5086 dici-

485 5112 729 5172 tnusesse
753 5099 966 5172 peccati,
996 5102 1182 5154 scimus
1210 5103 1346 5154 enim
1371 5101 1468 5155 hoc
1496 5099 1658 5154 Deum
1684 5099 1792 5156 sine
1811 5100 1922 5155 ulla
1951 5119 2062 5155 am-

485 5168 724 5242 biguitate
754 5168 987 5238 dixisse;
1023 5189 1119 5226 nec
1157 5172 1368 5236 dixisse,
1405 5173 1506 5225 nisi
1547 5173 1943 5242 pravaricatrici
1982 5173 2062 5226 sui

483 5239 750 5307 mandati;
789 5259 878 5298 nec
917 5243 978 5296 ob
1011 5242 1156 5297 aliud
1193 5242 1404 5306 dixisse,
1434 5239 1690 5310 nisi'quia
1725 5243 2059 5310 irascebatur,

482 5323 631 5384 suum
661 5315 1049 5384 prcevaricatum
1072 5330 1180 5369 esse
1204 5314 1500 5367 mandatum
1525 5312 1662 5384 (Lib.
1683 5327 1734 5367 Vl
1764 5311 1919 5382 Oper.
1951 5311 2063 5365 Im-

521 5394 616 5437 ert.
647 5394 765 5437 cap.
792 5394 907 5437 κδ).

482 5377 765 5502 reg-Neap.
792 5383 907 5464 se).
1308 5458 1310 5460 ν
1534 5377 1545 5384 ·
1791 5377 1822 5468 ⁸-
1912 5455 1923 5466 ¹

486 5517 523 5530 Α,
579 5519 612 5530 η
658 5461 888 5530 estortus
916 5465 1128 5526 poterat
1165 5455 1925 5530 propterhmciverbaytden
1962 5469 2057 5508 ca-

483 5517 738 5588 tholicus,
783 5523 882 5578 nisi
919 5517 1190 5583 constaret
1230 5517 1448 5583 aliunde
1485 5528 1699 5582 solitum
1741 5527 1902 5580 fuisse
1935 5540 2058 5579 sen-

483 5588 664 5661 tentiis
691 5591 746 5647 in
776 5596 1007 5661 speciem
1039 5598 1359 5653 orthodoxis
1388 5599 1636 5653 haeresim
1661 5595 2005 5651 dissimulare
2036 5612 2051 5649 :

2182 3479 2461 3535 Nestorius
2516 3497 2529 3531 :
2578 3477 2656 3552 Ut
2699 3478 2868 3532 sciatis
2919 3489 3129 3552 quanta;
3167 3480 3634 3552 esseticonjunctio
3682 3482 3776 3536 di-

2181 3551 2427 3610 vinitatis.
2453 3565 2568 3621 cum
2592 3549 2744 3602 etiam
2772 3564 2892 3602 caro
2925 3549 3194 3603 Dominica
3223 3550 3277 3603 in
3305 3549 3500 3621 infante
3527 3567 3776 3621 cernere-

2183 3631 2304 3686 tur;
2331 3629 2438 3674 erat
2466 3620 2598 3672 enim
2625 3621 2759 3673 idem
2785 3621 2974 3687 infans,
3003 3629 3048 3674 et
3074 3620 3286 3688 infantis
3315 3619 3587 3674 Dominus.
3616 3619 3777 3676 Lau-

2181 3692 2344 3744 dastis
2380 3707 2569 3755 vocem,
2597 3691 2684 3744 sed
2726 3689 2884 3743 nolite
2923 3706 3034 3743 eam
3076 3707 3253 3757 parum
3284 3693 3481 3744 curiose
3505 3692 3776 3758 laudare;

2181 3778 2282 3815 non
2315 3763 2424 3814 dixi
2451 3762 2605 3826 enim,
2633 3760 2769 3829 quod
2794 3760 2930 3831 idem
2954 3769 3062 3813 erat
3088 3763 3262 3831 infans
3289 3771 3335 3815 et
3367 3762 3579 3829 infantis
3603 3761 3772 3816 habi-

2181 3841 2335 3886 tator.
2364 3831 2649 3886 Flavianus
2674 3842 2850 3884 tamen
2877 3830 3301 3900 Philippensium
3331 3831 3636 3900 episcopus,
3668 3838 3768 3889 cui

2179 3902 2366 3958 Patres
2409 3902 2616 3956 assensi
2661 3911 2810 3965 sunt,
2851 3901 2934 3954 his
2977 3913 3029 3955 et
3072 3902 3191 3955 aliis
3229 3904 3492 3957 similibus
3535 3902 3765 3970 auditis,

2177 3987 2300 4027 cum
2340 3973 2696 4027 recitarentur
2732 3986 2761 4024 a
2801 3972 3008 4025 notario
3032 3971 3165 4026 dixit
3195 3989 3208 4023 :
3241 3971 3520 4026 Horrenda
3547 3989 3608 4025 ac
3645 3972 3773 4027 bla-

2176 4045 2386 4112 sphema
2409 4053 2528 4096 sunt
2567 4040 2797 4096 Nestorii
2836 4042 2994 4108 dicta,
3021 4058 3180 4110 neque
3216 4058 3366 4098 aures
3404 4052 3592 4097 nostra
3615 4042 3770 4099 hisce

2177 4115 2399 4182 amplius
2423 4112 2682 4181 inquinari
2705 4117 2894 4182 ferunt.

2248 4184 2403 4239 Unde
2430 4184 2691 4237 Mercator
2717 4200 2735 4252 :7
2754 4183 2889 4252 Quis
2909 4184 3084 4248 etiam,
3117 4185 3287 4252 inquit
3321 4184 3413 4252 (In
3442 4187 3763 4244 contradict.

2176 4255 2245 4310 12
2273 4255 2682 4308 analhematismi
2715 4251 3008 4307 Nestoriani
3029 4256 3069 4323 ),
3099 4251 3201 4307 hoc,
3238 4251 3348 4324 ejus
3377 4256 3520 4308 aliud
3555 4257 3761 4324 delira-

2175 4338 2398 4378 mentum
2436 4340 2582 4393 atquo
2615 4325 2784 4376 animo
2824 4324 2971 4393 ferat,
3004 4341 3102 4392 quo
3143 4326 3236 4390 ait,
3259 4323 3535 4379 Christum
3572 4323 3767 4382 Iesum

2173 4413 2324 4450 suum
2366 4397 2529 4464 ipsius
2567 4393 2844 4448 Dominum
2883 4396 3032 4448 esse?
3073 4397 3220 4461 cujus
3260 4397 3408 4449 verba
3453 4406 3567 4450 sunt
3608 4398 3713 4451 ista
3743 4416 3766 4455 :

2179 4484 2198 4517 ι
2231 4466 2346 4519 Hoc
2369 4477 2538 4518 autem
2567 4466 2681 4518 dico
2717 4474 2771 4517 ut
2811 4465 3045 4518 noveritis
3075 4482 3230 4534 quam
3267 4465 3670 4532 superexcellens
3705 4482 3764 4524 et

2171 4553 2370 4590 summa
2396 4535 2628 4604 quaedam
2659 4536 2951 4605 conjunctio
2988 4536 3251 4598 existebat,
3283 4539 3433 4590 etiam
3457 4539 3510 4590 in
3550 4538 3763 4604 infante

2171 4607 2302 4678 ipso,
2325 4605 2734 4678 cumDominica
2756 4608 3295 4678 caro_conspiceretur.
3330 4606 3453 4660 Erat
3480 4609 3610 4660 enim
3636 4610 3762 4678 ipse

2169 4675 2345 4745 infans
2369 4685 2414 4728 et
2441 4677 2653 4744 infantis
2681 4677 2840 4745 ipsius
2873 4675 3138 4730 Dominus.
3173 4696 3191 4729 ι
3222 4677 3346 4744 Quis
3363 4693 3598 4745 umquam
3619 4675 3761 4734 suus

2169 4762 2278 4800 esse
2306 4746 2556 4799 Dominus
2583 4745 2752 4798 dictus
2794 4747 2908 4800 est?
2949 4747 3056 4802 Sed
3083 4748 3164 4800 hic
3187 4764 3302 4801 cum
3327 4751 3432 4802 vult
3455 4757 3502 4802 et
3529 4759 3763 4805 conatur

2165 4826 2402 4887 quartam
2421 4814 2742 4870 introducere
2762 4818 2813 4869 in
2835 4826 3009 4870 sancta
3030 4817 3281 4872 Trinitate
3299 4834 3568 4887 personam
3590 4829 3763 4887 atque

2163 4887 2519 4960 substantiam,
2544 4887 2688 4940 mira:
2719 4887 3014 4941 stoliditatis
3042 4898 3114 4942 est
3149 4899 3195 4942 et
3220 4889 3494 4960 impietatis
3525 4891 3760 4944 maculis

2161 4959 2479 5028 inquinatus.

2241 5039 2264 5067 ε
2306 5029 2492 5084 Baluz.
2529 5025 2738 5082 rectius
2769 5027 2929 5084 habet
2969 5031 3111 5084 hunc
3137 5029 3336 5094 locum,
3369 5029 3575 5084 scilicet
3605 5047 3620 5082 :

2305 5099 2605 5171 benedictio.
2635 5096 2866 5171 Genitrix
2887 5101 3024 5153 enim
3051 5109 3125 5154 est
3147 5102 3440 5171 incrementi
3472 5099 3761 5171 providen-

2165 5171 2256 5224 tia.
2290 5169 2510 5242 Crescite
2555 5181 2602 5222 et
2637 5169 3072 5242 multiplicamini,
3102 5179 3152 5223 et
3197 5170 3387 5242 replete
3431 5169 3641 5227 terram.
3675 5172 3760 5228 In

2165 5241 2484 5304 maeroribus,
2507 5247 2613 5294 etc.
2642 5239 2794 5294 Eon.

2236 5309 2262 5348 ά
2294 5310 2729 5382 Ponitindolorte
2750 5311 3019 5374 Baluzius.
3042 5313 3399 5382 subnotatque
3420 5311 3701 5381 sequentia
3737 5333 3757 5369 :

2169 5382 2423 5438 «Veteres
2451 5381 2572 5434 libri
2605 5380 2804 5434 habent
2831 5383 2884 5436 in
2905 5383 3101 5437 dolore.
3126 5383 3266 5439 Sane
3288 5380 3344 5438 in
3370 5380 3761 5442 Bellovacensi

2160 5454 2427 5521 scriptum
2467 5459 2552 5524 es_t
2593 5450 2874 5524 indolorie,
2929 5455 3026 5508 sed
3072 5454 3249 5508 littera
3286 5455 3307 5506 ί
3345 5463 3612 5524 expuncta
3663 5468 3766 5513 est

2160 5518 2478 5592 antiquitus.
2512 5518 2834 5576 Indoloriam
2862 5518 3159 5591 reperimus
3199 5524 3341 5593 apud
3375 5518 3656 5580 Sidonium
3691 5527 3760 5583 in

2161 5579 2474 5664 praefatione
2506 5593 2840 5664 epithalamii
2883 5579 3125 5650 Pblemio
3165 5579 3549 5651 et'liraneola:
3588 5579 3755 5664 dicti,

482 5659 748 5736 habentur
779 5659 923 5718 enim
959 5667 1147 5724 eadem
1185 5669 1298 5724 fere
1334 5669 1388 5723 in
1419 5666 1976 5736 concilio.Ephesino,
2001 5675 2057 5722 et
2149 5659 2498 5736 ιῑιιιίῌιιειὴιιιιι
2520 5659 2799 5736 Ciceronis
2826 5679 2948 5721 esse
2976 5666 3071 5722 ait.
3107 5664 3242 5722 Vide
3273 5666 3349 5721 ibi
3389 5659 3758 5724 Sirmonduai

481 5746 509 5785 a
519 5732 622 5800 pud
636 5733 1008 5807 M_ercatorem,
1027 5753 1124 5794 nec
1143 5741 1252 5806 ipsa
1268 5739 1420 5807 quasi
1432 5739 1704 5794 catholico
1716 5732 1875 5792 sensu
1889 5737 2052 5799 dicta,

482 5817 602 5859 cum
669 5805 892 5872 Patres.
953 5818 1065 5864 tum
1117 5805 1381 5864 Mercator
1430 5818 1775 5875 acceperunt.
1809 5809 2053 5877 Dixerat

2157 5733 2214 5792 et
2235 5733 2584 5790 Savaronetn.
2617 5751 2637 5786 ι
2673 5735 2828 5789 Eutr.
