3898 6276
525 303 627 368 199

520 425 829 482 nerationes
877 421 1154 478 nominum
1203 430 1378 476 morte
1424 429 1774 474 consumens.

593 520 648 575 6.
686 517 744 574 ln
775 525 922 572 tanta
954 517 1134 587 itaque
1181 529 1361 571 rerum
1402 511 1750 576 difﬁcultate,
1782 523 1906 564 eum
1947 523 2095 564 esse-

521 627 642 668 mtts
669 611 872 680 spebus
902 609 1220 666 melioribus
1255 605 1520 670 destituti,
1555 605 1616 659 ﬁt
1654 612 1861 660 naturae
1901 617 2094 659 recon-

519 702 850 758 ciliationum
889 702 1120 758 maxima
1149 700 1330 770 copia.
1363 697 1611 753 Nascitur
1640 697 1786 753 enim
1831 696 2094 751 Mediator

519 796 671 852 orbis
695 804 752 852 et
781 796 895 862 Dei,
917 811 1026 852 non
1069 794 1210 849 sicut
1249 791 1538 856 Jeremias,
1568 798 1661 845 aut
1689 789 1917 861 quilibet
1953 788 2094 843 alius

517 889 920 960 prOphetarum,
957 889 1048 959 qui
1089 885 1387 954 contempti
1441 893 1587 951 sunt,
1624 882 1720 938 sed
1780 883 1874 952 qui
1935 881 2094 936 habet

518 981 710 1037 horum
731 998 848 1054 qum
873 981 986 1036 vult
1017 979 1279 1034 datricem
1315 977 1658 1046 conjunctam
1689 976 1905 1032 sibimet
1956 975 2079 1030 Dei-

517 1078 710 1139 tatem;
735 1089 836 1128 non
862 1073 1019 1126 unius
1047 1071 1226 1140 gentis
1251 1070 1542 1132 mediator,
1573 1069 1722 1123 sicut
1753 1069 1966 1139 Moyses
1993 1067 2091 1122 Ju-

515 1163 790 1228 daeorum;
826 1163 947 1229 sed,
978 1163 1121 1218 sicut
1161 1161 1360 1216 Paulus
1409 1161 1628 1230 inquit:
1663 1159 1807 1215 Unus
1853 1159 2013 1226 Deus,
2041 1167 2090 1213 et

517 1255 770 1311 Mediator
794 1253 890 1309 Dei
917 1264 964 1308 et
984 1254 1266 1320 hominum,
1286 1255 1436 1308 homo
1476 1251 1711 1308 Christus
1740 1251 1916 1306 Iesus.
1936 1251 2084 1306 'Ho-

514 1361 603 1404 mo
642 1360 890 1416 persona,
920 1362 1025 1414 qua
1057 1345 1266 1401 videtur
1293 1354 1347 1400 et
1377 1354 1523 1413 paret
1548 1359 1564 1410 ;
1595 1343 1735 1400 Deus
1759 1351 1940 1398 autem
1963 1357 2087 1399 con-

504 1439 689 1508 juncta
721 1436 950 1494 Deitatis
985 1445 1206 1501 natura;
1240 1436 1504 1492 mediator
1543 1451 1640 1506 pro
1681 1444 1874 1491 natura
1903 1445 2084 1490 nostra

507 1531 790 1586 adversum
821 1528 1094 1584 diabolum
1136 1529 1439 1598 suscipiens
1469 1542 1706 1583 causam.

579 1626 633 1680 7.
680 1623 773 1680 llle
813 1631 1093 1692 peccatum
1141 1638 1208 1678 ex
1255 1621 1426 1676 Adam
1478 1631 1749 1689 tamquam
1797 1620 2082 1692 chirogra-

1028 303 1221 362 MARII
1259 299 1698 363 MERCATORIS
1737 294 2298 356 TRANSLATIONES
2338 295 2697 357 VARIORUM
2736 297 3251 359 OPUSCULORUM

3655 305 3748 363 200

2197 412 2663 469 mortiﬁcationem
2721 415 2955 488 [Batus.
2979 415 3416 486 justiﬁeationem
3435 446 3456 490 ι
3492 433 3616 489 qua:
3667 437 3752 492 per

2196 506 2408 561 beatam
2439 505 2658 560 Mariam
2679 509 2861 577 generi
2890 507 3185 564 obvenerat
3215 509 3520 576 referebat;
3552 511 3639 567 ille
3659 513 3747 568 ob-

2197 599 2456 654 tendebat
2480 597 2686 672 [Batus.
2710 601 3016 667 referebat;
3044 602 3378 675 intendebat]
3408 604 3461 659 in
3506 605 3742 675 paradiso

2198 706 2338 748 escae
2369 693 2814 750 incontinentiam
2839 694 3043 766 [Balus.
3067 711 3243 752 escam
3263 697 3746 771 incontinentiam];

2193 783 2443 839 Christus
2473 799 2504 838 a
2532 785 2806 841 contrario
2832 797 2986 841 aceto
3013 795 3252 858 potatam
3283 787 3336 842 in
3377 802 3438 844 se
3469 788 3748 847 humanam

2197 886 2446 933 naturam
2475 879 2680 933 nullum
2702 879 2773 934 ob
2797 888 3077 948 peccatum
3100 895 3221 936 esse
3241 882 3598 938 monstrabat.

2263 974 2316 1028 8.
2349 971 2522 1028 Solvit
2541 973 2720 1028 omnia
2743 988 3095 1043 quaecumque
3121 973 3415 1031 adversum
3443 989 3543 1031 nos
3571 975 3748 1034 diaboo

2191 1063 2275 1118 lus
2305 1063 2592 1135 allegabat,
2618 1075 2672 1120 et
2699 1078 2875 1119 causa:
2903 1064 3060 1134 hujus
3088 1064 3373 1120 victoriam
3406 1065 3746 1136 prmdicabat,

2189 1155 2378 1212 dicens
2412 1174 2426 1210 :
2453 1155 2612 1210 Nunc
2630 1157 2887 1227 judicium
2927 1157 3080 1226 hujus
3122 1158 3303 1211 mundi
3333 1167 3406 1212 est
3446 1156 3634 1228 (Joan.
3663 1175 3746 1228 xu,

2188 1246 2310 1318 51).
2341 1249 2399 1303 1n
2451 1264 2559 1316 me,
2589 1249 2787 1320 inquit,
2820 1247 3091 1318 judicatur
3140 1248 3226 1304 hic
3272 1249 3526 1317 mundus,
3554 1251 3622 1305 de
3643 1267 3748 1307 mea

2187 1338 2565 1396 lncarnatione
2620 1351 2921 1410 superatur.
2958 1338 3133 1406 Nunc,
3173 1339 3366 1410 inquit,
3379 1341 3644 1410 judicium
3683 1353 3751 1396 est

2185 1429 2342 1500 hujus
2368 1432 2566 1498 mundi,
2594 1440 2642 1486 et
2687 1433 2924 1500 princeps
2966 1431 3124 1502 hujus
3161 1431 3343 1485 mundi
3370 1433 3596 1486 mittetur
3620 1433 3750 1503 foras

2185 1521 2397 1594 (Ibid.),
2428 1533 2698 1594 tamquam
2739 1523 2806 1578 de
2837 1522 3040 1592 judicio
3071 1523 3346 1592 improbus
3381 1522 3749 1591 calumniator,

2181 1616 2489 1670 exsolutum
2516 1615 2936 1686 chirographum
2982 1616 3280 1686 proferens,
3309 1623 3366 1672 et
3401 1616 3456 1672 in
3502 1631 3611 1673 non
3656 1617 3748 1674 de-

506 1717 670 1789 phum
701 1715 1043 1785 proferebat;
1074 1713 1366 1787 ex[Baluz.
1394 1720 1450 1768 et
1473 1714 1526 1785 ej
1550 1713 1769 1769 diverso
1796 1713 2069 1782 Christus,
2102 1727 2152 1788 Β
2178 1710 2370 1766 bentes
2393 1709 2624 1766 infestus
2655 1711 2916 1766 insiliens.

504 1823 570 1864 ex
593 1823 755 1865 carne
785 1808 901 1864 sine
926 1817 1148 1878 peccato
1177 1805 1343 1862 debiti
1367 1805 1525 1875 hujus
1551 1808 1905 1862 evacuatione
1935 1807 2072 1862 nite-

503 1904 691 1968 batur;
724 1903 812 1958 ille
837 1900 1344 1958 condemnationem
1365 1915 1486 1970 qua:
1508 1913 1604 1968 per
1628 1900 1794 1954 Evam
1816 1899 2076 1955 adversus

504 2002 669 2051 totam
706 2002 952 2050 naturam
974 2003 1316 2064 processerat
1335 1991 1613 2062 relegebat
1633 2008 1649 2056 ;
1673 1990 1923 2047 Christus
1945 2005 2077 2047 vero

2248 1805 2302 1861 9.
2317 1805 2423 1861 Sed
2443 1805 2545 1860 hoc
2563 1803 2884 1860 beneﬁcium
2897 1803 3149 1859 omnibus
3167 1805 3374 1860 confert
3394 1804 3595 1860 lavacri
3611 1806 3747 1862 salu-

2183 1897 2315 1952 taris
2335 1898 2701 1952 necessarium
2719 1904 3120 1952 sacramentum
3137 1898 3256 1966 :qui
3273 1895 3416 1952 enim
3442 1897 3654 1954 ablutus
3668 1907 3750 1953 est

2181 1991 2471 2062 baptismo,
2504 1990 2566 2045 ﬁt
2600 1991 2744 2046 illius
2767 1989 3121 2055 domesticus,
3155 1997 3210 2045 et
3229 1999 3674 2061 concorporatus,
3697 2001 3749 2048 et

1669 2105 2218 2163 ‘CASTIGATIONES
2257 2107 2344 2162 ET
2385 2106 2609 2162 NOTAE.

501 2203 806 2268 ledietione,
835 2218 936 2273 qua
967 2202 1142 2273 iussus
1180 2211 1262 2258 est
1293 2211 1491 2257 terram
1522 2201 1827 2273 comedere,
1854 2202 2059 2256 dictum

501 2275 704 2332 homini
728 2290 759 2329 a
791 2271 898 2328 Deo
926 2290 941 2330 :
968 2271 1128 2328 Terra
1156 2288 1230 2338 es,
1259 2283 1304 2326 et
1324 2273 1379 2326 in
1407 2282 1593 2326 terram
1622 2271 1752 2334 ibis;
1782 2281 1840 2325 ut
1864 2273 2062 2341 allego-

499 2349 642 2403 ricus
669 2345 952 2400 verborum
973 2345 1196 2398 istorum
1218 2357 1409 2398 sensus
1436 2342 1779 2405 indicaretur,
1813 2342 2060 2398 homines

498 2432 691 2486 nempe
718 2431 748 2471 a
781 2415 991 2470 diabolo
1016 2414 1221 2486 absumi
1247 2413 1498 2482 perdique
1519 2423 1737 2482 propter
1759 2423 2055 2486 peccatum,

496 2503 603 2544 non
628 2483 807 2541 animo
830 2495 1052 2546 tantum.
1090 2484 1183 2539 sed
1205 2487 1362 2539 etiam
1392 2498 1638 2553 corpore,
1668 2492 1920 2552 quantum
1949 2483 2058 2536 Deo

495 2556 1020 2628 perinittentehlicet.
1055 2553 1216 2628 Unde
1241 2553 1518 2628 Nestorius
1559 2553 1692 2606 alios
1734 2553 2058 2628 interpretes

493 2622 708 2684 secutus
749 2624 897 2680 addit
926 2644 938 2677 :
969 2623 1036 2678 Et
1062 2625 1281 2678 instabat
1310 2640 1371 2678 ex
1397 2622 1492 2676 hoc
1520 2625 1866 2692 generationes
1895 2623 2058 2677 homi-

491 2715 613 2754 num
641 2708 801 2752 morte
827 2697 1112 2750 absumens.

564 2778 590 2806 ι
629 2767 818 2824 Posset
851 2767 1042 2837 aliquis
1070 2764 1328 2834 suspicari
1356 2779 1506 2837 suam
1537 2762 1839 2837 Nestorium
1873 2765 2054 2833 prodi-

492 2839 637 2894 disse
663 2843 764 2892 hoc
793 2839 843 2890 in
865 2835 982 2891 loco
1006 2837 1276 2899 hteresim,
1300 2851 1400 2904 qua
1424 2835 1558 2888 duos
1580 2836 1630 2887 in
1653 2835 1866 2890 Christo
1896 2837 2053 2903 ﬁlios,

490 2907 1058 2978 duasquedasscrebatg
1085 2921 1359 2978 personas,
1390 2905 1506 2958 solo
1536 2905 1724 2957 morali
1768 2920 1906 2978 nexu
1935 2921 2058 2960 con-
2095 2918 2099 2922 ‘

489 2975 718 3051 iunctas.
735 2975 954 3051 Videtur
975 2976 1120 3051 enim
1142 2975 1424 3029 humanam
1446 2989 1728 3051 personam
1751 2977 2054 3051 admittere,

490 3043 605 3120 qua
637 3046 886 3120 Christus
930 3047 1165 3120 cernitur
1204 3056 1256 3100 et
1277 3043 1898 3120 _paret,“Christumque
1945 3049 2056 3120 sola

491 3111 864 3188 conjunctione
883 3131 1003 3188 cum
1029 3114 1248 3181 deitate,
1277 3115 1443 3188 Deum
1468 3111 1607 3176 dici;
1630 3111 1921 3188 Aqui_puru_s
1954 3117 2057 3188 Ne-

490 3184 878 3246 storianismus.
919 3187 1114 3241 Verum
1156 3187 1337 3255 potuit
1382 3184 1579 3238 dictum
1629 3184 1756 3238 illud
1797 3186 2056 3241 catltolice

489 3260 734 3329 intelligi,
765 3256 1110 3329 mediatorem
1137 3255 1344 3329 scilicet
1374 3269 1496 3310 vere
1516 3269 1653 3329 esse
1677 3266 1729 3308 et
1761 3255 2049 3329 hominem,

489 3325 708 3402 proptér
738 3329 971 3402 indutam
995 3345 1021 3381 a
1045 3327 1224 3382 Verbo
1257 3325 1480 3402 formom
1515 3325 1744 3380 hominis
1765 3340 1865 3394 qua
1900 3327 2052 3381 nobis

489 3395 798 3470 appareret;
831 3408 885 3452 et
917 3401 1107 3470 Deum,
1158 3409 1372 3470 propter
1402 3395 1629 3470 formam
1670 3411 1779 3470 seu,
1810 3406 2049 3453 naturam

491 3466 588 3526 Dei
633 3471 816 3525 formae
863 3468 1091 3522 hominis
1139 3468 1494 3536 conjunctam.
1550 3466 1815 3522 Credibile
1872 3480 2045 3524 tamen

487 3550 605 3666 ‘est,
658 3540 911 3596 heretico
967 3553 1131 3593 sensu
1191 3537 1394 3591 vafrum
1453 3536 1764 3593 haereticum
1825 3539 2057 3594 locutum

511 3627 672 3666 uisse.

511 3627 672 3668 111888.

559 3681 806 3738 Proderit
835 3690 1010 3751 tamen
1040 3684 1142 3734 hoc
1171 3679 1223 3751 in
1261 3679 1379 3733 loco
1409 3677 1666 3732 nonnulla
1696 3694 1816 3733 cum
1848 3677 2056 3751 Cyrilli,

490 3763 600 3810 tum
631 3751 858 3808 Nestorii
885 3750 1026 3804 dicta
1058 3750 1345 3818 explicare,
1375 3764 1496 3818 qua:
1521 3764 1617 3804 sua
1645 3751 1723 3803 vel
1750 3750 2051 3816 insolentia,

488 3825 571 3880 vel
613 3821 940 3880 obscuritate
970 3823 1146 3875 facere
1185 3828 1405 3884 possunt
1439 3820 1733 3890 negotium.
1783 3821 2060 3876 Videretur

487 3895 631 3950 enim
673 3893 808 3949 forte
845 3892 1076 3961 cuipiam
1122 3890 1296 3945 minus
1340 3889 1555 3945 oculato
1583 3892 1633 3944 in
1668 3892 1748 3944 his
1792 3892 1982 3957 rebus,
2028 3908 2057 3946 a

489 3965 694 4038 Cyrillo
723 3962 1070 4038 Nestoriusin
1089 3976 1162 4038 _eo
1192 3962 1534 4038 reprehendi,
1557 3961 1700 4038 quod
1729 3963 1953 4032 ipsamet
1976 3974 2059 4018 est

490 4031 737 4091 catholici
784 4033 1045 4102 dogmatis
1085 4031 1337 4098 formula,
1382 4048 1444 4087 ac
1482 4034 1632 4102 quasi
1673 4031 1914 4098 tessera;
1948 4045 2001 4088 et
2027 4050 2057 4088 a

489 4107 735 4162 Nestorio
785 4105 1017 4158 vicissim
1066 4104 1382 4172 approbari,
1434 4117 1695 4173 suumque
1741 4103 1868 4171 dici,
1917 4104 2058 4173 quod

487 4177 724 4249 Cyrillus
753 4175 1182 4249 xaﬁoittxma'twe
1207 4174 1539 4249 pronuntiat.

558 4248 794 4318 Cyrillus
821 4247 978 4318 igitur
997 4262 1117 4318 cum
1142 4245 1371 4318 Nestorii
1395 4244 1720 4318 sententiam
1724 4254 2055 4318 exponeret:

489 4313 761 4379 Ceterum,
784 4313 952 4376 inquit
977 4321 997 4384 (
1020 4315 1130 4384 Lib.
1171 4314 1234 4367 de
1264 4315 1408 4368 Rect.
1446 4313 1566 4367 Fid.
1598 4317 1666 4368 ad
1697 4315 1881 4384 Regia.
1910 4333 2052 4371 num.

491 4383 1265 4456 i3),7nomenuhoc,Christus,
1309 4386 1517 4451 quidam
1558 4388 1724 4438 nescio
1769 4383 1866 4456 quo
1907 4389 2059 4439 modo

488 4453 588 4511 Dei
621 4455 794 4509 Patris
827 4453 1014 4520 Verbo,
1043 4455 1194 4507 etiam
1221 4469 1448 4506 seorsum
1469 4471 1529 4507 ac
1554 4471 1643 4523 per
1667 4471 1737 4518 se,
1767 4455 1862 4507 h'c
1884 4467 1978 4519 est,
2003 4466 2058 4509 ut

489 4537 634 4582 extra
656 4541 860 4580 carnem
879 4525 1098 4595 positum
1121 4533 1285 4577 mente
1305 4525 1602 4592 concipitur,
1633 4528 1898 4580 convenire
1922 4541 2060 4580 asse-

489 4607 612 4651 runt
635 4613 655 4662 ;
683 4612 799 4650 mox
825 4611 940 4648 vero
966 4595 1018 4648 in
1047 4595 1192 4648 illum
1221 4609 1420 4663 quoque
1447 4595 1681 4647 similiter
1709 4595 1840 4646 illud
1860 4611 2062 4662 compe-

490 4677 594 4722 tere
620 4666 950 4728 contendunt,
983 4665 1068 4734 qui
1091 4680 1153 4718 ex
1173 4662 1322 4718 sacra
1357 4662 1564 4732 Virgine
1606 4674 1753 4716 natus
1783 4673 1874 4728 est,
1910 4676 2060 4732 prout

489 4738 574 4792 hic
601 4753 797 4809 quoque
835 4751 1008 4809 p_er_se
1043 4734 1317 4809 separatim
1357 4735 1635 4809 subsistere
1675 4735 2059 4809 consideratur;

488 4805 744 4880 postremo
773 4806 1016 4880 ambobus
1055 4806 1229 4880 simul,
1259 4805 1575 4880 pei'inde‘ac
1605 4805 1739 4880 uni,
1785 4821 2061 4880 congruere

2246 2203 2523 2259 Nestorius
2564 2211 2744 2259 autem
2775 2204 3080 2259 rescribens
3113 2202 3310 2274 Cyrillo
3341 2202 3530 2328 ﬁPart.
3565 2219 3743 2258 teonc.

2246 2276 2358 2328 thes.
2384 2293 2499 2328 can.
2523 2273 2588 2328 9i
2613 2275 2792 2328 verbis
2815 2273 3094 2328 catholicis
3118 2275 3330 2328 videtur
3373 2285 3586 2328 oculus.
3619 2275 3743 2328 Ouia

2169 2273 2358 2344 Ephes.
2384 2293 2499 2346 cap.
2523 2273 2588 2344 9)
2613 2275 2792 2328 verbis
2815 2273 3094 2329 catholicis
3118 2273 3330 2346 videtur
3352 2273 3586 2328 locutus.
3619 2275 3748 2341 Quia

2163 2347 2320 2410 enim,
2350 2345 2550 2415 inquit,
2575 2345 2753 2398 mortis
2783 2349 3016 2415 facturus
3045 2355 3154 2398 erat
3201 2345 3476 2414 Apostolus
3523 2346 3739 2397 mentio-

2164 2431 2296 2476 nem.
2321 2433 2381 2468 ne
2401 2413 2513 2482 quis
2535 2414 2654 2468 hinc
2681 2413 2838 2467 Deum
2867 2413 3092 2467 Verbunt
3113 2413 3319 2485 patib'ile
3335 2430 3444 2468 esse
3465 2415 3744 2483 colligeret,

2162 2485 2426 2556 subjuugit
2447 2502 2626 2538 nomen
2645 2485 2759 2547 hoc,
2777 2485 3030 2547 Christus,
3045 2486 3182 2556 quod
3205 2495 3471 2553 utramque
3488 2495 3746 2556 naturam,

2161 2555 2440 2626 patibilem,
2464 2557 2695 2625 inquam,
2718 2565 2766 2608 et
2793 2556 3124 2626 impatibilem
3155 2555 3209 2608 in
3237 2556 3389 2626 unica
3425 2571 3644 2618 persona
3666 2555 3749 2606 de-

2162 2624 2324 2685 notat,
2352 2643 2452 2692 quo
2478 2624 2612 2678 idem
2635 2624 2878 2678 nimirum
2904 2625 3135 2678 Christus
3166 2624 3553 2693 patibilissimus
3581 2635 3632 2676 et
3655 2627 3748 2677 im-

2161 2697 2385 2766 patibilis
2422 2696 2549 2748 citra
2600 2697 2879 2758 periculum
2919 2697 3118 2766 concipi
3155 2705 3340 2763 queat;
3381 2695 3514 2748 illud
3545 2696 3747 2764 quidem

2159 2765 2441 2820 secundum
2482 2766 2758 2819 humanam
2795 2776 3028 2820 naturam
3047 2807 3061 2832 ,
3093 2765 3188 2819 hoc
3217 2782 3330 2819 vero
3357 2767 3639 2819 secundum
3670 2766 3745 2818 di-

2165 2852 2357 2890 mnam.

2240 2907 2306 2980 Et
2338 2909 2495 2975 paulo
2521 2917 2640 2976 post
2670 2906 2850 2978 (Ibid.
2882 2923 3018 2961 num.
3052 2906 3118 2980 2,)
3143 2923 3161 2960 ;
3186 2905 3250 2959 In
3268 2921 3336 2980 eo
3358 2907 3738 2980 autemlaudo,

2159 2978 2298 3046 quod
2329 2979 2704 3032 distinctionem
2736 2989 3056 3041 naturarum,
3086 2978 3362 3030 secundum
3391 2978 3673 3030 divinitatis
3701 2987 3744 3029 et

2162 3047 2491 3102 humanitatis
2523 3050 2790 3116 rationem,
2833 3047 3124 3118 harumque
3155 3049 3207 3100 in
3239 3064 3351 3118 una,
3365 3062 3583 3118 persona
3616 3063 3741 3100 con-

2151 3120 2474 3188 junctionem
2519 3121 2789 3186 prwdicas,
2827 3119 3058 3188 quodque
3107 3117 3265 3170 Deum
3313 3117 3533 3170 Verbum
3574 3119 3739 3171 altera

2161 3204 2223 3263 ea:
2249 3190 2456 3263 muliere
2486 3200 2600 3263 ortu
2625 3190 2827 3242 minime
2852 3189 3135 3263 indiguisse
3164 3189 3404 3259 afﬁrmas,
3430 3198 3476 3241 et
3497 3188 3641 3256 quod
3652 3190 3744 3263 _di-

2160 3258 2416 3312 trinitatem
2460 3261 2565 3329 pati
2603 3276 2700 3312 non
2746 3258 2981 3329 potuisse
3025 3260 3207 3312 diserte
3254 3262 3593 3330 pronuntias;
3642 3259 3748 3312 haec

2159 3330 2292 3381 enim
2322 3346 2490 3383 ret-era
2512 3339 2559 3383 et
2583 3330 2886 3389 orthodoxa.
2911 3339 2956 3383 et
2976 3333 3116 3383 vanis
3137 3331 3364 3383 omnium
3386 3329 3743 3383 ha‘reticorum

2161 3399 2294 3450 circa
2330 3399 2532 3455 Domini
2562 3411 2772 3455 naturas
2802 3401 3179 3470 opinationibus
3209 3417 3360 3468 quam
3390 3401 3615 3454 maxime
3647 3403 3741 3453 ad-

2087 3499 2133 3565 C
2162 3485 2306 3565 t'er‘s’a
2336 3482 2476 3565 sunt;

2236 3541 2432 3596 Verum
2461 3541 2628 3597 facilis
2649 3552 2730 3596 est
2751 3542 2912 3595 totius
2933 3541 3262 3596 difﬁcultatis
3284 3542 3497 3607 solutio,
3523 3541 3570 3596 si
3589 3541 3714 3595 mod

2160 3614 2511 3667 observentur
2545 3613 2650 3666 duo
2679 3630 2692 3665 :
2721 3613 2946 3666 alterum
2967 3657 2979 3679 ,
3028 3628 3220 3668 nomen
3270 3628 3519 3681 personae
3573 3611 3746 3680 accipi

2159 3697 2352 3753 posse,
2403 3693 2458 3736 et
2504 3685 2676 3751 reipsa
2729 3699 3125 3750 nonnumquam
3174 3685 3342 3753 accipi
3391 3697 3420 3735 a
3468 3681 3742 3753 Patrihus,

2159 3752 2345 3816 Sensit,
2380 3754 2421 3806 si
2457 3753 2580 3807 licet
2623 3756 2692 3806 ita
2742 3753 2917 3822 loqui,
2968 3752 3302 3823 theologica,
3339 3768 3436 3820 pro
3469 3752 3748 3823 hypostasi

2160 3833 2357 3877 natura
2382 3825 2685 3886 rationalis;
2707 3838 3104 3892 nonnumquam
3137 3822 3301 3878 sensu
3323 3822 3477 3892 quasi
3511 3822 3746 3886 forensi,

2161 3909 2261 3962 pro
2287 3911 2372 3956 eo,
2395 3895 2483 3963 qui
2504 3895 2590 3959 jus
2619 3894 2777 3947 habet
2805 3891 3354 3961 atque’auctoritatem
3380 3907 3468 3947 res
3489 3891 3746 3960 gerendi;

2159 3965 2416 4027 alterum,
2469 3963 2684 4018 diﬁ‘erre
2729 3966 3014 4032 plurimum
3055 3964 3104 4017 id
3143 3965 3283 4033 quod
3322 3972 3440 4024 est.
3488 3964 3749 4032 conjungi

2160 4047 2400 4096 naturas,
2439 4036 2525 4088 vel
2555 4038 2750 4087 assumi
2784 4043 3060 4099 naturam,
3106 4035 3172 4088 ab
3200 4049 3266 4089 eo
3297 4033 3438 4102 quod
3470 4043 3579 4099 est,
3613 4047 3747 4087 con-

2157 4105 2306 4174 jungi
2339 4121 2620 4171 personas,
2653 4105 2733 4159 vel
2763 4105 2962 4158 assumi
2992 4119 3276 4172 personam
3303 4106 3471 4158 solam
3498 4119 3512 4154 :
3539 4107 3587 4157 si
3619 4119 3753 4157 cou-

2155 4175 2450 4245 junguntur
2482 4191 2743 4241 personae,
2777 4175 2857 4227 vel
2888 4175 2999 4228 sola
3031 4189 3252 4243 persona
3296 4175 3616 4236 assumitur,
3653 4190 3750 4228 ne-

2161 4261 2261 4298 xus
2289 4256 2390 4306 est,
2420 4254 2479 4299 ut
2507 4247 2672 4308 alunt,
2700 4245 2918 4298 moralis
2943 4254 3177 4310 tantum;
3203 4245 3248 4299 si
3271 4245 3355 4299 vel
3379 4254 3590 4298 naturae
3617 4259 3748 4299 con-

2156 4315 2469 4385 junguntur,
2514 4315 2599 4369 vel
2629 4317 2917 4385 assumitur
2965 4325 3184 4379 natura,
3235 4315 3530 4385 intercedit
3573 4328 3747 4369 nexus

2161 4384 2323 4440 etiam
2348 4385 2733 4440 substantialis.
2767 4384 2833 4440 Ut
2851 4395 3025 4439 autem
3047 4397 3349 4438 assumatur
3373 4384 3607 4453 alicujus
3634 4400 3749 4453 per-

2161 4472 2293 4510 sona
2321 4500 2334 4524 ,
2381 4457 2510 4510 Satis
2555 4467 2637 4510 est
2677 4457 2720 4508 si
2765 4460 2972 4524 species
3029 4455 3144 4524 ejus
3197 4455 3471 4515 induatur,
3523 4455 3752 4523 ejusque

2162 4541 2345 4594 partes
2373 4540 2595 4595 agantur
2626 4535 2681 4578 et
2708 4527 2860 4580 locus
2893 4537 3167 4588 teneatur;
3204 4526 3297 4579 sed
3327 4528 3370 4579 si
3403 4534 3593 4577 natura
3626 4539 3752 4578 vere

2163 4597 2387 4652 dicenda
2417 4597 2484 4648 sit
2515 4597 2734 4662 assumi,
2759 4611 2978 4652 necesse
2999 4605 3081 4651 est
3105 4596 3332 4662 accidat,
3357 4596 3538 4655 ἔνωσις
3562 4601 3750 4666 φυσική

2162 4670 2246 4721 καὶ
2274 4666 2544 4726 οὐσιὼδης.
3654 4716 3656 4718 ,

2233 4737 2509 4790 Neu-arias
2537 4737 2695 4804 igitur
2725 4736 2855 4790 locis
2887 4746 3042 4790 antea
3069 4735 3246 4790 citatis
3274 4750 3522 4802 personae
3549 4749 3748 4790 nomen

2164 4807 2367 4874 accepit
2393 4807 2598 4860 forensi
2629 4823 2807 4871 more;
2835 4821 3024 4875 quare,
3051 4807 3173 4860 licet
3199 4806 3374 4874 reipsa
3404 4805 3751 4875 eonjunctio-

490 4869 720 4945 tradunt,
744 4878 938 4930 ratione
964 4877 1205 4929 nimirum
1230 4869 1621 4946 cbnjunctionis,
1651 4875 1821 4946 ut_ipsi
1843 4869 2060 4945 loquun-
2085 4869 2141 4929 Ι)
2167 4869 2624 4931 ηειιιίιειιυγθτιηη
2658 4869 3096 4941 [τιθῑθὶμιᾟίιερτει.
3129 4869 3420 4930 secundum
3455 4869 3642 4930 solum
3673 4876 3750 4929 af-

489 4961 593 5015 tur,
627 4950 679 5002 in
707 4942 866 5001 unam
888 4949 1002 5000 illos
1029 4962 1299 5015 personam
1317 4942 1646 5014 'aolligantis.
1689 4942 1830 5015 Nam
1856 4942 1968 5000 vere
1995 4947 2060 5000 il-

489 5013 590 5074 lius
619 5021 897 5074 secundum
925 5013 1160 5070 naturam
1189 5017 1393 5069 unionis
1424 5013 1566 5067 nulla
1588 5015 1728 5080 apud
1756 5013 1874 5069 illos
1904 5017 2058 5071 habe-

490 5099 575 5143 tur
599 5091 753 5155 ratio,
785 5089 983 5142 etiamsi
1008 5103 1164 5140 unant
1195 5087 1322 5139 hanc
1349 5087 1576 5156 mysterii
1591 5086 1766 5157 hujus
1782 5087 1915 5138 viam
1947 5087 2060 5155 pla-

489 5175 629 5224 nam,
658 5171 704 5214 et
735 5159 796 5212 ab
827 5160 962 5212 ontni
990 5173 1158 5211 errore
1193 5165 1352 5210 tutam
1395 5154 1702 5227 propositam
1747 5154 1984 5224 habeant,
2011 5168 2059 5210 et

492 5227 602 5283 haec
631 5231 838 5283 illarum
876 5229 1117 5282 simulata
1160 5229 1411 5297 confessio
1448 5243 1548 5280 non
1583 5235 1659 5280 est
1699 5229 1917 5292 sincera,
1966 5228 2057 5280 sed

491 5300 590 5352 atri
618 5302 790 5353 veneni
817 5300 1206 5367 imposturceque
1229 5300 1535 5369 plenaLetc.

564 5369 634 5422 Et
661 5369 900 5422 scribens
935 5371 1001 5423 ad
1032 5365 1336 5424 NeSto'rium
1361 5367 1564 5440 (Epist.
1595 5365 1630 5417 2
1652 5366 1692 5435 ),
1723 5366 2054 5440 eum__catho-

493 5437 650 5510 licam
678 5440 993 5510 sententiam
1023 5450 1348 5510 exponeret:
1370 5434 1676 5501 Asserimus,
1704 5435 1800 5510 ait,
1840 5434 2054 5510 Verbum

491 5509 635 5562 unita
660 5509 753 5562 sibi
781 5510 1056 5562 secundum
1090 5506 1403 5579 hypostasim
1429 5523 1598 5572 carne,
1642 5506 1868 5579 animata
1896 5509 2057 5579 ratio-

491 5579 598 5632 nali
643 5579 837 5643 anima,
882 5576 1229 5648 inexplicabili
1273 5576 1866 5648 incomprehensibilique
1905 5577 2054 5630 modo

493 5647 1062 5721 hominemfactum,et
1087 5649 1309 5721 hominis
1339 5647 1509 5721 ﬁlium
1537 5647 1827 5721 exstitisse,
1842 5663 1942 5700 non
1966 5663 2054 5716 per

491 5720 655 5794 solam
690 5719 993 5794 voluntatem
1016 5730 1108 5794 aut
1135 5719 1525 5787 beneplacitum,
1557 5719 1667 5775 οὐδδ
1696 5719 1764 5780 ὥς
1807 5719 1856 5772 ἕν
1882 5739 2052 5794 προσ-

491 5789 637 5859 λήψει
659 5793 938 5861 προσώπου
968 5787 1141 5859 μόνον,
1173 5798 1275 5846 etc.

2161 4947 2356 5001 fectum
2386 4960 2438 5000 et
2468 4950 2722 5001 κοινωνίαν
2750 4955 2840 5007 τῆς
2857 4949 3135 5009 adﬁatu-iac,
3165 4946 3236 5000 nil
3268 4947 3461 4998 mirmu
3492 4956 3680 5002 tamen
3707 4946 3750 4999 si
3799 4961 3806 4966 ‘

2159 5015 2352 5070 factam
2401 5018 2558 5070 simul
2609 5019 2895 5071 afﬁrmaret
2935 5019 2986 5070 in
3034 5031 3293 5083 persona,
3328 5015 3508 5070 Verbo
3541 5017 3754 5071 scilicet

2162 5087 2418 5141 induente
2447 5089 2670 5140 formam
2695 5087 2942 5152 hominis,
2969 5089 3126 5153 eique
3155 5085 3469 5156 dignitatem
3499 5102 3753 5140 commu-

2163 5161 2406 5222 nicante;
2441 5157 2515 5210 nil
2545 5161 2732 5210 mirum
2763 5172 2972 5226 quoque
2999 5159 3040 5209 si
3069 5172 3130 5211 ea
3162 5157 3228 5210 de
3258 5171 3420 5210 causa
3450 5158 3754 5223 reprehen-

2159 5241 2248 5298 sus
2279 5229 2440 5282 fuerit
2462 5246 2486 5277 ει
2511 5227 2708 5298 Cyrillo
2744 5228 2886 5280 velut
2915 5229 3221 5281 hmreticus.
3253 5226 3587 5281 Laudandus
3627 5228 3756 5282 alio-

2159 5297 2286 5421 guin
2338 5297 2603 5365 tamquam
2651 5297 2948 5351 catholicus
2996 5299 3039 5350 si
3095 5311 3289 5350 nomen
3354 5312 3646 5363 personae,
3703 5303 3758 5349 ut

2207 5370 2412 5421 vrillus.
2443 5383 2591 5421 more
2621 5367 2918 5421 theologica
2952 5369 3288 5421 sumpsisset.
3336 5367 3541 5421 Deinde
3586 5369 3758 5421 voluit

2206 5370 2412 5438 yrillus,
2443 5383 2591 5422 more
2621 5367 2918 5436 theologica
2952 5369 3288 5438 sumpsisset.
3336 5367 3541 5438 Deinde
3586 5369 3758 5421 voluit

2163 5436 2409 5506 conjungi
2460 5451 2713 5505 personas
2763 5450 3071 5491 naturarum
3118 5437 3346 5491 duarum
3399 5436 3454 5490 in
3485 5437 3757 5501 Christo,

2161 5521 2386 5574 eamque
2428 5508 2858 5584 coniunctionem
2904 5507 3114 5584 vocavit
3152 5512 3494 5584 προσςωπικὴν
3534 5509 3755 5584 famem,

2161 5589 2444 5646 propterea
2481 5578 2621 5644 quod
2664 5592 2769 5631 una
2799 5577 3018 5631 alterius
3051 5579 3172 5646 jure
3193 5577 3249 5631 'et
3278 5579 3488 5632 honore
3533 5578 3757 5633 frueba-

2164 5657 2296 5721 t_ur;_
2333 5648 2578 5721 sed_hoe
2618 5648 3017 5721 coniunctionis
3057 5663 3247 5721 genus,
3277 5651 3758 5721 quamowa'tpsmv

2160 5715 2394 5784 dicebat,
2420 5717 2651 5788 Cyrillus
2679 5715 2775 5787 pro
2803 5732 2870 5773 eo
2899 5732 2961 5772 ac
2988 5715 3191 5781 dehuit,
3223 5715 3422 5774 acriter
3453 5715 3760 5776 inseciatus
