  <div class='ocr_page' id='page_1' title='image "/cluster/home/n/w/nwhite01/storage/ocr_20150623/48/hvd.32044015471535/106.png"; bbox 0 0 3898 6276; ppageno 0'>
   <div class='ocr_carea' id='block_1_1' title="bbox 136 286 3401 375">
    <p class='ocr_par' dir='ltr' id='par_1_1' title="bbox 136 286 3401 375">
     <span class='ocr_line' id='line_1_1' title="bbox 136 286 3401 375; baseline -0.009 -1"><span class='ocrx_word' id='word_1_1' title='bbox 136 315 235 375; x_wconf 72' lang='lat'><strong>20!</strong></span> <span class='ocrx_word' id='word_1_2' title='bbox 877 298 1195 362; x_wconf 80' lang='lat' dir='ltr'><strong>NESTORII</strong></span> <span class='ocrx_word' id='word_1_3' title='bbox 1232 293 1644 358; x_wconf 75' lang='lat' dir='ltr'><strong>TRACTATUS</strong></span> <span class='ocrx_word' id='word_1_4' title='bbox 1679 289 1956 350; x_wconf 73' lang='lat' dir='ltr'><strong>CONTRA</strong></span> <span class='ocrx_word' id='word_1_5' title='bbox 1993 287 2326 349; x_wconf 66' lang='lat' dir='ltr'><strong>HIERESIM</strong></span> <span class='ocrx_word' id='word_1_6' title='bbox 2366 286 2665 347; x_wconf 79' lang='lat' dir='ltr'><strong>PELACII.</strong></span> <span class='ocrx_word' id='word_1_7' title='bbox 3294 286 3401 345; x_wconf 66' lang='lat'><strong>202</strong></span> 
     </span>
    </p>
   </div>
   <div class='ocr_carea' id='block_1_2' title="bbox 132 400 3403 493">
    <p class='ocr_par' dir='ltr' id='par_1_2' title="bbox 132 400 3403 493">
     <span class='ocr_line' id='line_1_2' title="bbox 132 400 3403 493; baseline -0.01 -5"><span class='ocrx_word' id='word_1_8' title='bbox 132 426 424 489; x_wconf 85' lang='lat' dir='ltr'><strong>familiaris,</strong></span> <span class='ocrx_word' id='word_1_9' title='bbox 452 422 547 493; x_wconf 90' lang='lat' dir='ltr'><strong>qui</strong></span> <span class='ocrx_word' id='word_1_10' title='bbox 596 420 733 477; x_wconf 89' lang='lat' dir='ltr'><strong>illud</strong></span> <span class='ocrx_word' id='word_1_11' title='bbox 780 417 1201 489; x_wconf 77' lang='lat' dir='ltr'><strong>chirographum</strong></span> <span class='ocrx_word' id='word_1_12' title='bbox 1245 413 1446 480; x_wconf 89' lang='lat' dir='ltr'><strong>solvit,</strong></span> <span class='ocrx_word' id='word_1_13' title='bbox 1474 417 1530 468; x_wconf 91' lang='lat' dir='ltr'><strong>et</strong></span> <span class='ocrx_word' id='word_1_14' title='bbox 1575 423 1699 465; x_wconf 93' lang='lat' dir='ltr'><strong>cum</strong></span> <span class='ocrx_word' id='word_1_15' title='bbox 1727 405 2074 476; x_wconf 62' lang='lat' dir='ltr'><strong>Abaptizata</strong></span> <span class='ocrx_word' id='word_1_16' title='bbox 2101 413 2338 462; x_wconf 87' lang='lat' dir='ltr'><strong>natura:</strong></span> <span class='ocrx_word' id='word_1_17' title='bbox 2368 402 2682 461; x_wconf 70' lang='lat' dir='ltr'><strong>Comitum</strong></span> <span class='ocrx_word' id='word_1_18' title='bbox 2721 416 2836 469; x_wconf 82' lang='lat' dir='ltr'><strong>nos,</strong></span> <span class='ocrx_word' id='word_1_19' title='bbox 2878 407 2929 456; x_wconf 86' lang='lat' dir='ltr'><strong>et</strong></span> <span class='ocrx_word' id='word_1_20' title='bbox 2968 400 3241 457; x_wconf 83' lang='lat' dir='ltr'><strong>consedere</strong></span> <span class='ocrx_word' id='word_1_21' title='bbox 3282 401 3403 472; x_wconf 80' lang='lat' dir='ltr'><strong>fecit</strong></span> 
     </span>
    </p>
   </div>
   <div class='ocr_carea' id='block_1_3' title="bbox 129 494 3400 595">
    <p class='ocr_par' dir='ltr' id='par_1_3' title="bbox 129 494 3400 595">
     <span class='ocr_line' id='line_1_3' title="bbox 129 494 3400 595; baseline -0.008 -17"><span class='ocrx_word' id='word_1_22' title='bbox 129 526 241 595; x_wconf 60' lang='lat' dir='ltr'><strong>&quot;ps0</strong></span> <span class='ocrx_word' id='word_1_23' title='bbox 268 520 528 577; x_wconf 63' lang='lat' dir='ltr'><strong>caelorum</strong></span> <span class='ocrx_word' id='word_1_24' title='bbox 561 515 800 571; x_wconf 84' lang='lat' dir='ltr'><strong>efﬁcitur</strong></span> <span class='ocrx_word' id='word_1_25' title='bbox 829 512 1005 568; x_wconf 86' lang='lat' dir='ltr'><strong>incola</strong></span> <span class='ocrx_word' id='word_1_26' title='bbox 1033 528 1049 567; x_wconf 90' lang='lat'><strong>:</strong></span> <span class='ocrx_word' id='word_1_27' title='bbox 1080 508 1168 565; x_wconf 84' lang='lat' dir='ltr'><strong>ubi</strong></span> <span class='ocrx_word' id='word_1_28' title='bbox 1194 508 1329 563; x_wconf 83' lang='lat' dir='ltr'><strong>enim</strong></span> <span class='ocrx_word' id='word_1_29' title='bbox 1354 521 1471 577; x_wconf 87' lang='lat' dir='ltr'><strong>ego,</strong></span> <span class='ocrx_word' id='word_1_30' title='bbox 1504 500 1702 575; x_wconf 91' lang='lat' dir='ltr'><strong>inquit,</strong></span> <span class='ocrx_word' id='word_1_31' title='bbox 1807 502 1867 595; x_wconf 78' lang='lat' dir='ltr'><strong>in</strong></span> <span class='ocrx_word' id='word_1_32' title='bbox 1893 500 2184 595; x_wconf 77' lang='lat' dir='ltr'><strong>ctzlestibus</strong></span> <span class='ocrx_word' id='word_1_33' title='bbox 2210 501 2269 557; x_wconf 82' lang='lat' dir='ltr'><strong>in</strong></span> <span class='ocrx_word' id='word_1_34' title='bbox 2296 498 2508 557; x_wconf 83' lang='lat' dir='ltr'><strong>Christo</strong></span> <span class='ocrx_word' id='word_1_35' title='bbox 2534 497 2554 569; x_wconf 91' lang='lat'>(</span> <span class='ocrx_word' id='word_1_36' title='bbox 2576 497 2775 566; x_wconf 69' lang='lat' dir='ltr'><strong>Ephes.’</strong></span> <span class='ocrx_word' id='word_1_37' title='bbox 2802 511 2864 565; x_wconf 83' lang='grc' dir='ltr'><strong>ιι,</strong></span> <span class='ocrx_word' id='word_1_38' title='bbox 2894 494 2983 568; x_wconf 84' lang='grc'><strong>6),</strong></span> <span class='ocrx_word' id='word_1_39' title='bbox 3009 494 3097 553; x_wconf 91' lang='lat' dir='ltr'><strong>cui</strong></span> <span class='ocrx_word' id='word_1_40' title='bbox 3121 502 3206 552; x_wconf 86' lang='lat' dir='ltr'><strong>est</strong></span> <span class='ocrx_word' id='word_1_41' title='bbox 3228 494 3400 566; x_wconf 85' lang='lat' dir='ltr'><strong>gloria</strong></span> 
     </span>
    </p>
   </div>
   <div class='ocr_carea' id='block_1_4' title="bbox 137 592 2115 677">
    <p class='ocr_par' dir='ltr' id='par_1_4' title="bbox 137 592 2115 677">
     <span class='ocr_line' id='line_1_4' title="bbox 137 592 2115 677; baseline -0.012 -5"><span class='ocrx_word' id='word_1_42' title='bbox 137 592 232 673; x_wconf 79' lang='lat' dir='ltr'><strong>illic</strong></span> <span class='ocrx_word' id='word_1_43' title='bbox 257 622 302 669; x_wconf 83' lang='lat' dir='ltr'><strong>et</strong></span> <span class='ocrx_word' id='word_1_44' title='bbox 331 611 565 665; x_wconf 71' lang='lat' dir='ltr'><strong>minister</strong></span> <span class='ocrx_word' id='word_1_45' title='bbox 590 624 734 662; x_wconf 83' lang='lat' dir='ltr'><strong>meus</strong></span> <span class='ocrx_word' id='word_1_46' title='bbox 761 614 834 661; x_wconf 88' lang='lat' dir='ltr'><strong>est</strong></span> <span class='ocrx_word' id='word_1_47' title='bbox 860 603 1045 677; x_wconf 79' lang='lat' dir='ltr'><strong>(Joan.</strong></span> <span class='ocrx_word' id='word_1_48' title='bbox 1075 617 1175 668; x_wconf 82' lang='lat' dir='ltr'><strong>xu,</strong></span> <span class='ocrx_word' id='word_1_49' title='bbox 1204 600 1324 672; x_wconf 73' lang='lat'><strong>26).</strong></span> <span class='ocrx_word' id='word_1_50' title='bbox 1808 594 1864 650; x_wconf 87' lang='lat' dir='ltr'><strong>in</strong></span> <span class='ocrx_word' id='word_1_51' title='bbox 1892 592 2115 650; x_wconf 69' lang='lat' dir='ltr'><strong>saecula.</strong></span> 
     </span>
    </p>
   </div>
   <div class='ocr_carea' id='block_1_5' title="bbox 200 693 1703 763">
    <p class='ocr_par' dir='ltr' id='par_1_5' title="bbox 200 693 1703 763">
     <span class='ocr_line' id='line_1_5' title="bbox 200 693 1703 763; baseline -0.013 0"><span class='ocrx_word' id='word_1_52' title='bbox 200 706 282 763; x_wconf 83' lang='lat' dir='ltr'><strong>lo.</strong></span> <span class='ocrx_word' id='word_1_53' title='bbox 321 703 497 759; x_wconf 75' lang='lat' dir='ltr'><strong>Manet</strong></span> <span class='ocrx_word' id='word_1_54' title='bbox 522 709 703 755; x_wconf 89' lang='lat' dir='ltr'><strong>autem</strong></span> <span class='ocrx_word' id='word_1_55' title='bbox 726 696 938 754; x_wconf 90' lang='lat' dir='ltr'><strong>debitor</strong></span> <span class='ocrx_word' id='word_1_56' title='bbox 961 693 1403 761; x_wconf 72' lang='lat' dir='ltr'><strong>catechumenos,</strong></span> <span class='ocrx_word' id='word_1_57' title='bbox 1434 699 1703 762; x_wconf 88' lang='lat' dir='ltr'><strong>tamquam</strong></span> 
     </span>
    </p>
   </div>
   <div class='ocr_carea' id='block_1_6' title="bbox 136 781 1705 870">
    <p class='ocr_par' dir='ltr' id='par_1_6' title="bbox 136 781 1705 870">
     <span class='ocr_line' id='line_1_6' title="bbox 136 781 1705 870; baseline -0.011 -17"><span class='ocrx_word' id='word_1_58' title='bbox 136 801 239 870; x_wconf 79' lang='lat' dir='ltr'><strong>ejus</strong></span> <span class='ocrx_word' id='word_1_59' title='bbox 276 794 363 863; x_wconf 89' lang='lat' dir='ltr'><strong>qui</strong></span> <span class='ocrx_word' id='word_1_60' title='bbox 402 792 686 848; x_wconf 86' lang='lat' dir='ltr'><strong>evacuavit</strong></span> <span class='ocrx_word' id='word_1_61' title='bbox 729 786 1170 859; x_wconf 71' lang='lat' dir='ltr'><strong>chirographum,</strong></span> <span class='ocrx_word' id='word_1_62' title='bbox 1210 784 1453 849; x_wconf 89' lang='lat' dir='ltr'><strong>alienus;</strong></span> <span class='ocrx_word' id='word_1_63' title='bbox 1491 792 1519 821; x_wconf 81' lang='grc' dir='ltr'>ι</span> <span class='ocrx_word' id='word_1_64' title='bbox 1549 781 1705 851; x_wconf 86' lang='lat' dir='ltr'><strong>cujus</strong></span> 
     </span>
    </p>
   </div>
   <div class='ocr_carea' id='block_1_7' title="bbox 138 873 1707 950">
    <p class='ocr_par' dir='ltr' id='par_1_7' title="bbox 138 873 1707 950">
     <span class='ocr_line' id='line_1_7' title="bbox 138 873 1707 950; baseline -0.01 -6"><span class='ocrx_word' id='word_1_65' title='bbox 138 891 293 944; x_wconf 77' lang='lat' dir='ltr'><strong>anima</strong></span> <span class='ocrx_word' id='word_1_66' title='bbox 323 899 443 940; x_wconf 89' lang='lat' dir='ltr'><strong>cum</strong></span> <span class='ocrx_word' id='word_1_67' title='bbox 474 883 545 938; x_wconf 87' lang='lat' dir='ltr'><strong>de</strong></span> <span class='ocrx_word' id='word_1_68' title='bbox 571 895 737 937; x_wconf 88' lang='lat' dir='ltr'><strong>carne</strong></span> <span class='ocrx_word' id='word_1_69' title='bbox 767 878 1102 950; x_wconf 72' lang='lat' dir='ltr'><strong>migraverit,</strong></span> <span class='ocrx_word' id='word_1_70' title='bbox 1130 876 1338 947; x_wconf 83' lang='lat' dir='ltr'><strong>angelis</strong></span> <span class='ocrx_word' id='word_1_71' title='bbox 1370 873 1707 946; x_wconf 87' lang='lat' dir='ltr'><strong>perducturi-</strong></span> 
     </span>
    </p>
   </div>
   <div class='ocr_carea' id='block_1_8' title="bbox 138 968 1702 1045">
    <p class='ocr_par' dir='ltr' id='par_1_8' title="bbox 138 968 1702 1045">
     <span class='ocr_line' id='line_1_8' title="bbox 138 968 1702 1045; baseline -0.011 -7"><span class='ocrx_word' id='word_1_72' title='bbox 138 987 222 1039; x_wconf 82' lang='lat' dir='ltr'><strong>hus</strong></span> <span class='ocrx_word' id='word_1_73' title='bbox 243 980 540 1036; x_wconf 82' lang='lat' dir='ltr'><strong>animarum</strong></span> <span class='ocrx_word' id='word_1_74' title='bbox 571 991 632 1032; x_wconf 86' lang='lat' dir='ltr'><strong>se</strong></span> <span class='ocrx_word' id='word_1_75' title='bbox 649 975 999 1045; x_wconf 73' lang='lat' dir='ltr'><strong>interponens</strong></span> <span class='ocrx_word' id='word_1_76' title='bbox 1016 970 1289 1039; x_wconf 82' lang='lat' dir='ltr'><strong>diabolus,</strong></span> <span class='ocrx_word' id='word_1_77' title='bbox 1316 968 1484 1035; x_wconf 84' lang='lat' dir='ltr'><strong>lianc,</strong></span> <span class='ocrx_word' id='word_1_78' title='bbox 1510 968 1702 1040; x_wconf 91' lang='lat' dir='ltr'><strong>inquit,</strong></span> 
     </span>
    </p>
   </div>
   <div class='ocr_carea' id='block_1_9' title="bbox 137 1059 1701 1135">
    <p class='ocr_par' dir='ltr' id='par_1_9' title="bbox 137 1059 1701 1135">
     <span class='ocr_line' id='line_1_9' title="bbox 137 1059 1701 1135; baseline -0.01 -5"><span class='ocrx_word' id='word_1_79' title='bbox 137 1090 290 1132; x_wconf 83' lang='lat' dir='ltr'><strong>meam</strong></span> <span class='ocrx_word' id='word_1_80' title='bbox 314 1078 617 1127; x_wconf 79' lang='lat' dir='ltr'><strong>exstantem</strong></span> <span class='ocrx_word' id='word_1_81' title='bbox 654 1082 755 1123; x_wconf 91' lang='lat' dir='ltr'><strong>cur</strong></span> <span class='ocrx_word' id='word_1_82' title='bbox 796 1064 1010 1135; x_wconf 89' lang='lat' dir='ltr'><strong>eripitis</strong></span> <span class='ocrx_word' id='word_1_83' title='bbox 1049 1063 1325 1118; x_wconf 77' lang='lat' dir='ltr'><strong>animam?</strong></span> <span class='ocrx_word' id='word_1_84' title='bbox 1371 1060 1545 1118; x_wconf 73' lang='lat' dir='ltr'><strong>Meum</strong></span> <span class='ocrx_word' id='word_1_85' title='bbox 1590 1059 1701 1130; x_wconf 86' lang='lat' dir='ltr'><strong>jus,</strong></span> 
     </span>
    </p>
   </div>
   <div class='ocr_carea' id='block_1_10' title="bbox 141 1153 1704 1233">
    <p class='ocr_par' dir='ltr' id='par_1_10' title="bbox 141 1153 1704 1233">
     <span class='ocr_line' id='line_1_10' title="bbox 141 1153 1704 1233; baseline -0.013 -7"><span class='ocrx_word' id='word_1_86' title='bbox 141 1183 290 1225; x_wconf 75' lang='lat' dir='ltr'><strong>meam</strong></span> <span class='ocrx_word' id='word_1_87' title='bbox 319 1163 578 1220; x_wconf 78' lang='lat' dir='ltr'><strong>invaditis</strong></span> <span class='ocrx_word' id='word_1_88' title='bbox 617 1160 1045 1233; x_wconf 89' lang='lat' dir='ltr'><strong>possessionem,</strong></span> <span class='ocrx_word' id='word_1_89' title='bbox 1088 1171 1239 1212; x_wconf 87' lang='lat' dir='ltr'><strong>meos</strong></span> <span class='ocrx_word' id='word_1_90' title='bbox 1269 1154 1523 1211; x_wconf 78' lang='lat' dir='ltr'><strong>invaditis</strong></span> <span class='ocrx_word' id='word_1_91' title='bbox 1548 1153 1704 1210; x_wconf 88' lang='lat' dir='ltr'><strong>debi-</strong></span> 
     </span>
    </p>
   </div>
   <div class='ocr_carea' id='block_1_11' title="bbox 141 1245 1703 1323">
    <p class='ocr_par' dir='ltr' id='par_1_11' title="bbox 141 1245 1703 1323">
     <span class='ocr_line' id='line_1_11' title="bbox 141 1245 1703 1323; baseline -0.011 -5"><span class='ocrx_word' id='word_1_92' title='bbox 141 1272 297 1323; x_wconf 84' lang='lat' dir='ltr'><strong>tores;</strong></span> <span class='ocrx_word' id='word_1_93' title='bbox 323 1267 377 1313; x_wconf 89' lang='lat' dir='ltr'><strong>et</strong></span> <span class='ocrx_word' id='word_1_94' title='bbox 415 1256 464 1311; x_wconf 92' lang='lat' dir='ltr'><strong>si</strong></span> <span class='ocrx_word' id='word_1_95' title='bbox 494 1253 663 1312; x_wconf 88' lang='lat' dir='ltr'><strong>etiam</strong></span> <span class='ocrx_word' id='word_1_96' title='bbox 699 1252 756 1309; x_wconf 93' lang='lat' dir='ltr'><strong>id</strong></span> <span class='ocrx_word' id='word_1_97' title='bbox 782 1250 1020 1320; x_wconf 91' lang='lat' dir='ltr'><strong>videtur,</strong></span> <span class='ocrx_word' id='word_1_98' title='bbox 1046 1249 1190 1321; x_wconf 92' lang='lat' dir='ltr'><strong>quod</strong></span> <span class='ocrx_word' id='word_1_99' title='bbox 1221 1249 1281 1303; x_wconf 90' lang='lat' dir='ltr'><strong>ﬁt</strong></span> <span class='ocrx_word' id='word_1_100' title='bbox 1314 1246 1455 1317; x_wconf 90' lang='lat' dir='ltr'><strong>apud</strong></span> <span class='ocrx_word' id='word_1_101' title='bbox 1485 1245 1703 1320; x_wconf 83' lang='lat' dir='ltr'><strong>[Baluz.</strong></span> 
     </span>
    </p>
   </div>
   <div class='ocr_carea' id='block_1_12' title="bbox 142 1335 1707 1414">
    <p class='ocr_par' dir='ltr' id='par_1_12' title="bbox 142 1335 1707 1414">
     <span class='ocr_line' id='line_1_12' title="bbox 142 1335 1707 1414; baseline -0.012 -4"><span class='ocrx_word' id='word_1_102' title='bbox 142 1354 261 1410; x_wconf 86' lang='lat' dir='ltr'><strong>sicut</strong></span> <span class='ocrx_word' id='word_1_103' title='bbox 276 1348 436 1405; x_wconf 86' lang='lat' dir='ltr'><strong>etiam</strong></span> <span class='ocrx_word' id='word_1_104' title='bbox 480 1344 698 1402; x_wconf 89' lang='lat' dir='ltr'><strong>videtur</strong></span> <span class='ocrx_word' id='word_1_105' title='bbox 742 1340 919 1414; x_wconf 87' lang='lat' dir='ltr'><strong>apud]</strong></span> <span class='ocrx_word' id='word_1_106' title='bbox 941 1340 1213 1405; x_wconf 79' lang='lat' dir='ltr'><strong>homines,</strong></span> <span class='ocrx_word' id='word_1_107' title='bbox 1258 1338 1451 1394; x_wconf 86' lang='lat' dir='ltr'><strong>melior</strong></span> <span class='ocrx_word' id='word_1_108' title='bbox 1482 1337 1597 1391; x_wconf 70' lang='lat' dir='ltr'><strong>haec</strong></span> <span class='ocrx_word' id='word_1_109' title='bbox 1638 1335 1707 1393; x_wconf 82' lang='lat' dir='ltr'><strong>de</strong></span> 
     </span>
    </p>
   </div>
   <div class='ocr_carea' id='block_1_13' title="bbox 143 1428 1708 1504">
    <p class='ocr_par' dir='ltr' id='par_1_13' title="bbox 143 1428 1708 1504">
     <span class='ocr_line' id='line_1_13' title="bbox 143 1428 1708 1504; baseline -0.012 -1"><span class='ocrx_word' id='word_1_110' title='bbox 143 1440 517 1503; x_wconf 81' lang='lat' dir='ltr'><strong>catechumenis</strong></span> <span class='ocrx_word' id='word_1_111' title='bbox 540 1437 722 1494; x_wconf 83' lang='lat' dir='ltr'><strong>oratio</strong></span> <span class='ocrx_word' id='word_1_112' title='bbox 743 1433 1031 1501; x_wconf 86' lang='lat' dir='ltr'><strong>obtinebit,</strong></span> <span class='ocrx_word' id='word_1_113' title='bbox 1054 1431 1287 1488; x_wconf 86' lang='lat' dir='ltr'><strong>addente</strong></span> <span class='ocrx_word' id='word_1_114' title='bbox 1311 1429 1536 1504; x_wconf 78' lang='lat' dir='ltr'><strong>[Baluz.</strong></span> <span class='ocrx_word' id='word_1_115' title='bbox 1567 1428 1708 1485; x_wconf 91' lang='lat' dir='ltr'><strong>obti-</strong></span> 
     </span>
    </p>
   </div>
   <div class='ocr_carea' id='block_1_14' title="bbox 144 1522 1708 1604">
    <p class='ocr_par' dir='ltr' id='par_1_14' title="bbox 144 1522 1708 1604">
     <span class='ocr_line' id='line_1_14' title="bbox 144 1522 1708 1604; baseline -0.012 -9"><span class='ocrx_word' id='word_1_116' title='bbox 144 1549 235 1604; x_wconf 80' lang='lat' dir='ltr'><strong>net,</strong></span> <span class='ocrx_word' id='word_1_117' title='bbox 262 1536 369 1590; x_wconf 59' lang='lat' dir='ltr'><strong>haec</strong></span> <span class='ocrx_word' id='word_1_118' title='bbox 395 1529 665 1602; x_wconf 89' lang='lat' dir='ltr'><strong>addente]</strong></span> <span class='ocrx_word' id='word_1_119' title='bbox 693 1528 949 1586; x_wconf 90' lang='lat' dir='ltr'><strong>diabolo:</strong></span> <span class='ocrx_word' id='word_1_120' title='bbox 973 1526 1059 1583; x_wconf 83' lang='lat' dir='ltr'><strong>illi</strong></span> <span class='ocrx_word' id='word_1_121' title='bbox 1080 1526 1161 1583; x_wconf 90' lang='lat' dir='ltr'><strong>eis</strong></span> <span class='ocrx_word' id='word_1_122' title='bbox 1188 1526 1241 1580; x_wconf 90' lang='lat' dir='ltr'><strong>in</strong></span> <span class='ocrx_word' id='word_1_123' title='bbox 1268 1523 1430 1580; x_wconf 87' lang='lat' dir='ltr'><strong>terris</strong></span> <span class='ocrx_word' id='word_1_124' title='bbox 1452 1522 1708 1580; x_wconf 88' lang='lat' dir='ltr'><strong>ecclesia-</strong></span> 
     </span>
    </p>
   </div>
   <div class='ocr_carea' id='block_1_15' title="bbox 145 1616 1705 1697">
    <p class='ocr_par' dir='ltr' id='par_1_15' title="bbox 145 1616 1705 1697">
     <span class='ocr_line' id='line_1_15' title="bbox 145 1616 1705 1697; baseline -0.011 -11"><span class='ocrx_word' id='word_1_125' title='bbox 145 1643 243 1686; x_wconf 76' lang='lat' dir='ltr'><strong>rum</strong></span> <span class='ocrx_word' id='word_1_126' title='bbox 278 1626 471 1697; x_wconf 82' lang='lat' dir='ltr'><strong>ianuas</strong></span> <span class='ocrx_word' id='word_1_127' title='bbox 508 1622 802 1687; x_wconf 91' lang='lat' dir='ltr'><strong>claudunt;</strong></span> <span class='ocrx_word' id='word_1_128' title='bbox 852 1633 954 1675; x_wconf 90' lang='lat' dir='ltr'><strong>vos</strong></span> <span class='ocrx_word' id='word_1_129' title='bbox 979 1625 1161 1674; x_wconf 91' lang='lat' dir='ltr'><strong>autem</strong></span> <span class='ocrx_word' id='word_1_130' title='bbox 1201 1616 1269 1672; x_wconf 88' lang='lat' dir='ltr'><strong>ad</strong></span> <span class='ocrx_word' id='word_1_131' title='bbox 1296 1630 1486 1672; x_wconf 91' lang='lat' dir='ltr'><strong>eorum</strong></span> <span class='ocrx_word' id='word_1_132' title='bbox 1516 1626 1705 1671; x_wconf 84' lang='lat' dir='ltr'><strong>susce-</strong></span> 
     </span>
    </p>
   </div>
   <div class='ocr_carea' id='block_1_16' title="bbox 146 1709 1703 1793">
    <p class='ocr_par' dir='ltr' id='par_1_16' title="bbox 146 1709 1703 1793">
     <span class='ocr_line' id='line_1_16' title="bbox 146 1709 1703 1793; baseline -0.008 -16"><span class='ocrx_word' id='word_1_133' title='bbox 146 1723 350 1793; x_wconf 84' lang='lat' dir='ltr'><strong>ptionem</strong></span> <span class='ocrx_word' id='word_1_134' title='bbox 368 1718 437 1775; x_wconf 91' lang='lat' dir='ltr'><strong>de</strong></span> <span class='ocrx_word' id='word_1_135' title='bbox 462 1716 619 1774; x_wconf 63' lang='lat' dir='ltr'><strong>culis</strong></span> <span class='ocrx_word' id='word_1_136' title='bbox 646 1713 956 1773; x_wconf 89' lang='lat' dir='ltr'><strong>occurritis.</strong></span> <span class='ocrx_word' id='word_1_137' title='bbox 984 1712 1101 1770; x_wconf 79' lang='lat' dir='ltr'><strong>Juri</strong></span> <span class='ocrx_word' id='word_1_138' title='bbox 1130 1724 1275 1779; x_wconf 90' lang='lat' dir='ltr'><strong>meo,</strong></span> <span class='ocrx_word' id='word_1_139' title='bbox 1302 1725 1337 1767; x_wconf 95' lang='lat' dir='ltr'><strong>o</strong></span> <span class='ocrx_word' id='word_1_140' title='bbox 1362 1709 1561 1781; x_wconf 87' lang='lat' dir='ltr'><strong>angeli,</strong></span> <span class='ocrx_word' id='word_1_141' title='bbox 1595 1709 1703 1765; x_wconf 86' lang='lat' dir='ltr'><strong>vim</strong></span> 
     </span>
    </p>
   </div>
   <div class='ocr_carea' id='block_1_17' title="bbox 146 1809 634 1873">
    <p class='ocr_par' dir='ltr' id='par_1_17' title="bbox 146 1809 634 1873">
     <span class='ocr_line' id='line_1_17' title="bbox 146 1809 634 1873; baseline -0.016 0"><span class='ocrx_word' id='word_1_142' title='bbox 146 1816 315 1873; x_wconf 83' lang='lat' dir='ltr'><strong>inferre</strong></span> <span class='ocrx_word' id='word_1_143' title='bbox 338 1809 634 1870; x_wconf 88' lang='lat' dir='ltr'><strong>conamini.</strong></span> 
     </span>
    </p>
   </div>
   <div class='ocr_carea' id='block_1_18' title="bbox 204 1896 1706 1975">
    <p class='ocr_par' dir='ltr' id='par_1_18' title="bbox 204 1896 1706 1975">
     <span class='ocr_line' id='line_1_18' title="bbox 204 1896 1706 1975; baseline -0.006 -11"><span class='ocrx_word' id='word_1_144' title='bbox 204 1908 279 1964; x_wconf 81' lang='lat' dir='ltr'><strong>ll.</strong></span> <span class='ocrx_word' id='word_1_145' title='bbox 316 1906 452 1975; x_wconf 86' lang='lat' dir='ltr'><strong>Quid</strong></span> <span class='ocrx_word' id='word_1_146' title='bbox 489 1904 637 1960; x_wconf 85' lang='lat' dir='ltr'><strong>enim</strong></span> <span class='ocrx_word' id='word_1_147' title='bbox 682 1901 839 1958; x_wconf 86' lang='lat' dir='ltr'><strong>vobis</strong></span> <span class='ocrx_word' id='word_1_148' title='bbox 876 1914 1000 1957; x_wconf 91' lang='lat' dir='ltr'><strong>cum</strong></span> <span class='ocrx_word' id='word_1_149' title='bbox 1041 1898 1447 1957; x_wconf 87' lang='lat' dir='ltr'><strong>catechumenis</strong></span> <span class='ocrx_word' id='word_1_150' title='bbox 1489 1896 1706 1955; x_wconf 88' lang='lat' dir='ltr'><strong>videtur</strong></span> 
     </span>
    </p>
   </div>
   <div class='ocr_carea' id='block_1_19' title="bbox 146 1990 1703 2064">
    <p class='ocr_par' dir='ltr' id='par_1_19' title="bbox 146 1990 1703 2064">
     <span class='ocr_line' id='line_1_19' title="bbox 146 1990 1703 2064; baseline -0.006 -8"><span class='ocrx_word' id='word_1_151' title='bbox 146 2013 248 2057; x_wconf 83' lang='lat' dir='ltr'><strong>esse</strong></span> <span class='ocrx_word' id='word_1_152' title='bbox 268 1996 586 2054; x_wconf 73' lang='lat' dir='ltr'><strong>commune?</strong></span> <span class='ocrx_word' id='word_1_153' title='bbox 624 1993 744 2051; x_wconf 84' lang='lat' dir='ltr'><strong>Non</strong></span> <span class='ocrx_word' id='word_1_154' title='bbox 778 2001 906 2050; x_wconf 88' lang='lat' dir='ltr'><strong>sunt</strong></span> <span class='ocrx_word' id='word_1_155' title='bbox 933 1994 1109 2050; x_wconf 88' lang='lat' dir='ltr'><strong>renati</strong></span> <span class='ocrx_word' id='word_1_156' title='bbox 1137 2007 1204 2049; x_wconf 82' lang='lat' dir='ltr'><strong>ex</strong></span> <span class='ocrx_word' id='word_1_157' title='bbox 1230 2006 1369 2064; x_wconf 89' lang='lat' dir='ltr'><strong>aqua</strong></span> <span class='ocrx_word' id='word_1_158' title='bbox 1394 2000 1450 2048; x_wconf 88' lang='lat' dir='ltr'><strong>et</strong></span> <span class='ocrx_word' id='word_1_159' title='bbox 1469 1990 1661 2063; x_wconf 88' lang='lat' dir='ltr'><strong>spiritu</strong></span> <span class='ocrx_word' id='word_1_160' title='bbox 1686 2033 1703 2061; x_wconf 93' lang='lat'><strong>,</strong></span> 
     </span>
    </p>
   </div>
   <div class='ocr_carea' id='block_1_20' title="bbox 146 2084 1707 2163">
    <p class='ocr_par' dir='ltr' id='par_1_20' title="bbox 146 2084 1707 2163">
     <span class='ocr_line' id='line_1_20' title="bbox 146 2084 1707 2163; baseline -0.004 -14"><span class='ocrx_word' id='word_1_161' title='bbox 146 2103 197 2149; x_wconf 90' lang='lat' dir='ltr'><strong>ut</strong></span> <span class='ocrx_word' id='word_1_162' title='bbox 218 2091 567 2163; x_wconf 87' lang='lat' dir='ltr'><strong>perducantur</strong></span> <span class='ocrx_word' id='word_1_163' title='bbox 593 2103 625 2144; x_wconf 90' lang='lat' dir='ltr'><strong>a</strong></span> <span class='ocrx_word' id='word_1_164' title='bbox 665 2087 821 2144; x_wconf 87' lang='lat' dir='ltr'><strong>vobis</strong></span> <span class='ocrx_word' id='word_1_165' title='bbox 858 2086 927 2145; x_wconf 89' lang='lat' dir='ltr'><strong>ad</strong></span> <span class='ocrx_word' id='word_1_166' title='bbox 979 2100 1148 2158; x_wconf 86' lang='lat' dir='ltr'><strong>regna</strong></span> <span class='ocrx_word' id='word_1_167' title='bbox 1189 2085 1477 2142; x_wconf 64' lang='lat' dir='ltr'><strong>caelorum.</strong></span> <span class='ocrx_word' id='word_1_168' title='bbox 1519 2084 1707 2142; x_wconf 65' lang='lat' dir='ltr'><strong>Haere-</strong></span> 
     </span>
    </p>
   </div>
   <div class='ocr_carea' id='block_1_21' title="bbox 146 2181 1701 2255">
    <p class='ocr_par' dir='ltr' id='par_1_21' title="bbox 146 2181 1701 2255">
     <span class='ocr_line' id='line_1_21' title="bbox 146 2181 1701 2255; baseline -0.003 -12"><span class='ocrx_word' id='word_1_169' title='bbox 146 2186 301 2253; x_wconf 85' lang='lat' dir='ltr'><strong>ditati,</strong></span> <span class='ocrx_word' id='word_1_170' title='bbox 340 2199 459 2255; x_wconf 67' lang='lat' dir='ltr'><strong>quae</strong></span> <span class='ocrx_word' id='word_1_171' title='bbox 486 2182 726 2240; x_wconf 82' lang='lat' dir='ltr'><strong>obnoxia</strong></span> <span class='ocrx_word' id='word_1_172' title='bbox 760 2181 893 2239; x_wconf 89' lang='lat' dir='ltr'><strong>mihi</strong></span> <span class='ocrx_word' id='word_1_173' title='bbox 938 2190 1052 2246; x_wconf 87' lang='lat' dir='ltr'><strong>est,</strong></span> <span class='ocrx_word' id='word_1_174' title='bbox 1099 2195 1208 2238; x_wconf 90' lang='lat' dir='ltr'><strong>non</strong></span> <span class='ocrx_word' id='word_1_175' title='bbox 1237 2181 1701 2238; x_wconf 89' lang='lat' dir='ltr'><strong>renuntiaverunt.</strong></span> 
     </span>
    </p>
   </div>
   <div class='ocr_carea' id='block_1_22' title="bbox 147 2272 1709 2348">
    <p class='ocr_par' dir='ltr' id='par_1_22' title="bbox 147 2272 1709 2348">
     <span class='ocr_line' id='line_1_22' title="bbox 147 2272 1709 2348; baseline -0.004 -13"><span class='ocrx_word' id='word_1_176' title='bbox 147 2277 171 2319; x_wconf 72' lang='grc' dir='ltr'>δ</span> <span class='ocrx_word' id='word_1_177' title='bbox 192 2277 523 2335; x_wconf 77' lang='lat' dir='ltr'><strong>Evcctionem</strong></span> <span class='ocrx_word' id='word_1_178' title='bbox 554 2276 759 2348; x_wconf 90' lang='lat' dir='ltr'><strong>regiam</strong></span> <span class='ocrx_word' id='word_1_179' title='bbox 780 2290 892 2331; x_wconf 90' lang='lat' dir='ltr'><strong>non</strong></span> <span class='ocrx_word' id='word_1_180' title='bbox 914 2272 1193 2339; x_wconf 87' lang='lat' dir='ltr'><strong>habentes,</strong></span> <span class='ocrx_word' id='word_1_181' title='bbox 1217 2286 1379 2330; x_wconf 87' lang='lat' dir='ltr'><strong>cursu</strong></span> <span class='ocrx_word' id='word_1_182' title='bbox 1404 2272 1575 2345; x_wconf 88' lang='lat' dir='ltr'><strong>regali</strong></span> <span class='ocrx_word' id='word_1_183' title='bbox 1603 2272 1709 2330; x_wconf 90' lang='lat' dir='ltr'><strong>iter</strong></span> 
     </span>
    </p>
   </div>
   <div class='ocr_carea' id='block_1_23' title="bbox 147 2368 773 2445">
    <p class='ocr_par' dir='ltr' id='par_1_23' title="bbox 147 2368 773 2445">
     <span class='ocr_line' id='line_1_23' title="bbox 147 2368 773 2445; baseline -0.006 -16"><span class='ocrx_word' id='word_1_184' title='bbox 147 2387 240 2445; x_wconf 83' lang='lat' dir='ltr'><strong>quo</strong></span> <span class='ocrx_word' id='word_1_185' title='bbox 263 2380 412 2444; x_wconf 86' lang='lat' dir='ltr'><strong>pacto</strong></span> <span class='ocrx_word' id='word_1_186' title='bbox 439 2368 773 2427; x_wconf 84' lang='lat' dir='ltr'><strong>conﬁcient?</strong></span> 
     </span>
    </p>
   </div>
   <div class='ocr_carea' id='block_1_24' title="bbox 206 2459 1708 2523">
    <p class='ocr_par' dir='ltr' id='par_1_24' title="bbox 206 2459 1708 2523">
     <span class='ocr_line' id='line_1_24' title="bbox 206 2459 1708 2523; baseline -0.003 -3"><span class='ocrx_word' id='word_1_187' title='bbox 206 2465 286 2521; x_wconf 73' lang='grc'><strong>12.</strong></span> <span class='ocrx_word' id='word_1_188' title='bbox 321 2463 425 2523; x_wconf 89' lang='lat' dir='ltr'><strong>Sed</strong></span> <span class='ocrx_word' id='word_1_189' title='bbox 455 2465 541 2519; x_wconf 71' lang='lat' dir='ltr'><strong>ha:</strong></span> <span class='ocrx_word' id='word_1_190' title='bbox 580 2477 727 2519; x_wconf 88' lang='lat' dir='ltr'><strong>nunc</strong></span> <span class='ocrx_word' id='word_1_191' title='bbox 762 2459 967 2519; x_wconf 86' lang='lat' dir='ltr'><strong>diaboli</strong></span> <span class='ocrx_word' id='word_1_192' title='bbox 1012 2460 1276 2518; x_wconf 89' lang='lat' dir='ltr'><strong>adversus</strong></span> <span class='ocrx_word' id='word_1_193' title='bbox 1318 2468 1564 2518; x_wconf 90' lang='lat' dir='ltr'><strong>naturam</strong></span> <span class='ocrx_word' id='word_1_194' title='bbox 1610 2461 1708 2517; x_wconf 78' lang='lat' dir='ltr'><strong>ob-</strong></span> 
     </span>
    </p>
   </div>
   <div class='ocr_carea' id='block_1_25' title="bbox 148 2552 1710 2629">
    <p class='ocr_par' dir='ltr' id='par_1_25' title="bbox 148 2552 1710 2629">
     <span class='ocr_line' id='line_1_25' title="bbox 148 2552 1710 2629; baseline -0.004 -13"><span class='ocrx_word' id='word_1_195' title='bbox 148 2568 369 2617; x_wconf 84' lang='lat' dir='ltr'><strong>matucre</strong></span> <span class='ocrx_word' id='word_1_196' title='bbox 396 2555 775 2629; x_wconf 87' lang='lat' dir='ltr'><strong>allegationes,</strong></span> <span class='ocrx_word' id='word_1_197' title='bbox 812 2553 901 2611; x_wconf 90' lang='lat' dir='ltr'><strong>cui</strong></span> <span class='ocrx_word' id='word_1_198' title='bbox 928 2567 1052 2610; x_wconf 90' lang='lat' dir='ltr'><strong>cum</strong></span> <span class='ocrx_word' id='word_1_199' title='bbox 1081 2552 1277 2610; x_wconf 90' lang='lat' dir='ltr'><strong>ﬁducia</strong></span> <span class='ocrx_word' id='word_1_200' title='bbox 1303 2553 1574 2610; x_wconf 89' lang='lat' dir='ltr'><strong>reclamat</strong></span> <span class='ocrx_word' id='word_1_201' title='bbox 1618 2553 1710 2611; x_wconf 86' lang='lat' dir='ltr'><strong>illa</strong></span> 
     </span>
    </p>
   </div>
   <div class='ocr_carea' id='block_1_26' title="bbox 2416 682 2793 743">
    <p class='ocr_par' dir='ltr' id='par_1_26' title="bbox 2416 682 2793 743">
     <span class='ocr_line' id='line_1_26' title="bbox 2416 682 2793 743; baseline -0.013 0"><span class='ocrx_word' id='word_1_202' title='bbox 2416 683 2652 743; x_wconf 75' lang='lat' dir='ltr'><strong>SERMO</strong></span> <span class='ocrx_word' id='word_1_203' title='bbox 2697 682 2793 740; x_wconf 80' lang='lat' dir='ltr'><strong>lli.</strong></span> 
     </span>
    </p>
   </div>
   <div class='ocr_carea' id='block_1_27' title="bbox 1809 772 3398 850">
    <p class='ocr_par' dir='ltr' id='par_1_27' title="bbox 1809 772 3398 850">
     <span class='ocr_line' id='line_1_27' title="bbox 1809 772 3398 850; baseline -0.004 -17"><span class='ocrx_word' id='word_1_204' title='bbox 1809 778 1945 835; x_wconf 85' lang='lat' dir='ltr'><strong>Item</strong></span> <span class='ocrx_word' id='word_1_205' title='bbox 1970 788 1995 820; x_wconf 68' lang='grc' dir='ltr'><strong>ε</strong></span> <span class='ocrx_word' id='word_1_206' title='bbox 2038 778 2281 850; x_wconf 80' lang='lat' dir='ltr'><strong>ejusdem</strong></span> <span class='ocrx_word' id='word_1_207' title='bbox 2297 785 2547 850; x_wconf 79' lang='lat' dir='ltr'><strong>tractatus</strong></span> <span class='ocrx_word' id='word_1_208' title='bbox 2574 772 2684 850; x_wconf 47' lang='lat' dir='ltr'><strong>in}1</strong></span> <span class='ocrx_word' id='word_1_209' title='bbox 2702 775 2919 850; x_wconf 78' lang='lat' dir='ltr'><strong>ecclesia</strong></span> <span class='ocrx_word' id='word_1_210' title='bbox 2944 774 3147 845; x_wconf 79' lang='lat' dir='ltr'><strong>publice</strong></span> <span class='ocrx_word' id='word_1_211' title='bbox 3171 772 3398 842; x_wconf 82' lang='lat' dir='ltr'><strong>habitus,</strong></span> 
     </span>
    </p>
   </div>
   <div class='ocr_carea' id='block_1_28' title="bbox 2094 845 3120 922">
    <p class='ocr_par' dir='ltr' id='par_1_28' title="bbox 2094 845 3120 922">
     <span class='ocr_line' id='line_1_28' title="bbox 2094 845 3120 922; baseline -0.006 -17"><span class='ocrx_word' id='word_1_212' title='bbox 2094 852 2248 922; x_wconf 82' lang='lat' dir='ltr'><strong>cujus</strong></span> <span class='ocrx_word' id='word_1_213' title='bbox 2266 849 2475 906; x_wconf 83' lang='lat' dir='ltr'><strong>initium</strong></span> <span class='ocrx_word' id='word_1_214' title='bbox 2498 859 2595 916; x_wconf 88' lang='lat' dir='ltr'><strong>est,</strong></span> <span class='ocrx_word' id='word_1_215' title='bbox 2624 845 2719 903; x_wconf 86' lang='lat' dir='ltr'><strong>Sol</strong></span> <span class='ocrx_word' id='word_1_216' title='bbox 2743 846 2958 917; x_wconf 89' lang='lat' dir='ltr'><strong>quidem</strong></span> <span class='ocrx_word' id='word_1_217' title='bbox 2977 890 2992 914; x_wconf 96' lang='lat'><strong>,</strong></span> <span class='ocrx_word' id='word_1_218' title='bbox 3021 854 3120 900; x_wconf 92' lang='lat' dir='ltr'><strong>etc.</strong></span> 
     </span>
    </p>
   </div>
   <div class='ocr_carea' id='block_1_29' title="bbox 1874 938 3399 1002">
    <p class='ocr_par' dir='ltr' id='par_1_29' title="bbox 1874 938 3399 1002">
     <span class='ocr_line' id='line_1_29' title="bbox 1874 938 3399 1002; baseline -0.002 -12"><span class='ocrx_word' id='word_1_219' title='bbox 1874 940 2043 992; x_wconf 81' lang='lat' dir='ltr'><strong>Visum</strong></span> <span class='ocrx_word' id='word_1_220' title='bbox 2084 947 2166 993; x_wconf 86' lang='lat' dir='ltr'><strong>est</strong></span> <span class='ocrx_word' id='word_1_221' title='bbox 2201 941 2331 990; x_wconf 90' lang='lat' dir='ltr'><strong>hunc</strong></span> <span class='ocrx_word' id='word_1_222' title='bbox 2352 951 2653 1002; x_wconf 87' lang='lat' dir='ltr'><strong>sermonem,</strong></span> <span class='ocrx_word' id='word_1_223' title='bbox 2679 938 3085 1002; x_wconf 87' lang='lat' dir='ltr'><strong>quemadmodum</strong></span> <span class='ocrx_word' id='word_1_224' title='bbox 3109 942 3162 988; x_wconf 93' lang='lat' dir='ltr'><strong>et</strong></span> <span class='ocrx_word' id='word_1_225' title='bbox 3180 948 3399 1002; x_wconf 85' lang='lat' dir='ltr'><strong>sequen-</strong></span> 
     </span>
    </p>
   </div>
   <div class='ocr_carea' id='block_1_30' title="bbox 1808 1000 3400 1111">
    <p class='ocr_par' dir='ltr' id='par_1_30' title="bbox 1808 1000 3400 1111">
     <span class='ocr_line' id='line_1_30' title="bbox 1808 1000 3400 1111; baseline -0.005 -55"><span class='ocrx_word' id='word_1_226' title='bbox 1808 1008 1946 1079; x_wconf 54' lang='lat' dir='ltr'><strong>tem,</strong></span> <span class='ocrx_word' id='word_1_227' title='bbox 1962 1004 2179 1077; x_wconf 60' lang='lat' dir='ltr'><strong>essciibi</strong></span> <span class='ocrx_word' id='word_1_228' title='bbox 2202 1002 2395 1075; x_wconf 84' lang='lat' dir='ltr'><strong>debere</strong></span> <span class='ocrx_word' id='word_1_229' title='bbox 2414 1000 2646 1064; x_wconf 82' lang='lat' dir='ltr'><strong>primum,</strong></span> <span class='ocrx_word' id='word_1_230' title='bbox 2655 1000 2795 1111; x_wconf 48' lang='grc' dir='ltr'><strong>βελοω</strong></span> <span class='ocrx_word' id='word_1_231' title='bbox 2807 1002 3057 1063; x_wconf 88' lang='lat' dir='ltr'><strong>reperitur</strong></span> <span class='ocrx_word' id='word_1_232' title='bbox 3074 1001 3122 1049; x_wconf 93' lang='lat' dir='ltr'><strong>in</strong></span> <span class='ocrx_word' id='word_1_233' title='bbox 3146 1000 3400 1061; x_wconf 79' lang='lat' dir='ltr'><strong>excerptis</strong></span> 
     </span>
     <span class='ocr_line' id='line_1_31' title="bbox 1811 1060 3400 1111; baseline -0.002 0"><span class='ocrx_word' id='word_1_234' title='bbox 1811 1067 1977 1111; x_wconf 74' lang='lat' dir='ltr'><strong>Mani:</strong></span> <span class='ocrx_word' id='word_1_235' title='bbox 2022 1064 2208 1111; x_wconf 76' lang='lat' dir='ltr'><strong>deinde</strong></span> <span class='ocrx_word' id='word_1_236' title='bbox 2249 1071 2519 1111; x_wconf 70' lang='lat' dir='ltr'><strong>inteurum.</strong></span> <span class='ocrx_word' id='word_1_237' title='bbox 2560 1069 2614 1111; x_wconf 91' lang='lat' dir='ltr'><strong>ut</strong></span> <span class='ocrx_word' id='word_1_238' title='bbox 2692 1065 2867 1111; x_wconf 88' lang='lat' dir='ltr'><strong>abetur</strong></span> <span class='ocrx_word' id='word_1_239' title='bbox 2910 1070 3042 1111; x_wconf 90' lang='lat' dir='ltr'><strong>tomo</strong></span> <span class='ocrx_word' id='word_1_240' title='bbox 3065 1061 3155 1110; x_wconf 85' lang='lat' dir='ltr'><strong>VIl</strong></span> <span class='ocrx_word' id='word_1_241' title='bbox 3181 1060 3400 1111; x_wconf 83' lang='lat' dir='ltr'><strong>Onerum</strong></span> 
     </span>
    </p>
   </div>
   <div class='ocr_carea' id='block_1_31' title="bbox 1811 1060 3400 1127">
    <p class='ocr_par' dir='ltr' id='par_1_31' title="bbox 1811 1060 3400 1127">
     <span class='ocr_line' id='line_1_32' title="bbox 1811 1060 3400 1127; baseline -0.005 -11"><span class='ocrx_word' id='word_1_242' title='bbox 1811 1060 1977 1127; x_wconf 71' lang='lat' dir='ltr'><strong>Marii;</strong></span> <span class='ocrx_word' id='word_1_243' title='bbox 2022 1064 2216 1127; x_wconf 83' lang='lat' dir='ltr'><strong>deinde</strong></span> <span class='ocrx_word' id='word_1_244' title='bbox 2249 1060 2519 1127; x_wconf 75' lang='lat' dir='ltr'><strong>integrum.</strong></span> <span class='ocrx_word' id='word_1_245' title='bbox 2560 1060 2636 1127; x_wconf 67' lang='lat' dir='ltr'><strong>ut&#39;</strong></span> <span class='ocrx_word' id='word_1_246' title='bbox 2656 1060 3042 1127; x_wconf 69' lang='lat' dir='ltr'><strong>habetur&#39;tomo</strong></span> <span class='ocrx_word' id='word_1_247' title='bbox 3065 1061 3155 1127; x_wconf 67' lang='grc' dir='ltr'><strong>νη</strong></span> <span class='ocrx_word' id='word_1_248' title='bbox 3181 1060 3400 1127; x_wconf 81' lang='lat' dir='ltr'><strong>Operum</strong></span> 
     </span>
    </p>
   </div>
   <div class='ocr_carea' id='block_1_32' title="bbox 1810 1122 3403 1188">
    <p class='ocr_par' dir='ltr' id='par_1_32' title="bbox 1810 1122 3403 1188">
     <span class='ocr_line' id='line_1_33' title="bbox 1810 1122 3403 1188; baseline -0.006 -7"><span class='ocrx_word' id='word_1_249' title='bbox 1810 1122 2137 1188; x_wconf 72' lang='lat' dir='ltr'><strong>Chrysbstomi</strong></span> <span class='ocrx_word' id='word_1_250' title='bbox 2160 1122 2401 1177; x_wconf 79' lang='lat' dir='ltr'><strong>editorum</strong></span> <span class='ocrx_word' id='word_1_251' title='bbox 2422 1137 2451 1173; x_wconf 91' lang='lat' dir='ltr'><strong>a</strong></span> <span class='ocrx_word' id='word_1_252' title='bbox 2472 1124 2654 1174; x_wconf 89' lang='lat' dir='ltr'><strong>Savilio</strong></span> <span class='ocrx_word' id='word_1_253' title='bbox 2675 1138 2686 1171; x_wconf 92' lang='lat'>:</span> <span class='ocrx_word' id='word_1_254' title='bbox 2713 1124 2929 1174; x_wconf 88' lang='lat' dir='ltr'><strong>nonnihil</strong></span> <span class='ocrx_word' id='word_1_255' title='bbox 2957 1126 3090 1188; x_wconf 86' lang='lat' dir='ltr'><strong>enim</strong></span> <span class='ocrx_word' id='word_1_256' title='bbox 3109 1122 3403 1188; x_wconf 80' lang='lat' dir='ltr'><strong>discriminis</strong></span> 
     </span>
    </p>
   </div>
   <div class='ocr_carea' id='block_1_33' title="bbox 1814 1183 3401 1251">
    <p class='ocr_par' dir='ltr' id='par_1_33' title="bbox 1814 1183 3401 1251">
     <span class='ocr_line' id='line_1_34' title="bbox 1814 1183 3401 1251; baseline -0.003 -12"><span class='ocrx_word' id='word_1_257' title='bbox 1814 1183 2107 1250; x_wconf 77' lang='lat' dir='ltr'><strong>intercedit;</strong></span> <span class='ocrx_word' id='word_1_258' title='bbox 2132 1189 2265 1251; x_wconf 91' lang='lat' dir='ltr'><strong>quod</strong></span> <span class='ocrx_word' id='word_1_259' title='bbox 2286 1188 2582 1249; x_wconf 71' lang='lat' dir='ltr'><strong>conjecture.-</strong></span> <span class='ocrx_word' id='word_1_260' title='bbox 2607 1194 2773 1250; x_wconf 82' lang='lat' dir='ltr'><strong>postea</strong></span> <span class='ocrx_word' id='word_1_261' title='bbox 2799 1198 2895 1235; x_wconf 88' lang='lat' dir='ltr'><strong>non</strong></span> <span class='ocrx_word' id='word_1_262' title='bbox 2928 1183 3234 1249; x_wconf 89' lang='lat' dir='ltr'><strong>improbabili</strong></span> <span class='ocrx_word' id='word_1_263' title='bbox 3255 1197 3401 1235; x_wconf 85' lang='lat' dir='ltr'><strong>occa-</strong></span> 
     </span>
    </p>
   </div>
   <div class='ocr_carea' id='block_1_34' title="bbox 1808 1251 2178 1302">
    <p class='ocr_par' dir='ltr' id='par_1_34' title="bbox 1808 1251 2178 1302">
     <span class='ocr_line' id='line_1_35' title="bbox 1808 1251 2178 1302; baseline 0 -1"><span class='ocrx_word' id='word_1_264' title='bbox 1808 1254 2002 1302; x_wconf 84' lang='lat' dir='ltr'><strong>sionem</strong></span> <span class='ocrx_word' id='word_1_265' title='bbox 2024 1251 2178 1301; x_wconf 87' lang='lat' dir='ltr'><strong>dabit.</strong></span> 
     </span>
    </p>
   </div>
   <div class='ocr_carea' id='block_1_35' title="bbox 1884 1349 3402 1425">
    <p class='ocr_par' dir='ltr' id='par_1_35' title="bbox 1884 1349 3402 1425">
     <span class='ocr_line' id='line_1_36' title="bbox 1884 1349 3402 1425; baseline -0.004 -15"><span class='ocrx_word' id='word_1_266' title='bbox 1884 1354 1937 1410; x_wconf 77' lang='grc' dir='ltr'><strong>ι.</strong></span> <span class='ocrx_word' id='word_1_267' title='bbox 1964 1352 2060 1410; x_wconf 88' lang='lat' dir='ltr'><strong>Sol</strong></span> <span class='ocrx_word' id='word_1_268' title='bbox 2081 1352 2300 1425; x_wconf 82' lang='lat' dir='ltr'><strong>quidem</strong></span> <span class='ocrx_word' id='word_1_269' title='bbox 2329 1365 2495 1422; x_wconf 89' lang='lat' dir='ltr'><strong>supra</strong></span> <span class='ocrx_word' id='word_1_270' title='bbox 2526 1358 2702 1407; x_wconf 90' lang='lat' dir='ltr'><strong>terras</strong></span> <span class='ocrx_word' id='word_1_271' title='bbox 2726 1350 2886 1405; x_wconf 88' lang='lat' dir='ltr'><strong>altior</strong></span> <span class='ocrx_word' id='word_1_272' title='bbox 2911 1350 3099 1419; x_wconf 87' lang='lat' dir='ltr'><strong>factus,</strong></span> <span class='ocrx_word' id='word_1_273' title='bbox 3124 1358 3181 1407; x_wconf 91' lang='lat' dir='ltr'><strong>et</strong></span> <span class='ocrx_word' id='word_1_274' title='bbox 3206 1349 3273 1405; x_wconf 91' lang='lat' dir='ltr'><strong>ad</strong></span> <span class='ocrx_word' id='word_1_275' title='bbox 3302 1363 3402 1405; x_wconf 92' lang='lat' dir='ltr'><strong>nos</strong></span> 
     </span>
    </p>
   </div>
   <div class='ocr_carea' id='block_1_36' title="bbox 1809 1443 3399 1517">
    <p class='ocr_par' dir='ltr' id='par_1_36' title="bbox 1809 1443 3399 1517">
     <span class='ocr_line' id='line_1_37' title="bbox 1809 1443 3399 1517; baseline -0.002 -15"><span class='ocrx_word' id='word_1_276' title='bbox 1809 1462 1983 1517; x_wconf 88' lang='lat' dir='ltr'><strong>usque</strong></span> <span class='ocrx_word' id='word_1_277' title='bbox 2011 1461 2079 1503; x_wconf 79' lang='lat' dir='ltr'><strong>ex</strong></span> <span class='ocrx_word' id='word_1_278' title='bbox 2098 1446 2322 1502; x_wconf 88' lang='lat' dir='ltr'><strong>Oriente</strong></span> <span class='ocrx_word' id='word_1_279' title='bbox 2350 1446 2683 1511; x_wconf 89' lang='lat' dir='ltr'><strong>discurrens,</strong></span> <span class='ocrx_word' id='word_1_280' title='bbox 2714 1452 2929 1501; x_wconf 90' lang='lat' dir='ltr'><strong>noctem</strong></span> <span class='ocrx_word' id='word_1_281' title='bbox 2957 1452 3131 1500; x_wconf 87' lang='lat' dir='ltr'><strong>mutat</strong></span> <span class='ocrx_word' id='word_1_282' title='bbox 3149 1445 3203 1500; x_wconf 87' lang='lat' dir='ltr'><strong>in</strong></span> <span class='ocrx_word' id='word_1_283' title='bbox 3227 1443 3399 1516; x_wconf 91' lang='lat' dir='ltr'><strong>diem,</strong></span> 
     </span>
    </p>
   </div>
   <div class='ocr_carea' id='block_1_37' title="bbox 1810 1535 3404 1609">
    <p class='ocr_par' dir='ltr' id='par_1_37' title="bbox 1810 1535 3404 1609">
     <span class='ocr_line' id='line_1_38' title="bbox 1810 1535 3404 1609; baseline 0.001 -17"><span class='ocrx_word' id='word_1_284' title='bbox 1810 1551 2061 1594; x_wconf 89' lang='lat' dir='ltr'><strong>somnum</strong></span> <span class='ocrx_word' id='word_1_285' title='bbox 2111 1536 2320 1609; x_wconf 80' lang='lat' dir='ltr'><strong>[Batuz.</strong></span> <span class='ocrx_word' id='word_1_286' title='bbox 2363 1535 2608 1609; x_wconf 88' lang='lat' dir='ltr'><strong>somnos]</strong></span> <span class='ocrx_word' id='word_1_287' title='bbox 2651 1536 2877 1604; x_wconf 82' lang='lat' dir='ltr'><strong>excutit,</strong></span> <span class='ocrx_word' id='word_1_288' title='bbox 2918 1542 2975 1593; x_wconf 92' lang='lat' dir='ltr'><strong>et</strong></span> <span class='ocrx_word' id='word_1_289' title='bbox 3009 1549 3110 1592; x_wconf 88' lang='lat' dir='ltr'><strong>nos</strong></span> <span class='ocrx_word' id='word_1_290' title='bbox 3147 1536 3404 1607; x_wconf 90' lang='lat' dir='ltr'><strong>operibus</strong></span> 
     </span>
    </p>
   </div>
   <div class='ocr_carea' id='block_1_38' title="bbox 1810 1626 3404 1697">
    <p class='ocr_par' dir='ltr' id='par_1_38' title="bbox 1810 1626 3404 1697">
     <span class='ocr_line' id='line_1_39' title="bbox 1810 1626 3404 1697; baseline -0.001 -11"><span class='ocrx_word' id='word_1_291' title='bbox 1810 1630 2025 1697; x_wconf 87' lang='lat' dir='ltr'><strong>reddit;</strong></span> <span class='ocrx_word' id='word_1_292' title='bbox 2056 1629 2240 1686; x_wconf 91' lang='lat' dir='ltr'><strong>lumen</strong></span> <span class='ocrx_word' id='word_1_293' title='bbox 2268 1637 2451 1685; x_wconf 91' lang='lat' dir='ltr'><strong>autem</strong></span> <span class='ocrx_word' id='word_1_294' title='bbox 2482 1628 2727 1685; x_wconf 68' lang='lat' dir='ltr'><strong>scientia:</strong></span> <span class='ocrx_word' id='word_1_295' title='bbox 2756 1626 2850 1684; x_wconf 88' lang='lat' dir='ltr'><strong>Dei</strong></span> <span class='ocrx_word' id='word_1_296' title='bbox 2873 1626 2940 1683; x_wconf 91' lang='lat' dir='ltr'><strong>de</strong></span> <span class='ocrx_word' id='word_1_297' title='bbox 2962 1641 3154 1687; x_wconf 82' lang='lat' dir='ltr'><strong>somno</strong></span> <span class='ocrx_word' id='word_1_298' title='bbox 3181 1626 3404 1685; x_wconf 73' lang='lat' dir='ltr'><strong>desidias</strong></span> 
     </span>
    </p>
   </div>
   <div class='ocr_carea' id='block_1_39' title="bbox 1811 1717 3405 1790">
    <p class='ocr_par' dir='ltr' id='par_1_39' title="bbox 1811 1717 3405 1790">
     <span class='ocr_line' id='line_1_40' title="bbox 1811 1717 3405 1790; baseline 0 -15"><span class='ocrx_word' id='word_1_299' title='bbox 1811 1721 2051 1777; x_wconf 89' lang='lat' dir='ltr'><strong>animum</strong></span> <span class='ocrx_word' id='word_1_300' title='bbox 2078 1720 2329 1789; x_wconf 89' lang='lat' dir='ltr'><strong>suscitat,</strong></span> <span class='ocrx_word' id='word_1_301' title='bbox 2360 1718 2723 1790; x_wconf 83' lang='lat' dir='ltr'><strong>cogitationes</strong></span> <span class='ocrx_word' id='word_1_302' title='bbox 2762 1717 3065 1785; x_wconf 91' lang='lat' dir='ltr'><strong>illuminat,</strong></span> <span class='ocrx_word' id='word_1_303' title='bbox 3095 1725 3152 1774; x_wconf 92' lang='lat' dir='ltr'><strong>et</strong></span> <span class='ocrx_word' id='word_1_304' title='bbox 3177 1732 3271 1775; x_wconf 90' lang='lat' dir='ltr'><strong>eas</strong></span> <span class='ocrx_word' id='word_1_305' title='bbox 3294 1719 3405 1776; x_wconf 91' lang='lat' dir='ltr'><strong>eri-</strong></span> 
     </span>
    </p>
   </div>
   <div class='ocr_carea' id='block_1_40' title="bbox 1736 1809 3408 1886">
    <p class='ocr_par' dir='ltr' id='par_1_40' title="bbox 1736 1809 3408 1886">
     <span class='ocr_line' id='line_1_41' title="bbox 1736 1809 3408 1886; baseline -0.005 -11"><span class='ocrx_word' id='word_1_306' title='bbox 1736 1812 1787 1875; x_wconf 88' lang='lat' dir='ltr'><strong>B</strong></span> <span class='ocrx_word' id='word_1_307' title='bbox 1812 1814 1892 1886; x_wconf 87' lang='lat' dir='ltr'><strong>git</strong></span> <span class='ocrx_word' id='word_1_308' title='bbox 1920 1813 1989 1869; x_wconf 92' lang='lat' dir='ltr'><strong>ad</strong></span> <span class='ocrx_word' id='word_1_309' title='bbox 2017 1813 2266 1870; x_wconf 86' lang='lat' dir='ltr'><strong>virtutes.</strong></span> <span class='ocrx_word' id='word_1_310' title='bbox 2308 1811 2459 1868; x_wconf 82' lang='lat' dir='ltr'><strong>Hanc</strong></span> <span class='ocrx_word' id='word_1_311' title='bbox 2505 1811 2662 1868; x_wconf 83' lang='lat' dir='ltr'><strong>nobis</strong></span> <span class='ocrx_word' id='word_1_312' title='bbox 2708 1811 2887 1867; x_wconf 90' lang='lat' dir='ltr'><strong>lucem</strong></span> <span class='ocrx_word' id='word_1_313' title='bbox 2931 1809 3249 1868; x_wconf 87' lang='lat' dir='ltr'><strong>illucescere</strong></span> <span class='ocrx_word' id='word_1_314' title='bbox 3300 1812 3408 1868; x_wconf 87' lang='lat' dir='ltr'><strong>erit</strong></span> 
     </span>
    </p>
   </div>
   <div class='ocr_carea' id='block_1_41' title="bbox 1810 1903 3405 1980">
    <p class='ocr_par' dir='ltr' id='par_1_41' title="bbox 1810 1903 3405 1980">
     <span class='ocr_line' id='line_1_42' title="bbox 1810 1903 3405 1980; baseline -0.002 -16"><span class='ocrx_word' id='word_1_315' title='bbox 1810 1921 2031 1980; x_wconf 87' lang='lat' dir='ltr'><strong>semper</strong></span> <span class='ocrx_word' id='word_1_316' title='bbox 2062 1907 2332 1978; x_wconf 88' lang='lat' dir='ltr'><strong>optabile;</strong></span> <span class='ocrx_word' id='word_1_317' title='bbox 2377 1916 2433 1963; x_wconf 90' lang='lat' dir='ltr'><strong>et</strong></span> <span class='ocrx_word' id='word_1_318' title='bbox 2472 1906 2644 1963; x_wconf 90' lang='lat' dir='ltr'><strong>solem</strong></span> <span class='ocrx_word' id='word_1_319' title='bbox 2681 1903 2899 1976; x_wconf 90' lang='lat' dir='ltr'><strong>quidem</strong></span> <span class='ocrx_word' id='word_1_320' title='bbox 2936 1904 3094 1960; x_wconf 90' lang='lat' dir='ltr'><strong>istum</strong></span> <span class='ocrx_word' id='word_1_321' title='bbox 3136 1905 3405 1961; x_wconf 89' lang='lat' dir='ltr'><strong>visibilem</strong></span> 
     </span>
    </p>
   </div>
   <div class='ocr_carea' id='block_1_42' title="bbox 1810 1996 3405 2073">
    <p class='ocr_par' dir='ltr' id='par_1_42' title="bbox 1810 1996 3405 2073">
     <span class='ocr_line' id='line_1_43' title="bbox 1810 1996 3405 2073; baseline -0.001 -16"><span class='ocrx_word' id='word_1_322' title='bbox 1810 2000 1860 2057; x_wconf 88' lang='lat' dir='ltr'><strong>si</strong></span> <span class='ocrx_word' id='word_1_323' title='bbox 1886 2000 2009 2073; x_wconf 88' lang='lat' dir='ltr'><strong>quis</strong></span> <span class='ocrx_word' id='word_1_324' title='bbox 2047 2015 2155 2056; x_wconf 91' lang='lat' dir='ltr'><strong>non</strong></span> <span class='ocrx_word' id='word_1_325' title='bbox 2195 1999 2397 2069; x_wconf 86' lang='lat' dir='ltr'><strong>videat,</strong></span> <span class='ocrx_word' id='word_1_326' title='bbox 2430 1998 2587 2065; x_wconf 86' lang='lat' dir='ltr'><strong>vivit,</strong></span> <span class='ocrx_word' id='word_1_327' title='bbox 2638 1996 2903 2069; x_wconf 86' lang='lat' dir='ltr'><strong>siquidem</strong></span> <span class='ocrx_word' id='word_1_328' title='bbox 2932 1996 3063 2054; x_wconf 91' lang='lat' dir='ltr'><strong>vivit</strong></span> <span class='ocrx_word' id='word_1_329' title='bbox 3090 2006 3146 2054; x_wconf 93' lang='lat' dir='ltr'><strong>et</strong></span> <span class='ocrx_word' id='word_1_330' title='bbox 3174 1996 3405 2071; x_wconf 71' lang='grc' dir='ltr'><strong>’[Βαιαι.</strong></span> 
     </span>
    </p>
   </div>
   <div class='ocr_carea' id='block_1_43' title="bbox 1812 2088 3405 2163">
    <p class='ocr_par' dir='ltr' id='par_1_43' title="bbox 1812 2088 3405 2163">
     <span class='ocr_line' id='line_1_44' title="bbox 1812 2088 3405 2163; baseline -0.001 -15"><span class='ocrx_word' id='word_1_331' title='bbox 1812 2108 1918 2149; x_wconf 86' lang='lat' dir='ltr'><strong>om.</strong></span> <span class='ocrx_word' id='word_1_332' title='bbox 1947 2089 2024 2163; x_wconf 92' lang='lat' dir='ltr'><strong>et]</strong></span> <span class='ocrx_word' id='word_1_333' title='bbox 2049 2105 2250 2162; x_wconf 83' lang='lat' dir='ltr'><strong>caecus,</strong></span> <span class='ocrx_word' id='word_1_334' title='bbox 2278 2089 2464 2146; x_wconf 92' lang='lat' dir='ltr'><strong>auditu</strong></span> <span class='ocrx_word' id='word_1_335' title='bbox 2494 2098 2703 2145; x_wconf 91' lang='lat' dir='ltr'><strong>tantum</strong></span> <span class='ocrx_word' id='word_1_336' title='bbox 2729 2089 2861 2145; x_wconf 88' lang='lat' dir='ltr'><strong>solis</strong></span> <span class='ocrx_word' id='word_1_337' title='bbox 2892 2088 3139 2145; x_wconf 88' lang='lat' dir='ltr'><strong>notitiam</strong></span> <span class='ocrx_word' id='word_1_338' title='bbox 3162 2090 3405 2158; x_wconf 86' lang='lat' dir='ltr'><strong>habens;</strong></span> 
     </span>
    </p>
   </div>
   <div class='ocr_carea' id='block_1_44' title="bbox 1813 2184 3408 2257">
    <p class='ocr_par' dir='ltr' id='par_1_44' title="bbox 1813 2184 3408 2257">
     <span class='ocr_line' id='line_1_45' title="bbox 1813 2184 3408 2257; baseline -0.001 -16"><span class='ocrx_word' id='word_1_339' title='bbox 1813 2185 2010 2242; x_wconf 63' lang='lat' dir='ltr'><strong>animae</strong></span> <span class='ocrx_word' id='word_1_340' title='bbox 2042 2201 2195 2253; x_wconf 86' lang='lat' dir='ltr'><strong>vero,</strong></span> <span class='ocrx_word' id='word_1_341' title='bbox 2226 2186 2273 2242; x_wconf 91' lang='lat' dir='ltr'><strong>si</strong></span> <span class='ocrx_word' id='word_1_342' title='bbox 2302 2186 2555 2257; x_wconf 90' lang='lat' dir='ltr'><strong>ignorent</strong></span> <span class='ocrx_word' id='word_1_343' title='bbox 2578 2184 2773 2253; x_wconf 89' lang='lat' dir='ltr'><strong>Deum,</strong></span> <span class='ocrx_word' id='word_1_344' title='bbox 2807 2186 2927 2241; x_wconf 87' lang='lat' dir='ltr'><strong>sine</strong></span> <span class='ocrx_word' id='word_1_345' title='bbox 2950 2185 3070 2242; x_wconf 91' lang='lat' dir='ltr'><strong>sole</strong></span> <span class='ocrx_word' id='word_1_346' title='bbox 3094 2196 3222 2242; x_wconf 91' lang='lat' dir='ltr'><strong>sunt</strong></span> <span class='ocrx_word' id='word_1_347' title='bbox 3252 2202 3408 2257; x_wconf 61' lang='lat' dir='ltr'><strong>pror-</strong></span> 
     </span>
    </p>
   </div>
   <div class='ocr_carea' id='block_1_45' title="bbox 1814 2278 3405 2353">
    <p class='ocr_par' dir='ltr' id='par_1_45' title="bbox 1814 2278 3405 2353">
     <span class='ocr_line' id='line_1_46' title="bbox 1814 2278 3405 2353; baseline 0.004 -20"><span class='ocrx_word' id='word_1_348' title='bbox 1814 2292 1911 2336; x_wconf 88' lang='lat' dir='ltr'><strong>sus</strong></span> <span class='ocrx_word' id='word_1_349' title='bbox 1940 2286 2191 2346; x_wconf 73' lang='lat' dir='ltr'><strong>mortum,</strong></span> <span class='ocrx_word' id='word_1_350' title='bbox 2218 2279 2434 2335; x_wconf 86' lang='lat' dir='ltr'><strong>tametsi</strong></span> <span class='ocrx_word' id='word_1_351' title='bbox 2457 2279 2723 2351; x_wconf 87' lang='lat' dir='ltr'><strong>quispiam</strong></span> <span class='ocrx_word' id='word_1_352' title='bbox 2753 2293 2847 2337; x_wconf 89' lang='lat' dir='ltr'><strong>eas</strong></span> <span class='ocrx_word' id='word_1_353' title='bbox 2874 2278 3060 2337; x_wconf 88' lang='lat' dir='ltr'><strong>vivere</strong></span> <span class='ocrx_word' id='word_1_354' title='bbox 3079 2282 3405 2353; x_wconf 89' lang='lat' dir='ltr'><strong>suspicetur,</strong></span> 
     </span>
    </p>
   </div>
   <div class='ocr_carea' id='block_1_46' title="bbox 1816 2370 3411 2446">
    <p class='ocr_par' dir='ltr' id='par_1_46' title="bbox 1816 2370 3411 2446">
     <span class='ocr_line' id='line_1_47' title="bbox 1816 2370 3411 2446; baseline 0.003 -18"><span class='ocrx_word' id='word_1_355' title='bbox 1816 2371 1886 2429; x_wconf 89' lang='lat' dir='ltr'><strong>de</strong></span> <span class='ocrx_word' id='word_1_356' title='bbox 1908 2371 2104 2443; x_wconf 87' lang='lat' dir='ltr'><strong>quibus</strong></span> <span class='ocrx_word' id='word_1_357' title='bbox 2128 2372 2293 2429; x_wconf 89' lang='lat' dir='ltr'><strong>etiam</strong></span> <span class='ocrx_word' id='word_1_358' title='bbox 2317 2372 2580 2429; x_wconf 89' lang='lat' dir='ltr'><strong>Dominus</strong></span> <span class='ocrx_word' id='word_1_359' title='bbox 2600 2372 2718 2431; x_wconf 87' lang='lat' dir='ltr'><strong>ait:</strong></span> <span class='ocrx_word' id='word_1_360' title='bbox 2746 2370 2919 2429; x_wconf 80' lang='lat' dir='ltr'><strong>Sinite</strong></span> <span class='ocrx_word' id='word_1_361' title='bbox 2939 2380 3169 2428; x_wconf 85' lang='lat' dir='ltr'><strong>mortuos</strong></span> <span class='ocrx_word' id='word_1_362' title='bbox 3193 2374 3411 2446; x_wconf 79' lang='lat' dir='ltr'><strong>sepelire</strong></span> 
     </span>
    </p>
   </div>
   <div class='ocr_carea' id='block_1_47' title="bbox 1816 2464 2747 2540">
    <p class='ocr_par' dir='ltr' id='par_1_47' title="bbox 1816 2464 2747 2540">
     <span class='ocr_line' id='line_1_48' title="bbox 1816 2464 2747 2540; baseline -0.003 -17"><span class='ocrx_word' id='word_1_363' title='bbox 1816 2477 2050 2523; x_wconf 85' lang='lat' dir='ltr'><strong>mortuos</strong></span> <span class='ocrx_word' id='word_1_364' title='bbox 2079 2484 2201 2523; x_wconf 89' lang='lat' dir='ltr'><strong>suos</strong></span> <span class='ocrx_word' id='word_1_365' title='bbox 2234 2466 2456 2540; x_wconf 74' lang='lat' dir='ltr'><strong>(Matth.</strong></span> <span class='ocrx_word' id='word_1_366' title='bbox 2482 2482 2598 2534; x_wconf 88' lang='lat' dir='ltr'><strong>vm,</strong></span> <span class='ocrx_word' id='word_1_367' title='bbox 2625 2464 2747 2537; x_wconf 72' lang='lat'><strong>22).</strong></span> 
     </span>
    </p>
   </div>
   <div class='ocr_carea' id='block_1_48' title="bbox 1888 2558 3409 2634">
    <p class='ocr_par' dir='ltr' id='par_1_48' title="bbox 1888 2558 3409 2634">
     <span class='ocr_line' id='line_1_49' title="bbox 1888 2558 3409 2634; baseline 0.004 -22"><span class='ocrx_word' id='word_1_368' title='bbox 1888 2559 1945 2613; x_wconf 68' lang='grc' dir='ltr'><strong>Ξ.</strong></span> <span class='ocrx_word' id='word_1_369' title='bbox 1981 2559 2201 2634; x_wconf 82' lang='lat' dir='ltr'><strong>[Baluz.</strong></span> <span class='ocrx_word' id='word_1_370' title='bbox 2244 2558 2314 2614; x_wconf 86' lang='lat' dir='ltr'><strong>Et</strong></span> <span class='ocrx_word' id='word_1_371' title='bbox 2343 2568 2459 2631; x_wconf 91' lang='lat' dir='ltr'><strong>post</strong></span> <span class='ocrx_word' id='word_1_372' title='bbox 2486 2559 2753 2629; x_wconf 83' lang='lat' dir='ltr'><strong>aliquanta</strong></span> <span class='ocrx_word' id='word_1_373' title='bbox 2794 2560 2869 2617; x_wconf 80' lang='lat' dir='ltr'><strong>ibi</strong></span> <span class='ocrx_word' id='word_1_374' title='bbox 2890 2560 2943 2634; x_wconf 84' lang='lat'><strong>:]</strong></span> <span class='ocrx_word' id='word_1_375' title='bbox 2978 2570 3002 2600; x_wconf 74' lang='grc' dir='ltr'><strong>ο</strong></span> <span class='ocrx_word' id='word_1_376' title='bbox 3043 2560 3152 2619; x_wconf 87' lang='lat' dir='ltr'><strong>Sed</strong></span> <span class='ocrx_word' id='word_1_377' title='bbox 3182 2560 3276 2618; x_wconf 87' lang='lat' dir='ltr'><strong>ille</strong></span> <span class='ocrx_word' id='word_1_378' title='bbox 3314 2560 3409 2633; x_wconf 86' lang='lat' dir='ltr'><strong>qui</strong></span> 
     </span>
    </p>
   </div>
   <div class='ocr_carea' id='block_1_49' title="bbox 1302 2673 2273 2733">
    <p class='ocr_par' dir='ltr' id='par_1_49' title="bbox 1302 2673 2273 2733">
     <span class='ocr_line' id='line_1_50' title="bbox 1302 2673 2273 2733; baseline -0.001 -2"><span class='ocrx_word' id='word_1_379' title='bbox 1302 2673 1861 2733; x_wconf 83' lang='lat' dir='ltr'><strong>CASTIGATIONES</strong></span> <span class='ocrx_word' id='word_1_380' title='bbox 1901 2675 1993 2732; x_wconf 83' lang='lat' dir='ltr'><strong>ET</strong></span> <span class='ocrx_word' id='word_1_381' title='bbox 2032 2675 2245 2732; x_wconf 66' lang='grc' dir='ltr'><strong>ΝοΤΑς</strong></span> <span class='ocrx_word' id='word_1_382' title='bbox 2258 2714 2273 2729; x_wconf 93' lang='grc'><strong>.</strong></span> 
     </span>
    </p>
   </div>
   <div class='ocr_carea' id='block_1_50' title="bbox 212 2766 1715 2843">
    <p class='ocr_par' dir='ltr' id='par_1_50' title="bbox 212 2766 1715 2843">
     <span class='ocr_line' id='line_1_51' title="bbox 212 2766 1715 2843; baseline -0.004 -15"><span class='ocrx_word' id='word_1_383' title='bbox 212 2781 236 2810; x_wconf 79' lang='grc' dir='ltr'>ι</span> <span class='ocrx_word' id='word_1_384' title='bbox 272 2770 396 2828; x_wconf 69' lang='lat' dir='ltr'><strong>Haec</strong></span> <span class='ocrx_word' id='word_1_385' title='bbox 434 2783 571 2843; x_wconf 79' lang='lat' dir='ltr'><strong>pene</strong></span> <span class='ocrx_word' id='word_1_386' title='bbox 599 2768 811 2843; x_wconf 77' lang='lat' dir='ltr'><strong>poetica</strong></span> <span class='ocrx_word' id='word_1_387' title='bbox 838 2767 983 2843; x_wconf 79' lang='lat' dir='ltr'><strong>fictio</strong></span> <span class='ocrx_word' id='word_1_388' title='bbox 1022 2767 1143 2837; x_wconf 91' lang='lat' dir='ltr'><strong>plus</strong></span> <span class='ocrx_word' id='word_1_389' title='bbox 1183 2766 1344 2843; x_wconf 85' lang='lat' dir='ltr'><strong>habet</strong></span> <span class='ocrx_word' id='word_1_390' title='bbox 1369 2768 1715 2843; x_wconf 76' lang='lat' dir='ltr'><strong>artisorato-</strong></span> 
     </span>
    </p>
   </div>
   <div class='ocr_carea' id='block_1_51' title="bbox 146 2837 1715 2913">
    <p class='ocr_par' dir='ltr' id='par_1_51' title="bbox 146 2837 1715 2913">
     <span class='ocr_line' id='line_1_52' title="bbox 146 2837 1715 2913; baseline -0.004 -12"><span class='ocrx_word' id='word_1_391' title='bbox 146 2842 257 2908; x_wconf 64' lang='lat' dir='ltr'><strong>ria,</strong></span> <span class='ocrx_word' id='word_1_392' title='bbox 286 2837 692 2913; x_wconf 69' lang='lat' dir='ltr'><strong>quam&#39;sincera:</strong></span> <span class='ocrx_word' id='word_1_393' title='bbox 720 2837 1033 2913; x_wconf 70' lang='lat' dir='ltr'><strong>iheologiea,</strong></span> <span class='ocrx_word' id='word_1_394' title='bbox 1055 2837 1302 2908; x_wconf 87' lang='lat' dir='ltr'><strong>quamvis</strong></span> <span class='ocrx_word' id='word_1_395' title='bbox 1323 2852 1441 2913; x_wconf 72' lang='lat' dir='ltr'><strong>non</strong></span> <span class='ocrx_word' id='word_1_396' title='bbox 1467 2838 1715 2913; x_wconf 86' lang='lat' dir='ltr'><strong>absimile</strong></span> 
     </span>
    </p>
   </div>
   <div class='ocr_carea' id='block_1_52' title="bbox 148 2908 1717 2996">
    <p class='ocr_par' dir='ltr' id='par_1_52' title="bbox 148 2908 1717 2996">
     <span class='ocr_line' id='line_1_53' title="bbox 148 2908 1717 2996; baseline -0.001 -27"><span class='ocrx_word' id='word_1_397' title='bbox 148 2908 387 2996; x_wconf 71' lang='lat' dir='ltr'><strong>quiddam</strong></span> <span class='ocrx_word' id='word_1_398' title='bbox 425 2912 627 2985; x_wconf 84' lang='lat' dir='ltr'><strong>legatur</strong></span> <span class='ocrx_word' id='word_1_399' title='bbox 664 2909 830 2967; x_wconf 90' lang='lat' dir='ltr'><strong>etiam</strong></span> <span class='ocrx_word' id='word_1_400' title='bbox 855 2908 998 2981; x_wconf 84' lang='lat' dir='ltr'><strong>apud</strong></span> <span class='ocrx_word' id='word_1_401' title='bbox 1041 2921 1293 2966; x_wconf 89' lang='lat' dir='ltr'><strong>auctores</strong></span> <span class='ocrx_word' id='word_1_402' title='bbox 1320 2908 1570 2967; x_wconf 83' lang='lat' dir='ltr'><strong>Nestorio</strong></span> <span class='ocrx_word' id='word_1_403' title='bbox 1598 2924 1717 2968; x_wconf 85' lang='lat' dir='ltr'><strong>me-</strong></span> 
     </span>
    </p>
   </div>
   <div class='ocr_carea' id='block_1_53' title="bbox 149 2984 1710 3124">
    <p class='ocr_par' dir='ltr' id='par_1_53' title="bbox 149 2984 1710 3124">
     <span class='ocr_line' id='line_1_54' title="bbox 149 2984 1710 3124; baseline -0.001 -15"><span class='ocrx_word' id='word_1_404' title='bbox 149 2984 470 3111; x_wconf 47' lang='grc' dir='ltr'><strong>Μθῆιιυάῑι</strong></span> <span class='ocrx_word' id='word_1_405' title='bbox 494 3053 653 3124; x_wconf 77' lang='lat' dir='ltr'><strong>adea</strong></span> <span class='ocrx_word' id='word_1_406' title='bbox 681 3066 804 3124; x_wconf 79' lang='lat' dir='ltr'><strong>quae</strong></span> <span class='ocrx_word' id='word_1_407' title='bbox 832 3051 1098 3124; x_wconf 80' lang='lat' dir='ltr'><strong>habentur</strong></span> <span class='ocrx_word' id='word_1_408' title='bbox 1126 3051 1222 3124; x_wconf 81' lang='lat' dir='ltr'><strong>iib.</strong></span> <span class='ocrx_word' id='word_1_409' title='bbox 1253 3065 1328 3105; x_wconf 80' lang='lat' dir='ltr'><strong>xu</strong></span> <span class='ocrx_word' id='word_1_410' title='bbox 1348 3048 1480 3124; x_wconf 86' lang='lat' dir='ltr'><strong>Cod.</strong></span> <span class='ocrx_word' id='word_1_411' title='bbox 1508 3051 1710 3109; x_wconf 83' lang='lat' dir='ltr'><strong>Justin.</strong></span> 
     </span>
    </p>
   </div>
   <div class='ocr_carea' id='block_1_54' title="bbox 151 3122 1709 3193">
    <p class='ocr_par' dir='ltr' id='par_1_54' title="bbox 151 3122 1709 3193">
     <span class='ocr_line' id='line_1_55' title="bbox 151 3122 1709 3193; baseline -0.003 -11"><span class='ocrx_word' id='word_1_412' title='bbox 151 3125 223 3182; x_wconf 87' lang='lat' dir='ltr'><strong>lit.</strong></span> <span class='ocrx_word' id='word_1_413' title='bbox 251 3126 335 3193; x_wconf 76' lang='grc'><strong>51,</strong></span> <span class='ocrx_word' id='word_1_414' title='bbox 371 3134 429 3182; x_wconf 89' lang='lat' dir='ltr'><strong>et</strong></span> <span class='ocrx_word' id='word_1_415' title='bbox 466 3125 521 3181; x_wconf 92' lang='lat' dir='ltr'><strong>in</strong></span> <span class='ocrx_word' id='word_1_416' title='bbox 549 3122 925 3180; x_wconf 45' lang='lat' dir='ltr'><strong>Codﬁ&#39;l‘heod.</strong></span> <span class='ocrx_word' id='word_1_417' title='bbox 954 3166 969 3191; x_wconf 87' lang='lat'><strong>,</strong></span> <span class='ocrx_word' id='word_1_418' title='bbox 1017 3122 1087 3179; x_wconf 89' lang='lat' dir='ltr'><strong>de</strong></span> <span class='ocrx_word' id='word_1_419' title='bbox 1113 3122 1287 3177; x_wconf 86' lang='lat' dir='ltr'><strong>Cursu</strong></span> <span class='ocrx_word' id='word_1_420' title='bbox 1326 3122 1476 3193; x_wconf 86' lang='lat' dir='ltr'><strong>pubi.</strong></span> <span class='ocrx_word' id='word_1_421' title='bbox 1523 3138 1709 3191; x_wconf 90' lang='lat' dir='ltr'><strong>angar.</strong></span> 
     </span>
    </p>
   </div>
   <div class='ocr_carea' id='block_1_55' title="bbox 1819 2766 3410 2841">
    <p class='ocr_par' dir='ltr' id='par_1_55' title="bbox 1819 2766 3410 2841">
     <span class='ocr_line' id='line_1_56' title="bbox 1819 2766 3410 2841; baseline 0.002 -17"><span class='ocrx_word' id='word_1_422' title='bbox 1819 2783 1986 2841; x_wconf 80' lang='lat' dir='ltr'><strong>unus,</strong></span> <span class='ocrx_word' id='word_1_423' title='bbox 2015 2768 2068 2841; x_wconf 85' lang='lat' dir='ltr'><strong>in</strong></span> <span class='ocrx_word' id='word_1_424' title='bbox 2098 2768 2240 2823; x_wconf 90' lang='lat' dir='ltr'><strong>duos</strong></span> <span class='ocrx_word' id='word_1_425' title='bbox 2266 2766 2412 2839; x_wconf 89' lang='lat' dir='ltr'><strong>apud</strong></span> <span class='ocrx_word' id='word_1_426' title='bbox 2438 2766 2794 2841; x_wconf 81' lang='lat' dir='ltr'><strong>Mercatorem</strong></span> <span class='ocrx_word' id='word_1_427' title='bbox 2825 2768 3033 2841; x_wconf 83' lang='lat' dir='ltr'><strong>dividi:</strong></span> <span class='ocrx_word' id='word_1_428' title='bbox 3064 2771 3410 2841; x_wconf 83' lang='lat' dir='ltr'><strong>appositum-</strong></span> 
     </span>
    </p>
   </div>
   <div class='ocr_carea' id='block_1_56' title="bbox 1821 2838 3411 2912">
    <p class='ocr_par' dir='ltr' id='par_1_56' title="bbox 1821 2838 3411 2912">
     <span class='ocr_line' id='line_1_57' title="bbox 1821 2838 3411 2912; baseline 0.004 -18"><span class='ocrx_word' id='word_1_429' title='bbox 1821 2854 1927 2909; x_wconf 92' lang='lat' dir='ltr'><strong>que</strong></span> <span class='ocrx_word' id='word_1_430' title='bbox 1963 2838 2133 2895; x_wconf 88' lang='lat' dir='ltr'><strong>fuisse</strong></span> <span class='ocrx_word' id='word_1_431' title='bbox 2170 2838 2327 2912; x_wconf 76' lang='lat' dir='ltr'><strong>suum</strong></span> <span class='ocrx_word' id='word_1_432' title='bbox 2367 2840 2658 2912; x_wconf 87' lang='lat' dir='ltr'><strong>posteriori</strong></span> <span class='ocrx_word' id='word_1_433' title='bbox 2698 2839 3007 2912; x_wconf 80' lang='lat' dir='ltr'><strong>exordium,</strong></span> <span class='ocrx_word' id='word_1_434' title='bbox 3036 2838 3248 2912; x_wconf 76' lang='lat' dir='ltr'><strong>aliaque</strong></span> <span class='ocrx_word' id='word_1_435' title='bbox 3300 2858 3411 2900; x_wconf 89' lang='lat' dir='ltr'><strong>non</strong></span> 
     </span>
    </p>
   </div>
   <div class='ocr_carea' id='block_1_57' title="bbox 1820 2909 3412 2993">
    <p class='ocr_par' dir='ltr' id='par_1_57' title="bbox 1820 2909 3412 2993">
     <span class='ocr_line' id='line_1_58' title="bbox 1820 2909 3412 2993; baseline 0.004 -28"><span class='ocrx_word' id='word_1_436' title='bbox 1820 2924 2018 2993; x_wconf 73' lang='lat' dir='ltr'><strong>pauca,</strong></span> <span class='ocrx_word' id='word_1_437' title='bbox 2051 2925 2187 2993; x_wconf 61' lang='lat' dir='ltr'><strong>qnee</strong></span> <span class='ocrx_word' id='word_1_438' title='bbox 2203 2911 2259 2966; x_wconf 89' lang='lat' dir='ltr'><strong>in</strong></span> <span class='ocrx_word' id='word_1_439' title='bbox 2284 2909 2477 2993; x_wconf 45' lang='lat' dir='ltr'><strong>(graeco</strong></span> <span class='ocrx_word' id='word_1_440' title='bbox 2503 2910 2648 2964; x_wconf 89' lang='lat' dir='ltr'><strong>nulla</strong></span> <span class='ocrx_word' id='word_1_441' title='bbox 2679 2911 3061 2993; x_wconf 81' lang='lat' dir='ltr'><strong>s_unt.__0piner</strong></span> <span class='ocrx_word' id='word_1_442' title='bbox 3086 2909 3271 2993; x_wconf 75' lang='lat' dir='ltr'><strong>tamen</strong></span> <span class='ocrx_word' id='word_1_443' title='bbox 3299 2927 3412 2972; x_wconf 91' lang='lat' dir='ltr'><strong>non</strong></span> 
     </span>
    </p>
   </div>
   <div class='ocr_carea' id='block_1_58' title="bbox 1819 2980 3411 3056">
    <p class='ocr_par' dir='ltr' id='par_1_58' title="bbox 1819 2980 3411 3056">
     <span class='ocr_line' id='line_1_59' title="bbox 1819 2980 3411 3056; baseline 0.003 -21"><span class='ocrx_word' id='word_1_444' title='bbox 1819 2980 2258 3056; x_wconf 82' lang='lat' dir='ltr'><strong>improbabiliter</strong></span> <span class='ocrx_word' id='word_1_445' title='bbox 2284 2980 2393 3037; x_wconf 92' lang='lat' dir='ltr'><strong>dici</strong></span> <span class='ocrx_word' id='word_1_446' title='bbox 2424 2994 2606 3056; x_wconf 82' lang='lat' dir='ltr'><strong>posse,</strong></span> <span class='ocrx_word' id='word_1_447' title='bbox 2638 2982 2779 3038; x_wconf 91' lang='lat' dir='ltr'><strong>vela</strong></span> <span class='ocrx_word' id='word_1_448' title='bbox 2824 2980 3148 3056; x_wconf 74' lang='lat' dir='ltr'><strong>Mercatore,</strong></span> <span class='ocrx_word' id='word_1_449' title='bbox 3181 2984 3268 3039; x_wconf 89' lang='lat' dir='ltr'><strong>vel</strong></span> <span class='ocrx_word' id='word_1_450' title='bbox 3305 3000 3411 3056; x_wconf 86' lang='lat' dir='ltr'><strong>po-</strong></span> 
     </span>
    </p>
   </div>
   <div class='ocr_carea' id='block_1_59' title="bbox 1820 3052 3413 3125">
    <p class='ocr_par' dir='ltr' id='par_1_59' title="bbox 1820 3052 3413 3125">
     <span class='ocr_line' id='line_1_60' title="bbox 1820 3052 3413 3125; baseline 0.005 -19"><span class='ocrx_word' id='word_1_451' title='bbox 1820 3052 1930 3125; x_wconf 78' lang='lat' dir='ltr'><strong>tius</strong></span> <span class='ocrx_word' id='word_1_452' title='bbox 1952 3068 1984 3109; x_wconf 84' lang='lat' dir='ltr'><strong>a</strong></span> <span class='ocrx_word' id='word_1_453' title='bbox 2008 3052 2242 3119; x_wconf 91' lang='lat' dir='ltr'><strong>notario,</strong></span> <span class='ocrx_word' id='word_1_454' title='bbox 2289 3052 2611 3125; x_wconf 84' lang='lat' dir='ltr'><strong>posterioris</strong></span> <span class='ocrx_word' id='word_1_455' title='bbox 2652 3054 2922 3111; x_wconf 90' lang='lat' dir='ltr'><strong>sermonis</strong></span> <span class='ocrx_word' id='word_1_456' title='bbox 2951 3053 3258 3125; x_wconf 88' lang='lat' dir='ltr'><strong>fragmento</strong></span> <span class='ocrx_word' id='word_1_457' title='bbox 3285 3052 3413 3114; x_wconf 75' lang='lat' dir='ltr'><strong>sub-</strong></span> 
     </span>
    </p>
   </div>
   <div class='ocr_carea' id='block_1_60' title="bbox 1814 3121 3413 3197">
    <p class='ocr_par' dir='ltr' id='par_1_60' title="bbox 1814 3121 3413 3197">
     <span class='ocr_line' id='line_1_61' title="bbox 1814 3121 3413 3197; baseline 0.004 -20"><span class='ocrx_word' id='word_1_458' title='bbox 1814 3121 2064 3197; x_wconf 87' lang='lat' dir='ltr'><strong>junctum</strong></span> <span class='ocrx_word' id='word_1_459' title='bbox 2113 3121 2514 3197; x_wconf 41' lang='lat' dir='ltr'><strong>fuisse’prioris</strong></span> <span class='ocrx_word' id='word_1_460' title='bbox 2542 3134 2881 3197; x_wconf 81' lang='lat' dir='ltr'><strong>excerptum,</strong></span> <span class='ocrx_word' id='word_1_461' title='bbox 2924 3121 3062 3197; x_wconf 54' lang='lat' dir='ltr'><strong>qua?</strong></span> <span class='ocrx_word' id='word_1_462' title='bbox 3075 3141 3203 3195; x_wconf 89' lang='lat' dir='ltr'><strong>pars</strong></span> <span class='ocrx_word' id='word_1_463' title='bbox 3230 3128 3278 3184; x_wconf 92' lang='lat' dir='ltr'><strong>si</strong></span> <span class='ocrx_word' id='word_1_464' title='bbox 3310 3142 3413 3185; x_wconf 86' lang='lat' dir='ltr'><strong>suo</strong></span> 
     </span>
    </p>
   </div>
   <div class='ocr_carea' id='block_1_61' title="bbox 150 3184 3410 3269">
    <p class='ocr_par' dir='ltr' id='par_1_61' title="bbox 150 3184 3410 3269">
     <span class='ocr_line' id='line_1_62' title="bbox 150 3184 3410 3269; baseline 0 -16"><span class='ocrx_word' id='word_1_465' title='bbox 150 3207 199 3253; x_wconf 87' lang='lat' dir='ltr'><strong>et</strong></span> <span class='ocrx_word' id='word_1_466' title='bbox 220 3184 430 3269; x_wconf 70' lang='lat' dir='ltr'><strong>parang.</strong></span> <span class='ocrx_word' id='word_1_467' title='bbox 463 3197 559 3269; x_wconf 69' lang='lat' dir='ltr'><strong>Est</strong></span> <span class='ocrx_word' id='word_1_468' title='bbox 585 3203 769 3269; x_wconf 82' lang='lat' dir='ltr'><strong>autem</strong></span> <span class='ocrx_word' id='word_1_469' title='bbox 794 3184 1005 3269; x_wconf 76' lang='lat' dir='ltr'><strong>evectio</strong></span> <span class='ocrx_word' id='word_1_470' title='bbox 1051 3193 1264 3269; x_wconf 89' lang='lat' dir='ltr'><strong>licentia</strong></span> <span class='ocrx_word' id='word_1_471' title='bbox 1289 3184 1480 3269; x_wconf 73' lang='lat' dir='ltr'><strong>cursus</strong></span> <span class='ocrx_word' id='word_1_472' title='bbox 1508 3184 1786 3264; x_wconf 68' lang='lat' dir='ltr'><strong>publicilC</strong></span> <span class='ocrx_word' id='word_1_473' title='bbox 1814 3184 2040 3269; x_wconf 69' lang='lat' dir='ltr'><strong>corpori</strong></span> <span class='ocrx_word' id='word_1_474' title='bbox 2086 3193 2299 3269; x_wconf 86' lang='lat' dir='ltr'><strong>reddita</strong></span> <span class='ocrx_word' id='word_1_475' title='bbox 2316 3184 2439 3261; x_wconf 63' lang='lat' dir='ltr'><strong>&#39;sit,</strong></span> <span class='ocrx_word' id='word_1_476' title='bbox 2470 3184 2724 3269; x_wconf 68' lang='lat' dir='ltr'><strong>ut_certe&#39;</strong></span> <span class='ocrx_word' id='word_1_477' title='bbox 2744 3184 2909 3269; x_wconf 77' lang='lat' dir='ltr'><strong>debet</strong></span> <span class='ocrx_word' id='word_1_478' title='bbox 2922 3184 2957 3263; x_wconf 74' lang='grc'><strong>,⁸</strong></span> <span class='ocrx_word' id='word_1_479' title='bbox 2985 3184 3149 3269; x_wconf 81' lang='lat' dir='ltr'><strong>tot_am</strong></span> <span class='ocrx_word' id='word_1_480' title='bbox 3176 3197 3410 3265; x_wconf 80' lang='lat' dir='ltr'><strong>auferet,</strong></span> 
     </span>
    </p>
   </div>
   <div class='ocr_carea' id='block_1_62' title="bbox 152 3264 1713 3339">
    <p class='ocr_par' dir='ltr' id='par_1_62' title="bbox 152 3264 1713 3339">
     <span class='ocr_line' id='line_1_63' title="bbox 152 3264 1713 3339; baseline -0.001 -15"><span class='ocrx_word' id='word_1_481' title='bbox 152 3264 441 3339; x_wconf 76' lang='lat' dir='ltr'><strong>usurpandi,</strong></span> <span class='ocrx_word' id='word_1_482' title='bbox 473 3266 601 3339; x_wconf 86' lang='lat' dir='ltr'><strong>data</strong></span> <span class='ocrx_word' id='word_1_483' title='bbox 627 3267 711 3339; x_wconf 89' lang='lat' dir='ltr'><strong>vel</strong></span> <span class='ocrx_word' id='word_1_484' title='bbox 741 3281 772 3321; x_wconf 88' lang='lat' dir='ltr'><strong>a</strong></span> <span class='ocrx_word' id='word_1_485' title='bbox 800 3265 1044 3339; x_wconf 77' lang='lat' dir='ltr'><strong>principe</strong></span> <span class='ocrx_word' id='word_1_486' title='bbox 1066 3306 1084 3332; x_wconf 86' lang='lat'><strong>,</strong></span> <span class='ocrx_word' id='word_1_487' title='bbox 1112 3265 1199 3339; x_wconf 87' lang='lat' dir='ltr'><strong>vel</strong></span> <span class='ocrx_word' id='word_1_488' title='bbox 1225 3280 1256 3319; x_wconf 91' lang='lat' dir='ltr'><strong>a</strong></span> <span class='ocrx_word' id='word_1_489' title='bbox 1284 3264 1540 3339; x_wconf 54' lang='lat' dir='ltr'><strong>prgiecto</strong></span> <span class='ocrx_word' id='word_1_490' title='bbox 1570 3280 1713 3336; x_wconf 68' lang='lat' dir='ltr'><strong>pras-</strong></span> 
     </span>
    </p>
   </div>
   <div class='ocr_carea' id='block_1_63' title="bbox 156 3335 1715 3409">
    <p class='ocr_par' dir='ltr' id='par_1_63' title="bbox 156 3335 1715 3409">
     <span class='ocr_line' id='line_1_64' title="bbox 156 3335 1715 3409; baseline -0.002 -14"><span class='ocrx_word' id='word_1_491' title='bbox 156 3335 295 3405; x_wconf 80' lang='lat' dir='ltr'><strong>torio,</strong></span> <span class='ocrx_word' id='word_1_492' title='bbox 319 3339 515 3395; x_wconf 87' lang='lat' dir='ltr'><strong>functis</strong></span> <span class='ocrx_word' id='word_1_493' title='bbox 544 3335 816 3409; x_wconf 79' lang='lat' dir='ltr'><strong>dignitate</strong></span> <span class='ocrx_word' id='word_1_494' title='bbox 829 3335 1064 3409; x_wconf 70' lang='lat' dir='ltr'><strong>civiliet</strong></span> <span class='ocrx_word' id='word_1_495' title='bbox 1079 3336 1320 3409; x_wconf 73' lang='lat' dir='ltr'><strong>militari.</strong></span> <span class='ocrx_word' id='word_1_496' title='bbox 1352 3335 1558 3409; x_wconf 82' lang='lat' dir='ltr'><strong>Cursus</strong></span> <span class='ocrx_word' id='word_1_497' title='bbox 1572 3335 1715 3393; x_wconf 77' lang='lat' dir='ltr'><strong>vero</strong></span> 
     </span>
    </p>
   </div>
   <div class='ocr_carea' id='block_1_64' title="bbox 154 3405 1717 3481">
    <p class='ocr_par' dir='ltr' id='par_1_64' title="bbox 154 3405 1717 3481">
     <span class='ocr_line' id='line_1_65' title="bbox 154 3405 1717 3481; baseline -0.001 -16"><span class='ocrx_word' id='word_1_498' title='bbox 154 3411 393 3481; x_wconf 87' lang='lat' dir='ltr'><strong>publicus,</strong></span> <span class='ocrx_word' id='word_1_499' title='bbox 426 3425 589 3481; x_wconf 89' lang='lat' dir='ltr'><strong>quem</strong></span> <span class='ocrx_word' id='word_1_500' title='bbox 603 3405 857 3481; x_wconf 64' lang='lat' dir='ltr'><strong>&#39;ﬁscalem</strong></span> <span class='ocrx_word' id='word_1_501' title='bbox 886 3405 1235 3481; x_wconf 72' lang='lat' dir='ltr'><strong>Spartianus,</strong></span> <span class='ocrx_word' id='word_1_502' title='bbox 1257 3405 1537 3481; x_wconf 84' lang='lat' dir='ltr'><strong>Nestorius</strong></span> <span class='ocrx_word' id='word_1_503' title='bbox 1558 3422 1717 3481; x_wconf 79' lang='lat' dir='ltr'><strong>rega-</strong></span> 
     </span>
    </p>
   </div>
   <div class='ocr_carea' id='block_1_65' title="bbox 154 3477 1715 3551">
    <p class='ocr_par' dir='ltr' id='par_1_65' title="bbox 154 3477 1715 3551">
     <span class='ocr_line' id='line_1_66' title="bbox 154 3477 1715 3551; baseline -0.001 -15"><span class='ocrx_word' id='word_1_504' title='bbox 154 3480 245 3536; x_wconf 86' lang='lat' dir='ltr'><strong>lem</strong></span> <span class='ocrx_word' id='word_1_505' title='bbox 286 3477 461 3547; x_wconf 71' lang='lat' dir='ltr'><strong>vocat,</strong></span> <span class='ocrx_word' id='word_1_506' title='bbox 492 3489 610 3537; x_wconf 84' lang='lat' dir='ltr'><strong>erat</strong></span> <span class='ocrx_word' id='word_1_507' title='bbox 641 3477 959 3551; x_wconf 87' lang='lat' dir='ltr'><strong>obsequium</strong></span> <span class='ocrx_word' id='word_1_508' title='bbox 1010 3480 1177 3534; x_wconf 90' lang='lat' dir='ltr'><strong>certis</strong></span> <span class='ocrx_word' id='word_1_509' title='bbox 1224 3477 1466 3551; x_wconf 85' lang='lat' dir='ltr'><strong>locis,_in</strong></span> <span class='ocrx_word' id='word_1_510' title='bbox 1496 3477 1715 3549; x_wconf 83' lang='lat' dir='ltr'><strong>publico</strong></span> 
     </span>
    </p>
   </div>
   <div class='ocr_carea' id='block_1_66' title="bbox 156 3548 1716 3622">
    <p class='ocr_par' dir='ltr' id='par_1_66' title="bbox 156 3548 1716 3622">
     <span class='ocr_line' id='line_1_67' title="bbox 156 3548 1716 3622; baseline 0 -16"><span class='ocrx_word' id='word_1_511' title='bbox 156 3551 342 3619; x_wconf 84' lang='lat' dir='ltr'><strong>itinere,</strong></span> <span class='ocrx_word' id='word_1_512' title='bbox 363 3552 434 3607; x_wconf 87' lang='lat' dir='ltr'><strong>ad</strong></span> <span class='ocrx_word' id='word_1_513' title='bbox 458 3552 700 3622; x_wconf 85' lang='lat' dir='ltr'><strong>publicas</strong></span> <span class='ocrx_word' id='word_1_514' title='bbox 725 3548 1077 3622; x_wconf 79' lang='lat' dir='ltr'><strong>necessitates</strong></span> <span class='ocrx_word' id='word_1_515' title='bbox 1098 3548 1485 3622; x_wconf 79' lang='lat' dir='ltr'><strong>expediendas,</strong></span> <span class='ocrx_word' id='word_1_516' title='bbox 1499 3548 1716 3622; x_wconf 71' lang='lat' dir='ltr'><strong>consti-</strong></span> 
     </span>
    </p>
   </div>
   <div class='ocr_carea' id='block_1_67' title="bbox 158 3620 1717 3693">
    <p class='ocr_par' dir='ltr' id='par_1_67' title="bbox 158 3620 1717 3693">
     <span class='ocr_line' id='line_1_68' title="bbox 158 3620 1717 3693; baseline 0.001 -16"><span class='ocrx_word' id='word_1_517' title='bbox 158 3631 324 3678; x_wconf 86' lang='lat' dir='ltr'><strong>tutum.</strong></span> <span class='ocrx_word' id='word_1_518' title='bbox 352 3620 473 3679; x_wconf 80' lang='lat' dir='ltr'><strong>Hoc</strong></span> <span class='ocrx_word' id='word_1_519' title='bbox 501 3622 591 3693; x_wconf 86' lang='lat' dir='ltr'><strong>qui</strong></span> <span class='ocrx_word' id='word_1_520' title='bbox 618 3621 881 3693; x_wconf 86' lang='lat' dir='ltr'><strong>curabant</strong></span> <span class='ocrx_word' id='word_1_521' title='bbox 910 3621 963 3675; x_wconf 91' lang='lat' dir='ltr'><strong>in</strong></span> <span class='ocrx_word' id='word_1_522' title='bbox 994 3620 1519 3693; x_wconf 77' lang='lat' dir='ltr'><strong>provincia,_curiosi</strong></span> <span class='ocrx_word' id='word_1_523' title='bbox 1567 3621 1717 3678; x_wconf 89' lang='lat' dir='ltr'><strong>dice-</strong></span> 
     </span>
    </p>
   </div>
   <div class='ocr_carea' id='block_1_68' title="bbox 156 3690 1713 3763">
    <p class='ocr_par' dir='ltr' id='par_1_68' title="bbox 156 3690 1713 3763">
     <span class='ocr_line' id='line_1_69' title="bbox 156 3690 1713 3763; baseline 0.001 -15"><span class='ocrx_word' id='word_1_524' title='bbox 156 3693 352 3758; x_wconf 82' lang='lat' dir='ltr'><strong>bantur;</strong></span> <span class='ocrx_word' id='word_1_525' title='bbox 377 3693 477 3763; x_wconf 89' lang='lat' dir='ltr'><strong>qui</strong></span> <span class='ocrx_word' id='word_1_526' title='bbox 508 3690 561 3748; x_wconf 57' lang='lat' dir='ltr'><strong>i&#39;n</strong></span> <span class='ocrx_word' id='word_1_527' title='bbox 590 3692 821 3763; x_wconf 88' lang='lat' dir='ltr'><strong>singulis</strong></span> <span class='ocrx_word' id='word_1_528' title='bbox 849 3690 1003 3758; x_wconf 86' lang='lat' dir='ltr'><strong>locis,</strong></span> <span class='ocrx_word' id='word_1_529' title='bbox 1035 3690 1370 3763; x_wconf 85' lang='lat' dir='ltr'><strong>stationarii;</strong></span> <span class='ocrx_word' id='word_1_530' title='bbox 1393 3693 1482 3763; x_wconf 87' lang='lat' dir='ltr'><strong>qui</strong></span> <span class='ocrx_word' id='word_1_531' title='bbox 1510 3692 1562 3747; x_wconf 94' lang='lat' dir='ltr'><strong>in</strong></span> <span class='ocrx_word' id='word_1_532' title='bbox 1597 3693 1713 3762; x_wconf 88' lang='lat' dir='ltr'><strong>ipsa</strong></span> 
     </span>
    </p>
   </div>
   <div class='ocr_carea' id='block_1_69' title="bbox 156 3762 1715 3834">
    <p class='ocr_par' dir='ltr' id='par_1_69' title="bbox 156 3762 1715 3834">
     <span class='ocr_line' id='line_1_70' title="bbox 156 3762 1715 3834; baseline 0.001 -17"><span class='ocrx_word' id='word_1_533' title='bbox 156 3765 243 3826; x_wconf 88' lang='lat' dir='ltr'><strong>via.</strong></span> <span class='ocrx_word' id='word_1_534' title='bbox 256 3762 573 3821; x_wconf 83' lang='lat' dir='ltr'><strong>deductores</strong></span> <span class='ocrx_word' id='word_1_535' title='bbox 591 3762 695 3819; x_wconf 82' lang='lat' dir='ltr'><strong>seu</strong></span> <span class='ocrx_word' id='word_1_536' title='bbox 709 3763 985 3819; x_wconf 89' lang='lat' dir='ltr'><strong>custodes.</strong></span> <span class='ocrx_word' id='word_1_537' title='bbox 1007 3762 1233 3818; x_wconf 86' lang='lat' dir='ltr'><strong>Confert</strong></span> <span class='ocrx_word' id='word_1_538' title='bbox 1254 3762 1416 3834; x_wconf 88' lang='lat' dir='ltr'><strong>igitur</strong></span> <span class='ocrx_word' id='word_1_539' title='bbox 1435 3762 1715 3819; x_wconf 86' lang='lat' dir='ltr'><strong>Nestorius</strong></span> 
     </span>
    </p>
   </div>
   <div class='ocr_carea' id='block_1_70' title="bbox 156 3833 1714 3904">
    <p class='ocr_par' dir='ltr' id='par_1_70' title="bbox 156 3833 1714 3904">
     <span class='ocr_line' id='line_1_71' title="bbox 156 3833 1714 3904; baseline 0.001 -16"><span class='ocrx_word' id='word_1_540' title='bbox 156 3833 390 3904; x_wconf 82' lang='lat' dir='ltr'><strong>baptismo</strong></span> <span class='ocrx_word' id='word_1_541' title='bbox 440 3835 785 3891; x_wconf 87' lang='lat' dir='ltr'><strong>collationem</strong></span> <span class='ocrx_word' id='word_1_542' title='bbox 831 3849 954 3889; x_wconf 91' lang='lat' dir='ltr'><strong>cum</strong></span> <span class='ocrx_word' id='word_1_543' title='bbox 993 3833 1295 3898; x_wconf 81' lang='lat' dir='ltr'><strong>evectione,</strong></span> <span class='ocrx_word' id='word_1_544' title='bbox 1329 3836 1614 3890; x_wconf 88' lang='lat' dir='ltr'><strong>transitum</strong></span> <span class='ocrx_word' id='word_1_545' title='bbox 1645 3836 1714 3890; x_wconf 92' lang='lat' dir='ltr'><strong>ad</strong></span> 
     </span>
    </p>
   </div>
   <div class='ocr_carea' id='block_1_71' title="bbox 158 3905 1716 3976">
    <p class='ocr_par' dir='ltr' id='par_1_71' title="bbox 158 3905 1716 3976">
     <span class='ocr_line' id='line_1_72' title="bbox 158 3905 1716 3976; baseline 0.001 -17"><span class='ocrx_word' id='word_1_546' title='bbox 158 3908 401 3962; x_wconf 88' lang='lat' dir='ltr'><strong>meliorem</strong></span> <span class='ocrx_word' id='word_1_547' title='bbox 455 3906 619 3961; x_wconf 88' lang='lat' dir='ltr'><strong>vitam</strong></span> <span class='ocrx_word' id='word_1_548' title='bbox 667 3920 790 3961; x_wconf 89' lang='lat' dir='ltr'><strong>cum</strong></span> <span class='ocrx_word' id='word_1_549' title='bbox 820 3919 979 3960; x_wconf 88' lang='lat' dir='ltr'><strong>cursu</strong></span> <span class='ocrx_word' id='word_1_550' title='bbox 1008 3905 1226 3976; x_wconf 86' lang='lat' dir='ltr'><strong>publico</strong></span> <span class='ocrx_word' id='word_1_551' title='bbox 1266 3919 1361 3962; x_wconf 88' lang='lat' dir='ltr'><strong>seu</strong></span> <span class='ocrx_word' id='word_1_552' title='bbox 1401 3906 1587 3975; x_wconf 88' lang='lat' dir='ltr'><strong>regali,</strong></span> <span class='ocrx_word' id='word_1_553' title='bbox 1619 3906 1716 3962; x_wconf 92' lang='lat' dir='ltr'><strong>ba-</strong></span> 
     </span>
    </p>
   </div>
   <div class='ocr_carea' id='block_1_72' title="bbox 159 3976 1714 4049">
    <p class='ocr_par' dir='ltr' id='par_1_72' title="bbox 159 3976 1714 4049">
     <span class='ocr_line' id='line_1_73' title="bbox 159 3976 1714 4049; baseline -0.001 -18"><span class='ocrx_word' id='word_1_554' title='bbox 159 3978 328 4049; x_wconf 81' lang='lat' dir='ltr'><strong>ptismo</strong></span> <span class='ocrx_word' id='word_1_555' title='bbox 374 3977 575 4032; x_wconf 91' lang='lat' dir='ltr'><strong>tinctos</strong></span> <span class='ocrx_word' id='word_1_556' title='bbox 603 3992 725 4049; x_wconf 87' lang='lat' dir='ltr'><strong>eum</strong></span> <span class='ocrx_word' id='word_1_557' title='bbox 755 3976 1016 4049; x_wconf 89' lang='lat' dir='ltr'><strong>dignitate</strong></span> <span class='ocrx_word' id='word_1_558' title='bbox 1055 3978 1465 4049; x_wconf 63' lang='lat' dir='ltr'><strong>praestantibus,</strong></span> <span class='ocrx_word' id='word_1_559' title='bbox 1490 3977 1714 4046; x_wconf 88' lang='lat' dir='ltr'><strong>angelos</strong></span> 
     </span>
    </p>
   </div>
   <div class='ocr_carea' id='block_1_73' title="bbox 158 4047 1713 4131">
    <p class='ocr_par' dir='ltr' id='par_1_73' title="bbox 158 4047 1713 4131">
     <span class='ocr_line' id='line_1_74' title="bbox 158 4047 1713 4131; baseline 0.003 -32"><span class='ocrx_word' id='word_1_560' title='bbox 158 4048 424 4131; x_wconf 71' lang='lat' dir='ltr'><strong>animarum</strong></span> <span class='ocrx_word' id='word_1_561' title='bbox 448 4048 701 4106; x_wconf 87' lang='lat' dir='ltr'><strong>custodes</strong></span> <span class='ocrx_word' id='word_1_562' title='bbox 719 4062 842 4104; x_wconf 89' lang='lat' dir='ltr'><strong>cum</strong></span> <span class='ocrx_word' id='word_1_563' title='bbox 864 4047 1269 4116; x_wconf 82' lang='lat' dir='ltr'><strong>deductoribus,</strong></span> <span class='ocrx_word' id='word_1_564' title='bbox 1293 4048 1567 4103; x_wconf 92' lang='lat' dir='ltr'><strong>diabolum</strong></span> <span class='ocrx_word' id='word_1_565' title='bbox 1587 4062 1713 4103; x_wconf 91' lang='lat' dir='ltr'><strong>cum</strong></span> 
     </span>
    </p>
   </div>
   <div class='ocr_carea' id='block_1_74' title="bbox 156 4132 371 4174">
    <p class='ocr_par' dir='ltr' id='par_1_74' title="bbox 156 4132 371 4174">
     <span class='ocr_line' id='line_1_75' title="bbox 156 4132 371 4174; baseline -0.005 0"><span class='ocrx_word' id='word_1_566' title='bbox 156 4132 371 4174; x_wconf 67' lang='lat' dir='ltr'><strong>CUHOSIS.</strong></span> 
     </span>
    </p>
   </div>
   <div class='ocr_carea' id='block_1_75' title="bbox 219 4187 1715 4261">
    <p class='ocr_par' dir='ltr' id='par_1_75' title="bbox 219 4187 1715 4261">
     <span class='ocr_line' id='line_1_76' title="bbox 219 4187 1715 4261; baseline 0 -17"><span class='ocrx_word' id='word_1_567' title='bbox 219 4200 237 4227; x_wconf 71' lang='grc' dir='ltr'><strong>ε</strong></span> <span class='ocrx_word' id='word_1_568' title='bbox 260 4190 526 4245; x_wconf 81' lang='lat' dir='ltr'><strong>Hactenus</strong></span> <span class='ocrx_word' id='word_1_569' title='bbox 557 4191 842 4260; x_wconf 59' lang='lat' dir='ltr'><strong>quaesitum</strong></span> <span class='ocrx_word' id='word_1_570' title='bbox 870 4189 976 4246; x_wconf 89' lang='lat' dir='ltr'><strong>fuit</strong></span> <span class='ocrx_word' id='word_1_571' title='bbox 1014 4205 1176 4261; x_wconf 83' lang='lat' dir='ltr'><strong>quem</strong></span> <span class='ocrx_word' id='word_1_572' title='bbox 1209 4189 1297 4245; x_wconf 89' lang='lat' dir='ltr'><strong>hic</strong></span> <span class='ocrx_word' id='word_1_573' title='bbox 1326 4196 1591 4261; x_wconf 73' lang='lat' dir='ltr'><strong>tractatus</strong></span> <span class='ocrx_word' id='word_1_574' title='bbox 1619 4187 1715 4244; x_wconf 88' lang='lat' dir='ltr'><strong>ha-</strong></span> 
     </span>
    </p>
   </div>
   <div class='ocr_carea' id='block_1_76' title="bbox 160 4258 1712 4332">
    <p class='ocr_par' dir='ltr' id='par_1_76' title="bbox 160 4258 1712 4332">
     <span class='ocr_line' id='line_1_77' title="bbox 160 4258 1712 4332; baseline -0.001 -18"><span class='ocrx_word' id='word_1_575' title='bbox 160 4258 289 4316; x_wconf 88' lang='lat' dir='ltr'><strong>beret</strong></span> <span class='ocrx_word' id='word_1_576' title='bbox 323 4258 629 4317; x_wconf 80' lang='lat' dir='ltr'><strong>auctorern.</strong></span> <span class='ocrx_word' id='word_1_577' title='bbox 663 4261 897 4316; x_wconf 84' lang='lat' dir='ltr'><strong>Savilius</strong></span> <span class='ocrx_word' id='word_1_578' title='bbox 927 4258 1052 4332; x_wconf 82' lang='lat' dir='ltr'><strong>post</strong></span> <span class='ocrx_word' id='word_1_579' title='bbox 1081 4259 1409 4316; x_wconf 84' lang='lat' dir='ltr'><strong>Frontonem</strong></span> <span class='ocrx_word' id='word_1_580' title='bbox 1444 4260 1712 4332; x_wconf 69' lang='lat' dir='ltr'><strong>pucmum</strong></span> 
     </span>
    </p>
   </div>
   <div class='ocr_carea' id='block_1_77' title="bbox 160 4330 1713 4414">
    <p class='ocr_par' dir='ltr' id='par_1_77' title="bbox 160 4330 1713 4414">
     <span class='ocr_line' id='line_1_78' title="bbox 160 4330 1713 4414; baseline 0.002 -31"><span class='ocrx_word' id='word_1_581' title='bbox 160 4333 300 4414; x_wconf 55' lang='lat' dir='ltr'><strong>gensit</strong></span> <span class='ocrx_word' id='word_1_582' title='bbox 336 4331 560 4414; x_wconf 65' lang='lat' dir='ltr'><strong>quidem</strong></span> <span class='ocrx_word' id='word_1_583' title='bbox 607 4330 945 4414; x_wconf 74' lang='lat' dir='ltr'><strong>suppositum</strong></span> <span class='ocrx_word' id='word_1_584' title='bbox 988 4334 1376 4414; x_wconf 74' lang='lat' dir='ltr'><strong>Chrysostemo</strong></span> <span class='ocrx_word' id='word_1_585' title='bbox 1414 4330 1592 4414; x_wconf 61' lang='lat' dir='ltr'><strong>(Tom.</strong></span> <span class='ocrx_word' id='word_1_586' title='bbox 1639 4344 1713 4414; x_wconf 69' lang='lat' dir='ltr'><strong>vit</strong></span> 
     </span>
    </p>
   </div>
   <div class='ocr_carea' id='block_1_78' title="bbox 160 4399 1710 4474">
    <p class='ocr_par' dir='ltr' id='par_1_78' title="bbox 160 4399 1710 4474">
     <span class='ocr_line' id='line_1_79' title="bbox 160 4399 1710 4474; baseline 0 -18"><span class='ocrx_word' id='word_1_587' title='bbox 160 4399 366 4474; x_wconf 67' lang='lat' dir='ltr'><strong>(ipsum</strong></span> <span class='ocrx_word' id='word_1_588' title='bbox 406 4399 746 4474; x_wconf 53' lang='lat' dir='ltr'><strong>Chrysostf),</strong></span> <span class='ocrx_word' id='word_1_589' title='bbox 794 4403 887 4457; x_wconf 91' lang='lat' dir='ltr'><strong>sed</strong></span> <span class='ocrx_word' id='word_1_590' title='bbox 938 4418 1044 4457; x_wconf 89' lang='lat' dir='ltr'><strong>non</strong></span> <span class='ocrx_word' id='word_1_591' title='bbox 1090 4399 1329 4474; x_wconf 74' lang='lat' dir='ltr'><strong>aperuit</strong></span> <span class='ocrx_word' id='word_1_592' title='bbox 1345 4399 1506 4474; x_wconf 67' lang='lat' dir='ltr'><strong>gujus</strong></span> <span class='ocrx_word' id='word_1_593' title='bbox 1549 4402 1710 4474; x_wconf 82' lang='lat' dir='ltr'><strong>foret.</strong></span> 
     </span>
    </p>
   </div>
   <div class='ocr_carea' id='block_1_79' title="bbox 158 4471 1716 4598">
    <p class='ocr_par' dir='ltr' id='par_1_79' title="bbox 158 4471 1716 4598">
     <span class='ocr_line' id='line_1_80' title="bbox 158 4471 1716 4598; baseline 0 -73"><span class='ocrx_word' id='word_1_594' title='bbox 158 4471 396 4552; x_wconf 57' lang='lat' dir='ltr'><strong>Aiterium</strong></span> <span class='ocrx_word' id='word_1_595' title='bbox 446 4471 729 4555; x_wconf 73' lang='lat' dir='ltr'><strong>perentem</strong></span> <span class='ocrx_word' id='word_1_596' title='bbox 779 4474 915 4529; x_wconf 81' lang='lat' dir='ltr'><strong>dixit</strong></span> <span class='ocrx_word' id='word_1_597' title='bbox 954 4471 1270 4557; x_wconf 40' lang='lat' dir='ltr'><strong>Comb&#39;elius</strong></span> <span class='ocrx_word' id='word_1_598' title='bbox 1307 4471 1494 4598; x_wconf 47' lang='lat' dir='ltr'><strong>310m.</strong></span> <span class='ocrx_word' id='word_1_599' title='bbox 1548 4488 1585 4556; x_wconf 59' lang='grc' dir='ltr'><strong>ει</strong></span> <span class='ocrx_word' id='word_1_600' title='bbox 1620 4471 1716 4556; x_wconf 67' lang='lat' dir='ltr'><strong>i35-</strong></span> 
     </span>
     <span class='ocr_line' id='line_1_81' title="bbox 159 4541 1708 4598; baseline 0.003 -4"><span class='ocrx_word' id='word_1_601' title='bbox 159 4541 310 4596; x_wconf 76' lang='lat' dir='ltr'><strong>bltotlt.</strong></span> <span class='ocrx_word' id='word_1_602' title='bbox 338 4542 800 4598; x_wconf 75' lang='lat' dir='ltr'><strong>Concionatortwl.</strong></span> <span class='ocrx_word' id='word_1_603' title='bbox 835 4556 1053 4598; x_wconf 87' lang='lat' dir='ltr'><strong>nronter</strong></span> <span class='ocrx_word' id='word_1_604' title='bbox 1079 4546 1301 4598; x_wconf 76' lang='lat' dir='ltr'><strong>similitu</strong></span> <span class='ocrx_word' id='word_1_605' title='bbox 1344 4558 1488 4598; x_wconf 83' lang='lat' dir='ltr'><strong>tnem</strong></span> <span class='ocrx_word' id='word_1_606' title='bbox 1512 4544 1708 4598; x_wconf 77' lang='lat' dir='ltr'><strong>dictio-</strong></span> 
     </span>
    </p>
   </div>
   <div class='ocr_carea' id='block_1_80' title="bbox 159 4541 1301 4621">
    <p class='ocr_par' dir='ltr' id='par_1_80' title="bbox 159 4541 1301 4621">
     <span class='ocr_line' id='line_1_82' title="bbox 159 4541 1301 4621; baseline 0.004 -27"><span class='ocrx_word' id='word_1_607' title='bbox 159 4541 803 4621; x_wconf 59' lang='lat' dir='ltr'><strong>biioth:_Conciontil_oriw),</strong></span> <span class='ocrx_word' id='word_1_608' title='bbox 835 4556 1053 4615; x_wconf 88' lang='lat' dir='ltr'><strong>propter</strong></span> <span class='ocrx_word' id='word_1_609' title='bbox 1079 4544 1301 4621; x_wconf 78' lang='lat' dir='ltr'><strong>similitu</strong></span> 
     </span>
    </p>
   </div>
   <div class='ocr_carea' id='block_1_81' title="bbox 157 4614 1701 4682">
    <p class='ocr_par' dir='ltr' id='par_1_81' title="bbox 157 4614 1701 4682">
     <span class='ocr_line' id='line_1_83' title="bbox 157 4614 1701 4682; baseline 0.003 -17"><span class='ocrx_word' id='word_1_610' title='bbox 157 4614 251 4674; x_wconf 85' lang='lat' dir='ltr'><strong>nis;</strong></span> <span class='ocrx_word' id='word_1_611' title='bbox 292 4615 560 4669; x_wconf 67' lang='lat' dir='ltr'><strong>Mercator</strong></span> <span class='ocrx_word' id='word_1_612' title='bbox 589 4614 1062 4682; x_wconf 32' lang='lat' dir='ltr'><strong>Nestorium,’nec</strong></span> <span class='ocrx_word' id='word_1_613' title='bbox 1103 4615 1319 4669; x_wconf 90' lang='lat' dir='ltr'><strong>dubiam</strong></span> <span class='ocrx_word' id='word_1_614' title='bbox 1351 4615 1480 4671; x_wconf 78' lang='lat' dir='ltr'><strong>facit</strong></span> <span class='ocrx_word' id='word_1_615' title='bbox 1516 4614 1701 4679; x_wconf 91' lang='lat' dir='ltr'><strong>ﬁdem,</strong></span> 
     </span>
    </p>
   </div>
   <div class='ocr_carea' id='block_1_82' title="bbox 157 4684 1706 4753">
    <p class='ocr_par' dir='ltr' id='par_1_82' title="bbox 157 4684 1706 4753">
     <span class='ocr_line' id='line_1_84' title="bbox 157 4684 1706 4753; baseline 0.002 -16"><span class='ocrx_word' id='word_1_616' title='bbox 157 4685 325 4753; x_wconf 80' lang='lat' dir='ltr'><strong>quippe</strong></span> <span class='ocrx_word' id='word_1_617' title='bbox 351 4684 445 4753; x_wconf 92' lang='lat' dir='ltr'><strong>qui</strong></span> <span class='ocrx_word' id='word_1_618' title='bbox 474 4696 531 4741; x_wconf 91' lang='lat' dir='ltr'><strong>et</strong></span> <span class='ocrx_word' id='word_1_619' title='bbox 551 4685 808 4752; x_wconf 87' lang='lat' dir='ltr'><strong>adfuerit,</strong></span> <span class='ocrx_word' id='word_1_620' title='bbox 836 4701 957 4742; x_wconf 92' lang='lat' dir='ltr'><strong>cum</strong></span> <span class='ocrx_word' id='word_1_621' title='bbox 985 4686 1279 4751; x_wconf 85' lang='lat' dir='ltr'><strong>diceretur,</strong></span> <span class='ocrx_word' id='word_1_622' title='bbox 1305 4696 1361 4741; x_wconf 91' lang='lat' dir='ltr'><strong>et</strong></span> <span class='ocrx_word' id='word_1_623' title='bbox 1388 4686 1590 4742; x_wconf 88' lang='lat' dir='ltr'><strong>editum</strong></span> <span class='ocrx_word' id='word_1_624' title='bbox 1622 4690 1706 4740; x_wconf 91' lang='lat' dir='ltr'><strong>in-</strong></span> 
     </span>
    </p>
   </div>
   <div class='ocr_carea' id='block_1_83' title="bbox 158 4756 1705 4827">
    <p class='ocr_par' dir='ltr' id='par_1_83' title="bbox 158 4756 1705 4827">
     <span class='ocr_line' id='line_1_85' title="bbox 158 4756 1705 4827; baseline 0.003 -21"><span class='ocrx_word' id='word_1_625' title='bbox 158 4760 456 4827; x_wconf 85' lang='lat' dir='ltr'><strong>terpretatus</strong></span> <span class='ocrx_word' id='word_1_626' title='bbox 494 4757 570 4811; x_wconf 88' lang='lat' dir='ltr'><strong>sit</strong></span> <span class='ocrx_word' id='word_1_627' title='bbox 603 4756 815 4823; x_wconf 87' lang='lat' dir='ltr'><strong>Latine,</strong></span> <span class='ocrx_word' id='word_1_628' title='bbox 847 4767 903 4811; x_wconf 91' lang='lat' dir='ltr'><strong>et</strong></span> <span class='ocrx_word' id='word_1_629' title='bbox 946 4771 1015 4812; x_wconf 79' lang='lat' dir='ltr'><strong>ex</strong></span> <span class='ocrx_word' id='word_1_630' title='bbox 1065 4759 1182 4827; x_wconf 91' lang='lat' dir='ltr'><strong>ipso</strong></span> <span class='ocrx_word' id='word_1_631' title='bbox 1226 4758 1558 4827; x_wconf 84' lang='lat' dir='ltr'><strong>excerpserit</strong></span> <span class='ocrx_word' id='word_1_632' title='bbox 1594 4772 1705 4812; x_wconf 89' lang='lat' dir='ltr'><strong>non</strong></span> 
     </span>
    </p>
   </div>
   <div class='ocr_carea' id='block_1_84' title="bbox 156 4826 1706 4897">
    <p class='ocr_par' dir='ltr' id='par_1_84' title="bbox 156 4826 1706 4897">
     <span class='ocr_line' id='line_1_86' title="bbox 156 4826 1706 4897; baseline 0.004 -20"><span class='ocrx_word' id='word_1_633' title='bbox 156 4838 319 4897; x_wconf 73' lang='lat' dir='ltr'><strong>pauca,</strong></span> <span class='ocrx_word' id='word_1_634' title='bbox 347 4826 545 4894; x_wconf 83' lang='lat' dir='ltr'><strong>quibus</strong></span> <span class='ocrx_word' id='word_1_635' title='bbox 570 4828 687 4895; x_wconf 82' lang='lat' dir='ltr'><strong>ipso</strong></span> <span class='ocrx_word' id='word_1_636' title='bbox 715 4827 926 4897; x_wconf 89' lang='lat' dir='ltr'><strong>patroni</strong></span> <span class='ocrx_word' id='word_1_637' title='bbox 954 4826 1267 4884; x_wconf 83' lang='lat' dir='ltr'><strong>testimonio</strong></span> <span class='ocrx_word' id='word_1_638' title='bbox 1297 4826 1547 4883; x_wconf 61' lang='lat' dir='ltr'><strong>haeresim</strong></span> <span class='ocrx_word' id='word_1_639' title='bbox 1578 4827 1706 4883; x_wconf 75' lang='lat' dir='ltr'><strong>Cm-</strong></span> 
     </span>
    </p>
   </div>
   <div class='ocr_carea' id='block_1_85' title="bbox 157 4892 1708 4968">
    <p class='ocr_par' dir='ltr' id='par_1_85' title="bbox 157 4892 1708 4968">
     <span class='ocr_line' id='line_1_87' title="bbox 157 4892 1708 4968; baseline 0.001 -19"><span class='ocrx_word' id='word_1_640' title='bbox 157 4892 276 4968; x_wconf 80' lang='lat' dir='ltr'><strong>Iestii</strong></span> <span class='ocrx_word' id='word_1_641' title='bbox 299 4892 645 4953; x_wconf 78' lang='lat' dir='ltr'><strong>confutaret:</strong></span> <span class='ocrx_word' id='word_1_642' title='bbox 694 4892 1044 4968; x_wconf 80' lang='lat' dir='ltr'><strong>quamquam,</strong></span> <span class='ocrx_word' id='word_1_643' title='bbox 1077 4906 1134 4953; x_wconf 91' lang='lat' dir='ltr'><strong>ut</strong></span> <span class='ocrx_word' id='word_1_644' title='bbox 1159 4907 1365 4954; x_wconf 91' lang='lat' dir='ltr'><strong>tantum</strong></span> <span class='ocrx_word' id='word_1_645' title='bbox 1395 4899 1708 4955; x_wconf 82' lang='lat' dir='ltr'><strong>Mercatoris</strong></span> 
     </span>
    </p>
   </div>
   <div class='ocr_carea' id='block_1_86' title="bbox 159 4966 1710 5039">
    <p class='ocr_par' dir='ltr' id='par_1_86' title="bbox 159 4966 1710 5039">
     <span class='ocr_line' id='line_1_88' title="bbox 159 4966 1710 5039; baseline 0.003 -21"><span class='ocrx_word' id='word_1_646' title='bbox 159 4966 499 5024; x_wconf 85' lang='lat' dir='ltr'><strong>testimonium</strong></span> <span class='ocrx_word' id='word_1_647' title='bbox 548 4966 826 5035; x_wconf 77' lang='lat' dir='ltr'><strong>deﬁceret,</strong></span> <span class='ocrx_word' id='word_1_648' title='bbox 876 4966 1092 5039; x_wconf 81' lang='lat' dir='ltr'><strong>poterat</strong></span> <span class='ocrx_word' id='word_1_649' title='bbox 1140 4970 1254 5039; x_wconf 79' lang='lat' dir='ltr'><strong>ipsa</strong></span> <span class='ocrx_word' id='word_1_650' title='bbox 1302 4985 1402 5039; x_wconf 90' lang='lat' dir='ltr'><strong>per</strong></span> <span class='ocrx_word' id='word_1_651' title='bbox 1448 4984 1507 5025; x_wconf 90' lang='lat' dir='ltr'><strong>se</strong></span> <span class='ocrx_word' id='word_1_652' title='bbox 1536 4968 1710 5025; x_wconf 88' lang='lat' dir='ltr'><strong>oratio</strong></span> 
     </span>
    </p>
   </div>
   <div class='ocr_carea' id='block_1_87' title="bbox 161 5040 1714 5123">
    <p class='ocr_par' dir='ltr' id='par_1_87' title="bbox 161 5040 1714 5123">
     <span class='ocr_line' id='line_1_89' title="bbox 161 5040 1714 5123; baseline 0.001 -31"><span class='ocrx_word' id='word_1_653' title='bbox 161 5046 291 5123; x_wconf 48' lang='lat' dir='ltr'><strong>{eum</strong></span> <span class='ocrx_word' id='word_1_654' title='bbox 314 5041 444 5123; x_wconf 61' lang='lat' dir='ltr'><strong>seiis</strong></span> <span class='ocrx_word' id='word_1_655' title='bbox 470 5049 774 5123; x_wconf 77' lang='lat' dir='ltr'><strong>auctorem,</strong></span> <span class='ocrx_word' id='word_1_656' title='bbox 803 5040 885 5123; x_wconf 76' lang='lat' dir='ltr'><strong>sin</strong></span> <span class='ocrx_word' id='word_1_657' title='bbox 902 5041 1093 5123; x_wconf 82' lang='lat' dir='ltr'><strong>minus</strong></span> <span class='ocrx_word' id='word_1_658' title='bbox 1116 5040 1373 5123; x_wconf 69' lang='lat' dir='ltr'><strong>prodere,</strong></span> <span class='ocrx_word' id='word_1_659' title='bbox 1401 5040 1593 5123; x_wconf 73' lang='lat' dir='ltr'><strong>ealtem</strong></span> <span class='ocrx_word' id='word_1_660' title='bbox 1609 5054 1714 5123; x_wconf 59' lang='grc' dir='ltr'><strong>⁸τιςδ-</strong></span> 
     </span>
    </p>
   </div>
   <div class='ocr_carea' id='block_1_88' title="bbox 160 5109 1716 5183">
    <p class='ocr_par' dir='ltr' id='par_1_88' title="bbox 160 5109 1716 5183">
     <span class='ocr_line' id='line_1_90' title="bbox 160 5109 1716 5183; baseline -0.002 -17"><span class='ocrx_word' id='word_1_661' title='bbox 160 5119 323 5183; x_wconf 59' lang='lat' dir='ltr'><strong>putare</strong></span> <span class='ocrx_word' id='word_1_662' title='bbox 349 5109 697 5183; x_wconf 11' lang='lat' dir='ltr'><strong>Nestorianmi</strong></span> <span class='ocrx_word' id='word_1_663' title='bbox 729 5111 1059 5183; x_wconf 78' lang='lat' dir='ltr'><strong>impietatis;</strong></span> <span class='ocrx_word' id='word_1_664' title='bbox 1089 5109 1358 5183; x_wconf 84' lang='lat' dir='ltr'><strong>siquidem</strong></span> <span class='ocrx_word' id='word_1_665' title='bbox 1393 5112 1462 5183; x_wconf 84' lang='lat' dir='ltr'><strong>de</strong></span> <span class='ocrx_word' id='word_1_666' title='bbox 1496 5110 1716 5183; x_wconf 71' lang='lat' dir='ltr'><strong>Christe</strong></span> 
     </span>
    </p>
   </div>
   <div class='ocr_carea' id='block_1_89' title="bbox 159 5174 1715 5253">
    <p class='ocr_par' dir='ltr' id='par_1_89' title="bbox 159 5174 1715 5253">
     <span class='ocr_line' id='line_1_91' title="bbox 159 5174 1715 5253; baseline 0.003 -21"><span class='ocrx_word' id='word_1_667' title='bbox 159 5174 363 5253; x_wconf 81' lang='lat' dir='ltr'><strong>loquitur</strong></span> <span class='ocrx_word' id='word_1_668' title='bbox 391 5196 502 5235; x_wconf 90' lang='lat' dir='ltr'><strong>non</strong></span> <span class='ocrx_word' id='word_1_669' title='bbox 521 5181 700 5253; x_wconf 80' lang='lat' dir='ltr'><strong>semel</strong></span> <span class='ocrx_word' id='word_1_670' title='bbox 730 5174 999 5253; x_wconf 82' lang='lat' dir='ltr'><strong>tamquam</strong></span> <span class='ocrx_word' id='word_1_671' title='bbox 1028 5181 1098 5238; x_wconf 89' lang='lat' dir='ltr'><strong>de</strong></span> <span class='ocrx_word' id='word_1_672' title='bbox 1128 5174 1262 5253; x_wconf 68' lang='lat' dir='ltr'><strong>p&#39;uro</strong></span> <span class='ocrx_word' id='word_1_673' title='bbox 1288 5181 1528 5253; x_wconf 89' lang='lat' dir='ltr'><strong>homine.</strong></span> <span class='ocrx_word' id='word_1_674' title='bbox 1557 5178 1715 5249; x_wconf 87' lang='lat' dir='ltr'><strong>Quod</strong></span> 
     </span>
    </p>
   </div>
   <div class='ocr_carea' id='block_1_90' title="bbox 158 5250 1716 5329">
    <p class='ocr_par' dir='ltr' id='par_1_90' title="bbox 158 5250 1716 5329">
     <span class='ocr_line' id='line_1_92' title="bbox 158 5250 1716 5329; baseline 0.004 -29"><span class='ocrx_word' id='word_1_675' title='bbox 158 5258 273 5329; x_wconf 76' lang='lat' dir='ltr'><strong>eain</strong></span> <span class='ocrx_word' id='word_1_676' title='bbox 288 5250 422 5329; x_wconf 79' lang='lat' dir='ltr'><strong>bene</strong></span> <span class='ocrx_word' id='word_1_677' title='bbox 444 5250 912 5329; x_wconf 71' lang='lat' dir='ltr'><strong>animadverteret</strong></span> <span class='ocrx_word' id='word_1_678' title='bbox 937 5250 1269 5329; x_wconf 80' lang='lat' dir='ltr'><strong>Combeﬁus,</strong></span> <span class='ocrx_word' id='word_1_679' title='bbox 1305 5252 1477 5329; x_wconf 78' lang='lat' dir='ltr'><strong>mi_ror_</strong></span> <span class='ocrx_word' id='word_1_680' title='bbox 1496 5252 1589 5322; x_wconf 90' lang='lat' dir='ltr'><strong>qui</strong></span> <span class='ocrx_word' id='word_1_681' title='bbox 1622 5265 1716 5321; x_wconf 82' lang='lat' dir='ltr'><strong>po-</strong></span> 
     </span>
    </p>
   </div>
   <div class='ocr_carea' id='block_1_91' title="bbox 159 5321 1719 5392">
    <p class='ocr_par' dir='ltr' id='par_1_91' title="bbox 159 5321 1719 5392">
     <span class='ocr_line' id='line_1_93' title="bbox 159 5321 1719 5392; baseline 0.004 -22"><span class='ocrx_word' id='word_1_682' title='bbox 159 5321 299 5374; x_wconf 86' lang='lat' dir='ltr'><strong>tuerit</strong></span> <span class='ocrx_word' id='word_1_683' title='bbox 321 5321 542 5377; x_wconf 78' lang='lat' dir='ltr'><strong>Asterie</strong></span> <span class='ocrx_word' id='word_1_684' title='bbox 571 5322 835 5389; x_wconf 86' lang='lat' dir='ltr'><strong>tribuere,</strong></span> <span class='ocrx_word' id='word_1_685' title='bbox 860 5323 980 5379; x_wconf 91' lang='lat' dir='ltr'><strong>viro</strong></span> <span class='ocrx_word' id='word_1_686' title='bbox 1002 5324 1250 5392; x_wconf 86' lang='lat' dir='ltr'><strong>apprime</strong></span> <span class='ocrx_word' id='word_1_687' title='bbox 1277 5321 1571 5391; x_wconf 90' lang='lat' dir='ltr'><strong>catholico,</strong></span> <span class='ocrx_word' id='word_1_688' title='bbox 1595 5336 1719 5379; x_wconf 85' lang='lat' dir='ltr'><strong>ser-</strong></span> 
     </span>
    </p>
   </div>
   <div class='ocr_carea' id='block_1_92' title="bbox 158 5392 1719 5467">
    <p class='ocr_par' dir='ltr' id='par_1_92' title="bbox 158 5392 1719 5467">
     <span class='ocr_line' id='line_1_94' title="bbox 158 5392 1719 5467; baseline 0.004 -24"><span class='ocrx_word' id='word_1_689' title='bbox 158 5402 345 5467; x_wconf 68' lang='lat' dir='ltr'><strong>mortem</strong></span> <span class='ocrx_word' id='word_1_690' title='bbox 397 5402 505 5447; x_wconf 84' lang='lat' dir='ltr'><strong>tam</strong></span> <span class='ocrx_word' id='word_1_691' title='bbox 551 5392 801 5467; x_wconf 76' lang='lat' dir='ltr'><strong>impium.</strong></span> <span class='ocrx_word' id='word_1_692' title='bbox 845 5394 1081 5451; x_wconf 87' lang='lat' dir='ltr'><strong>Observa</strong></span> <span class='ocrx_word' id='word_1_693' title='bbox 1126 5398 1382 5467; x_wconf 88' lang='lat' dir='ltr'><strong>primum,</strong></span> <span class='ocrx_word' id='word_1_694' title='bbox 1436 5397 1631 5467; x_wconf 80' lang='lat' dir='ltr'><strong>lector,</strong></span> <span class='ocrx_word' id='word_1_695' title='bbox 1663 5393 1719 5467; x_wconf 83' lang='lat' dir='ltr'><strong>in</strong></span> 
     </span>
    </p>
   </div>
   <div class='ocr_carea' id='block_1_93' title="bbox 158 5457 1717 5535">
    <p class='ocr_par' dir='ltr' id='par_1_93' title="bbox 158 5457 1717 5535">
     <span class='ocr_line' id='line_1_95' title="bbox 158 5457 1717 5535; baseline 0.006 -24"><span class='ocrx_word' id='word_1_696' title='bbox 158 5457 325 5515; x_wconf 70' lang='lat' dir='ltr'><strong>Graeco</strong></span> <span class='ocrx_word' id='word_1_697' title='bbox 354 5471 505 5535; x_wconf 65' lang='lat' dir='ltr'><strong>testu</strong></span> <span class='ocrx_word' id='word_1_698' title='bbox 547 5457 736 5535; x_wconf 84' lang='lat' dir='ltr'><strong>Savilii</strong></span> <span class='ocrx_word' id='word_1_699' title='bbox 776 5481 839 5521; x_wconf 89' lang='lat' dir='ltr'><strong>ea</strong></span> <span class='ocrx_word' id='word_1_700' title='bbox 889 5474 1079 5521; x_wconf 88' lang='lat' dir='ltr'><strong>tenore</strong></span> <span class='ocrx_word' id='word_1_701' title='bbox 1109 5457 1422 5522; x_wconf 72' lang='lat' dir='ltr'><strong>continente</strong></span> <span class='ocrx_word' id='word_1_702' title='bbox 1460 5457 1717 5535; x_wconf 83' lang='lat' dir='ltr'><strong>conjungi</strong></span> 
     </span>
    </p>
   </div>
   <div class='ocr_carea' id='block_1_94' title="bbox 157 5532 1721 5610">
    <p class='ocr_par' dir='ltr' id='par_1_94' title="bbox 157 5532 1721 5610">
     <span class='ocr_line' id='line_1_96' title="bbox 157 5532 1721 5610; baseline 0.006 -27"><span class='ocrx_word' id='word_1_703' title='bbox 157 5545 259 5610; x_wconf 68' lang='lat' dir='ltr'><strong>qua:</strong></span> <span class='ocrx_word' id='word_1_704' title='bbox 300 5532 439 5601; x_wconf 87' lang='lat' dir='ltr'><strong>apud</strong></span> <span class='ocrx_word' id='word_1_705' title='bbox 470 5534 702 5610; x_wconf 70' lang='lat' dir='ltr'><strong>Marium</strong></span> <span class='ocrx_word' id='word_1_706' title='bbox 731 5535 1138 5610; x_wconf 75' lang='lat' dir='ltr'><strong>disiunguntur,</strong></span> <span class='ocrx_word' id='word_1_707' title='bbox 1172 5537 1474 5606; x_wconf 74' lang='lat' dir='ltr'><strong>interiectis</strong></span> <span class='ocrx_word' id='word_1_708' title='bbox 1519 5532 1721 5610; x_wconf 71' lang='lat' dir='ltr'><strong>soletn-</strong></span> 
     </span>
    </p>
   </div>
   <div class='ocr_carea' id='block_1_95' title="bbox 159 5602 1723 5680">
    <p class='ocr_par' dir='ltr' id='par_1_95' title="bbox 159 5602 1723 5680">
     <span class='ocr_line' id='line_1_97' title="bbox 159 5602 1723 5680; baseline 0.006 -28"><span class='ocrx_word' id='word_1_709' title='bbox 159 5602 300 5656; x_wconf 89' lang='lat' dir='ltr'><strong>nibus</strong></span> <span class='ocrx_word' id='word_1_710' title='bbox 326 5606 747 5680; x_wconf 20' lang='lat' dir='ltr'><strong>excerpentium‘</strong></span> <span class='ocrx_word' id='word_1_711' title='bbox 762 5602 985 5680; x_wconf 78' lang='lat' dir='ltr'><strong>vocibus</strong></span> <span class='ocrx_word' id='word_1_712' title='bbox 1014 5624 1027 5661; x_wconf 88' lang='lat'>:</span> <span class='ocrx_word' id='word_1_713' title='bbox 1069 5616 1115 5663; x_wconf 89' lang='lat' dir='ltr'><strong>et</strong></span> <span class='ocrx_word' id='word_1_714' title='bbox 1142 5602 1351 5680; x_wconf 67' lang='lat' dir='ltr'><strong>posteri,</strong></span> <span class='ocrx_word' id='word_1_715' title='bbox 1398 5617 1450 5680; x_wconf 86' lang='lat' dir='ltr'><strong>et</strong></span> <span class='ocrx_word' id='word_1_716' title='bbox 1481 5618 1593 5678; x_wconf 88' lang='lat' dir='ltr'><strong>post</strong></span> <span class='ocrx_word' id='word_1_717' title='bbox 1621 5607 1723 5661; x_wconf 86' lang='lat' dir='ltr'><strong>ali-</strong></span> 
     </span>
    </p>
   </div>
   <div class='ocr_carea' id='block_1_96' title="bbox 158 5677 1724 5750">
    <p class='ocr_par' dir='ltr' id='par_1_96' title="bbox 158 5677 1724 5750">
     <span class='ocr_line' id='line_1_98' title="bbox 158 5677 1724 5750; baseline 0.003 -22"><span class='ocrx_word' id='word_1_718' title='bbox 158 5682 361 5741; x_wconf 65' lang='grc' dir='ltr'><strong>φυλίης</strong></span> <span class='ocrx_word' id='word_1_719' title='bbox 382 5692 714 5750; x_wconf 82' lang='lat' dir='ltr'><strong>quamquam</strong></span> <span class='ocrx_word' id='word_1_720' title='bbox 736 5677 971 5749; x_wconf 82' lang='lat' dir='ltr'><strong>interjici</strong></span> <span class='ocrx_word' id='word_1_721' title='bbox 992 5677 1287 5750; x_wconf 81' lang='lat' dir='ltr'><strong>potuerunt</strong></span> <span class='ocrx_word' id='word_1_722' title='bbox 1306 5679 1550 5735; x_wconf 87' lang='lat' dir='ltr'><strong>crebrius</strong></span> <span class='ocrx_word' id='word_1_723' title='bbox 1562 5692 1724 5750; x_wconf 87' lang='lat' dir='ltr'><strong>quam</strong></span> 
     </span>
    </p>
   </div>
   <div class='ocr_carea' id='block_1_97' title="bbox 159 5748 1727 5812">
    <p class='ocr_par' dir='ltr' id='par_1_97' title="bbox 159 5748 1727 5812">
     <span class='ocr_line' id='line_1_99' title="bbox 159 5748 1727 5812; baseline 0.004 -15"><span class='ocrx_word' id='word_1_724' title='bbox 159 5754 457 5812; x_wconf 83' lang='lat' dir='ltr'><strong>oporteret,</strong></span> <span class='ocrx_word' id='word_1_725' title='bbox 487 5748 604 5803; x_wconf 89' lang='lat' dir='ltr'><strong>solo</strong></span> <span class='ocrx_word' id='word_1_726' title='bbox 652 5748 1008 5804; x_wconf 81' lang='lat' dir='ltr'><strong>notariorum</strong></span> <span class='ocrx_word' id='word_1_727' title='bbox 1038 5751 1195 5806; x_wconf 90' lang='lat' dir='ltr'><strong>vitio.</strong></span> <span class='ocrx_word' id='word_1_728' title='bbox 1248 5750 1488 5807; x_wconf 85' lang='lat' dir='ltr'><strong>Observa</strong></span> <span class='ocrx_word' id='word_1_729' title='bbox 1527 5748 1727 5806; x_wconf 89' lang='lat' dir='ltr'><strong>deinde</strong></span> 
     </span>
    </p>
   </div>
   <div class='ocr_carea' id='block_1_98' title="bbox 160 5818 1730 5894">
    <p class='ocr_par' dir='ltr' id='par_1_98' title="bbox 160 5818 1730 5894">
     <span class='ocr_line' id='line_1_100' title="bbox 160 5818 1730 5894; baseline 0.002 -22"><span class='ocrx_word' id='word_1_730' title='bbox 160 5824 475 5884; x_wconf 66' lang='lat' dir='ltr'><strong>sermonem,</strong></span> <span class='ocrx_word' id='word_1_731' title='bbox 506 5818 597 5889; x_wconf 90' lang='lat' dir='ltr'><strong>qui</strong></span> <span class='ocrx_word' id='word_1_732' title='bbox 626 5820 768 5890; x_wconf 90' lang='lat' dir='ltr'><strong>apud</strong></span> <span class='ocrx_word' id='word_1_733' title='bbox 794 5820 1058 5877; x_wconf 80' lang='lat' dir='ltr'><strong>Savilium</strong></span> <span class='ocrx_word' id='word_1_734' title='bbox 1086 5838 1225 5879; x_wconf 90' lang='lat' dir='ltr'><strong>unus</strong></span> <span class='ocrx_word' id='word_1_735' title='bbox 1252 5832 1335 5879; x_wconf 92' lang='lat' dir='ltr'><strong>est</strong></span> <span class='ocrx_word' id='word_1_736' title='bbox 1361 5832 1525 5894; x_wconf 87' lang='lat' dir='ltr'><strong>atque</strong></span> <span class='ocrx_word' id='word_1_737' title='bbox 1548 5819 1730 5879; x_wconf 88' lang='lat' dir='ltr'><strong>conti-</strong></span> 
     </span>
    </p>
   </div>
   <div class='ocr_carea' id='block_1_99' title="bbox 421 5911 1034 5977">
    <p class='ocr_par' dir='ltr' id='par_1_99' title="bbox 421 5911 1034 5977">
     <span class='ocr_line' id='line_1_101' title="bbox 421 5911 1034 5977; baseline 0.003 -4"><span class='ocrx_word' id='word_1_738' title='bbox 421 5911 693 5975; x_wconf 73' lang='lat' dir='ltr'><strong>Pnnon.</strong></span> <span class='ocrx_word' id='word_1_739' title='bbox 742 5914 1034 5977; x_wconf 78' lang='lat' dir='ltr'><strong>XLVIII.</strong></span> 
     </span>
    </p>
   </div>
   <div class='ocr_carea' id='block_1_100' title="bbox 1820 3265 3412 3335">
    <p class='ocr_par' dir='ltr' id='par_1_100' title="bbox 1820 3265 3412 3335">
     <span class='ocr_line' id='line_1_102' title="bbox 1820 3265 3412 3335; baseline 0.004 -15"><span class='ocrx_word' id='word_1_740' title='bbox 1820 3265 2432 3335; x_wconf 40' lang='lat' dir='ltr'><strong>vel’perturbationem,</strong></span> <span class='ocrx_word' id='word_1_741' title='bbox 2460 3265 2550 3321; x_wconf 85' lang='lat' dir='ltr'><strong>vel</strong></span> <span class='ocrx_word' id='word_1_742' title='bbox 2586 3265 3005 3324; x_wconf 89' lang='lat' dir='ltr'><strong>dubitationem.</strong></span> <span class='ocrx_word' id='word_1_743' title='bbox 3045 3266 3286 3324; x_wconf 83' lang='lat' dir='ltr'><strong>Observa</strong></span> <span class='ocrx_word' id='word_1_744' title='bbox 3314 3269 3412 3326; x_wconf 89' lang='lat' dir='ltr'><strong>de-</strong></span> 
     </span>
    </p>
   </div>
   <div class='ocr_carea' id='block_1_101' title="bbox 1820 3335 3411 3419">
    <p class='ocr_par' dir='ltr' id='par_1_101' title="bbox 1820 3335 3411 3419">
     <span class='ocr_line' id='line_1_103' title="bbox 1820 3335 3411 3419; baseline 0.004 -28"><span class='ocrx_word' id='word_1_745' title='bbox 1820 3337 1989 3419; x_wconf 71' lang='lat' dir='ltr'><strong>nique</strong></span> <span class='ocrx_word' id='word_1_746' title='bbox 2020 3350 2336 3419; x_wconf 83' lang='lat' dir='ltr'><strong>sermonum</strong></span> <span class='ocrx_word' id='word_1_747' title='bbox 2361 3335 2551 3419; x_wconf 76' lang='lat' dir='ltr'><strong>titulos</strong></span> <span class='ocrx_word' id='word_1_748' title='bbox 2571 3375 2597 3419; x_wconf 75' lang='lat'><strong>,_</strong></span> <span class='ocrx_word' id='word_1_749' title='bbox 2613 3336 2730 3394; x_wconf 90' lang='lat' dir='ltr'><strong>sive</strong></span> <span class='ocrx_word' id='word_1_750' title='bbox 2753 3338 3065 3419; x_wconf 75' lang='lat' dir='ltr'><strong>oscitantia,</strong></span> <span class='ocrx_word' id='word_1_751' title='bbox 3088 3340 3209 3419; x_wconf 88' lang='lat' dir='ltr'><strong>sive</strong></span> <span class='ocrx_word' id='word_1_752' title='bbox 3239 3341 3411 3412; x_wconf 88' lang='lat' dir='ltr'><strong>impe-</strong></span> 
     </span>
    </p>
   </div>
   <div class='ocr_carea' id='block_1_102' title="bbox 1820 3406 3411 3477">
    <p class='ocr_par' dir='ltr' id='par_1_102' title="bbox 1820 3406 3411 3477">
     <span class='ocr_line' id='line_1_104' title="bbox 1820 3406 3411 3477; baseline 0.004 -14"><span class='ocrx_word' id='word_1_753' title='bbox 1820 3406 1946 3463; x_wconf 85' lang='lat' dir='ltr'><strong>ritia</strong></span> <span class='ocrx_word' id='word_1_754' title='bbox 1975 3408 2332 3474; x_wconf 88' lang='lat' dir='ltr'><strong>notariorum,</strong></span> <span class='ocrx_word' id='word_1_755' title='bbox 2362 3407 2437 3462; x_wconf 90' lang='lat' dir='ltr'><strong>ita</strong></span> <span class='ocrx_word' id='word_1_756' title='bbox 2465 3406 2725 3464; x_wconf 90' lang='lat' dir='ltr'><strong>confusos</strong></span> <span class='ocrx_word' id='word_1_757' title='bbox 2756 3423 2900 3477; x_wconf 89' lang='lat' dir='ltr'><strong>esse,</strong></span> <span class='ocrx_word' id='word_1_758' title='bbox 2936 3418 2992 3464; x_wconf 91' lang='lat' dir='ltr'><strong>ut</strong></span> <span class='ocrx_word' id='word_1_759' title='bbox 3019 3410 3105 3466; x_wconf 89' lang='lat' dir='ltr'><strong>sin</strong></span> <span class='ocrx_word' id='word_1_760' title='bbox 3133 3406 3411 3469; x_wconf 60' lang='lat' dir='ltr'><strong>minus&#39;ex</strong></span> 
     </span>
    </p>
   </div>
   <div class='ocr_carea' id='block_1_103' title="bbox 1820 3477 3412 3553">
    <p class='ocr_par' dir='ltr' id='par_1_103' title="bbox 1820 3477 3412 3553">
     <span class='ocr_line' id='line_1_105' title="bbox 1820 3477 3412 3553; baseline 0.003 -20"><span class='ocrx_word' id='word_1_761' title='bbox 1820 3477 1946 3535; x_wconf 90' lang='lat' dir='ltr'><strong>aliis</strong></span> <span class='ocrx_word' id='word_1_762' title='bbox 1974 3480 2107 3535; x_wconf 92' lang='lat' dir='ltr'><strong>locis</strong></span> <span class='ocrx_word' id='word_1_763' title='bbox 2139 3488 2313 3553; x_wconf 77' lang='lat' dir='ltr'><strong>atque</strong></span> <span class='ocrx_word' id='word_1_764' title='bbox 2330 3478 2497 3553; x_wconf 87' lang='lat' dir='ltr'><strong>etiam</strong></span> <span class='ocrx_word' id='word_1_765' title='bbox 2534 3478 2844 3553; x_wconf 77' lang='lat' dir='ltr'><strong>conjeetura</strong></span> <span class='ocrx_word' id='word_1_766' title='bbox 2873 3480 3248 3553; x_wconf 81' lang='lat' dir='ltr'><strong>restituantur,</strong></span> <span class='ocrx_word' id='word_1_767' title='bbox 3282 3497 3412 3553; x_wconf 88' lang='lat' dir='ltr'><strong>per-</strong></span> 
     </span>
    </p>
   </div>
   <div class='ocr_carea' id='block_1_104' title="bbox 1820 3548 3411 3621">
    <p class='ocr_par' dir='ltr' id='par_1_104' title="bbox 1820 3548 3411 3621">
     <span class='ocr_line' id='line_1_106' title="bbox 1820 3548 3411 3621; baseline 0.002 -16"><span class='ocrx_word' id='word_1_768' title='bbox 1820 3560 1985 3621; x_wconf 89' lang='lat' dir='ltr'><strong>petua</strong></span> <span class='ocrx_word' id='word_1_769' title='bbox 2013 3549 2352 3621; x_wconf 89' lang='lat' dir='ltr'><strong>perturbatio</strong></span> <span class='ocrx_word' id='word_1_770' title='bbox 2379 3548 2555 3605; x_wconf 92' lang='lat' dir='ltr'><strong>futura</strong></span> <span class='ocrx_word' id='word_1_771' title='bbox 2580 3550 2673 3605; x_wconf 87' lang='lat' dir='ltr'><strong>sit.</strong></span> <span class='ocrx_word' id='word_1_772' title='bbox 2696 3550 2844 3607; x_wconf 90' lang='lat' dir='ltr'><strong>Duos</strong></span> <span class='ocrx_word' id='word_1_773' title='bbox 2872 3550 3035 3619; x_wconf 88' lang='lat' dir='ltr'><strong>igitur</strong></span> <span class='ocrx_word' id='word_1_774' title='bbox 3056 3552 3108 3607; x_wconf 93' lang='lat' dir='ltr'><strong>in</strong></span> <span class='ocrx_word' id='word_1_775' title='bbox 3132 3548 3303 3607; x_wconf 83' lang='lat' dir='ltr'><strong>Adam</strong></span> <span class='ocrx_word' id='word_1_776' title='bbox 3327 3554 3411 3609; x_wconf 89' lang='lat' dir='ltr'><strong>di-</strong></span> 
     </span>
    </p>
   </div>
   <div class='ocr_carea' id='block_1_105' title="bbox 1820 3622 3412 3688">
    <p class='ocr_par' dir='ltr' id='par_1_105' title="bbox 1820 3622 3412 3688">
     <span class='ocr_line' id='line_1_107' title="bbox 1820 3622 3412 3688; baseline 0.004 -12"><span class='ocrx_word' id='word_1_777' title='bbox 1820 3629 1941 3677; x_wconf 87' lang='lat' dir='ltr'><strong>ctos</strong></span> <span class='ocrx_word' id='word_1_778' title='bbox 1966 3638 1993 3675; x_wconf 93' lang='lat' dir='ltr'><strong>a</strong></span> <span class='ocrx_word' id='word_1_779' title='bbox 2023 3622 2279 3677; x_wconf 88' lang='lat' dir='ltr'><strong>Nestorio</strong></span> <span class='ocrx_word' id='word_1_780' title='bbox 2301 3635 2583 3677; x_wconf 89' lang='lat' dir='ltr'><strong>sermones</strong></span> <span class='ocrx_word' id='word_1_781' title='bbox 2604 3636 2763 3688; x_wconf 91' lang='lat' dir='ltr'><strong>reor;</strong></span> <span class='ocrx_word' id='word_1_782' title='bbox 2785 3622 2922 3677; x_wconf 88' lang='lat' dir='ltr'><strong>duos</strong></span> <span class='ocrx_word' id='word_1_783' title='bbox 2945 3622 3014 3678; x_wconf 91' lang='lat' dir='ltr'><strong>de</strong></span> <span class='ocrx_word' id='word_1_784' title='bbox 3042 3623 3188 3678; x_wconf 91' lang='lat' dir='ltr'><strong>lucta</strong></span> <span class='ocrx_word' id='word_1_785' title='bbox 3210 3622 3412 3683; x_wconf 89' lang='lat' dir='ltr'><strong>Christi</strong></span> 
     </span>
    </p>
   </div>
   <div class='ocr_carea' id='block_1_106' title="bbox 1820 3690 3410 3750">
    <p class='ocr_par' dir='ltr' id='par_1_106' title="bbox 1820 3690 3410 3750">
     <span class='ocr_line' id='line_1_108' title="bbox 1820 3690 3410 3750; baseline 0.001 -3"><span class='ocrx_word' id='word_1_786' title='bbox 1820 3705 1949 3747; x_wconf 89' lang='lat' dir='ltr'><strong>cum</strong></span> <span class='ocrx_word' id='word_1_787' title='bbox 1975 3693 2212 3749; x_wconf 89' lang='lat' dir='ltr'><strong>diabolo.</strong></span> <span class='ocrx_word' id='word_1_788' title='bbox 2242 3690 2410 3748; x_wconf 90' lang='lat' dir='ltr'><strong>Primi</strong></span> <span class='ocrx_word' id='word_1_789' title='bbox 2442 3692 2587 3747; x_wconf 89' lang='lat' dir='ltr'><strong>hunc</strong></span> <span class='ocrx_word' id='word_1_790' title='bbox 2612 3706 2732 3748; x_wconf 88' lang='lat' dir='ltr'><strong>esse</strong></span> <span class='ocrx_word' id='word_1_791' title='bbox 2766 3709 2952 3750; x_wconf 88' lang='lat' dir='ltr'><strong>verum</strong></span> <span class='ocrx_word' id='word_1_792' title='bbox 2988 3694 3197 3750; x_wconf 91' lang='lat' dir='ltr'><strong>titulum</strong></span> <span class='ocrx_word' id='word_1_793' title='bbox 3223 3709 3240 3750; x_wconf 86' lang='lat'><strong>:</strong></span> <span class='ocrx_word' id='word_1_794' title='bbox 3275 3694 3410 3750; x_wconf 85' lang='lat' dir='ltr'><strong>Tra-</strong></span> 
     </span>
    </p>
   </div>
   <div class='ocr_carea' id='block_1_107' title="bbox 1820 3763 3412 3837">
    <p class='ocr_par' dir='ltr' id='par_1_107' title="bbox 1820 3763 3412 3837">
     <span class='ocr_line' id='line_1_109' title="bbox 1820 3763 3412 3837; baseline 0.002 -20"><span class='ocrx_word' id='word_1_795' title='bbox 1820 3773 1987 3837; x_wconf 75' lang='lat' dir='ltr'><strong>etutus</strong></span> <span class='ocrx_word' id='word_1_796' title='bbox 2023 3765 2079 3819; x_wconf 76' lang='lat' dir='ltr'><strong>in</strong></span> <span class='ocrx_word' id='word_1_797' title='bbox 2106 3764 2280 3837; x_wconf 66' lang='lat' dir='ltr'><strong>Adam</strong></span> <span class='ocrx_word' id='word_1_798' title='bbox 2307 3764 2362 3817; x_wconf 83' lang='lat' dir='ltr'><strong>in</strong></span> <span class='ocrx_word' id='word_1_799' title='bbox 2391 3763 2609 3837; x_wconf 75' lang='lat' dir='ltr'><strong>ecelest&#39;a</strong></span> <span class='ocrx_word' id='word_1_800' title='bbox 2643 3764 2846 3834; x_wconf 74' lang='lat' dir='ltr'><strong>publica</strong></span> <span class='ocrx_word' id='word_1_801' title='bbox 2889 3765 3134 3837; x_wconf 57' lang='lat' dir='ltr'><strong>habitus,</strong></span> <span class='ocrx_word' id='word_1_802' title='bbox 3148 3766 3297 3837; x_wconf 85' lang='lat' dir='ltr'><strong>cujus</strong></span> <span class='ocrx_word' id='word_1_803' title='bbox 3326 3767 3412 3820; x_wconf 82' lang='lat' dir='ltr'><strong>in-</strong></span> 
     </span>
    </p>
   </div>
   <div class='ocr_carea' id='block_1_108' title="bbox 1820 3834 3410 3908">
    <p class='ocr_par' dir='ltr' id='par_1_108' title="bbox 1820 3834 3410 3908">
     <span class='ocr_line' id='line_1_110' title="bbox 1820 3834 3410 3908; baseline 0.003 -20"><span class='ocrx_word' id='word_1_804' title='bbox 1820 3834 1975 3908; x_wconf 80' lang='lat' dir='ltr'><strong>itium</strong></span> <span class='ocrx_word' id='word_1_805' title='bbox 2005 3842 2101 3902; x_wconf 88' lang='lat' dir='ltr'><strong>est,</strong></span> <span class='ocrx_word' id='word_1_806' title='bbox 2132 3834 2587 3908; x_wconf 82' lang='lat' dir='ltr'><strong>Multisquidem,</strong></span> <span class='ocrx_word' id='word_1_807' title='bbox 2633 3844 2768 3908; x_wconf 86' lang='lat' dir='ltr'><strong>etc.;</strong></span> <span class='ocrx_word' id='word_1_808' title='bbox 2798 3836 3019 3908; x_wconf 86' lang='lat' dir='ltr'><strong>secundi</strong></span> <span class='ocrx_word' id='word_1_809' title='bbox 3046 3852 3068 3908; x_wconf 62' lang='grc' dir='ltr'><strong><em>ς</em></strong></span> <span class='ocrx_word' id='word_1_810' title='bbox 3103 3834 3239 3892; x_wconf 76' lang='lat' dir='ltr'><strong>Item</strong></span> <span class='ocrx_word' id='word_1_811' title='bbox 3266 3839 3410 3908; x_wconf 82' lang='lat' dir='ltr'><strong>ejus-</strong></span> 
     </span>
    </p>
   </div>
   <div class='ocr_carea' id='block_1_109' title="bbox 1821 3905 3407 3977">
    <p class='ocr_par' dir='ltr' id='par_1_109' title="bbox 1821 3905 3407 3977">
     <span class='ocr_line' id='line_1_111' title="bbox 1821 3905 3407 3977; baseline 0.003 -19"><span class='ocrx_word' id='word_1_812' title='bbox 1821 3906 1939 3977; x_wconf 79' lang='lat' dir='ltr'><strong>dem</strong></span> <span class='ocrx_word' id='word_1_813' title='bbox 1982 3915 2230 3977; x_wconf 77' lang='lat' dir='ltr'><strong>tractatus</strong></span> <span class='ocrx_word' id='word_1_814' title='bbox 2277 3906 2411 3960; x_wconf 86' lang='lat' dir='ltr'><strong>alius</strong></span> <span class='ocrx_word' id='word_1_815' title='bbox 2457 3905 2526 3958; x_wconf 88' lang='lat' dir='ltr'><strong>ad</strong></span> <span class='ocrx_word' id='word_1_816' title='bbox 2572 3907 2840 3977; x_wconf 76' lang='lat' dir='ltr'><strong>populum,</strong></span> <span class='ocrx_word' id='word_1_817' title='bbox 2872 3907 2925 3961; x_wconf 84' lang='lat' dir='ltr'><strong>in</strong></span> <span class='ocrx_word' id='word_1_818' title='bbox 2971 3906 3173 3972; x_wconf 80' lang='lat' dir='ltr'><strong>Adam;</strong></span> <span class='ocrx_word' id='word_1_819' title='bbox 3221 3905 3407 3963; x_wconf 81' lang='lat' dir='ltr'><strong>tertii:</strong></span> 
     </span>
    </p>
   </div>
   <div class='ocr_carea' id='block_1_110' title="bbox 1819 3974 3410 4049">
    <p class='ocr_par' dir='ltr' id='par_1_110' title="bbox 1819 3974 3410 4049">
     <span class='ocr_line' id='line_1_112' title="bbox 1819 3974 3410 4049; baseline 0.001 -18"><span class='ocrx_word' id='word_1_820' title='bbox 1819 3974 1959 4049; x_wconf 83' lang='lat' dir='ltr'><strong>Item</strong></span> <span class='ocrx_word' id='word_1_821' title='bbox 1987 3976 2219 4049; x_wconf 81' lang='lat' dir='ltr'><strong>ejusdem</strong></span> <span class='ocrx_word' id='word_1_822' title='bbox 2245 3985 2495 4049; x_wconf 82' lang='lat' dir='ltr'><strong>tractatus</strong></span> <span class='ocrx_word' id='word_1_823' title='bbox 2520 3974 2581 4049; x_wconf 58' lang='lat' dir='ltr'><strong>iri</strong></span> <span class='ocrx_word' id='word_1_824' title='bbox 2599 3976 2813 4049; x_wconf 84' lang='lat' dir='ltr'><strong>ecclesia</strong></span> <span class='ocrx_word' id='word_1_825' title='bbox 2827 3974 3034 4049; x_wconf 83' lang='lat' dir='ltr'><strong>publice</strong></span> <span class='ocrx_word' id='word_1_826' title='bbox 3059 3978 3285 4045; x_wconf 80' lang='lat' dir='ltr'><strong>habitus,</strong></span> <span class='ocrx_word' id='word_1_827' title='bbox 3314 3996 3410 4033; x_wconf 85' lang='lat' dir='ltr'><strong>cu—</strong></span> 
     </span>
    </p>
   </div>
   <div class='ocr_carea' id='block_1_111' title="bbox 1809 4046 3410 4120">
    <p class='ocr_par' dir='ltr' id='par_1_111' title="bbox 1809 4046 3410 4120">
     <span class='ocr_line' id='line_1_113' title="bbox 1809 4046 3410 4120; baseline 0.003 -20"><span class='ocrx_word' id='word_1_828' title='bbox 1809 4049 1908 4119; x_wconf 88' lang='lat' dir='ltr'><strong>jus</strong></span> <span class='ocrx_word' id='word_1_829' title='bbox 1937 4046 2146 4120; x_wconf 68' lang='lat' dir='ltr'><strong>initjum</strong></span> <span class='ocrx_word' id='word_1_830' title='bbox 2170 4048 2319 4120; x_wconf 83' lang='lat' dir='ltr'><strong>istud</strong></span> <span class='ocrx_word' id='word_1_831' title='bbox 2349 4058 2457 4120; x_wconf 80' lang='lat' dir='ltr'><strong>est,</strong></span> <span class='ocrx_word' id='word_1_832' title='bbox 2472 4046 2566 4120; x_wconf 85' lang='lat' dir='ltr'><strong>Sol</strong></span> <span class='ocrx_word' id='word_1_833' title='bbox 2588 4046 2842 4120; x_wconf 74' lang='lat' dir='ltr'><strong>quidem,</strong></span> <span class='ocrx_word' id='word_1_834' title='bbox 2876 4058 3015 4113; x_wconf 82' lang='lat' dir='ltr'><strong>etc.;</strong></span> <span class='ocrx_word' id='word_1_835' title='bbox 3042 4050 3220 4120; x_wconf 88' lang='lat' dir='ltr'><strong>quarti</strong></span> <span class='ocrx_word' id='word_1_836' title='bbox 3257 4050 3410 4105; x_wconf 88' lang='lat' dir='ltr'><strong>deni-</strong></span> 
     </span>
    </p>
   </div>
   <div class='ocr_carea' id='block_1_112' title="bbox 1818 4117 3410 4188">
    <p class='ocr_par' dir='ltr' id='par_1_112' title="bbox 1818 4117 3410 4188">
     <span class='ocr_line' id='line_1_114' title="bbox 1818 4117 3410 4188; baseline 0.002 -15"><span class='ocrx_word' id='word_1_837' title='bbox 1818 4117 1928 4188; x_wconf 81' lang='lat' dir='ltr'><strong>que</strong></span> <span class='ocrx_word' id='word_1_838' title='bbox 1971 4117 2143 4174; x_wconf 87' lang='lat' dir='ltr'><strong>:Item</strong></span> <span class='ocrx_word' id='word_1_839' title='bbox 2171 4118 2403 4188; x_wconf 84' lang='lat' dir='ltr'><strong>ejusdem</strong></span> <span class='ocrx_word' id='word_1_840' title='bbox 2440 4118 2494 4171; x_wconf 83' lang='lat' dir='ltr'><strong>in</strong></span> <span class='ocrx_word' id='word_1_841' title='bbox 2540 4117 2597 4170; x_wconf 81' lang='lat' dir='ltr'><strong>id</strong></span> <span class='ocrx_word' id='word_1_842' title='bbox 2624 4120 2766 4187; x_wconf 81' lang='lat' dir='ltr'><strong>quod</strong></span> <span class='ocrx_word' id='word_1_843' title='bbox 2815 4117 3074 4183; x_wconf 68' lang='lat' dir='ltr'><strong>scriptum</strong></span> <span class='ocrx_word' id='word_1_844' title='bbox 3105 4128 3178 4174; x_wconf 86' lang='lat' dir='ltr'><strong>est</strong></span> <span class='ocrx_word' id='word_1_845' title='bbox 3210 4136 3224 4172; x_wconf 91' lang='lat'><strong>:</strong></span> <span class='ocrx_word' id='word_1_846' title='bbox 3280 4119 3410 4176; x_wconf 64' lang='lat' dir='ltr'><strong>Haec</strong></span> 
     </span>
    </p>
   </div>
   <div class='ocr_carea' id='block_1_113' title="bbox 1819 4188 3406 4260">
    <p class='ocr_par' dir='ltr' id='par_1_113' title="bbox 1819 4188 3406 4260">
     <span class='ocr_line' id='line_1_115' title="bbox 1819 4188 3406 4260; baseline 0.001 -17"><span class='ocrx_word' id='word_1_847' title='bbox 1819 4190 1999 4260; x_wconf 81' lang='lat' dir='ltr'><strong>omnia</strong></span> <span class='ocrx_word' id='word_1_848' title='bbox 2041 4190 2135 4245; x_wconf 92' lang='lat' dir='ltr'><strong>tibi</strong></span> <span class='ocrx_word' id='word_1_849' title='bbox 2158 4190 2323 4253; x_wconf 90' lang='lat' dir='ltr'><strong>dabo,</strong></span> <span class='ocrx_word' id='word_1_850' title='bbox 2363 4190 2410 4260; x_wconf 82' lang='lat' dir='ltr'><strong>si</strong></span> <span class='ocrx_word' id='word_1_851' title='bbox 2451 4188 2744 4260; x_wconf 81' lang='lat' dir='ltr'><strong>procidens</strong></span> <span class='ocrx_word' id='word_1_852' title='bbox 2769 4189 3221 4260; x_wconf 25' lang='lat' dir='ltr'><strong>adoraveris‘me,</strong></span> <span class='ocrx_word' id='word_1_853' title='bbox 3252 4193 3406 4260; x_wconf 87' lang='lat' dir='ltr'><strong>cujus</strong></span> 
     </span>
    </p>
   </div>
   <div class='ocr_carea' id='block_1_114' title="bbox 1818 4257 3410 4321">
    <p class='ocr_par' dir='ltr' id='par_1_114' title="bbox 1818 4257 3410 4321">
     <span class='ocr_line' id='line_1_116' title="bbox 1818 4257 3410 4321; baseline 0.004 -10"><span class='ocrx_word' id='word_1_854' title='bbox 1818 4257 2027 4313; x_wconf 77' lang='lat' dir='ltr'><strong>initium</strong></span> <span class='ocrx_word' id='word_1_855' title='bbox 2054 4259 2195 4314; x_wconf 83' lang='lat' dir='ltr'><strong>istud</strong></span> <span class='ocrx_word' id='word_1_856' title='bbox 2224 4268 2299 4313; x_wconf 86' lang='lat' dir='ltr'><strong>est</strong></span> <span class='ocrx_word' id='word_1_857' title='bbox 2318 4300 2333 4321; x_wconf 87' lang='lat'><strong>,</strong></span> <span class='ocrx_word' id='word_1_858' title='bbox 2362 4259 2419 4313; x_wconf 88' lang='lat' dir='ltr'><strong>In</strong></span> <span class='ocrx_word' id='word_1_859' title='bbox 2454 4257 2622 4313; x_wconf 83' lang='lat' dir='ltr'><strong>alium</strong></span> <span class='ocrx_word' id='word_1_860' title='bbox 2652 4272 2985 4316; x_wconf 88' lang='lat' dir='ltr'><strong>sermonem.</strong></span> <span class='ocrx_word' id='word_1_861' title='bbox 3005 4290 3077 4301; x_wconf 93' lang='lat'><strong>—-</strong></span> <span class='ocrx_word' id='word_1_862' title='bbox 3098 4258 3174 4315; x_wconf 87' lang='lat' dir='ltr'><strong>ita</strong></span> <span class='ocrx_word' id='word_1_863' title='bbox 3200 4257 3410 4317; x_wconf 78' lang='lat' dir='ltr'><strong>Carne-</strong></span> 
     </span>
    </p>
   </div>
   <div class='ocr_carea' id='block_1_115' title="bbox 1819 4328 3411 4403">
    <p class='ocr_par' dir='ltr' id='par_1_115' title="bbox 1819 4328 3411 4403">
     <span class='ocr_line' id='line_1_117' title="bbox 1819 4328 3411 4403; baseline 0.002 -19"><span class='ocrx_word' id='word_1_864' title='bbox 1819 4329 1955 4403; x_wconf 83' lang='lat' dir='ltr'><strong>rius.</strong></span> <span class='ocrx_word' id='word_1_865' title='bbox 1994 4328 2656 4403; x_wconf 77' lang='lat' dir='ltr'><strong>CuiassentitBal‘uzius,</strong></span> <span class='ocrx_word' id='word_1_866' title='bbox 2702 4330 2809 4403; x_wconf 90' lang='lat' dir='ltr'><strong>nisi</strong></span> <span class='ocrx_word' id='word_1_867' title='bbox 2835 4331 2980 4403; x_wconf 89' lang='lat' dir='ltr'><strong>quod</strong></span> <span class='ocrx_word' id='word_1_868' title='bbox 3011 4331 3212 4389; x_wconf 90' lang='lat' dir='ltr'><strong>habeat</strong></span> <span class='ocrx_word' id='word_1_869' title='bbox 3259 4333 3310 4389; x_wconf 93' lang='lat' dir='ltr'><strong>in</strong></span> <span class='ocrx_word' id='word_1_870' title='bbox 3345 4333 3411 4388; x_wconf 86' lang='lat' dir='ltr'><strong>ti-</strong></span> 
     </span>
    </p>
   </div>
   <div class='ocr_carea' id='block_1_116' title="bbox 1818 4400 3411 4469">
    <p class='ocr_par' dir='ltr' id='par_1_116' title="bbox 1818 4400 3411 4469">
     <span class='ocr_line' id='line_1_118' title="bbox 1818 4400 3411 4469; baseline 0.004 -15"><span class='ocrx_word' id='word_1_871' title='bbox 1818 4400 1932 4457; x_wconf 92' lang='lat' dir='ltr'><strong>tulo</strong></span> <span class='ocrx_word' id='word_1_872' title='bbox 1959 4400 2105 4455; x_wconf 91' lang='lat' dir='ltr'><strong>tertii</strong></span> <span class='ocrx_word' id='word_1_873' title='bbox 2146 4400 2488 4455; x_wconf 87' lang='lat' dir='ltr'><strong>sermonis...</strong></span> <span class='ocrx_word' id='word_1_874' title='bbox 2522 4408 2767 4456; x_wconf 78' lang='lat' dir='ltr'><strong>tractatus</strong></span> <span class='ocrx_word' id='word_1_875' title='bbox 2793 4400 3140 4469; x_wconf 70' lang='lat' dir='ltr'><strong>in&#39;Adam...,</strong></span> <span class='ocrx_word' id='word_1_876' title='bbox 3169 4418 3233 4459; x_wconf 92' lang='lat' dir='ltr'><strong>ac</strong></span> <span class='ocrx_word' id='word_1_877' title='bbox 3264 4403 3411 4460; x_wconf 89' lang='lat' dir='ltr'><strong>desi-</strong></span> 
     </span>
    </p>
   </div>
   <div class='ocr_carea' id='block_1_117' title="bbox 1818 4471 3412 4541">
    <p class='ocr_par' dir='ltr' id='par_1_117' title="bbox 1818 4471 3412 4541">
     <span class='ocr_line' id='line_1_119' title="bbox 1818 4471 3412 4541; baseline 0.004 -15"><span class='ocrx_word' id='word_1_878' title='bbox 1818 4471 1974 4527; x_wconf 86' lang='lat' dir='ltr'><strong>deret</strong></span> <span class='ocrx_word' id='word_1_879' title='bbox 1994 4471 2315 4526; x_wconf 88' lang='lat' dir='ltr'><strong>Garnerium</strong></span> <span class='ocrx_word' id='word_1_880' title='bbox 2347 4486 2455 4525; x_wconf 89' lang='lat' dir='ltr'><strong>non</strong></span> <span class='ocrx_word' id='word_1_881' title='bbox 2487 4471 2757 4527; x_wconf 89' lang='lat' dir='ltr'><strong>iudicasse</strong></span> <span class='ocrx_word' id='word_1_882' title='bbox 2787 4488 2893 4541; x_wconf 92' lang='lat' dir='ltr'><strong>qua</strong></span> <span class='ocrx_word' id='word_1_883' title='bbox 2916 4474 3240 4531; x_wconf 90' lang='lat' dir='ltr'><strong>auctoritate</strong></span> <span class='ocrx_word' id='word_1_884' title='bbox 3260 4489 3412 4531; x_wconf 88' lang='lat' dir='ltr'><strong>asse-</strong></span> 
     </span>
    </p>
   </div>
   <div class='ocr_carea' id='block_1_118' title="bbox 1344 4541 3412 4669">
    <p class='ocr_par' dir='ltr' id='par_1_118' title="bbox 1344 4541 3412 4669">
     <span class='ocr_line' id='line_1_120' title="bbox 1344 4541 3412 4632; baseline 0.002 -34"><span class='ocrx_word' id='word_1_885' title='bbox 1344 4543 1488 4627; x_wconf 81' lang='lat' dir='ltr'><strong>inem</strong></span> <span class='ocrx_word' id='word_1_886' title='bbox 1512 4544 1708 4599; x_wconf 85' lang='lat' dir='ltr'><strong>dictio-</strong></span> <span class='ocrx_word' id='word_1_887' title='bbox 1734 4571 1790 4632; x_wconf 70' lang='grc' dir='ltr'><strong><em>Β</em></strong></span> <span class='ocrx_word' id='word_1_888' title='bbox 1820 4552 1906 4597; x_wconf 73' lang='lat' dir='ltr'><strong>vat</strong></span> <span class='ocrx_word' id='word_1_889' title='bbox 1928 4542 2280 4625; x_wconf 73' lang='lat' dir='ltr'><strong>Mercatorem</strong></span> <span class='ocrx_word' id='word_1_890' title='bbox 2306 4542 2360 4598; x_wconf 91' lang='lat' dir='ltr'><strong>in</strong></span> <span class='ocrx_word' id='word_1_891' title='bbox 2385 4541 2631 4598; x_wconf 87' lang='lat' dir='ltr'><strong>Ecclesia</strong></span> <span class='ocrx_word' id='word_1_892' title='bbox 2661 4542 2898 4601; x_wconf 82' lang='lat' dir='ltr'><strong>adfuisse</strong></span> <span class='ocrx_word' id='word_1_893' title='bbox 2926 4560 3052 4602; x_wconf 91' lang='lat' dir='ltr'><strong>cum</strong></span> <span class='ocrx_word' id='word_1_894' title='bbox 3074 4544 3350 4602; x_wconf 89' lang='lat' dir='ltr'><strong>diceretur</strong></span> <span class='ocrx_word' id='word_1_895' title='bbox 3378 4561 3412 4605; x_wconf 89' lang='lat' dir='ltr'><strong>a</strong></span> 
     </span>
     <span class='ocr_line' id='line_1_121' title="bbox 1351 4613 2272 4669; baseline -0.003 0"><span class='ocrx_word' id='word_1_896' title='bbox 1351 4615 1480 4669; x_wconf 83' lang='lat' dir='ltr'><strong>lactt</strong></span> <span class='ocrx_word' id='word_1_897' title='bbox 1516 4614 1701 4669; x_wconf 87' lang='lat' dir='ltr'><strong>ﬁdem.</strong></span> <span class='ocrx_word' id='word_1_898' title='bbox 1812 4613 2084 4669; x_wconf 81' lang='lat' dir='ltr'><strong>Nestorto.</strong></span> <span class='ocrx_word' id='word_1_899' title='bbox 2116 4613 2272 4668; x_wconf 79' lang='lat' dir='ltr'><strong>EDIT.</strong></span> 
     </span>
    </p>
   </div>
   <div class='ocr_carea' id='block_1_119' title="bbox 1864 4628 2272 4669">
    <p class='ocr_par' dir='ltr' id='par_1_119' title="bbox 1864 4628 2272 4669">
     <span class='ocr_line' id='line_1_122' title="bbox 1864 4628 2272 4669; baseline -0.007 0"><span class='ocrx_word' id='word_1_900' title='bbox 1864 4628 2084 4669; x_wconf 75' lang='grc' dir='ltr'><strong>εεῑοηο.</strong></span> <span class='ocrx_word' id='word_1_901' title='bbox 2117 4628 2272 4668; x_wconf 68' lang='grc' dir='ltr'><strong>ΕΝΤ.</strong></span> 
     </span>
    </p>
   </div>
   <div class='ocr_carea' id='block_1_120' title="bbox 1886 4684 3413 4758">
    <p class='ocr_par' dir='ltr' id='par_1_120' title="bbox 1886 4684 3413 4758">
     <span class='ocr_line' id='line_1_123' title="bbox 1886 4684 3413 4758; baseline -0.006 -18"><span class='ocrx_word' id='word_1_902' title='bbox 1886 4684 1995 4758; x_wconf 12' lang='grc' dir='ltr'><strong>ξιξιά</strong></span> <span class='ocrx_word' id='word_1_903' title='bbox 2019 4692 2128 4750; x_wconf 87' lang='lat' dir='ltr'><strong>est,</strong></span> <span class='ocrx_word' id='word_1_904' title='bbox 2151 4684 2206 4738; x_wconf 91' lang='lat' dir='ltr'><strong>in</strong></span> <span class='ocrx_word' id='word_1_905' title='bbox 2231 4684 2461 4758; x_wconf 74' lang='lat' dir='ltr'><strong>basilica</strong></span> <span class='ocrx_word' id='word_1_906' title='bbox 2502 4684 2562 4740; x_wconf 87' lang='lat' dir='ltr'><strong>S.</strong></span> <span class='ocrx_word' id='word_1_907' title='bbox 2611 4685 2838 4758; x_wconf 63' lang='lat' dir='ltr'><strong>Sophia).</strong></span> <span class='ocrx_word' id='word_1_908' title='bbox 2859 4686 2998 4758; x_wconf 85' lang='lat' dir='ltr'><strong>apud</strong></span> <span class='ocrx_word' id='word_1_909' title='bbox 3024 4685 3413 4745; x_wconf 66' lang='lat' dir='ltr'><strong>Constantino-</strong></span> 
     </span>
    </p>
   </div>
   <div class='ocr_carea' id='block_1_121' title="bbox 1890 4754 3413 4830">
    <p class='ocr_par' dir='ltr' id='par_1_121' title="bbox 1890 4754 3413 4830">
     <span class='ocr_line' id='line_1_124' title="bbox 1890 4754 3413 4830; baseline 0.001 -20"><span class='ocrx_word' id='word_1_910' title='bbox 1890 4756 2007 4830; x_wconf 84' lang='lat' dir='ltr'><strong>lim,</strong></span> <span class='ocrx_word' id='word_1_911' title='bbox 2045 4754 2487 4830; x_wconf 64' lang='lat' dir='ltr'><strong>quaealiquando</strong></span> <span class='ocrx_word' id='word_1_912' title='bbox 2514 4754 2726 4830; x_wconf 77' lang='lat' dir='ltr'><strong>magna,</strong></span> <span class='ocrx_word' id='word_1_913' title='bbox 2771 4754 3063 4828; x_wconf 82' lang='lat' dir='ltr'><strong>aliquando</strong></span> <span class='ocrx_word' id='word_1_914' title='bbox 3094 4774 3191 4830; x_wconf 91' lang='lat' dir='ltr'><strong>per</strong></span> <span class='ocrx_word' id='word_1_915' title='bbox 3232 4759 3413 4830; x_wconf 81' lang='lat' dir='ltr'><strong>excel-</strong></span> 
     </span>
    </p>
   </div>
   <div class='ocr_carea' id='block_1_122' title="bbox 1841 4824 3411 4898">
    <p class='ocr_par' dir='ltr' id='par_1_122' title="bbox 1841 4824 3411 4898">
     <span class='ocr_line' id='line_1_125' title="bbox 1841 4824 3411 4898; baseline -0.001 -16"><span class='ocrx_word' id='word_1_916' title='bbox 1841 4826 2041 4898; x_wconf 89' lang='lat' dir='ltr'><strong>cntiam</strong></span> <span class='ocrx_word' id='word_1_917' title='bbox 2066 4824 2299 4898; x_wconf 76' lang='lat' dir='ltr'><strong>ecclesia</strong></span> <span class='ocrx_word' id='word_1_918' title='bbox 2328 4824 2635 4898; x_wconf 68' lang='lat' dir='ltr'><strong>dicebatur;</strong></span> <span class='ocrx_word' id='word_1_919' title='bbox 2672 4829 2725 4882; x_wconf 91' lang='lat' dir='ltr'><strong>in</strong></span> <span class='ocrx_word' id='word_1_920' title='bbox 2754 4842 2815 4882; x_wconf 92' lang='lat' dir='ltr'><strong>ea</strong></span> <span class='ocrx_word' id='word_1_921' title='bbox 2847 4824 2991 4884; x_wconf 83' lang='lat' dir='ltr'><strong>enim</strong></span> <span class='ocrx_word' id='word_1_922' title='bbox 3014 4824 3263 4885; x_wconf 75' lang='lat' dir='ltr'><strong>solebant</strong></span> <span class='ocrx_word' id='word_1_923' title='bbox 3288 4828 3411 4898; x_wconf 88' lang='lat' dir='ltr'><strong>epi-</strong></span> 
     </span>
    </p>
   </div>
   <div class='ocr_carea' id='block_1_123' title="bbox 1818 4896 3408 4971">
    <p class='ocr_par' dir='ltr' id='par_1_123' title="bbox 1818 4896 3408 4971">
     <span class='ocr_line' id='line_1_126' title="bbox 1818 4896 3408 4971; baseline -0.002 -16"><span class='ocrx_word' id='word_1_924' title='bbox 1818 4897 1971 4971; x_wconf 87' lang='lat' dir='ltr'><strong>scopi</strong></span> <span class='ocrx_word' id='word_1_925' title='bbox 2014 4896 2295 4971; x_wconf 82' lang='lat' dir='ltr'><strong>orationes</strong></span> <span class='ocrx_word' id='word_1_926' title='bbox 2341 4897 2713 4971; x_wconf 83' lang='lat' dir='ltr'><strong>solemniores</strong></span> <span class='ocrx_word' id='word_1_927' title='bbox 2744 4898 2944 4955; x_wconf 83' lang='lat' dir='ltr'><strong>habere</strong></span> <span class='ocrx_word' id='word_1_928' title='bbox 2983 4900 3048 4955; x_wconf 91' lang='lat' dir='ltr'><strong>ad</strong></span> <span class='ocrx_word' id='word_1_929' title='bbox 3103 4896 3362 4971; x_wconf 84' lang='lat' dir='ltr'><strong>populum</strong></span> <span class='ocrx_word' id='word_1_930' title='bbox 3388 4935 3408 4965; x_wconf 84' lang='lat'><strong>,</strong></span> 
     </span>
    </p>
   </div>
   <div class='ocr_carea' id='block_1_124' title="bbox 1819 4968 3409 5041">
    <p class='ocr_par' dir='ltr' id='par_1_124' title="bbox 1819 4968 3409 5041">
     <span class='ocr_line' id='line_1_127' title="bbox 1819 4968 3409 5041; baseline -0.001 -19"><span class='ocrx_word' id='word_1_931' title='bbox 1819 4969 1967 5041; x_wconf 85' lang='lat' dir='ltr'><strong>unde</strong></span> <span class='ocrx_word' id='word_1_932' title='bbox 1992 4968 2210 5041; x_wconf 75' lang='lat' dir='ltr'><strong>etipsm</strong></span> <span class='ocrx_word' id='word_1_933' title='bbox 2233 4968 2602 5041; x_wconf 88' lang='lat' dir='ltr'><strong>inscribuntur</strong></span> <span class='ocrx_word' id='word_1_934' title='bbox 2629 4969 2829 5025; x_wconf 73' lang='lat' dir='ltr'><strong>habita:</strong></span> <span class='ocrx_word' id='word_1_935' title='bbox 2862 4972 2913 5027; x_wconf 92' lang='lat' dir='ltr'><strong>in</strong></span> <span class='ocrx_word' id='word_1_936' title='bbox 2937 4968 3126 5041; x_wconf 82' lang='lat' dir='ltr'><strong>magna</strong></span> <span class='ocrx_word' id='word_1_937' title='bbox 3154 4968 3409 5041; x_wconf 79' lang='lat' dir='ltr'><strong>ecelesia.</strong></span> 
     </span>
    </p>
   </div>
   <div class='ocr_carea' id='block_1_125' title="bbox 1822 5038 3411 5107">
    <p class='ocr_par' dir='ltr' id='par_1_125' title="bbox 1822 5038 3411 5107">
     <span class='ocr_line' id='line_1_128' title="bbox 1822 5038 3411 5107; baseline 0.001 -12"><span class='ocrx_word' id='word_1_938' title='bbox 1822 5040 1979 5095; x_wconf 85' lang='lat' dir='ltr'><strong>Hunc</strong></span> <span class='ocrx_word' id='word_1_939' title='bbox 2026 5039 2239 5093; x_wconf 90' lang='lat' dir='ltr'><strong>titulum</strong></span> <span class='ocrx_word' id='word_1_940' title='bbox 2284 5038 2509 5107; x_wconf 70' lang='lat' dir='ltr'><strong>praefert</strong></span> <span class='ocrx_word' id='word_1_941' title='bbox 2554 5042 2727 5095; x_wconf 89' lang='lat' dir='ltr'><strong>oratio</strong></span> <span class='ocrx_word' id='word_1_942' title='bbox 2771 5038 3095 5097; x_wconf 74' lang='lat' dir='ltr'><strong>Nazianzeni</strong></span> <span class='ocrx_word' id='word_1_943' title='bbox 3122 5042 3189 5095; x_wconf 92' lang='lat' dir='ltr'><strong>ad</strong></span> <span class='ocrx_word' id='word_1_944' title='bbox 3219 5040 3411 5096; x_wconf 81' lang='lat' dir='ltr'><strong>Patres</strong></span> 
     </span>
    </p>
   </div>
   <div class='ocr_carea' id='block_1_126' title="bbox 1818 5109 3414 5182">
    <p class='ocr_par' dir='ltr' id='par_1_126' title="bbox 1818 5109 3414 5182">
     <span class='ocr_line' id='line_1_129' title="bbox 1818 5109 3414 5182; baseline 0.003 -18"><span class='ocrx_word' id='word_1_945' title='bbox 1818 5109 1983 5182; x_wconf 90' lang='lat' dir='ltr'><strong>primi</strong></span> <span class='ocrx_word' id='word_1_946' title='bbox 2031 5109 2614 5182; x_wconf 79' lang='lat' dir='ltr'><strong>Constantinopolitani</strong></span> <span class='ocrx_word' id='word_1_947' title='bbox 2677 5112 2934 5182; x_wconf 89' lang='lat' dir='ltr'><strong>concilii;</strong></span> <span class='ocrx_word' id='word_1_948' title='bbox 3010 5111 3307 5182; x_wconf 67' lang='lat' dir='ltr'><strong>prmferunt</strong></span> <span class='ocrx_word' id='word_1_949' title='bbox 3355 5119 3414 5169; x_wconf 88' lang='lat' dir='ltr'><strong>et</strong></span> 
     </span>
    </p>
   </div>
   <div class='ocr_carea' id='block_1_127' title="bbox 1820 5180 3434 5251">
    <p class='ocr_par' dir='ltr' id='par_1_127' title="bbox 1820 5180 3434 5251">
     <span class='ocr_line' id='line_1_130' title="bbox 1820 5180 3434 5251; baseline 0.001 -15"><span class='ocrx_word' id='word_1_950' title='bbox 1820 5181 2030 5251; x_wconf 63' lang='lat' dir='ltr'><strong>multas,</strong></span> <span class='ocrx_word' id='word_1_951' title='bbox 2060 5190 2175 5251; x_wconf 89' lang='lat' dir='ltr'><strong>tum</strong></span> <span class='ocrx_word' id='word_1_952' title='bbox 2204 5180 2599 5251; x_wconf 84' lang='lat' dir='ltr'><strong>ChrysOstomi,</strong></span> <span class='ocrx_word' id='word_1_953' title='bbox 2631 5191 2741 5237; x_wconf 91' lang='lat' dir='ltr'><strong>tum</strong></span> <span class='ocrx_word' id='word_1_954' title='bbox 2773 5181 2975 5249; x_wconf 87' lang='lat' dir='ltr'><strong>Procli,</strong></span> <span class='ocrx_word' id='word_1_955' title='bbox 3002 5180 3110 5238; x_wconf 82' lang='lat' dir='ltr'><strong>etc.</strong></span> <span class='ocrx_word' id='word_1_956' title='bbox 3430 5232 3434 5237; x_wconf 85' lang='lat'><strong>.</strong></span> 
     </span>
    </p>
   </div>
   <div class='ocr_carea' id='block_1_128' title="bbox 1895 5249 3421 5323">
    <p class='ocr_par' dir='ltr' id='par_1_128' title="bbox 1895 5249 3421 5323">
     <span class='ocr_line' id='line_1_131' title="bbox 1895 5249 3421 5323; baseline 0.001 -16"><span class='ocrx_word' id='word_1_957' title='bbox 1895 5260 1919 5290; x_wconf 76' lang='grc' dir='ltr'><strong>ο</strong></span> <span class='ocrx_word' id='word_1_958' title='bbox 1941 5249 2215 5307; x_wconf 91' lang='lat' dir='ltr'><strong>Christum</strong></span> <span class='ocrx_word' id='word_1_959' title='bbox 2247 5249 2518 5322; x_wconf 81' lang='lat' dir='ltr'><strong>intelligit,</strong></span> <span class='ocrx_word' id='word_1_960' title='bbox 2548 5254 2637 5322; x_wconf 89' lang='lat' dir='ltr'><strong>qui</strong></span> <span class='ocrx_word' id='word_1_961' title='bbox 2661 5263 2949 5323; x_wconf 89' lang='lat' dir='ltr'><strong>utramque</strong></span> <span class='ocrx_word' id='word_1_962' title='bbox 2978 5261 3231 5320; x_wconf 87' lang='lat' dir='ltr'><strong>mortem,</strong></span> <span class='ocrx_word' id='word_1_963' title='bbox 3265 5252 3421 5311; x_wconf 80' lang='lat' dir='ltr'><strong>Ada-</strong></span> 
     </span>
    </p>
   </div>
   <div class='ocr_carea' id='block_1_129' title="bbox 1821 5322 3436 5401">
    <p class='ocr_par' dir='ltr' id='par_1_129' title="bbox 1821 5322 3436 5401">
     <span class='ocr_line' id='line_1_132' title="bbox 1821 5322 3436 5401; baseline 0.001 -23"><span class='ocrx_word' id='word_1_964' title='bbox 1821 5322 1897 5401; x_wconf 87' lang='lat' dir='ltr'><strong>mi</strong></span> <span class='ocrx_word' id='word_1_965' title='bbox 1935 5332 2162 5393; x_wconf 89' lang='lat' dir='ltr'><strong>peccato</strong></span> <span class='ocrx_word' id='word_1_966' title='bbox 2190 5332 2550 5401; x_wconf 64' lang='lat' dir='ltr'><strong>centraetam,</strong></span> <span class='ocrx_word' id='word_1_967' title='bbox 2577 5323 2904 5401; x_wconf 38' lang='lat' dir='ltr'><strong>superavit‘;</strong></span> <span class='ocrx_word' id='word_1_968' title='bbox 2945 5324 3287 5396; x_wconf 87' lang='lat' dir='ltr'><strong>spiritualem</strong></span> <span class='ocrx_word' id='word_1_969' title='bbox 3338 5325 3436 5401; x_wconf 57' lang='lat' dir='ltr'><strong>ni-;</strong></span> 
     </span>
    </p>
   </div>
   <div class='ocr_carea' id='block_1_130' title="bbox 1826 5392 3437 5467">
    <p class='ocr_par' dir='ltr' id='par_1_130' title="bbox 1826 5392 3437 5467">
     <span class='ocr_line' id='line_1_133' title="bbox 1826 5392 3437 5467; baseline 0 -18"><span class='ocrx_word' id='word_1_970' title='bbox 1826 5392 2052 5467; x_wconf 88' lang='lat' dir='ltr'><strong>mirum,</strong></span> <span class='ocrx_word' id='word_1_971' title='bbox 2083 5409 2202 5465; x_wconf 68' lang='lat' dir='ltr'><strong>quas</strong></span> <span class='ocrx_word' id='word_1_972' title='bbox 2229 5392 2327 5467; x_wconf 82' lang='lat' dir='ltr'><strong>Dei</strong></span> <span class='ocrx_word' id='word_1_973' title='bbox 2367 5394 2435 5448; x_wconf 86' lang='lat' dir='ltr'><strong>ab</strong></span> <span class='ocrx_word' id='word_1_974' title='bbox 2463 5394 2640 5447; x_wconf 89' lang='lat' dir='ltr'><strong>anima</strong></span> <span class='ocrx_word' id='word_1_975' title='bbox 2671 5392 3090 5467; x_wconf 20' lang='lat' dir='ltr'><strong>separa‘tioiest;</strong></span> <span class='ocrx_word' id='word_1_976' title='bbox 3119 5404 3177 5451; x_wconf 88' lang='lat' dir='ltr'><strong>et</strong></span> <span class='ocrx_word' id='word_1_977' title='bbox 3216 5398 3437 5467; x_wconf 83' lang='lat' dir='ltr'><strong>corpo-&#39;</strong></span> 
     </span>
    </p>
   </div>
   <div class='ocr_carea' id='block_1_131' title="bbox 1827 5463 3415 5535">
    <p class='ocr_par' dir='ltr' id='par_1_131' title="bbox 1827 5463 3415 5535">
     <span class='ocr_line' id='line_1_134' title="bbox 1827 5463 3415 5535; baseline -0.001 -14"><span class='ocrx_word' id='word_1_978' title='bbox 1827 5464 2019 5534; x_wconf 88' lang='lat' dir='ltr'><strong>ralem,</strong></span> <span class='ocrx_word' id='word_1_979' title='bbox 2041 5463 2162 5535; x_wconf 74' lang='lat' dir='ltr'><strong>qua:</strong></span> <span class='ocrx_word' id='word_1_980' title='bbox 2187 5466 2385 5535; x_wconf 82' lang='lat' dir='ltr'><strong>animae</strong></span> <span class='ocrx_word' id='word_1_981' title='bbox 2404 5478 2434 5518; x_wconf 89' lang='lat' dir='ltr'><strong>a</strong></span> <span class='ocrx_word' id='word_1_982' title='bbox 2455 5477 2686 5535; x_wconf 85' lang='lat' dir='ltr'><strong>corpore</strong></span> <span class='ocrx_word' id='word_1_983' title='bbox 2706 5463 2928 5521; x_wconf 91' lang='lat' dir='ltr'><strong>solutio.</strong></span> <span class='ocrx_word' id='word_1_984' title='bbox 2950 5466 3256 5523; x_wconf 88' lang='lat' dir='ltr'><strong>Notandum</strong></span> <span class='ocrx_word' id='word_1_985' title='bbox 3281 5463 3415 5522; x_wconf 80' lang='lat' dir='ltr'><strong>vero</strong></span> 
     </span>
    </p>
   </div>
   <div class='ocr_carea' id='block_1_132' title="bbox 1827 5534 3414 5606">
    <p class='ocr_par' dir='ltr' id='par_1_132' title="bbox 1827 5534 3414 5606">
     <span class='ocr_line' id='line_1_135' title="bbox 1827 5534 3414 5606; baseline 0.001 -17"><span class='ocrx_word' id='word_1_986' title='bbox 1827 5534 2071 5606; x_wconf 90' lang='lat' dir='ltr'><strong>priorem</strong></span> <span class='ocrx_word' id='word_1_987' title='bbox 2100 5550 2208 5590; x_wconf 91' lang='lat' dir='ltr'><strong>non</strong></span> <span class='ocrx_word' id='word_1_988' title='bbox 2238 5534 2540 5606; x_wconf 78' lang='lat' dir='ltr'><strong>charitatis,</strong></span> <span class='ocrx_word' id='word_1_989' title='bbox 2577 5544 2656 5606; x_wconf 80' lang='lat' dir='ltr'><strong>ut</strong></span> <span class='ocrx_word' id='word_1_990' title='bbox 2679 5536 2985 5605; x_wconf 86' lang='lat' dir='ltr'><strong>oportebat,</strong></span> <span class='ocrx_word' id='word_1_991' title='bbox 3024 5538 3118 5594; x_wconf 91' lang='lat' dir='ltr'><strong>sed</strong></span> <span class='ocrx_word' id='word_1_992' title='bbox 3170 5537 3414 5593; x_wconf 71' lang='lat' dir='ltr'><strong>scientia:</strong></span> 
     </span>
    </p>
   </div>
   <div class='ocr_carea' id='block_1_133' title="bbox 1830 5603 3415 5679">
    <p class='ocr_par' dir='ltr' id='par_1_133' title="bbox 1830 5603 3415 5679">
     <span class='ocr_line' id='line_1_136' title="bbox 1830 5603 3415 5679; baseline 0 -19"><span class='ocrx_word' id='word_1_993' title='bbox 1830 5603 2147 5679; x_wconf 71' lang='lat' dir='ltr'><strong>privatione</strong></span> <span class='ocrx_word' id='word_1_994' title='bbox 2182 5621 2211 5659; x_wconf 92' lang='lat' dir='ltr'><strong>a</strong></span> <span class='ocrx_word' id='word_1_995' title='bbox 2264 5604 2513 5679; x_wconf 81' lang='lat' dir='ltr'><strong>Nestorio</strong></span> <span class='ocrx_word' id='word_1_996' title='bbox 2559 5603 2777 5679; x_wconf 83' lang='lat' dir='ltr'><strong>deﬁniri</strong></span> <span class='ocrx_word' id='word_1_997' title='bbox 2809 5625 2821 5660; x_wconf 90' lang='lat'><strong>:</strong></span> <span class='ocrx_word' id='word_1_998' title='bbox 2855 5603 3074 5678; x_wconf 69' lang='lat' dir='ltr'><strong>Animae,</strong></span> <span class='ocrx_word' id='word_1_999' title='bbox 3134 5610 3339 5679; x_wconf 88' lang='lat' dir='ltr'><strong>inquit,</strong></span> <span class='ocrx_word' id='word_1_1000' title='bbox 3369 5607 3415 5661; x_wconf 83' lang='lat' dir='ltr'><strong>si</strong></span> 
     </span>
    </p>
   </div>
   <div class='ocr_carea' id='block_1_134' title="bbox 1829 5675 3415 5750">
    <p class='ocr_par' dir='ltr' id='par_1_134' title="bbox 1829 5675 3415 5750">
     <span class='ocr_line' id='line_1_137' title="bbox 1829 5675 3415 5750; baseline 0 -18"><span class='ocrx_word' id='word_1_1001' title='bbox 1829 5675 2063 5750; x_wconf 75' lang='lat' dir='ltr'><strong>ignorent</strong></span> <span class='ocrx_word' id='word_1_1002' title='bbox 2106 5676 2298 5750; x_wconf 83' lang='lat' dir='ltr'><strong>Deum,</strong></span> <span class='ocrx_word' id='word_1_1003' title='bbox 2352 5676 2462 5730; x_wconf 83' lang='lat' dir='ltr'><strong>sine</strong></span> <span class='ocrx_word' id='word_1_1004' title='bbox 2509 5675 2618 5750; x_wconf 81' lang='lat' dir='ltr'><strong>sale</strong></span> <span class='ocrx_word' id='word_1_1005' title='bbox 2645 5686 2769 5731; x_wconf 83' lang='lat' dir='ltr'><strong>sunt</strong></span> <span class='ocrx_word' id='word_1_1006' title='bbox 2808 5695 3014 5748; x_wconf 82' lang='lat' dir='ltr'><strong>prorsus</strong></span> <span class='ocrx_word' id='word_1_1007' title='bbox 3060 5675 3299 5746; x_wconf 73' lang='lat' dir='ltr'><strong>martum,</strong></span> <span class='ocrx_word' id='word_1_1008' title='bbox 3326 5675 3415 5750; x_wconf 69' lang='lat' dir='ltr'><strong>tt}-</strong></span> 
     </span>
    </p>
   </div>
   <div class='ocr_carea' id='block_1_135' title="bbox 1832 5746 3414 5822">
    <p class='ocr_par' dir='ltr' id='par_1_135' title="bbox 1832 5746 3414 5822">
     <span class='ocr_line' id='line_1_138' title="bbox 1832 5746 3414 5822; baseline 0.001 -21"><span class='ocrx_word' id='word_1_1009' title='bbox 1832 5746 1978 5803; x_wconf 78' lang='lat' dir='ltr'><strong>metsi</strong></span> <span class='ocrx_word' id='word_1_1010' title='bbox 2030 5748 2283 5822; x_wconf 52' lang='lat' dir='ltr'><strong>quispiam</strong></span> <span class='ocrx_word' id='word_1_1011' title='bbox 2334 5762 2419 5822; x_wconf 77' lang='lat' dir='ltr'><strong>eas</strong></span> <span class='ocrx_word' id='word_1_1012' title='bbox 2474 5748 2637 5822; x_wconf 79' lang='lat' dir='ltr'><strong>vivere</strong></span> <span class='ocrx_word' id='word_1_1013' title='bbox 2682 5746 2989 5822; x_wconf 80' lang='lat' dir='ltr'><strong>suspicetur,</strong></span> <span class='ocrx_word' id='word_1_1014' title='bbox 3013 5761 3120 5806; x_wconf 87' lang='lat' dir='ltr'><strong>etc.</strong></span> <span class='ocrx_word' id='word_1_1015' title='bbox 3161 5746 3414 5822; x_wconf 86' lang='lat' dir='ltr'><strong>Etpaulo</strong></span> 
     </span>
    </p>
   </div>
   <div class='ocr_carea' id='block_1_136' title="bbox 1835 5816 3413 5895">
    <p class='ocr_par' dir='ltr' id='par_1_136' title="bbox 1835 5816 3413 5895">
     <span class='ocr_line' id='line_1_139' title="bbox 1835 5816 3413 5895; baseline 0.001 -20"><span class='ocrx_word' id='word_1_1016' title='bbox 1835 5828 2004 5889; x_wconf 85' lang='lat' dir='ltr'><strong>post:</strong></span> <span class='ocrx_word' id='word_1_1017' title='bbox 2062 5816 2272 5888; x_wconf 70' lang='lat' dir='ltr'><strong>Duplex</strong></span> <span class='ocrx_word' id='word_1_1018' title='bbox 2318 5818 2452 5874; x_wconf 85' lang='lat' dir='ltr'><strong>enim</strong></span> <span class='ocrx_word' id='word_1_1019' title='bbox 2500 5820 2555 5875; x_wconf 85' lang='lat' dir='ltr'><strong>in</strong></span> <span class='ocrx_word' id='word_1_1020' title='bbox 2585 5836 2675 5878; x_wconf 85' lang='lat' dir='ltr'><strong>nos</strong></span> <span class='ocrx_word' id='word_1_1021' title='bbox 2721 5816 3013 5878; x_wconf 74' lang='lat' dir='ltr'><strong>mortalitas</strong></span> <span class='ocrx_word' id='word_1_1022' title='bbox 3042 5816 3413 5895; x_wconf 55' lang='lat' dir='ltr'><strong>grassatum&quot;</strong></span> 
     </span>
    </p>
   </div>
   <div class='ocr_carea' id='block_1_137' title="bbox 2860 5915 2900 5974">
    <p class='ocr_par' dir='ltr' id='par_1_137' title="bbox 2860 5915 2900 5974">
     <span class='ocr_line' id='line_1_140' title="bbox 2860 5915 2900 5974; baseline 0 0"><span class='ocrx_word' id='word_1_1023' title='bbox 2860 5915 2900 5974; x_wconf 88' lang='lat'><strong>7</strong></span> 
     </span>
    </p>
   </div>
  </div>
