3898 6276
132 311 233 370 20⁸5

136 419 357 496 ejusdem
389 409 731 470 fundamenti
776 406 934 463 ruina
963 403 1202 473 collapsa
1235 407 1339 465 est,

137 485 227 571 sub
255 523 467 566 manum
493 515 549 561 et
572 509 892 573 potestatem
917 493 1143 559 diaboli,
1169 490 1262 562 qui
1282 485 1698 558 dejecitAdam;

137 609 207 666 sic
233 602 510 660 Dominum
539 596 819 653 Christum
844 586 1099 647 Ecclesiae
1122 584 1256 640 ﬁdes
1284 582 1489 637 habens
1513 576 1703 632 funda-

138 706 381 758 mentum,
410 685 880 757 manetejusdem
926 676 1261 737 fundamenti
1290 674 1464 729 virtus
1509 672 1703 725 immo-

139 793 271 857 bilis,
299 798 351 842 et
378 798 599 847 secura,
628 790 791 849 atque
819 779 1142 832 inconcnssa
1183 769 1266 826 sui
1308 764 1504 837 capitis
1535 760 1704 816 firmi-

147 896 262 951 tate,
289 898 404 953 qua:
430 876 617 933 divelli
649 890 756 930 non
782 870 973 941 possit.

204 948 400 1033 5.1tem
420 968 657 1043 ejusdem
694 966 884 1020 ibidem
913 961 1047 1015 inter
1074 966 1258 1013 calere
1280 960 1331 1008 et
1369 954 1546 1023 infra:
1575 948 1704 1005 Han:

150 1071 323 1133 omnia,
363 1064 539 1134 inquit
585 1061 653 1116 ad
700 1058 1015 1121 Dominum,
1062 1052 1151 1106 tibi
1176 1049 1331 1115 dabo,
1364 1048 1406 1101 si
1437 1044 1705 1115 procidens

152 1161 411 1221 adoraveris
433 1175 513 1213 me
535 1155 759 1229 (Matth.
785 1168 863 1214 tv,
887 1148 969 1220 9).
994 1148 1076 1203 Ex
1099 1143 1324 1201 dimidio
1346 1142 1547 1198 invitus
1569 1154 1706 1210 prae-

154 1258 356 1321 divinas,
401 1250 651 1314 diabole;
702 1243 901 1301 reddes
944 1240 1090 1296 enim
1138 1235 1401 1292 mundum
1456 1233 1703 1297 Domino,

154 1368 287 1425 quem
318 1348 497 1418 inique
528 1344 624 1399 tibi
656 1340 950 1395 addixeras
991 1336 1046 1391 in
1090 1333 1435 1396 servitutem,
1465 1328 1559 1384 sed
1588 1342 1709 1382 ver-

157 1419 359 1506 beratus,
385 1455 490 1495 non
529 1434 812 1490 adoratus.
842 1429 925 1485 Ne
961 1435 1022 1483 te
1055 1424 1341 1482 arbitreris
1368 1436 1492 1477 cum
1540 1419 1706 1475 Adam

158 1538 328 1596 habere
354 1543 682 1593 sermonem,
718 1522 1085 1594 promissione
1122 1517 1268 1574 enim
1312 1515 1487 1571 illexit
1516 1512 1705 1578 Adam,
1792 1558 1793 1563 η

162 1646 213 1686 se
233 1625 385 1684 suasit
421 1625 591 1678 Deum
638 1619 791 1674 illum
818 1630 943 1671 esse
968 1614 1247 1676 futurum,
1272 1617 1329 1664 et
1358 1607 1456 1662 hac
1483 1618 1705 1676 persua-

162 1724 286 1779 sione
308 1716 497 1787 dcjecit
521 1732 536 1767 :
577 1712 741 1769 modo
776 1721 995 1781 quoque
1020 1705 1240 1761 Christo
1260 1695 1707 1769 omnipotentiam

851 247 1171 347 NES'l'ORll
1208 273 1627 341 TRACTATUS
1665 267 1943 329 CONTRA
1982 263 2320 325 ΙΙᾹΞΒΕΞΙΜ
2358 258 2654 320 PELAGII.
2691 246 2697 252 ”

1373 405 1427 453 et
1451 395 1591 473 facta
1620 399 1705 446 est
1730 392 1780 451 Α
1803 386 2140 458 jacebamus,
2175 398 2273 441 nos
2300 389 2459 437 antea
2489 380 2733 433 labantes
2765 379 2820 429 et
2845 352 3087 443 impulsi,
3121 342 3386 424 stabimus

3282 236 3385 306 206

1809 480 2073 551 deinceps
2091 488 2144 535 et
2165 477 2459 548 erigemur.
2626 546 2633 547 γ
3046 532 3051 539 ἱ

1882 574 1934 627 3.
1963 538 2130 641 Hujus
2154 538 2371 641 pugvnae,
2395 579 2557 638 quam
2582 546 2977 618 Christusiniit
2997 538 3121 617 cum
3150 538 3387 625 diabolo,

1810 667 2046 722 humano
2063 664 2248 735 generi
2277 668 2687 717 monumentum
2712 663 2767 712 et
2789 655 2964 725 imago
2982 653 3179 727 relicta
3205 659 3315 725 est,
3333 657 3392 705 ut

1810 760 1866 816 in
1895 774 2011 815 eam
2038 758 2254 813 intuens
2283 756 2426 810 vires
2451 752 2731 809 etanimes
2756 749 2947 819 erigat.
2971 746 3077 804 Ubi
3104 752 3283 799 autem
3308 750 3393 799 est

1810 851 1989 920 imago
2021 848 2145 903 illa?
2195 848 2475 901 Desertum
2505 843 2727 914 aspice;
2767 840 2921 911 illam
2941 836 3185 895 enimibi
3215 833 3389 909 gratia

1810 943 1959 998 velut
1987 940 2267 1011 appendit,
2298 953 2361 993 ac
2387 945 2660 1006 tamquam
2684 934 2738 987 in
2768 930 2960 987 tabella
2990 943 3188 985 caesum
3214 936 3392 998 tyran-

1812 1050 1967 1100 num,
1998 1044 2054 1089 et
2083 1049 2111 1087 a
2142 1047 2202 1088 se
2229 1031 2281 1086 in
2307 1044 2493 1085 eremo
2523 1025 2868 1094 perterritum
2896 1021 3134 1079 exhibet.
3159 1020 3392 1075 Arenam

1813 1127 1976 1197 igitur
2005 1125 2273 1193 videmus,
2307 1123 2616 1184 desertum;
2642 1116 2879 1189 pugilem
2908 1129 3065 1184 vero,
3091 1111 3387 1178 diabolum,

1811 1218 2012 1276 famem
2055 1216 2263 1273 Christi.
2306 1213 2692 1285 proritautem;
2734 1221 2844 1267 tres
2909 1208 3147 1277 denique
3189 1203 3392 1262 Christi

1813 1327 1936 1367 cum
1968 1310 2127 1366 hoste
2146 1321 2489 1378 congressus,
2523 1305 2624 1359 tria
2656 1315 2942 1372 responsa,
2967 1315 2998 1356 e
3025 1299 3147 1369 lege
3178 1311 3393 1367 pugna,

1814 1420 1935 1476 qua:
1966 1412 2149 1459 monet
2172 1411 2227 1456 ut
2254 1400 2468 1472 pugiles
2493 1408 2575 1453 ter
2601 1409 2795 1465 manus
2816 1400 3126 1449 conserant.
3294 1456 3295 1459 η

1884 1498 1939 1553 4.
1988 1501 2101 1569 Age
2126 1510 2277 1559 vero,
2309 1493 2580 1564 triplicem
2610 1491 2808 1559 luctam
2843 1500 3083 1543 recense.
3133 1483 3193 1538 Si
3223 1479 3397 1545 Filius

1815 1580 1917 1647 Dei
1943 1608 1995 1645 es
2020 1632 2034 1657 ,
2068 1590 2152 1644 dic
2181 1598 2235 1643 ut
2263 1587 2459 1657 lapides
2485 1584 2573 1639 isti
2616 1596 2772 1653 panes
2802 1579 2950 1649 ﬁant.
3004 1575 3138 1631 Hinc
3181 1573 3395 1647 initium

1816 1699 2010 1757 pugnae
2041 1699 2161 1738 cum
2206 1678 2433 1736 Domino
2464 1675 2709 1732 diabolus
2755 1672 2905 1744 fecit.
2959 1666 3064 1723 Cui
3111 1663 3396 1720 Christus:

162 1756 286 1779 ..υιη
308 1756 536 1787 νην»...
577 1756 739 1769 ...νυν
819 1756 991 1776 _-.._-
1029 1756 1171 1761 ---η
1218 1756 1227 1758 -
1417 1756 1429 1769 _

162 1810 488 1887 promittebat,
514 1805 661 1874 quod
692 1756 1117 1873 spejaltitudiuis
1147 1810 1275 1851 eum
1312 1791 1596 1863 dejiceret,
1627 1802 1713 1843 ar-

1839 1776 1946 1830 .Vou
1974 1775 2029 1828 in
2059 1774 2168 1827 solo
2194 1787 2324 1844 pane
2351 1770 2470 1824 vivit
2498 1767 2651 1822 homo
2678 1781 2701 1829 ,1
2727 1765 2807 1819 sic
2839 1771 3006 1816 tutum
3040 1772 3099 1813 se
3126 1757 3195 1812 ab
3221 1756 3397 1822 hoste,

1841 1868 2150 1887 ne--__‘-_-e_
2183 1863 2433 1887 --.λύμῃ
2497 1860 2551 1887 0:
2591 1856 2755 1887 Dm...
2786 1853 2875 1887 nn:
2904 1871 2951 1887 ...
2998 1853 3141 1887 ητὶηρ
3171 1859 3218 1887 lo
3246 1849 3397 1887 dum-

159 1882 366 1969 bitrans;
391 1898 487 1956 sed
518 1898 739 1968 dignam
768 1891 988 1962 repulsa
1027 1887 1225 1957 meruit
1250 1882 1708 1953 reSpousionem:

165 1998 285 2053 Vade
307 2006 468 2058 retro,
499 1992 729 2054 Satana,
765 1985 1047 2040 Dominum
1081 1978 1243 2034 Deum
1274 1985 1417 2031 tuum
1446 1973 1709 2040 adorabis,

155 2104 195 2147 et
216 2092 283 2146 illi
306 2090 394 2144 soli
419 2086 607 2142 servies
638 2080 804 2153 (Ibid.
840 2078 954 2148 10).

219 2186 264 2242 6.
290 2183 412 2238 Item
442 2180 633 2234 ibidem
669 2177 800 2229 inter
830 2181 1012 2226 cetera
1049 2177 1097 2223 et
1132 2165 1312 2236 infra:
1354 2161 1423 2215 Et
1452 2177 1584 2230 ecce,
1631 2160 1715 2215 in-

156 2279 271 2350 quit,
294 2271 456 2345 angeli
483 2274 839 2329 accesserunt,
871 2274 918 2316 et
948 2256 1313 2317 ministrabant
1338 2254 1383 2309 ei
1407 2252 1570 2325 (Ibid.
1597 2251 1711 2321 li).

155 2371 212 2428 Et
229 2384 314 2425 nos
341 2368 501 2438 igitur
524 2379 647 2419 cum
678 2357 888 2429 angelis
933 2352 1165 2409 Domino
1193 2348 1475 2405 servitium
1513 2344 1717 2415 depen-

154 2465 317 2521 damus
347 2478 359 2513 :
399 2452 720 2514 exsiliamus
747 2452 800 2506 in
832 2448 1055 2513 caelum,
1086 2440 1444 2499 ministerium
1475 2439 1528 2492 in
1558 2435 1717 2491 terris

154 2555 412 2626 implentes
439 2548 747 2621 angelicum
774 2583 788 2610 ,
821 2537 1106 2596 indefessis
1133 2535 1255 2590 aliis
1280 2533 1515 2587 animam
1539 2529 1717 2585 suble-

154 2660 315 2704 vemus
350 2643 556 2719 [Baluz.
604 2631 1025 2709 subjiciamus];
1079 2645 1201 2687 eum
1226 2670 1242 2696 ,
1292 2626 1385 2699 qui
1423 2626 1717 2695 collapsam

155 2740 310 2798 erexit
354 2718 600 2792 nostram
652 2740 935 2794 naturam,
974 2734 1085 2780 tota
1135 2722 1337 2778 virtute
1393 2718 1716 2788 diligamus;

155 2834 425 2890 adoremus
453 2843 569 2885 eum
595 2824 691 2897 qui
732 2830 978 2879 nostrum
1021 2814 1413 2874 inexorabilem
1439 2808 1717 2865 inimicum

156 2925 337 2997 dejecit
361 2932 520 2993 atque
544 2916 861 2992 prostravit.

259 3072 533 3140 ALTERA
575 3070 827 3133 VERSIO
864 3058 1247 3127 SERMONUM
1287 3054 1358 3118 llI
1398 3052 1489 3117 ΕΤ
1525 3052 1596 3114 IV

620 3207 675 3248 IN
698 3202 818 3269 τι]ῌο
856 3196 1233 3264 ΒΕυνΛοΪΟΒυὶί.

162 3308 570 3439 ιηΜΙιωιῖΙινοτὺαε
600 3305 657 3363 Si
688 3302 862 3359 Filius
904 3295 1000 3353 Dei
1026 3309 1110 3359 es,
1158 3292 1312 3348 mitte
1345 3299 1396 3345 te
1442 3286 1719 3343 deorsum.

272 3403 300 3438 a
379 3423 392 3437 .
426 3397 502 3436 tv.

272 3397 392 3438 atus.
426 3397 502 3436 IV.

164 3477 278 3534 Item
304 3477 353 3529 in
395 3474 549 3527 haec:
582 3465 887 3535 Assumpsit
927 3477 1049 3535 eum
1091 3456 1341 3516 diabolus
1386 3453 1440 3509 in
1482 3455 1724 3507 montem

222 3548 479 3604 excelsum
510 3542 691 3607 valde,
719 3534 823 3593 ctc.
866 3534 1005 3589 Ibid.
1080 3552 1083 3555 ν

226 3686 272 3738 t.
296 3676 761 3749 Quemadmodum
784 3672 863 3728 sol
889 3683 1054 3740 supra
1090 3675 1264 3723 terras
1290 3675 1349 3718 se
1372 3658 1645 3725 attollens,
1678 3662 1735 3711 et

166 3778 225 3834 ab
243 3776 463 3832 Oriente
506 3782 728 3827 currum
756 3767 823 3821 ad
866 3779 966 3819 nos
1010 3761 1258 3832 agitans,
1308 3763 1522 3811 noctem
1555 3749 1732 3821 fugat,

167 3871 479 3929 dormientes
504 3864 729 3931 excitat,
772 3858 1137 3931 operibusque
1179 3850 1380 3918 reddit,
1422 3846 1502 3903 sic
1539 3845 1736 3901 divinae

168 3962 473 4035 cognitionis
494 3959 660 4030 jubar
688 3964 923 4011 mentem
969 3949 1113 4005 velut
1138 3945 1397 4019 evigilare
1423 3941 1613 4011 jubet,
1641 3953 1740 3995 co-

169 4032 496 4129 gitationibus
512 4053 689 4107 lucem
710 4046 962 4111 effundit,
983 4054 1039 4099 et
1057 4055 1157 4096 nos
1175 4038 1243 4093 ad
1268 4037 1491 4091 virtutes
1516 4032 1738 4088 excitat.

170 4123 333 4219 .Atque
359 4148 499 4201 hanc
525 4143 746 4214 quidem
778 4140 956 4194 Pacem
1006 4132 1184 4195 nobis,
1214 4143 1376 4199 quam
1415 4124 1652 4181 solarem
1680 4123 1746 4177 it-

174 4217 430 4295 luceseere
450 4234 747 4305 optabilius
765 4239 849 4287 est
876 4247 889 4282 :
915 4225 1091 4297 possis
1116 4222 1285 4286 enim,
1312 4217 1527 4274 tametsi
1558 4229 1745 4272 careas

176 4343 377 4399 πορεία
405 4329 560 4392 solis,
583 4327 767 4382 vivere
793 4320 897 4392 (uti
920 4320 1098 4389 reipsa
1126 4315 1256 4371 caeci
1284 4313 1508 4378 vivunt,
1542 4309 1637 4380 qui
1658 4322 1748 4363 so-

177 4426 271 4481 leo.
290 4424 470 4480 auditu
495 4428 706 4477 tantum
728 4413 972 4484 norunt),
1001 4426 1124 4468 cum
1142 4424 1176 4465 e
1196 4416 1385 4463 contra
1410 4420 1532 4475 qua:
1553 4402 1749 4459 divinae

179 4519 406 4576 scientiae
425 4516 545 4573 sole
574 4529 684 4569 non
705 4509 1100 4567 collustrantur
1131 4502 1346 4567 animae,
1371 4506 1598 4555 mortuae
1614 4497 1741 4559 sint,

180 4613 297 4667 licet
331 4625 513 4665 vivere
551 4607 882 4663 videantur:
924 4601 995 4655 de
1019 4596 1213 4666 quibus
1238 4603 1322 4649 est
1360 4593 1520 4649 etiam
1551 4606 1614 4646 ea
1637 4590 1745 4644 Do-

182 4705 301 4760 mini
322 4718 428 4759 vox
443 4720 455 4755 :
472 4700 641 4756 Sinite
660 4706 892 4752 mortuos
914 4690 1128 4763 sepelire
1150 4693 1381 4742 mortuos
1401 4700 1520 4738 suos
1534 4681 1747 4755 (Matth.

325 4796 359 4835 ι)

325 4796 359 4835 ι)

184 4812 302 4940 mg.
480 4894 578 4935 nos
621 4877 720 4931 hac
761 4883 987 4939 utraque
1014 4872 1188 4931 morte
1226 4862 1428 4917 liberos
1465 4857 1558 4913 ille
1586 4824 1720 4909 fecit
1743 4890 1758 4915 ,

185 4979 266 5049 qui
294 4990 416 5031 cum
446 4979 667 5026 auctore
696 4965 887 5020 mortis
916 4975 980 5015 ac
1012 4964 1230 5025 parente
1260 4954 1493 5008 luctatus
1521 4956 1623 5003 est.
1656 4943 1764 4998 Du-

188 5046 293 5139 plex
324 5066 516 5135 quippe
542 5074 686 5114 mors
722 5058 772 5111 in
812 5068 911 5107 nos
935 5049 1116 5104 cadit:
1157 5046 1347 5112 altera,
1390 5055 1549 5112 quam
1582 5049 1763 5093 secum

188 5128 358 5216 affert-
381 5128 617 5230 mortalis
658 5157 859 5204 naturae
890 5142 1163 5204 conditio;
1208 5140 1370 5193 altera
1415 5149 1579 5205 quam
1609 5128 1769 5186 infert

186 5250 375 5302 divinae
401 5244 621 5300 amissio
640 5237 989 5311 cognitionis,
1010 5250 1131 5307 qua:
1159 5248 1259 5289 uos
1284 5233 1431 5287 omni
1458 5231 1761 5288 caelestium

186 5356 359 5396 rerum
392 5353 554 5394 sensu
584 5336 902 5399 destitutos,
930 5330 1176 5398 adeoque
1200 5325 1426 5381 mortuis
1461 5323 1766 5379 simillimos

186 5432 364 5487 efﬁcit.
405 5429 574 5499 llujus
618 5427 904 5495 utriusque
946 5422 1099 5478 necis
1134 5417 1381 5473 diabolus
1420 5414 1614 5471 artifex
1641 5422 1762 5479 est,

187 5540 345 5598 quem
378 5523 467 5578 ubi
496 5522 745 5578 Christus
788 5516 950 5586 fregit
994 5513 1268 5581 elisitque,
1315 5509 1455 5563 hanc
1482 5517 1768 5576 utramque

188 5624 414 5675 mortem
435 5631 467 5671 a
493 5625 684 5670 natura
715 5611 957 5682 depulit:
991 5598 1170 5661 anima
1194 5600 1412 5671 quidem
1442 5598 1769 5654 salutaribus

192 5710 528 5769 documentis
564 5715 778 5772 erecta;
817 5717 1053 5773 corpore
1092 5710 1222 5753 vero
1269 5693 1482 5747 mortali
1529 5708 1772 5749 resurre-

191 5802 387 5868 ctionis
404 5817 507 5868 ope
528 5809 801 5870 reparato.
829 5796 919 5853 Sic
940 5810 1007 5849 eo
1030 5794 1327 5862 prostrato,
1354 5799 1384 5839 a
1402 5802 1508 5855 quo
1526 5785 1772 5857 oppressi

1816 1868 2155 1936 illmsumque
2183 1863 2457 1935 praestitit.
2492 1860 2551 1916 Si
2582 1856 2630 1912 F
2636 1858 2755 1917 ilius
2772 1853 2877 1927 Dei
2903 1871 2973 1923 es,
2998 1853 3141 1905 mitte
3170 1859 3218 1902 te
3246 1849 3401 1927 deor-

1815 1980 1963 2019 sum:
1993 1978 2060 2018 cn
2105 1958 2345 2029 secunda
2392 1955 2597 2012 diaboli
2643 1949 2976 2020 congressio.
3019 1944 3145 1999 Non
3190 1924 3404 1996 tentabis

1819 2056 2094 2110 Dominum
2119 2052 2283 2106 Deum
2311 2060 2454 2104 tuum
2479 2064 2497 2113 ;
2528 2047 2743 2102 clusere
2767 2054 2930 2097 voces
2954 2038 3062 2094 illa:
3089 2036 3196 2091 vim
3228 2042 3284 2090 et
3303 2047 3402 2104 pe-

1816 2148 2066 2203 titionem
2099 2143 2419 2200 adversarii.
2466 2140 2593 2195 ch
2624 2137 2795 2192 omnia
2834 2134 2922 2188 tibi
2967 2129 3099 2186 dabo
3127 2130 3171 2183 si
3216 2132 3404 2206 cadens

1818 2242 2118 2297 adoraveris
2149 2256 2260 2305 me;
2290 2238 2368 2292 sic
2418 2235 2559 2291 lucta
2590 2240 2769 2299 coepta
2816 2234 2901 2283 est
2936 2225 3064 2281 iniri
3116 2222 3311 2287 tertio;
3350 2220 3407 2273 in

1819 2351 1924 2405 qua
1957 2333 2241 2405 Dominus,
2273 2339 2333 2385 ut
2366 2330 2575 2399 peritus
2604 2324 2827 2394 athleta,
2874 2320 3247 2389 molestumet
3267 2312 3410 2388 male

1802 2443 2121 2500 pugnacem
2165 2423 2533 2480 adversarium
2575 2417 2874 2489 diabolum,
2907 2429 2974 2469 ex
2999 2426 3163 2467 arena
3191 2419 3411 2479 campo-

1821 2498 1926 2592 que
1954 2519 2265 2576 certaminis
2297 2515 2539 2585 expulit:
2578 2510 2724 2566 Vade
2753 2519 2864 2579 post
2892 2522 2994 2577 me,
3026 2503 3256 2566 Satana;
3283 2498 3412 2571 scri-

1822 2590 1968 2683 ptum
1995 2620 2092 2680 est,
2138 2609 2420 2664 Dominum
2448 2604 2612 2659 Deum
2659 2611 2802 2655 tuum
2832 2596 3094 2663 adorabis,
3124 2603 3171 2648 et
3196 2591 3279 2647 illi
3308 2590 3411 2646 soli

1818 2707 2029 2761 servies.

1894 2800 1948 2854 5.
2003 2798 2078 2853 lta
2121 2793 2494 2863 contemplare
2535 2789 2677 2844 hanc
2707 2787 2933 2849 luctam,
2964 2787 3025 2837 ut
3067 2775 3265 2835 luctari
3298 2775 3415 2847 ipse

1821 2908 2039 2965 quoque
2062 2891 2257 2953 discas,
2286 2889 2492 2957 fiasque
2511 2900 2541 2939 e
2561 2888 2873 2953 spectatore
2893 2873 3209 2945 discipulus.
3234 2871 3415 2939 Prima

1821 2960 2026 3041 Christi
2055 2998 2175 3039 cum
2209 2982 2455 3036 daemone
2500 2988 2703 3045 pugna,
2754 2977 2946 3025 contra
2974 2966 3281 3034 voluptates
3320 2960 3419 3016 de-

1826 3093 2068 3153 pugnare
2110 3088 2162 3132 te
2192 3075 2388 3139 docet;
2422 3073 2590 3125 fames
2630 3066 2773 3123 enim
2819 3058 3209 3119 certaminibus
3256 3054 3420 3124 origi-

1749 3158 1795 3223 C
1826 3149 1954 3229 item
1986 3178 2041 3225 et
2070 3183 2254 3224 ansam
2288 3164 2465 3229 dedit;
2498 3162 2691 3227 fames,
2726 3159 2970 3228 inquam,
3000 3154 3130 3209 dura
3160 3152 3274 3219 illa,
3314 3149 3421 3204 im-

1828 3265 2072 3338 potentis
2100 3259 2316 3332 tyranni
2339 3272 2515 3319 more,
2544 3252 2845 3323 cupiditas;
2875 3250 3049 3304 fames
3078 3245 3421 3314 voluptatum

1829 3335 2248 3433 quierendarum
2279 3367 2441 3409 causa
2466 3358 2522 3406 et
2551 3355 2749 3417 caput:
2797 3344 2902 3399 cibi
2931 3342 3077 3398 enim
3109 3335 3419 3409 appetentis

1831 3427 1974 3509 freni
2012 3450 2227 3521 patiens
2260 3460 2366 3501 non
2393 3450 2508 3508 est;
2537 3455 2663 3495 cum
2690 3436 2903 3493 scilicet
2928 3432 3078 3488 videt
3102 3427 3424 3486 venter-deo

1832 3518 2183 3603 lectati—onem
2214 3535 2545 3609 propositam
2585 3528 2877 3602 ejusmodi,
2906 3541 3027 3598 quae
3052 3521 3293 3581 recusari
3321 3518 3426 3576 sibi

1840 3655 1948 3696 non
1979 3636 2179 3707 possit:
2207 3647 2369 3704 quam
2416 3628 2539 3699 quia
2588 3624 2742 3681 multi
2782 3618 3057 3687 moderari
3087 3626 3141 3673 et
3169 3626 3428 3671 coercere

1837 3748 1944 3789 non
1970 3734 2292 3802 potuerunt,
2328 3738 2395 3780 eo
2420 3728 2551 3777 sunt
2576 3715 2758 3775 adacti
2803 3724 2865 3770 ut
2902 3709 3297 3784 providentiam
3325 3720 3427 3762 ne-

1837 3835 2032 3899 garent
2057 3839 2201 3888 esse,
2236 3818 2465 3892 perinde
2493 3831 2556 3870 ac
2585 3813 2633 3869 si
2666 3813 2806 3868 Deus
2853 3805 3209 3865 esurientium
3240 3815 3427 3857 curam

1842 3896 1949 3979 non
1980 3928 2215 3992 gereret.
2246 3914 2327 3971 Ad
2360 3913 2504 3967 hunc
2531 3906 2815 3977 scopulum
2865 3900 3115 3958 diabolus
3152 3896 3429 3953 Christum

1843 3985 2106 4085 impellit,
2136 4025 2201 4067 ea
2230 4024 2328 4079 spe
2355 4006 2549 4061 ductus
2590 4000 2715 4056 fore
2742 4007 2807 4052 ut
2826 3993 3064 4049 hominis
3110 4003 3262 4044 more
3287 3985 3432 4040 fame

1844 4078 2109 4163 stimulati
2148 4102 2215 4157 ad
2246 4078 2400 4156 illum
2444 4094 2599 4150 facile
2647 4089 2986 4146 allideretur.
3019 4083 3191 4137 Deum
3233 4078 3435 4148 quippe

1846 4202 2054 4258 unitum
2083 4195 2289 4253 homini
2335 4189 2657 4251 nesciebat;
2702 4196 2877 4250 neque
2916 4190 3048 4233 vero
3073 4173 3142 4230 ad
3172 4171 3437 4227 Deumut

1848 4296 2181 4351 esurientem
2233 4284 2598 4343 accessisset:
2649 4291 2758 4348 quo
2812 4273 2956 4330 enim
3022 4277 3217 4340 pacto,
3273 4276 3437 4335 quem

1850 4370 2025 4447 Deum
2049 4400 2173 4443 esse
2194 4387 2401 4445 nosset,
2434 4377 2503 4432 de
2531 4374 2654 4431 cibo
2699 4367 3133 4438 interpellasset,
3162 4360 3255 4432 qui
3282 4373 3439 4417 suam

1853 4481 2023 4553 ipsius
2066 4486 2313 4534 naturam
2357 4471 2513 4527 famis
2548 4472 2828 4535 expertem
2857 4473 2985 4515 esse
3029 4453 3226 4511 novit?
3270 4452 3441 4519 Quem

1773 4548 1827 4609 Β
1853 4546 2016 4648 igitur
2058 4570 2276 4629 videbat
2314 4575 2374 4623 ut
2414 4562 2715 4625 hominem,
2773 4553 3024 4613 eumdem
3068 4559 3125 4606 ut
3167 4546 3443 4604 hominem

1855 4643 2191 4740 alloquitur:
2226 4664 2286 4720 Si
2312 4659 2487 4715 Filius
2525 4655 2621 4710 Dei
2649 4670 2722 4719 es,
2755 4651 2836 4706 die
2854 4661 2911 4705 ut
2941 4647 3145 4716 lapides
3179 4643 3265 4698 isti
3289 4657 3445 4713 panes

1857 4732 2007 4835 fiant:
2041 4759 2251 4816 Divinas
2286 4749 2596 4821 adoptionis
2626 4748 2680 4802 in
2710 4744 2928 4801 Christo
2965 4738 3214 4795 curiosus
3254 4732 3448 4802 explo-

1858 4826 2032 4921 rator,
2068 4849 2319 4920 provisor
2370 4844 2477 4900 cibi
2510 4841 2656 4896 fame
2701 4838 2820 4907 ipsa
2864 4831 3090 4903 pejoris,
3136 4826 3264 4883 olim
3293 4834 3447 4891 spem

1858 4952 2053 5007 falsam
2082 4940 2380 5001 divinitatis
2410 4951 2509 5008 per
2531 4932 2689 4991 vetiti
2727 4928 2857 5001 ligni
2884 4926 3118 4982 fructum
3149 4930 3446 4986 assequen-

1864 5043 1973 5108 dae,
2014 5035 2323 5094 hominibus
2343 5007 2644 5100 iniecerat;
2678 5036 2823 5080 nunc
2851 5018 2995 5076 idem
3019 5010 3220 5069 Christi
3246 5007 3446 5064 famem

1868 5099 2119 5206 proritat,
2148 5099 2451 5185 ostendens
2478 5120 2754 5176 desertum
2788 5114 2845 5169 in
2875 5123 2991 5178 quo.
3017 5115 3212 5176 praeter
3244 5099 3455 5168 lapides

1868 5196 2005 5281 nihil
2048 5196 2211 5281 erat:
2264 5224 2326 5271 ut
2368 5214 2520 5269 locus
2566 5209 2683 5279 ipse
2712 5196 3167 5260 inveniendarum-
3201 5204 3456 5255 escarum

1871 5314 2313 5386 desperationem
2363 5319 2591 5376 augens,
2628 5293 2945 5354 difﬁdentiae
2990 5284 3459 5361 perturbationem

1875 5380 2121 5478 injiceret
2143 5402 2263 5472 ejus
2287 5398 2493 5463 animo,
2524 5391 2729 5460 filiique
2752 5383 3007 5447 affectum
3026 5392 3155 5450 erga
3181 5380 3461 5450 parentem

1876 5502 2048 5557 Deum
2078 5496 2364 5551 adimeret.

1949 5596 2003 5651 6.
2031 5591 2137 5650 Sed
2173 5603 2293 5659 age,
2327 5586 2649 5638 tentetorem
2679 5569 3099 5630 consideremus
3131 5574 3187 5620 et
3214 5575 3353 5634 quos
3380 5565 3465 5614 to-

1881 5689 2046 5743 tidem
2096 5648 2540 5743 verbis'laqueos
2583 5668 2794 5732 tendat,
2846 5662 3221 5735 inspiciamus.
3269 5653 3334 5710 Si
3366 5648 3467 5731 Dei

2090 5792 2172 5841 es,
2206 5739 2416 5840 inquit,
2449 5767 2531 5821 dic
2558 5772 2614 5819 ut
2653 5763 2853 5833 lapides
2882 5760 2966 5814 isti
3000 5769 3157 5827 panes
3196 5751 3343 5821 ﬁant.
3371 5739 3468 5802 Dei
