3948 6274
491 154 601 214 9οἸ

998 149 1194 211 MAR“
1232 149 1680 213 MERCATORIS
1715 146 2291 209 TRANSLATIONES
2332 144 2694 207 VARIORUM
2730 145 3261 207 OPUSCULOMJM.

3666 151 3779 212 108

489 270 687 340 ﬁlius,
715 264 793 325 ait
815 265 931 333 ille,
957 281 1135 339 nuper
1155 266 1462 338 appellatus
1487 280 1571 331 es,
1600 278 1723 321 cum
1750 277 1811 319 es
1839 261 2082 334 baptiza-
2105 265 2164 327 Α
2256 262 2313 319 9.
2350 261 2427 317 Ita
2455 259 2738 330 Christus,
2774 259 2843 317 ad
2880 261 3108 332 gratiam
3148 261 3244 319 Dei
3276 260 3433 319 nobis
3473 260 3781 322 concilian-

489 371 603 419 tus.
634 360 832 419 Audivi
859 358 1245 432 praedicantem
1268 372 1461 415 vocem
1488 356 1631 413 :Hic
1652 364 1726 411 est
1748 353 1921 409 Filius
1946 370 2090 410 meus

489 454 748 524 dilectas,
798 454 855 508 in
895 467 995 524 quo
1041 450 1172 506 mihi
1217 450 1341 505 bene
1382 448 1668 519 σοντιρίωαὶ
1713 445 1931 518 (Matth.
1974 444 2086 517 nt);

489 559 657 617 quam
687 558 789 616 ego
815 542 1293 616 compellationem
1312 547 1373 596 ut
1391 538 1723 596 adulationis
1744 547 1800 594 et
1821 537 2088 608 magnifici

488 634 603 706 joci
646 635 887 705 plenam,
915 643 1078 705 atque
1115 641 1175 688 ut
1217 644 1399 701 opera
1441 628 1677 700 pretium
1709 628 2088 699 honoremque

490 742 625 783 sane
654 726 951 783 leviculum
995 724 1313 781 irridebam.
1340 722 1426 777 Tu
1467 722 1686 779 interim
1715 720 1989 792 gaudebas
2031 721 2088 777 in

493 822 640 888 sinu,
674 818 882 890 tibique
904 819 1017 888 jam
1056 814 1353 886 persuades
1378 828 1502 871 esse
1542 822 1597 869 te
1623 813 1877 869 dilectum
1910 811 2084 879 illum,

497 926 562 967 ac
583 910 875 981 praﬂidens
905 908 1169 972 exsultas,
1195 904 1275 961 sic
1296 915 1570 975 tamquam
1596 904 1647 960 in
1670 904 1812 961 cmlo
1841 904 1960 973 ipso
1983 903 2086 970 sis,

494 1017 561 1060 ac
589 1003 704 1058 Deo
734 1015 847 1072 pra:
870 1000 1086 1056 caeteris
1124 1006 1384 1068 acceptus
1422 1005 1481 1053 et
1520 997 1575 1052 in
1609 996 1844 1053 deliciis.
1888 993 2090 1065 Ecquis

494 1103 679 1150 autem
709 1100 864 1164 pater
902 1090 994 1146 ille
1024 1088 1333 1146 censendus
1372 1096 1493 1155 est,
1524 1088 1616 1158 qui
1656 1081 1951 1143 esurientis
1992 1084 2089 1140 lilii

494 1202 683 1244 curam
716 1185 919 1242 nullam
957 1182 1146 1256 gerat?
1171 1182 1361 1252 Qualis
1398 1189 1664 1252 patronus
1693 1180 1784 1236 ille
1812 1194 1877 1235 ac
1920 1187 2088 1245 tutor,

491 1280 585 1350 qui
613 1279 845 1335 clientes
879 1291 991 1333 non
1018 1276 1244 1348 pascat?
1278 1274 1361 1330 'l‘u
1388 1287 1523 1330 vero
1555 1271 1670 1342 jam
1708 1272 1829 1328 dies
1857 1270 2093 1343 quadra-

493 1375 641 1446 ginta
663 1373 885 1446 jejunus
914 1369 1245 1444 produxisti,
1275 1378 1430 1441 patre
1453 1367 1524 1425 de
1550 1376 1638 1423 tua
1668 1367 1810 1423 fame
1840 1365 1974 1421 nihil
2003 1365 2092 1422 in-

492 1469 652 1525 terim
680 1467 952 1533 sollicito,
982 1473 1040 1522 et
1068 1464 1361 1521 multorum
1400 1461 1615 1519 dierum
1660 1460 1896 1516 esuriem
1940 1458 2092 1514 nullo

492 1558 991 1617 commiserationis
1024 1571 1192 1615 sensu
1215 1554 1393 1612 otiose
1427 1553 1853 1625 contemplante.
1888 1551 2094 1608 Paren-

2188 353 2342 420 dam,
2375 352 2565 410 iisdem
2596 352 2760 410 rebus
2787 366 2915 409 usus
2944 361 3061 420 est,
3097 354 3291 425 quibus
3326 353 3496 410 Adam
3526 358 3781 427 peccavit

2189 446 2245 502 in
2274 445 2444 503 Deum
2475 462 2488 499 :
2516 458 2641 501 cum
2668 444 2817 502 enim
2844 444 2934 500 hic
2960 443 3277 502 infidelitate
3302 454 3359 501 et
3378 444 3484 502 cibi
3506 448 3657 504 vetiti
3678 463 3780 505 esu

2189 538 2473 609 prolapsus
2512 538 2567 593 in
2593 537 2800 594 crimen
2846 537 2919 592 sit
2957 536 3106 609 (nam
3132 537 3203 592 ob
3244 536 3679 594 incredulitatem
3726 552 3781 598 et

2188 631 2369 702 gulam
2393 629 2658 699 corruit),
2688 628 2936 685 Christus
2957 666 2975 694 ,
3006 627 3100 697 qui
3134 635 3384 684 naturam
3425 637 3780 700 reparaturus

2189 730 2435 788 venerat,
2464 735 2495 776 a
2527 720 2633 777 fide
2656 728 2715 777 et
2742 721 3098 792 temperantia
3126 719 3277 775 ducit
3302 719 3538 776 initium.
3571 720 3779 791 Quare,

2190 815 2436 885 deposita
2481 812 2654 869 veluti
2703 812 2873 878 larva,
2905 811 3105 868 bellum
3148 821 3395 882 apertum
3442 812 3520 867 illi
3561 814 3777 870 daemon

2190 909 2365 965 solitis
2413 908 2622 962 artibus
2665 904 2873 962 inferre
2918 905 3232 961 meditatur.
3279 907 3582 976 Antequam
3634 916 3783 963 esset

2192 999 2281 1056 hic
2306 999 2485 1055 editus
2515 999 2569 1055 in
2601 999 2775 1055 lucem
2797 1039 2812 1062 ,
2858 1000 3036 1069 inquit
3073 1013 3289 1068 secum,
3334 999 3560 1056 insidias
3604 1003 3783 1072 partui

2192 1108 2291 1164 per
2327 1091 2692 1163 suspicionem
2723 1091 2975 1147 adulterii
3004 1091 3227 1146 molitus
3256 1106 3412 1158 sum;
3444 1107 3509 1149 ea
3543 1109 3643 1163 spe
3672 1094 3783 1151 fru-
3819 1164 3827 1169 κ

2192 1193 2394 1241 stratus
2414 1224 2431 1252 ,
2465 1183 2715 1241 eumdem
2751 1183 2862 1254 jam
2890 1193 3075 1239 natum
3101 1182 3333 1239 Herodis
3356 1197 3520 1255 opera
3547 1186 3783 1241 circum-
3822 1176 3829 1213 ἶ

2195 1278 2385 1335 venire
2421 1287 2585 1349 atque
2615 1277 2928 1348 opprimere
2970 1276 3171 1333 tentavi
3204 1293 3219 1330 :
3251 1275 3352 1331 hac
3390 1291 3607 1348 quoque
3634 1287 3784 1348 parte

2194 1372 2378 1443 elapsa
2409 1370 2541 1426 mihi
2567 1370 2747 1441 praeda
2778 1378 2865 1427 est
2886 1387 2903 1429 :
2926 1370 3104 1426 victus
3132 1382 3282 1437 sum,
3322 1371 3577 1441 quamdiu
3610 1372 3783 1429 aliena

2197 1461 2431 1533 pugnavi
2478 1476 2678 1527 manu,
2724 1475 2871 1517 nunc
2916 1474 3014 1531 per
3039 1474 3129 1517 me
3155 1461 3271 1531 ipse
3317 1461 3455 1517 bella
3484 1477 3693 1531 geram.
3741 1463 3784 1519 Ο

2195 1566 2398 1609 czecam
2442 1551 2718 1624 pugnandi
2746 1550 3134 1623 cupiditatem!
3166 1551 3214 1607 Α
3253 1566 3361 1624 quo
3400 1553 3619 1608 vixdum
3662 1562 3785 1610 nato

491 1666 607 1713 tem
634 1669 768 1712 sane
809 1653 904 1710 lilii
930 1659 1228 1719 amantem,
1259 1649 1353 1722 qui
1393 1663 1462 1705 ne
1488 1662 1684 1719 panem
1709 1646 1928 1717 quidem
1958 1660 2092 1703 esu-
2116 1640 2168 1703 B
2194 1646 2373 1703 victus
2424 1654 2546 1714 est,
2598 1659 2723 1701 cum
2777 1660 2921 1702 nunc
2967 1645 3145 1701 virum
3195 1644 3398 1702 factum
3456 1646 3783 1718 aggreditur.

495 1748 661 1806 rienti
709 1748 851 1819 proli
900 1745 1190 1818 largiatur!
1240 1743 1532 1816 Egregium
1578 1741 1774 1806 ﬁlium,
1820 1754 1982 1810 quem
2022 1754 2093 1797 ne

496 1850 655 1911 pater
681 1838 895 1910 quidem
916 1836 1027 1893 alat
1052 1844 1297 1893 extrema
1327 1835 1382 1891 in
1404 1833 1570 1891 l‘amel
1592 1830 1925 1890 Charitatem
1958 1831 2013 1887 in
2037 1840 2094 1889 te

500 1946 657 1987 suam
686 1928 959 1996 ostendat,
992 1942 1297 1998 panemque
1325 1926 1593 1997 porrigat,
1612 1923 1821 1979 nutriat
1846 1922 2096 1979 esurien-

500 2033 613 2081 tem
644 2032 826 2081 natum
862 2023 915 2078 in
942 2021 1182 2078 deserto.
1206 2019 1439 2091 Lapides
1474 2026 1686 2073 mutare
1713 2016 1768 2071 in
1800 2030 1970 2086 panes
2001 2030 2098 2086 po-

499 2126 613 2175 test
643 2133 658 2172 :
688 2116 742 2173 id
772 2114 933 2173 modo
961 2114 1031 2170 ab
1052 2128 1120 2171 eo
1151 2121 1296 2185 pete,
1331 2112 1443 2184 jam
1472 2125 1645 2183 prope
1673 2119 1899 2166 enectus
1931 2110 2096 2166 fame.

502 2209 621 2267 Hoc
656 2208 980 2265 benellcium
1018 2205 1088 2262 ab
1114 2219 1181 2263 eo
1209 2204 1256 2261 si
1284 2217 1516 2270 exoras,
1547 2201 1685 2257 nihil
1720 2215 1916 2257 recuso
1964 2216 2100 2273 quo-

502 2302 684 2360 minus
710 2300 881 2357 Filius
904 2299 997 2355 Dei
1024 2299 1127 2365 sis,
1149 2311 1326 2369 eoque
1350 2294 1571 2352 nomine
1596 2293 1793 2350 merito
1816 2294 2096 2365 glorieris;

504 2396 561 2452 id
603 2409 735 2451 vero
781 2393 1099 2465 priusquam
1151 2388 1542 2461 consequaris,
1586 2386 1701 2443 noli
1742 2394 1955 2443 tantum
1999 2386 2101 2444 tibl

504 2502 703 2545 nomen
728 2499 1007 2557 arrogare.

577 2583 634 2639 7.
675 2580 770 2637 Na:
806 2581 1071 2637 honorem
1101 2578 1218 2635 veri
1247 2578 1473 2635 honoris
1502 2584 1781 2650 expertem
1802 2618 1820 2647 ,
1849 2574 2102 2631 humani-

506 2685 784 2749 tatemque
814 2673 1356 2732 inhumanissimam!
1393 2674 1711 2739 miseretur,
1743 2680 1804 2727 ut
1845 2669 2098 2737 occidat;

504 2784 692 2824 cur-am
715 2769 963 2835 simulat,
999 2776 1055 2824 et
1088 2767 1314 2823 exitium
1345 2767 1530 2833 struit,
1556 2766 1886 2835 laudumque
1907 2764 2103 2837 poculo

505 2858 823 2916 dulcissimo
871 2873 1139 2915 venenum
1179 2859 1470 2929 propinat;
1512 2858 1791 2915 Christum
1837 2856 1907 2914 ad
1954 2855 2101 2913 dilli-

506 2949 747 3005 dentiam
778 2957 1052 3005 veterator
1072 2949 1314 3019 instigat,
1342 2956 1602 3018 provocat
1628 2949 1696 3003 ad
1725 2948 1881 3004 cibos
1911 2957 2103 3018 peten-

2195 1740 2494 1805 Adesdum,
2519 1752 2738 1795 manum
2763 1753 2886 1795 cum
2913 1738 3035 1795 viro
3054 1738 3261 1807 confer,
3293 1754 3327 1795 ο
3347 1739 3594 1808 daemon;
3627 1756 3783 1812 cxpe~

2198 1834 2312 1889 rire
2351 1830 2577 1899 iterum,
2607 1838 2665 1887 et
2705 1830 3001 1903 periculum
3043 1831 3189 1889 illius
3216 1832 3416 1889 virium
3459 1848 3676 1890 rursum
3707 1834 3785 1890 fa-

2198 1923 2331 1981 cito.

2274 2016 2367 2073 10.
2404 2015 2525 2073 Jam
2548 2013 2769 2088 quidem
2805 2013 3045 2072 domitus
3079 2022 3136 2073 et
3158 2014 3363 2073 fractus
3391 2016 3492 2074 fuit
3532 2019 3588 2074 in
3616 2019 3786 2091 primo

2201 2124 2535 2182 congressu,
2569 2126 2693 2167 cum
2735 2110 2802 2167 ad
2843 2111 3175 2169 esurientem
3206 2114 3435 2170 accessit
3472 2112 3607 2185 (quo
3637 2121 3785 2185 pacto

2202 2206 2378 2261 victus
2405 2201 2564 2260 fuerit
2603 2202 2940 2275 audivistis);
2969 2219 3114 2261 nunc
3139 2212 3323 2262 autem
3353 2216 3595 2277 accepta:
3624 2207 3787 2265 cladis

2204 2299 2566 2357 resarcienda:
2585 2298 2836 2370 cupidus,
2861 2300 3006 2358 vires
3029 2300 3418 2373 audaciamque
3436 2302 3698 2373 duplicat.
3724 2301 3787 2359 Et

2204 2391 2332 2462 quia
2361 2393 2538 2462 primo
2566 2392 2801 2448 artiﬁcio
2831 2392 2977 2448 inani
3019 2406 3149 2448 usus
3188 2402 3272 2449 est
3315 2403 3371 2450 et
3396 2393 3581 2461 irrito,
3617 2408 3787 2465 neque

2206 2484 2516 2542 famelicum
2558 2485 2812 2555 decipere
2837 2486 3038 2556 potuit,
3067 2486 3293 2544 alteram
3329 2488 3549 2544 adhibet
3590 2488 3787 2544 machi-

2206 2593 2356 2634 nam.
2382 2577 2525 2634 Nihil
2554 2588 2732 2634 actum
2761 2587 2865 2646 est,
2892 2579 3088 2650 inquit,
3114 2579 3244 2635 mihi
3269 2581 3445 2651 prima
3468 2580 3557 2636 illa
3587 2580 3787 2647 fraude,

2207 2684 2330 2742 quae
2369 2679 2551 2727 tamen
2582 2670 2848 2726 Adamum
2880 2670 3284 2742 proﬂigaverat;
3324 2670 3466 2727 hanc
3499 2672 3786 2742 deponam,

2207 2770 2267 2819 et
2286 2761 2534 2819 omittam
2564 2777 2689 2819 eum
2713 2764 2958 2820 inescare
2986 2762 3124 2820 velle
3150 2762 3444 2833 cupiditate
3471 2764 3601 2819 cibi.
3635 2763 3788 2820 Vide.

2210 2863 2299 2912 tur
2327 2858 2471 2912 enim
2503 2856 2840 2927 voluptatum
2866 2870 2991 2913 esse
3017 2864 3241 2928 potens,
3273 2856 3363 2928 qui
3398 2856 3673 2929 proposita
3699 2857 3788 2914 dc-

2210 2947 2505 3005 lectatione
2533 2948 2823 3020 vescendi,
2852 2964 2923 3006 ne
2950 2949 3131 3006 induci
3174 2949 3393 3022 quidem
3438 2952 3707 3021 patuerit,
3736 2956 3788 3008 ut

508 3042 638 3109 dos,
670 3058 775 3097 non
820 3050 880 3096 ut
905 3017 1235 3098 esurientem
1262 3041 1543 3109 sublevet,
1576 3041 1672 3098 sed
1704 3050 1763 3097 ut
1800 3017 2102 3097 inescatum
2126 3017 2176 3081 ο
2210 3053 2408 3110 panem
2427 3038 2637 3109 jejunio
2680 3017 2976 3096 multorum
3016 3017 3225 3097 dierum
3264 3017 3494 3099 levando
3524 3049 3785 3113 posceret,

508 3146 565 3193 et
591 3136 657 3192 ad
698 3135 988 3207 petendum
1019 3133 1329 3206 instigatum
1349 3174 1365 3201 ,
1401 3148 1528 3190 mox
1555 3143 1828 3205 tamquam
1852 3134 2108 3190 difﬁden-

508 3239 652 3296 tem,
686 3229 930 3300 impellat
972 3226 1041 3283 ad
1084 3225 1422 3299 peccandum
1453 3226 1660 3297 aliquid
1702 3227 1755 3283 in
1798 3226 2006 3293 Deum;
2046 3233 2107 3282 ut

507 3320 603 3393 qui
631 3323 748 3377 haec
772 3322 899 3377 olim
930 3319 1071 3377 falso
1096 3320 1329 3377 dixisset
1363 3336 1379 3375 :
1415 3318 1521 3375 Hic
1545 3328 1620 3375 est
1648 3317 1823 3375 Filius
1851 3336 1994 3376 meus
2021 3320 2107 3375 di-

510 3412 690 3477 lectus,
712 3411 766 3466 in
785 3428 882 3479 qua
912 3410 1039 3465 mihi
1069 3412 1190 3467 bene
1212 3409 1527 3481 complacui.

582 3506 639 3561 8.
678 3503 819 3573 Quid
856 3504 925 3559 ad
963 3504 1082 3561 haec
1124 3502 1374 3561 Christus
1426 3503 1723 3560 Dominus?
1768 3520 1878 3561 non
1919 3506 2103 3563 statim

506 3598 681 3654 Deum
709 3597 764 3653 in
790 3612 852 3653 se
879 3596 1141 3652 latentem
1174 3596 1385 3668 prodit,
1410 3612 1479 3652 ne
1507 3597 1743 3667 praedam
1773 3597 2102 3669 absterreat,

509 3692 608 3748 sed
637 3699 698 3746 ut
719 3690 919 3761 aliquis
943 3689 1014 3746 de
1038 3690 1201 3761 vulgo
1228 3690 1529 3757 hominum,
1559 3690 1811 3759 reponit:
1842 3690 2105 3763 Scriptum

452 3776 463 3787 ’
508 3793 589 3846 est
612 3784 782 3850 enim,
814 3782 1025 3854 inquit,
1061 3797 1164 3836 non
1190 3782 1245 3836 in
1270 3781 1383 3837 solo
1408 3797 1540 3854 pane
1560 3782 1681 3837 vivit
1706 3781 1861 3837 homo
1879 3826 1894 3852 ,
1930 3784 2021 3839 sed
2048 3785 2104 3840 in

509 3877 652 3931 omni
680 3875 830 3932 verba
854 3875 992 3943 quod
1019 3875 1249 3948 procedit
1277 3874 1340 3929 de
1365 3890 1453 3931 ore
1476 3874 1594 3931 Dei.
1620 3875 1765 3932 Nihil
1786 3875 2101 3946 admodum,

499 3968 706 4040 inquit,
741 3969 1024 4039 perturbat
1051 3982 1140 4025 me
1165 3967 1414 4024 ciborum
1445 3968 1661 4039 inopia;
1691 3984 1797 4025 nou
1831 3969 1963 4026 mihi
2001 3972 2105 4027 mi-

508 4075 631 4118 rum
653 4068 747 4118 aut
769 4060 1203 4131 inexspectatum
1230 4059 1460 4127 accidit,
1485 4059 1630 4131 quod
1667 4059 1757 4117 hic
1780 4063 2014 4119 esuriam
2047 4064 2104 4121 in

506 4153 766 4219 deserto;
797 4166 974 4224 neque
1011 4160 1071 4207 ut
1104 4150 1344 4207 existant
1374 4166 1540 4222 panes
1583 4166 1615 4208 e
1654 4153 1948 4223 lapidibus,
1977 4169 2101 4212 oro.

507 4242 691 4299 Multae
720 4253 849 4299 sunt
873 4243 1068 4314 quibus
1093 4242 1241 4300 Deus
1270 4242 1428 4299 nobis
1453 4244 1739 4315 provideat
1768 4246 1901 4312 vim;
1926 4260 2104 4318 neque

505 4336 671 4390 unius
702 4334 920 4405 generis
960 4334 1129 4401 modi,
1159 4335 1357 4405 quibus
1398 4336 1707 4408 indigentia:
1733 4346 1934 4393 nostra:
1971 4351 2104 4394 con-

507 4427 672 4483 sulat.
701 4424 870 4483 Cibos
906 4426 975 4481 ad
996 4426 1327 4482 vescendum
1354 4426 1507 4483 dedit
1532 4428 1867 4495 hominibus,
1893 4428 2100 4485 fercula

506 4520 721 4577 scilicet
745 4517 896 4575 carni
924 4526 981 4573 et
1014 4519 1232 4590 corpori
1258 4519 1642 4589 congruentia;
1686 4519 1937 4576 eumdem
1968 4536 2101 4577 vero

507 4621 718 4671 naturae
745 4612 994 4670 terminis
1017 4626 1083 4667 ac
1108 4612 1375 4669 limitibus
1397 4627 1504 4668 non
1525 4614 1924 4680 circumscribi,
1948 4630 2103 4672 sacra

503 4722 595 4765 me
633 4708 830 4779 pagina
858 4704 1075 4772 docuit;
1106 4720 1284 4777 neque
1312 4706 1515 4763 excidit
1551 4720 1584 4761 e
1624 4707 1887 4763 memoria
1918 4707 2103 4765 divina

500 4800 598 4858 illa
627 4816 732 4858 vox
759 4800 1007 4857 homines
1027 4797 1350 4867 admonens,
1374 4800 1442 4855 de
1465 4799 1606 4854 fame
1634 4799 1850 4855 solliciti
1876 4814 1946 4855 ne
1967 4800 2100 4865 sint,

504 4909 629 4950 cum
660 4894 805 4951 Deus
851 4892 904 4948 id
947 4891 1165 4949 abunde
1194 4900 1368 4948 curet.
1400 4893 1762 4961 Quamobrem
1803 4908 1965 4964 parce
2005 4910 2099 4967 ge-

506 5002 632 5044 rere
653 5001 840 5045 curam
862 4984 1180 5051 esurientis,
1201 4993 1295 5040 aut
1320 4986 1455 5041 mihi
1481 4985 1759 5043 desertum
1784 4987 2098 5056 ostendere,

501 5088 565 5138 ut
589 5080 658 5137 ad
685 5078 1128 5152 desperationem
1157 5091 1247 5135 me
1275 5076 1547 5145 adducas;
1593 5080 1890 5151 providerit
1912 5083 2099 5152 utique

502 5174 687 5242 Deus,
715 5174 930 5231 tametsi
976 5185 1146 5244 panes
1189 5169 1294 5241 ipsi
1326 5170 1459 5227 nulli
1488 5180 1691 5241 praesto
1739 5172 1871 5228 sint.
1916 5172 2101 5228 Enim-
2149 5190 2162 5205 ·

501 5282 638 5325 vero
677 5266 797 5323 sine
838 5265 977 5323 cibis
1011 5267 1181 5322 vitam
1212 5265 1305 5323 ille
1331 5275 1574 5323 nostram
1606 5268 1746 5324 tueri
1794 5277 2002 5340 potest,
2044 5278 2103 5325 et

502 5361 711 5431 absque
744 5359 952 5417 carnali
988 5358 1170 5416 edulio
1217 5373 1347 5425 caro
1397 5359 1573 5425 vivet,
1618 5375 1741 5416 cum
1786 5374 1906 5417 eam
1955 5360 2099 5417 Deus

501 5456 691 5512 vivere
722 5452 965 5524 jusserit.
994 5452 1086 5510 Sic
1110 5453 1372 5525 scriptum
1405 5462 1527 5519 est,
1559 5454 1763 5526 inquit,
1790 5456 1870 5510 sic
1897 5454 2095 5522 credo,

494 5543 709 5602 divinis
745 5543 927 5599 verbis
975 5542 1179 5611 fretus;
1227 5560 1405 5616 neque
1443 5546 1608 5600 vitam
1652 5561 1831 5603 meam
1875 5562 1942 5604 ex
1973 5546 2096 5603 unis

502 5646 684 5703 aptam
707 5647 829 5693 esse
853 5634 1012 5703 cibis,
1044 5649 1475 5708 suspensamque
1502 5653 1647 5696 reor.

2208 3133 2424 3189 carneis
2458 3133 2578 3190 istis
2611 3134 2780 3190 armis
2809 3133 2953 3191 vinci
2978 3136 3213 3193 nescius.
3242 3135 3428 3192 Inveni
3457 3136 3789 3192 callidiorem

2207 3225 2525 3283 decertandi
2556 3226 2698 3283 viam
2719 3268 2736 3296 ,
2769 3229 3008 3299 suppetit
3044 3227 3175 3284 mihi
3229 3228 3421 3285 hamus
3445 3228 3660 3285 dulcior
3683 3227 3790 3301 ειυς

2207 3319 2289 3374 ria
2307 3358 2322 3384 ,
2346 3332 2454 3390 qua
2485 3318 2621 3375 nihil
2654 3320 2855 3376 sectari
2891 3319 3186 3391 jucundius
3214 3321 3474 3378 mortales
3498 3321 3714 3386 solent;
3741 3318 3789 3378 in

2208 3426 2316 3483 qua
2344 3426 2451 3468 non
2480 3419 2687 3468 tantum
2717 3412 2861 3469 inest
2885 3412 3260 3470 illecebrarum
3290 3414 3574 3485 plurimum
3610 3414 3677 3471 ad
3704 3426 3789 3471 eos

2209 3502 2584 3575 illaqueandos
2603 3546 2620 3573 ,
2650 3504 2748 3562 sed
2778 3514 2862 3562 est
2897 3504 3064 3563 etiam
3089 3505 3288 3578 duplex
3317 3520 3498 3577 operae
3528 3507 3789 3576 pretium,

2211 3605 2398 3668 utpote
2423 3613 2545 3669 quae
2571 3598 2820 3654 inauitati
2858 3612 2972 3654 suae
2999 3597 3325 3655 dementiam
3353 3612 3416 3654 ac
3440 3598 3790 3654 temeritatem

2209 3690 2523 3760 adiunctam
2556 3690 2739 3761 habet,
2768 3706 2890 3749 cum
2918 3689 3034 3748 fere
3059 3692 3151 3763 qui
3184 3689 3479 3760 cupiditate
3502 3691 3691 3762 gloria:
3710 3688 3790 3744 in-

2208 3785 2482 3852 cenditur,
2511 3787 2580 3842 ad
2622 3786 2817 3842 fastum
2857 3786 2930 3842 sit
2965 3785 3364 3857 eiationemque
3405 3799 3672 3856 praeceps.
3705 3783 3791 3839 Est

2209 3889 2391 3935 autem
2418 3878 2564 3935 unde
2594 3879 2696 3936 iste
2715 3879 2901 3952 gloriae
2922 3879 3169 3935 videatur
3188 3892 3311 3934 esse
3330 3876 3530 3933 debere
3549 3875 3789 3935 avidior:

2211 3972 2457 4043 proclive
2485 3971 2686 4044 quippe
2706 3979 2793 4027 est
2820 3979 2881 4027 ut
2906 3972 2995 4043 qui
3018 3971 3132 4042 jam
3169 3978 3250 4027 tot
3281 3968 3401 4027 dies
3422 3968 3643 4040 jejunus
3672 3981 3791 4037 per-

2210 4072 2339 4133 stat,
2367 4065 2436 4121 de
2461 4079 2523 4121 se
2545 4063 2745 4120 sentiat
2764 4063 3055 4134 jactantius
3084 4062 3287 4134 aliquid
3317 4079 3331 4117 :
3362 4061 3641 4118 hominem
3668 4058 3791 4116 titil-

2210 4156 2368 4223 labo;
2399 4156 2654 4214 accedam
2694 4156 2775 4212 sic
2818 4165 3087 4225 tamquam
3119 4154 3188 4210 ad
3224 4154 3397 4210 virum
3434 4152 3671 4224 aliquem
3711 4151 3791 4220 ju-

2209 4256 2374 4315 stum,
2420 4256 2476 4304 et
2499 4264 2687 4306 ansam
2719 4249 2896 4305 inanis
2923 4248 3111 4320 gloriae
3144 4246 3587 4310 subministrabo,
3620 4245 3790 4316 aliqua

2209 4341 2543 4411 psalmorum
2583 4342 2873 4411 sententia,
2909 4356 3071 4413 quam
3109 4339 3229 4412 ejus
3266 4354 3429 4397 causa
3465 4339 3637 4396 multo
3673 4345 3791 4395 ante

2210 4434 2617 4503 pronuntiatam
2646 4448 2769 4490 esse
2813 4436 3040 4505 ﬁngam;
3086 4432 3164 4488 sic
3205 4433 3631 4503 interrogatione
3671 4430 3790 4486 sub-

2208 4524 2335 4581 dola
2365 4524 2643 4581 inescabo.
2671 4523 2755 4579 Ad
2786 4523 3265 4595 interrogationem
3302 4536 3463 4593 porro
3495 4521 3787 4580 faciendam

2208 4615 2490 4685 appositus
2546 4615 2650 4671 erit
2674 4615 2825 4671 locus
2853 4615 3051 4686 aliquis
3089 4627 3354 4684 praeceps,
3384 4614 3643 4684 arripiam
3672 4625 3788 4669 eum

2210 4718 2268 4765 et
2298 4708 2609 4778 protraham
2638 4707 2693 4764 in
2724 4708 2910 4779 templi
2934 4708 3299 4779 pinnaculum,
3322 4722 3556 4778 cumque
3584 4718 3789 4763 summo

2210 4800 2427 4873 fastigio
2458 4801 2748 4869 insederit,
2780 4810 2896 4857 tum
2942 4816 3044 4872 ego
3087 4815 3372 4873 suggeram
3412 4800 3554 4857 istud
3592 4812 3787 4871 oppor-

2211 4903 2342 4952 tune
2372 4910 2389 4950 :
2420 4895 2484 4952 Si
2520 4895 2694 4951 Filius
2732 4892 2831 4951 Dei
2870 4910 2954 4963 es,
2986 4895 3132 4949 mitte
3159 4901 3207 4949 te
3233 4895 3510 4958 deorsum;
3550 4894 3787 4965 scriptum

2209 4999 2287 5045 est
2313 4990 2448 5046 enim
2482 4990 2730 5062 quoniam
2768 4987 2967 5060 angelis
3006 4988 3114 5041 suis
3150 4987 3416 5041 mandavit
3454 4986 3519 5040 de
3556 4995 3637 5053 te,
3665 4994 3710 5039 et
3738 4982 3786 5037 in

2209 5081 2447 5137 manibus
2475 5081 2657 5136 tollent
2680 5088 2749 5151 te,
2776 5096 2841 5134 ne
2862 5083 2995 5151 forte
3019 5078 3248 5147 offendas
3270 5078 3339 5132 ad
3365 5079 3592 5149 lapidem
3618 5075 3787 5148 pedem

2210 5183 2375 5230 tuum.
2405 5172 2640 5230 Omnino
2681 5172 2911 5228 alterum
2949 5172 3228 5242 continget
3264 5186 3296 5228 e
3331 5171 3541 5227 duobus
3562 5213 3575 5236 ,
3603 5180 3664 5227 ut
3700 5172 3787 5223 aut

2208 5266 2391 5323 verbis
2430 5265 2565 5322 meis
2604 5264 2811 5331 credat,
2847 5270 2940 5319 aut
2984 5278 3047 5320 ea
3095 5262 3345 5333 repudiet
3382 5282 3394 5316 :
3434 5263 3479 5317 si
3509 5262 3702 5319 bonam
3732 5258 3786 5313 in

2207 5367 2415 5430 partem
2444 5357 2743 5413 orationem
2786 5369 2962 5412 meam
2989 5355 3254 5427 accipiet,
3282 5370 3345 5411 ac
3382 5355 3485 5410 sibi
3519 5363 3784 5425 tamquam

2197 5452 2347 5524 justo
2376 5450 2705 5519 aduiabitur,
2738 5463 2971 5529 pronum
2999 5450 3109 5507 erit
3137 5459 3217 5519 ut,
3246 5448 3408 5506 sicuti
3436 5457 3782 5520 proposuero,

2202 5542 2296 5598 det
2345 5557 2407 5599 se
2447 5540 2824 5613 praecipitem:
2856 5541 2929 5597 ita
2973 5540 3221 5611 projiciet
3268 5554 3466 5611 corpus
3501 5554 3533 5594 e
3579 5546 3783 5594 summo

2202 5635 2377 5706 apice,
2400 5644 2457 5691 et
2482 5634 2747 5707 siquidem
2778 5634 3046 5693 interierit
3072 5648 3105 5691 e
3146 5633 3322 5706 lapsu,
3354 5640 3625 5691 mortuhm
3644 5625 3781 5687 deri-
