3898 6276
175 326 264 387 209

883 313 1202 378 NESTORII
1239 309 1651 373 TRACTATUS
1689 309 1965 367 CONTRA
2007 307 2338 368 HIERESIM
2379 309 2675 370 PELAGII.

3027 248 3106 272 φ...

2992 270 3076 325 ξέὴῖ⁵

2975 319 3057 360 ετ
3313 319 3420 377 sto

171 451 324 514 debo;
351 447 432 501 sin
455 454 585 498 vero
605 448 763 498 etiam
788 445 974 510 postea
1013 445 1285 506 superstes
1317 434 1499 500 fuerit,
1531 431 1582 486 id
1627 430 1719 485 ha-
1746 430 1796 490 Α
1824 429 2035 483 tametsi
2066 438 2310 485 mortuus
2334 429 2540 498 iaceret
2565 444 2627 486 ac
2673 428 2904 500 fetldus;
2945 438 3000 492 tu
3045 430 3215 492 instar
3248 434 3420 494 leonis

170 543 303 602 bebit
326 539 533 603 saltem,
577 545 638 593 ut
673 551 703 590 a
734 548 821 591 me
849 532 1022 590 inanis
1052 532 1234 604 gloriae
1266 531 1471 602 plagam
1501 541 1723 597 accepe-

169 639 247 701 rit,
275 634 516 692 inductus
557 629 808 686 videlicet
835 627 1081 684 oratione
1110 639 1264 691 mea,
1309 631 1368 679 ut
1412 636 1472 679 se
1518 629 1723 677 temere

170 732 305 787 daret
319 723 668 797 praecipitem.
700 721 817 778 Jam
860 720 907 777 si
938 727 1274 776 recusantem
1305 725 1362 774 et
1391 717 1718 772 abnuentem

172 819 362 887 videbo,
410 815 619 872 vocabo
667 815 816 870 illum
864 814 918 868 in
967 812 1224 868 invidiam
1272 819 1328 867 et
1355 809 1535 865 odium
1579 807 1721 878 apud

170 917 337 977 Deum,
358 919 418 967 ut
441 910 570 966 olim
586 908 805 974 Jobum,
831 907 1026 964 divina:
1060 906 1365 976 adoptionis
1403 904 1718 973 dignitatem

168 1017 216 1066 et
237 1002 547 1063 beneﬁcium
575 1002 644 1058 ab
673 1015 738 1056 eo
767 999 1021 1056 violatum
1044 998 1350 1054 obtrectans
1371 998 1422 1051 in
1449 995 1591 1051 hunc
1613 1009 1722 1050 mo-

166 1103 274 1159 dum
303 1119 314 1154 :
346 1098 587 1154 Recitavi
617 1096 694 1151 illi
720 1095 974 1166 scriptam
1012 1108 1042 1147 a
1073 1103 1124 1149 te
1150 1093 1491 1157 sententiam,
1515 1089 1625 1146 dixi
1656 1105 1718 1145 ea

166 1193 305 1250 verba
330 1189 522 1261 quibus
547 1197 750 1245 certam
779 1186 857 1242 illi
887 1187 1117 1241 salutem
1139 1184 1464 1252 spondebas,
1491 1191 1544 1237 et
1567 1182 1720 1238 dubi-

166 1285 278 1342 tarit
301 1293 474 1338 tamen
501 1280 768 1351 proiicere
803 1292 924 1335 sese
947 1279 1001 1333 in
1028 1277 1325 1347 subiectam
1357 1274 1715 1330 altitudinem.

166 1379 375 1449 Apparet
393 1390 518 1431 eum
543 1373 822 1444 promissis
848 1371 957 1427 tuis
988 1385 1321 1440 nequaquam
1356 1369 1541 1424 ﬁdere.
1572 1369 1718 1434 Quo-

169 1487 270 1528 nam
292 1484 416 1540 ergo
459 1478 620 1538 pacto
647 1482 766 1524 eum
795 1467 884 1536 qui
917 1474 1023 1522 tam
1053 1479 1241 1535 parum
1274 1463 1394 1519 ﬁdei
1421 1461 1524 1518 tuis
1554 1461 1716 1516 habet

167 1566 340 1630 verbis,
374 1563 544 1618 ﬁlium
571 1559 892 1631 appellasti?

225 1659 298 1712 11.
326 1654 458 1725 Quid
491 1661 725 1710 strueret
748 1649 1106 1714 adversarius,
1135 1648 1379 1704 Christus
1407 1661 1510 1701 non
1536 1646 1712 1700 nesci-

167 1752 244 1804 vit.
273 1747 530 1804 Permittit
560 1745 637 1800 illi
668 1758 784 1800 sese
808 1741 1146 1803 trahendum,
1170 1748 1224 1794 et
1245 1753 1350 1793 non
1373 1752 1528 1793 secus
1557 1747 1715 1806 atque

1827 523 1970 580 illius
1996 523 2158 580 mele
2196 523 2489 594 Scripturis
2528 523 2912 596 depromptum
2957 530 3130 585 stillas
3175 529 3243 584 ab
3283 543 3416 600 ore,

1825 615 2075 686 idemque
2104 631 2362 688 responso
2385 617 2599 674 Domini
2625 618 2859 678 subinde
2888 630 3192 693 prostratus
3226 621 3416 693 iaces:

1826 707 2088 780 Scriptum
2116 721 2189 766 est
2231 713 2395 779 enim,
2437 713 2654 784 inquit:
2707 715 2832 771 Non
2878 719 3093 774 tentabis
3140 717 3421 774 Dominum

1822 800 1991 858 Deum
2012 813 2172 859 tuum.
2210 804 2394 876 Neque
2420 807 2596 863 renuit
2626 807 2878 866 Christus
2908 812 3175 882 proiicere
3201 826 3290 882 se,
3319 825 3420 869 ne-

1822 911 1928 966 que
1952 896 2177 952 annuit:
2206 898 2250 952 si
2281 898 2427 954 enim
2451 899 2776 969 abnegassct
2808 904 3148 973 praecipitare
3189 919 3251 978 se
3271 945 3288 969 ,
3327 903 3419 967 dce

1822 986 1993 1042 disset
2031 1001 2215 1044 ansam
2245 988 2462 1044 diabolo
2481 992 2773 1047 accusandi
2796 994 2898 1062 sui,
2924 1005 2979 1050 ut
3001 996 3089 1064 qui
3115 996 3210 1052 Dei
3235 995 3425 1053 verbis

1822 1079 2122 1148 difﬁderet;
2150 1083 2195 1138 si
2218 1098 2348 1138 vero
2379 1085 2678 1149 annuisset,
2709 1087 2860 1144 visus
2884 1097 3029 1144 esset
3059 1090 3420 1160 arrogantior,

1823 1182 1877 1228 et
1906 1173 1972 1228 ad
2001 1177 2414 1232 ostentationem
2445 1178 2755 1245 proclivior.
2784 1182 2914 1236 Eam
2949 1198 3077 1253 ergo
3110 1185 3424 1253 responsio-

1822 1280 1945 1320 nem
1976 1266 2146 1332 dedit,
2175 1284 2277 1337 qua
2307 1283 2406 1324 nec
2439 1271 2689 1324 assentiri
2716 1288 2815 1327 nec
2845 1289 3096 1330 recusare
3120 1275 3419 1332 videretur:

1823 1358 1946 1413 Non
1971 1361 2202 1426 tentabis,
2235 1362 2329 1426 ait,
2363 1361 2640 1417 Dominum
2670 1364 2836 1419 Deum
2865 1376 3028 1422 tuum.
3067 1366 3420 1438 Nequaquam

1819 1450 1916 1515 ait,
1949 1451 2069 1506 Non
2099 1454 2313 1507 tentabis
2352 1470 2431 1507 me
2477 1453 2759 1509 Dominum
2808 1467 2987 1512 tuum:
3036 1459 3138 1516 hoc
3183 1461 3326 1515 enim
3370 1459 3422 1516 si

1819 1544 2065 1600 diabolus
2092 1547 2404 1608 audivisset.
2445 1563 2554 1603 non
2605 1551 2832 1604 adortus
2874 1561 3018 1607 esset
3059 1554 3306 1609 eumdem
3356 1565 3417 1608 ut

1819 1637 2091 1692 hominem
2138 1650 2322 1709 postea
2373 1640 2522 1696 hisce
2574 1644 2894 1710 promissis:
2951 1645 3076 1700 Παῖς
3121 1648 3299 1703 omnia
3323 1647 3423 1701 tibi

1819 1730 1972 1796 dabo,
2001 1730 2046 1784 si
2074 1732 2258 1786 cadens
2287 1734 2578 1788 adoraveris
2609 1752 2706 1791 me.
2739 1736 2875 1804 Quid
2921 1753 3051 1808 ergo
3091 1741 3424 1806 respondit!

166 1844 302 1898 homo
321 1839 611 1902 hominem,
636 1835 874 1906 sequitur
899 1853 911 1888 :
940 1833 1030 1889 ubi
1054 1849 1183 1888 vero
1209 1831 1473 1901 fastigium
1503 1829 1712 1891 institit,
1750 1807 1797 1867 Β
1827 1820 2180 1887 Psalmorum,
2216 1826 2408 1892 inquit,
2437 1841 2619 1890 voces,
2651 1836 2837 1895 utpote
2867 1807 3058 1900 veras,
3097 1833 3421 1901 amplector,

166 1945 256 1991 tum
283 1935 480 1989 daemon
508 1931 752 2002 proferre
794 1926 1044 1983 meditata
1085 1925 1284 1980 verba:
1327 1921 1388 1978 Si
1421 1920 1590 1975 Filius
1623 1921 1721 1975 Dei

165 2043 225 2090 es,
245 2027 372 2080 mitte
395 2035 440 2079 te
467 2026 726 2079 deorsum.
757 2019 1200 2089 Respondeamus
1234 2017 1431 2072 dicenti
1459 2015 1673 2071 diabolo
1698 2035 1712 2069 :

166 2120 212 2175 Si
240 2120 330 2174 hoc
352 2132 468 2173 esse
495 2116 772 2188 proprium
802 2114 1037 2168 hominis
1065 2112 1206 2166 illius
1232 2109 1408 2166 credis
1429 2150 1445 2171 ,
1483 2109 1571 2178 qui
1606 2108 1719 2161 Deo

164 2209 296 2264 Patre
319 2207 567 2279 gaudeat,
597 2214 658 2262 ut
689 2208 742 2261 in
785 2205 904 2273 ipso
942 2201 1182 2274 periculo
1225 2216 1459 2271 casuque
1505 2212 1718 2255 maneat

163 2305 313 2357 omnis
338 2301 514 2356 damni
545 2315 611 2357 ac
638 2299 866 2371 periculi
895 2313 1088 2368 expers
1112 2342 1126 2364 ,
1177 2297 1341 2352 habes
1388 2297 1529 2352 unde
1575 2295 1716 2351 istud

163 2405 316 2465 pateat
341 2394 476 2464 quod
499 2393 700 2464 quaeris
727 2411 738 2446 :
771 2392 872 2447 hoc
899 2391 1042 2448 enim
1068 2390 1186 2460 ipso
1209 2399 1433 2459 apparet
1451 2404 1572 2444 cum
1596 2403 1718 2443 esse

161 2487 240 2544 Dei
263 2489 468 2556 Filium,
505 2487 648 2557 quod
679 2488 828 2542 illum
857 2485 943 2554 qui
976 2484 1072 2539 tibi
1103 2493 1185 2538 est
1215 2483 1281 2538 ad
1309 2484 1447 2538 latus
1468 2524 1481 2547 ,
1523 2493 1578 2538 et
1618 2483 1720 2537 sub

161 2579 253 2637 ictu
278 2595 333 2635 ac
360 2595 543 2642 manu,
575 2595 679 2634 non
710 2578 962 2634 deturbas
990 2585 1166 2632 tamen
1210 2575 1430 2645 agisque
1472 2577 1719 2646 przecipi-

162 2683 273 2734 tem.
296 2675 604 2744 iamdudum
635 2673 919 2729 deturbare
945 2671 1216 2742 gestiens:
1260 2670 1354 2725 sed
1395 2670 1535 2725 aliud
1586 2671 1719 2726 nihil

161 2776 295 2835 potes
313 2767 509 2822 scilicet
529 2781 687 2836 quam
714 2763 916 2820 hortari
942 2774 994 2819 et
1019 2762 1247 2819 suadere
1273 2763 1504 2830 lapsum,
1529 2762 1723 2828 impel-

159 2857 263 2914 lere
288 2866 582 2928 non‘potes.
613 2856 750 2923 Quid
783 2865 885 2920 est,
919 2854 1118 2925 inquit,
1151 2868 1257 2908 non
1299 2862 1490 2919 sponte
1530 2852 1625 2907 das
1671 2864 1722 2908 te

159 2948 205 3004 in
237 2949 502 3019 praeceps?
525 2949 593 3004 At
621 2962 740 3018 age,
773 2946 978 3018 proiiee
1005 2953 1058 3000 te
1083 2944 1210 2999 nihil
1251 2945 1504 2999 hresitans
1525 2987 1540 3011 ,
1583 2945 1722 3000 mitte

167 3057 200 3098 t2
225 3046 444 3098 deorsum
469 3061 481 3095 :
508 3043 754 3112 scriptum
780 3050 852 3095 est
883 3041 1013 3095 enim
1041 3040 1176 3109 quod
1201 3037 1395 3110 angelis
1430 3040 1535 3093 suis
1579 3056 1724 3093 man-

167 3139 280 3191 davit
300 3139 360 3190 de
387 3147 451 3200 te,
482 3152 546 3190 ne
576 3139 703 3205 forte
734 3132 965 3199 o/Teudas
990 3132 1057 3184 ad
1085 3131 1309 3202 lapidem
1339 3132 1519 3199 pedem
1557 3140 1717 3185 tuum.

167 3230 273 3294 Quae
319 3229 437 3282 dum
483 3227 657 3282 hostis
697 3226 936 3290 diceret,
989 3225 1216 3279 ostendit
1255 3239 1313 3279 se
1339 3225 1549 3279 nescire
1574 3224 1722 3279 illum

163 3335 297 3390 quem
327 3319 703 3388 alloquebatur
723 3318 888 3373 Deum
918 3331 1066 3382 esse;
1112 3317 1155 3370 si
1205 3317 1347 3371 enim
1390 3318 1559 3371 Deum
1607 3332 1729 3373 esse

164 3421 358 3478 nosset,
397 3425 506 3466 non
549 3409 616 3464 ad
653 3409 857 3479 lapsum
887 3423 918 3462 e
944 3421 1155 3463 summo
1191 3406 1401 3476 fastigio
1428 3407 1724 3463 incitasset.

163 3500 300 3556 Norat
324 3502 488 3557 Deum
524 3515 700 3572 neque
727 3499 1009 3556 altitudine
1039 3498 1141 3554 ulla
1174 3498 1600 3567 depressiorem,
1637 3515 1730 3554 nc-

163 3611 250 3663 que
273 3596 368 3650 ulla
392 3596 620 3666 planitie
647 3610 751 3649 non
774 3593 1128 3664 patentiorem
1156 3608 1308 3659 esse;
1335 3593 1429 3648 sed
1455 3594 1726 3660 eumdem,

165 3699 210 3744 ut
235 3704 506 3759 assurgere
546 3703 667 3744 cum
703 3686 925 3743 summis
967 3687 1263 3757 quibusque
1308 3685 1468 3742 rebus
1492 3730 1508 3752 ,
1557 3686 1730 3757 iisque

165 3782 430 3849 exaequari,
461 3781 536 3836 ita
565 3794 686 3835 cum
719 3778 1011 3849 :equalibus
1053 3787 1106 3832 et
1146 3775 1319 3846 planis
1361 3778 1564 3846 pariter
1608 3794 1730 3847 pro-

165 3873 318 3943 tendi,
347 3873 593 3944 adeoque
621 3873 764 3927 omni
805 3869 1110 3926 offendendi
1143 3868 1384 3940 periculo
1419 3884 1641 3937 vacare;
1676 3881 1730 3926 et

165 3969 436 4038 impingere
466 3967 662 4038 pedem
691 3963 945 4031 hominis,
979 3979 1083 4019 non
1117 3961 1286 4018 Deum
1319 3964 1494 4031 ipsum
1542 3977 1724 4034 posse.

167 4061 472 4128 Argumenta
501 4068 630 4113 sunt
659 4057 817 4127 igitur
844 4056 959 4110 haec
987 4053 1187 4109 diaboli
1217 4054 1379 4109 verba
1404 4097 1418 4121 ,
1454 4069 1560 4110 non
1605 4069 1729 4111 eum

166 4151 316 4221 egisse
338 4167 459 4206 cum
484 4149 705 4204 Christo
729 4159 787 4203 ut
811 4163 931 4203 cum
962 4146 1090 4202 Deo.
1352 4154 1357 4159 '

225 4247 300 4300 12.
331 4245 446 4301 Iam
480 4244 769 4300 verborum
811 4239 1132 4298 sententiam
1167 4246 1224 4294 et
1266 4247 1500 4293 mentem
1544 4236 1732 4293 audia-

166 4354 281 4394 mus.
330 4339 565 4394 Dicebas
605 4335 806 4401 modo,
856 4331 1065 4402 inquit:
1106 4330 1365 4400 Scriptum
1388 4338 1502 4384 est:
1529 4328 1649 4383 Non
1678 4329 1731 4382 in

167 4432 259 4485 tofo
284 4447 409 4500 pane
435 4428 558 4483 vivit
592 4427 762 4489 homo,
793 4424 880 4479 sed
905 4425 958 4477 in
991 4421 1128 4476 omni
1153 4421 1300 4474 verba
1327 4421 1464 4490 quod
1504 4418 1733 4489 procedit

167 4525 218 4574 de
239 4539 317 4576 ore
351 4522 464 4575 Dei.
495 4519 686 4589 Neque
711 4530 816 4571 non
858 4515 973 4585 ipse
1015 4511 1224 4568 laudavi
1269 4521 1414 4567 tuam
1465 4511 1517 4566 in
1563 4511 1728 4567 Deum

167 4614 338 4677 ﬁdem;
372 4613 491 4679 sed,
520 4609 785 4680 siquidem
808 4609 975 4662 altera
999 4607 1091 4661 Dei
1116 4620 1217 4660 vox
1239 4619 1297 4660 ea
1321 4613 1404 4660 est
1426 4619 1546 4671 qua:
1570 4612 1732 4659 testa-

167 4716 239 4760 tur
264 4707 395 4774 quod
428 4705 630 4779 angelis
656 4705 760 4758 suis
783 4701 1039 4756 mandavit
1065 4701 1128 4753 de
1147 4708 1213 4764 te,
1244 4715 1306 4752 ue
1335 4699 1466 4767 forte
1502 4697 1733 4765 offendas

167 4802 222 4848 art
250 4798 467 4866 lapidem
497 4796 681 4867 pedem
711 4803 890 4857 tuum;
917 4790 1143 4847 ostende
1173 4799 1224 4844 te
1251 4789 1342 4845 Dei
1372 4789 1539 4844 verbo
1570 4788 1729 4844 ﬁdem

165 4888 456 4956 adiungere,
491 4897 653 4955 teque
683 4884 904 4939 demitte
940 4895 1165 4938 securus
1209 4880 1385 4936 omnis
1421 4880 1731 4936 detrimenti

166 4993 220 5030 ac
243 4979 481 5046 periculi.
517 4979 596 5032 En
627 4975 967 5031 commodum
993 4973 1142 5029 locus
1171 4986 1408 5043 praeceps
1434 4972 1523 5044 qui
1555 4981 1607 5028 te
1643 4972 1734 5027 Fi-

169 5067 277 5124 lium
305 5085 426 5126 esse
457 5069 552 5123 Dei
577 5075 814 5131 asserat;
844 5081 908 5122 en
955 5066 1137 5134 lapsus
1174 5065 1263 5134 qui
1305 5064 1401 5119 Dei
1444 5078 1628 5120 curam
1669 5066 1736 5119 de

167 5169 211 5214 tc
239 5163 591 5230 comprobet:
633 5160 676 5214 si
720 5159 862 5214 enim
914 5158 1040 5212 hinc
1083 5156 1460 5226 prmcipitans,
1514 5156 1737 5226 erigeris

1822 1929 2150 1986 prorsusque
2175 1932 2323 1983 spem
2351 1918 2521 1974 habeo
2548 1920 2598 1974 in
2632 1919 2744 1975 Deo
2768 1963 2782 1983 ,
2812 1923 2903 1991 qui
2953 1938 3013 1978 se
3058 1923 3260 1978 auxilio
3307 1939 3423 1980 non

1820 2007 2126 2063 defuturum
2165 2010 2414 2080 spondet.
2453 2011 2580 2067 Scio
2624 2014 2828 2084 angelis
2874 2015 3252 2071 demandatam
3293 2030 3426 2073 esse

1819 2096 2096 2154 hominum
2146 2114 2359 2166 curam;
2414 2110 2467 2155 at
2513 2116 2619 2157 non
2659 2102 2730 2156 ita
2773 2104 2816 2158 si
2850 2103 3097 2160 homines
3118 2105 3250 2163 dent
3276 2120 3335 2161 se
3361 2105 3427 2160 i'ut

1819 2199 1980 2258 caput
2008 2191 2328 2261 praecipites,
2357 2207 2461 2247 non
2504 2191 2551 2248 si
2593 2193 2693 2248 sibi
2739 2211 2930 2251 manus
2979 2196 3245 2255 violentas
3287 2197 3429 2254 afl‘e—

1819 2291 1962 2344 rant,
1995 2297 2101 2337 non
2132 2283 2177 2336 si
2209 2291 2410 2340 temere
2430 2283 2599 2340 Deum
2627 2293 2857 2341 tentent.

1896 2375 1984 2429 14.
2019 2374 2096 2429 Εη
2127 2375 2291 2446 igitur
2319 2377 2518 2433 victum
2572 2376 2861 2449 fusumque
2889 2381 3132 2440 secunda
3163 2386 3284 2441 vice
3307 2385 3428 2441 dia-

1821 2466 2006 2521 bolum
2034 2485 2046 2520 :
2079 2468 2146 2522 ad
2168 2470 2381 2524 tertiam
2411 2471 2762 2526 tentationem
2812 2473 3063 2545 insurgit.
3100 2478 3266 2546 liuius
3288 2491 3427 2546 quo-

1821 2557 2122 2626 quetertim
2153 2559 2464 2615 tcntationis
2520 2562 2716 2616 seriem
2746 2563 2903 2618 vobis
2943 2565 3105 2622 debet
3148 2566 3428 2635 explicare

1821 2663 2057 2718 sequens
2098 2649 2294 2713 oratio,
2349 2666 2508 2721 quam
2537 2653 2581 2706 si
2609 2651 2922 2724 absolvero,
2967 2657 3207 2712 debitum
3237 2671 3423 2724 omne.

1822 2739 1968 2810 quod
2017 2756 2139 2795 meo
2186 2744 2476 2811 promisso,
2530 2744 2688 2813 quasi
2741 2747 3131 2819 chirographo,
3185 2750 3426 2812 ﬁrmavi.

1823 2842 2304 2900 rcprmsentavero.
2337 2833 2501 2904 Cujus
2531 2836 2754 2906 quidem
2793 2841 2957 2897 debiti
3000 2842 3318 2913 persolutio,
3362 2853 3430 2898 ul

1824 2926 1956 2982 mihi
1989 2929 2248 2999 vobisque
2303 2930 2661 2999 periucunda,
2701 2934 2782 2990 sic
2825 2936 2914 2990 uni
2963 2936 3179 2991 diabolo
3223 2936 3428 2993 acerba

1825 3027 1984 3074 estet
2003 3021 2169 3075 invisa
2197 3037 2212 3076 :
2246 3022 2446 3092 quippe
2467 3023 2554 3076 cui
2571 3025 2814 3091 pretium
2845 3041 2956 3081 suae
2986 3027 3306 3084 temeritatis
3324 3043 3432 3085 sua

1827 3112 1897 3165 sit
1929 3111 2094 3179 ipsius
2122 3112 2276 3169 clade
2316 3114 2674 3181 persolutum.
2707 3117 2832 3172 Mihi
2854 3118 3071 3188 quidem
3089 3128 3238 3176 certe
3261 3120 3435 3177 video

1828 3202 1938 3272 ian:
1967 3218 2087 3258 esse
2114 3204 2248 3260 duas
2272 3207 2558 3273 promissae
2590 3210 2856 3264 orationis
2888 3211 3181 3267 solutiones
3210 3213 3375 3269 factas
3400 3231 3431 3270 1:

1832 3304 1999 3350 restat
2026 3295 2343 3363 pensitanda
2376 3298 2555 3363 tertia,
2587 3301 2823 3362 caeteris,
2873 3301 3086 3369 opinor,
3115 3304 3330 3372 gravior
3354 3320 3435 3360 ac:

1832 3385 2129 3450 difﬁcilior;
2172 3386 2240 3439 de
2284 3387 2444 3441 tertio
2486 3389 2692 3444 scilicet
2729 3391 2953 3445 artificio
3001 3393 3228 3459 diaboli,
3274 3396 3433 3464 quod:

1832 3476 2025 3532 ordine
2054 3476 2270 3544 quidem
2296 3479 2540 3544 tertium,
2575 3482 2765 3536 astutia
2802 3492 2856 3537 et
2880 3483 3144 3552 gravitate
3184 3485 3435 3554 primum.

1833 3580 1934 3635 est;
1965 3571 2210 3626 ultimum
2239 3587 2489 3636 numero,
2511 3574 2776 3643 ejusmodi
2803 3585 2978 3632 tamen
3010 3589 3065 3632 ut
3095 3577 3234 3634 inter
3257 3590 3436 3637 caete--

1833 3679 1893 3717 ra
1919 3665 1989 3717 ob
2020 3663 2284 3719 vafritiem
2317 3666 2524 3734 primas
2556 3665 2712 3722 facile
2740 3667 2872 3722 ferat
2899 3686 2913 3723 :
2966 3669 3017 3723 in
3049 3670 3435 3739 superioribus;

1833 3755 1976 3809 enim
2007 3754 2390 3811 tentationibus
2433 3756 2656 3813 ferenda
2685 3769 2801 3814 erat
2852 3760 2993 3815 illius
3042 3762 3262 3818 malitia.
3297 3761 3435 3820 Nont

1833 3845 2157 3902 sollicitabat
2180 3846 2246 3902 ad
2290 3848 2633 3905 manifestam
2673 3867 2703 3906 a
2754 3851 2866 3908 Deo
2912 3852 3288 3920 defectionem;
3316 3856 3432 3912 sedi

1833 3939 2030 3994 divinis
2057 3948 2264 3995 tantum
2291 3942 2517 3998 abutens
2540 3945 2903 3999 monumentis
2932 3960 2994 4001 ac
3021 3945 3336 4018 Scripturis,
3357 3957 3432 4004 et:

1834 4031 1951 4087 haec
1977 4032 2164 4097 verba,
2216 4031 2279 4088 Si
2328 4029 2498 4088 Filius
2537 4033 2638 4089 Dei
2687 4052 2761 4102 es,
2791 4035 3005 4092 Christo
3036 4039 3431 4108 oggerens,itaa

1835 4124 2104 4193 pugnabat
2125 4124 2287 4193 impie
2313 4135 2501 4180 contra
2532 4126 2721 4190 Deum,
2756 4136 2814 4182 ut
2842 4137 3014 4182 artem
3044 4137 3223 4184 tamen
3247 4128 3429 4185 dissi—

1836 4217 2066 4273 mularet
2092 4232 2188 4288 per
2209 4217 2444 4287 speciem
2477 4233 2803 4289 causamque
2824 4219 3055 4290 pietatis.

1911 4307 1994 4363 l5.
2026 4308 2084 4363 ln
2115 4309 2213 4363 hac
2236 4308 2391 4364 tertia
2424 4310 2723 4366 tentatioue
2747 4310 2943 4367 nudam
2976 4312 3183 4369 rabiem
3217 4323 3273 4370 et
3302 4327 3434 4370 ma—

1836 4398 2005 4454 litiam
2052 4399 2273 4469 aperit,
2320 4400 2592 4471 nullisque
2638 4402 3022 4474 integumentis
3073 4414 3437 4475 personatam:

1837 4491 2127 4560 nequitiam
2157 4505 2272 4560 prae
2299 4506 2358 4547 se
2383 4490 2506 4558 fert;
2533 4493 2746 4548 adorari
2788 4510 2848 4549 se
2876 4496 3113 4564 postulat
3141 4497 3208 4551 ab
3235 4513 3301 4552 eo
3326 4499 3439 4570 quii

1835 4586 1904 4642 ab
1923 4586 2173 4642 omnibus
2197 4586 2471 4651 aduratur,
2515 4597 2569 4643 et
2599 4603 2664 4643 ex
2721 4589 2789 4644 iis
2816 4604 2935 4660 quae
2979 4590 3088 4660 iam
3139 4592 3338 4648 audivit
3387 4609 3438 4647 at

1837 4680 2072 4747 Christo,
2113 4682 2168 4736 in
2200 4695 2318 4736 eam
2348 4696 2498 4751 spem
2529 4684 2697 4747 venit,
2730 4692 2788 4737 ut
2835 4683 3206 4738 adorationem
3239 4694 3441 4738 extor~

1836 4788 2000 4843 qucre
2042 4773 2190 4827 scab
2227 4773 2417 4828 eodem
2449 4788 2610 4842 posse
2639 4783 2808 4843 putet.
2835 4773 2937 4830 Ubi
2977 4775 3119 4830 enim
3179 4773 3313 4827 vidit
3349 4790 3434 4830 en

1836 4865 2069 4921 oraculis
2095 4864 2219 4921 ﬁdei
2243 4864 2419 4920 omnia
2453 4865 2594 4933 loqui
2622 4864 2932 4931 Dominum,
2956 4874 3009 4920 et
3033 4878 3227 4934 negare
3249 4863 3433 4920 Denuo

1838 4975 1957 5017 esse
2001 4958 2336 5028 tentandum,
2367 4959 2572 5028 putavit
2600 4958 2749 5013 illum
2779 4972 3005 5028 pronum
3042 4971 3161 5011 esse
3197 4955 3266 5010 ad
3305 4973 3438 5010 mei-

1837 5052 2093 5115 tlendum,
2135 5065 2310 5120 neque
2362 5049 2648 5105 admodum
2689 5048 2938 5105 laborare
2967 5050 3019 5102 in
3070 5047 3434 5114 explorandis:

1838 5146 1997 5199 anxie
2035 5141 2430 5214 probandisque
2469 5140 2630 5196 rebus
2659 5157 2778 5210 qua:
2808 5139 2910 5194 sibi
2962 5147 3429 5207 βτοβοηοιθιιιιιβ..

166 5252 341 5309 deinde
387 5255 579 5308 salvus
622 5259 677 5306 et
721 5249 1004 5306 incolumis
1026 5293 1039 5316 ,
1073 5263 1200 5303 vera
1229 5246 1412 5318 procul
1442 5247 1606 5301 dubio
1638 5247 1740 5299 erit
1837 5238 1999 5305 Igitur
2024 5237 2323 5307 composita
2367 5249 2551 5290 rerum
2585 5233 2768 5302 specie
2799 5230 3166 5301 pulcherrima
3197 5245 3437 5300 progro-

165 5343 241 5399 illa
269 5362 392 5410 vox,
423 5360 548 5416 qua:
594 5353 645 5398 te
689 5342 878 5398 Filium
931 5341 1023 5396 Dei
1073 5339 1414 5411 praedicavit;
1471 5338 1734 5408 siquidem

164 5434 287 5492 Deus
317 5437 422 5492 hoc
455 5435 552 5490 tibi
581 5443 737 5489 antea
760 5432 1067 5503 spopondit,
1099 5447 1159 5486 se
1186 5444 1367 5486 curam
1402 5428 1480 5484 tui
1517 5429 1735 5484 deman-

161 5526 394 5583 daturum
419 5525 652 5596 angelis,
674 5534 733 5579 ut
752 5523 1054 5578 custodiant
1074 5531 1126 5577 te
1147 5522 1200 5576 in
1217 5519 1466 5577 omnibus
1486 5519 1586 5574 viis
1610 5521 1732 5575 tuis.

223 5619 305 5675 l5.
337 5620 419 5674 Ex
445 5618 614 5674 olenti
643 5616 863 5672 vasculo
901 5615 1113 5684 profers
1151 5625 1479 5682 unguentum
1502 5653 1516 5676 ,
1560 5627 1594 5667 o
1625 5613 1738 5667 dia-

162 5707 303 5775 bole,
335 5719 688 5778 veteremque
725 5721 960 5762 renovas
988 5705 1288 5760 historiam.
1323 5705 1429 5758 Leo
1457 5704 1673 5775 quidam
1707 5718 1738 5757 a

163 5797 424 5858 Samsone
456 5800 790 5861 interfectus.
819 5798 993 5856 mellis
1035 5797 1214 5853 favum
1257 5797 1477 5863 gerebat
1517 5797 1568 5853 in
1610 5812 1736 5858 ore.

1838 5330 2018 5395 ditur,
2078 5328 2157 5383 sic
2210 5337 2481 5396 tamquam
2548 5323 2842 5393 spectaculi
2901 5322 3149 5376 novitate
3180 5322 3434 5377 ani'muun

1846 5420 1987 5474 illius
2017 5418 2314 5486 oculosque
2345 5415 2747 5485 perstricturus.
2797 5412 3023 5465 Assumit
3048 5412 3201 5466 ῑηωη
3241 5412 3434 5467 diabo-

1844 5513 1945 5580 lus,
1982 5512 2154 5583 inquit
2195 5525 2344 5566 sacra
2372 5508 2584 5578 pagina,
2637 5507 2690 5559 iu
2718 5515 2938 5558 montem
2967 5505 3224 5560 excel'sum
3250 5507 3432 5570 υαωε,

1844 5617 1892 5661 et
1947 5607 2165 5660 ostendit
2209 5604 2288 5658 illi
2315 5601 2485 5656 omnia
2512 5615 2675 5670 regna
2705 5599 2884 5652 mundi
2911 5600 3197 5672 et'glariam
3222 5616 3433 5656 eorum.

1846 5697 2116 5752 Fictitiam
2147 5693 2430 5748 adumbrat
2471 5691 2781 5762 imaginem,
2823 5701 2878 5747 et
2907 5705 3009 5746 eas
3033 5705 3155 5761 qua:
3199 5691 3346 5749 fma:
3365 5707 3432 5748 ex

1845 5803 1972 5847 acre
2017 5789 2254 5858 picturas
2303 5800 2482 5843 rerum
2509 5794 2564 5843 et
2615 5785 2814 5842 fortnas
2857 5783 3117 5842 imitatus.
3147 5786 3444 5876 rma-sonit
