3898 6276
506 268 616 331 2Ιὸ
1008 265 1201 325 MAR"
1241 257 1689 325 MERCATORIS
1727 261 2300 322 TRANSLATIONES
2340 262 2703 322 VARIORUM
2739 261 3273 323 OPUSCULORUM.
3682 262 3779 329 ιιο

504 400 673 456 scopo
700 383 883 456 oppidi
914 381 1232 440 Eclanensis
1264 383 1572 440 barcticum
1602 380 1969 453 Pelagianum,
1994 394 2091 435 seu
2119 390 2168 451 Α
2264 380 2321 435 3.
2360 378 2630 450 Agnoscat
2680 381 2839 451 igitur
2884 382 3227 453 supradictus
3275 378 3530 438 Julianus
3573 395 3642 439 ex
3688 381 3779 442 hac

505 479 917 544 leestianum,
950 478 1094 534 hunc
1122 486 1365 535 secutum
1403 491 1524 533 esse
1553 474 1902 532 Theodorum
1922 515 1939 543 ,
1968 481 1997 511 ⁸
2022 472 2092 528 ad
2194 482 2580 551 translatione,
2600 486 2644 540 si
2678 484 2863 556 legere
2883 501 2992 541 non
3021 484 3334 555 fastidierit,
3366 493 3623 541 manente
3651 486 3777 557 apud

503 588 669 644 quem
722 572 1022 643 peragratis
1078 571 1269 639 terris,
1324 578 1379 626 et
1428 578 1649 626 exarato
1698 567 1876 636 mari,
1930 575 2093 639 atque

2208 598 2556 644 memoratum
2589 588 2933 645 Theodorum
2975 589 3068 649 illa
3099 602 3207 661 qua
3235 604 3359 646 eum
3390 588 3627 645 diximus
3653 590 3777 646 mala

504 664 734 721 Oriente
762 665 1010 731 lustrato,
1043 674 1163 719 cum
1208 663 1372 720 sociis
1402 670 1457 719 et
1485 661 1860 733 participibus,
1888 669 1942 718 et
1972 683 2095 717 συν-

502 758 851 835 ταλαιπώροις
879 757 1013 823 suis,
1046 769 1241 825 magno
1267 754 1408 822 nisu,
1448 764 1720 826 tamquam
1749 752 1818 810 ad
1845 753 2100 811 christia-

504 865 702 907 norum
732 851 1045 923 dogmatum
1076 848 1428 921 praedicatum
1457 848 1797 919 magistrum,
1827 848 2091 915 tetendit;

504 950 564 996 ut
590 942 658 997 de
690 941 886 997 haeresi
913 940 1223 1011 Pelagiana,
1252 954 1349 995 seu
1372 940 1718 1007 Coelestiana,
1750 955 1912 1012 quam
1940 940 1968 979 δ
1996 939 2091 996 de-

499 1032 827 1090 fendendam
876 1042 931 1089 et
974 1031 1301 1102 sequendam
1342 1033 1607 1103 suscepit,
1637 1020 1706 1089 ab
1737 1033 1858 1103 ipso
1888 1032 2092 1088 conﬁr-

502 1137 774 1194 maretur;
802 1135 965 1198 atque
1007 1126 1156 1193 inde,
1192 1127 1340 1182 velut
1376 1126 1711 1194 instructior,
1740 1136 1863 1183 octo
1904 1136 2094 1182 contra

502 1220 665 1278 ﬁdem
696 1220 1017 1277 catholicam
1050 1219 1231 1291 potius
1256 1235 1417 1290 quam
1445 1230 1629 1275 contra
1660 1230 1861 1276 sancta:
1892 1234 2097 1275 memo-

501 1312 598 1366 riae
633 1312 995 1382 Augustinum
1028 1310 1302 1367 volumina
1338 1310 1451 1379 illa,
1489 1320 1546 1367 ut
1585 1320 1756 1382 putat,
1789 1311 2097 1382 prudentis-

497 1406 636 1461 sima
662 1405 942 1463 conderet.

2198 689 2304 746 ﬁde
2346 705 2530 747 secum
2575 690 2883 748 Nestorium
2923 691 3227 763 decepisse,
3256 693 3420 747 etiam
3468 689 3574 748 sibi
3622 692 3775 762 magis

2198 805 2407 863 suoque
2433 792 2696 864 dogmati,
2725 792 2796 849 de
2825 807 2933 863 quo
2960 792 3104 848 male
3132 790 3379 863 turgidus
3406 797 3462 848 et
3491 788 3779 846 malesauus

2201 894 2371 951 libros
2406 893 2662 961 confecit,
2691 910 2814 951 esse
2842 894 3210 961 contrarium;
3243 907 3412 965 seque
3456 891 3644 961 etiam,
3672 902 3781 963 post

2200 996 2271 1053 de
2300 996 2489 1052 Cilicia
2515 996 2855 1065 abscessum,
2894 995 2967 1051 ab
2996 1009 3086 1062 eo,
3118 1004 3141 1034 ε
3172 994 3227 1050 in
3257 992 3639 1065 episcOporum
3669 1005 3779 1060 pro-

2195 1099 2387 1156 vinciae
2411 1114 2524 1156 sua:
2554 1108 2844 1168 conventu,
2876 1099 3225 1157 anathemate
3252 1111 3376 1155 esse
3403 1096 3734 1152 damnatum.

2268 1202 2324 1257 4.
2363 1199 2480 1257 Non
2517 1201 2703 1273 itaque
2731 1200 3000 1258 irascatur
3046 1200 3135 1257 vel
3172 1207 3499 1257 succenseat
3529 1196 3711 1265 nobis,
3740 1196 3781 1253 si

2196 1317 2322 1359 eum
2351 1316 2475 1359 cum
2505 1302 2797 1359 Theodoro
2818 1342 2835 1370 ,
2875 1298 2904 1341 ἀ
2945 1301 3100 1373 cujus
3128 1301 3185 1357 in
3216 1298 3375 1357 libris
3411 1298 3529 1355 suis
3558 1294 3782 1354 inﬁnitas

2202 1405 2391 1461 Iaudes
2427 1404 2774 1476 exsequitur,
2808 1403 3073 1476 cujusque
3101 1417 3163 1461 se
3188 1402 3289 1460 uiti
3320 1399 3647 1457 auctoritate
3668 1412 3780 1456 seu-

1666 1495 2219 1555 CASTIGATIONES
2261 1497 2353 1553 ET
2391 1496 2625 1555 NOTIE.

496 1599 660 1655 tram,
691 1589 809 1658 ipso
836 1598 975 1646 teste
1016 1587 1293 1653 Cliilletio,
1322 1588 1667 1644 Corbeiensis
1710 1596 1766 1643 et
1795 1589 2048 1645 Jurensis
2078 1608 2091 1642 :

497 1661 689 1759 immo.
708 1659 762 1717 in
791 1660 1111 1759 Cor'beiensi
1148 1660 1343 1759 legitur
1386 1678 1399 1713 :
1431 1658 1676 1743 Julianus
1704 1660 1782 1713 vir
1798 1676 1926 1743 .acer
1950 1662 2096 1743 inge-
2123 1696 2174 1759 Β

496 1733 607 1799 nio,
638 1741 769 1799 etc.;
808 1733 863 1788 in
887 1730 1106 1788 Jurensi
1137 1749 1149 1785 :
1182 1730 1434 1786 Julianus
1463 1731 1734 1801 episcopus
1762 1733 1838 1784 vir
1862 1747 1979 1786 acer
2012 1730 2098 1787 in-

498 1819 674 1873 gemo.

572 1873 800 1941 Deinde,
832 1872 979 1929 unde
1008 1880 1241 1938 constat,
1284 1872 1635 1943 Prosperum,
1670 1872 1714 1926 si
1746 1881 1929 1943 tamen
1957 1872 2095 1928 Pro-

497 1958 627 2015 sper
650 1954 755 2013 est,
787 1946 840 1999 in
869 1944 1117 2015 versibus
1143 1944 1326 1999 allatis
1352 1941 1666 2015 de‘luliano
1695 1941 1872 2015 loqui,
1903 1952 1958 1999 et
1987 1958 2097 2015 non

500 2013 684 2086 potius
706 2018 774 2072 de
802 2014 1083 2081 leestio,
1104 2015 1195 2084 qui
1228 2015 1365 2070 forte
1392 2013 1699 2085 Campanus
1723 2013 1963 2071 exstitit?
1992 2014 2100 2070 Fe-

496 2095 697 2142 runtur
735 2088 880 2142 enim
907 2086 1016 2142 duo
1043 2087 1430 2155 epigrammata
1448 2127 1463 2151 ,
1492 2087 1547 2141 in
1576 2087 1919 2151 Cassianum,
1946 2086 2099 2142 velut

496 2158 552 2211 in
579 2155 969 2213 obtrectatorem
989 2159 1153 2211 sancti
1180 2158 1473 2227 Augustini,
1497 2157 1722 2227 scripta,
1754 2157 1952 2226 quibus
1973 2158 2097 2213 Cas-

497 2227 653 2283 siano
679 2228 915 2284 societas
959 2227 1187 2295 alicujus
1228 2226 1472 2284 creditur
1519 2226 1701 2297 objici.
1740 2228 1897 2297 Atqui
1928 2242 2097 2284 verus

496 2298 736 2369 Prosper
763 2298 1026 2354 Cassiano
1057 2299 1189 2353 nihil
1217 2297 1507 2353 admodum
1538 2297 1839 2369 exprobrat
1864 2300 2097 2354 societa-

499 2369 567 2424 tis
596 2368 717 2425 cum
754 2369 1005 2439 Juliano,
1039 2370 1269 2425 multum
1315 2384 1439 2424 cum
1472 2369 1688 2440 Pelagio
1731 2379 1785 2424 et
1813 2368 2093 2425 Ctelestio.

497 2441 639 2507 Quid
688 2441 836 2511 quod
883 2450 1076 2511 poeta,
1104 2440 1349 2511 quisquis
1392 2440 1483 2495 ille
1523 2450 1640 2507 est,
1672 2440 2095 2511 obtrectatorem

497 2510 721 2566 accusat
747 2510 1039 2581 super-bim,
1078 2510 1135 2567 in
1165 2511 1529 2582 oppugnando
1564 2511 1682 2565 viro
1732 2510 1901 2582 totius
1944 2512 2099 2567 orbis

498 2579 855 2638 nobilissimo.
886 2582 1091 2638 Scitum
1136 2579 1220 2637 est
1242 2579 1393 2637 've’ro
1419 2580 1701 2637 Ciceronis
1726 2581 1797 2636 de
1818 2579 2096 2652 Campana

497 2654 750 2723 superbia
781 2652 1033 2719 eﬁ‘atum;
1066 2668 1172 2708 non
1200 2652 1363 2723 igitur
1398 2652 1468 2708 de
1505 2652 1721 2708 Juliauo
1756 2652 1966 2723 Apulo,
1999 2653 2097 2709 sed

496 2723 848 2796 deleestio
865 2723 1149 2796 Campano
1171 2738 1353 2780 sermo
1384 2737 1485 2780 est.

570 2795 813 2864 Denique
859 2794 1215 2865 Bedaidicere
1259 2796 1449 2851 maluit
1476 2795 1747 2850 lulianum
1777 2794 2097 2865 episcopum

498 2863 857 2936 Eclanensem
886 2865 955 2919 de
998 2864 1319 2936 Campania,
1351 2881 1512 2934 quam
1552 2866 1621 2921 de
1666 2865 1940 2936 Hirpinis;
1971 2863 2098 2933 par-

496 2934 594 3019 tim
637 2935 764 3017 quia
810 2934 1164 3017 conterminae
1193 2945 1319 3019 sunt
1364 2936 1679 3019 provinciae,
1707 2935 2001 3019 Campania
2030 2947 2100 3019 .et

499 3004 745 3087 Hirpini,
773 3004 978 3087 vixque
1018 3020 1127 3063 non
1166 3015 1253 3087 est
1279 3004 1334 3060 in
1364 3004 1498 3087 ipsis
1535 3008 1817 3087 utriusque
1845 3004 2099 3087 conﬁniis

2206 1586 2469 1654 Quaeritur
2513 1605 2546 1642 a
2590 1588 2737 1643 nobis
2780 1604 2872 1643 cur
2901 1604 3004 1644 non
3045 1585 3392 1641 assentiamur
3428 1582 3665 1654 naturale
3687 1598 3777 1638 esse

2202 1652 2484 1730 peccatum.
2517 1658 2910 1731 Respondemus
2928 1699 2947 1731 ,ν
2963 1660 3092 1723 quia
3121 1656 3325 1731 nullum
3366 1654 3515 1731 habet
3547 1652 3775 1731 verisimi-

2201 1723 2472 1793 litudinis,
2515 1723 2705 1785 nedum
2751 1730 3013 1794 veritatis;
3058 1729 3263 1783 nullum
3302 1727 3551 1789 iustitia.
3598 1723 3775 1779 nullum

2200 1803 2408 1872 pietatis
2438 1802 2695 1866 colorem;
2720 1804 2843 1871 quia
2879 1801 3145 1856 diabolum
3180 1798 3503 1854 conditorem
3538 1796 3763 1852 Itontinsa

2200 1872 2532 1950 facit_vidert',
2557 1882 2665 1929 etc.
2832 1943 2846 1950 _
3374 1938 3389 1950 .
3477 1936 3572 1950 Α...
3610 1936 3623 1947 .

2274 1954 2298 1983 ο
2328 1942 2405 2000 De
2447 1935 2718 1999 conventu
2760 1943 3140 2014 episcoporum
3187 1938 3443 2014 secunda:
3467 1936 3670 2014 Ciliciae
3693 1935 3762 2014 ml-

2200 2029 2320 2070 rnm
2370 2015 2647 2070 silentium
2688 2014 2744 2069 in
2778 2013 2922 2069 hunc
2952 2008 3138 2084 'usque
3181 2012 3360 2084 diem;
3391 2010 3515 2078 quia
3562 2021 3657 2063 nec
3683 2008 3772 2084 ulla

2200 2086 2411 2142 mentio
2439 2092 2527 2141 est
2559 2084 2704 2155 apud
2738 2085 2905 2155 alium
2933 2078 3182 2155 quemvis
3208 2082 3554 2155 scriptorem,
3582 2093 3675 2134 nec
3693 2078 3772 2155 ad—

2202 2156 2423 2212 modum
2452 2150 2665 2227 prolixa
2693 2154 2834 2227 apud
2854 2150 3239 2212 Mercatorem.
3265 2150 3360 2227 llis
3383 2151 3533 2227 enim
3560 2150 3771 2227 pauculis

2200 2228 2383 2283 verbis
2411 2219 2693 2297 attingitur
2708 2219 2919 2293 {Seque
2949 2226 3127 2292 etiam,
3152 2233 3267 2296 post
3292 2219 3568 2297 de_Cil_icia
3595 2219 3771 2273 absces-

2199 2315 2349 2372 sum,
2394 2298 2457 2353 ab
2505 2292 2579 2353 eo'
2607 2299 2661 2352 in
2699 2292 3512 2372 episcoporum__sute_provincite
3551 2302 3773 2372 conventu

2201 2370 2525 2425 anathemate
2552 2384 2662 2424 esse
2697 2366 3019 2423 damnatum.
3055 2366 3327 2424 Utendum
3357 2378 3487 2434 ergo
3526 2366 3777 2434 conjecto.

2202 2439 2280 2495 ris
2309 2440 2375 2495 ad
2408 2439 2840 2515 investigandum
2863 2450 3098 2515 tempus,
3121 2432 3579 2515 causam,_locum
3607 2441 3661 2486 et
3694 2432 3779 2486 Pa-

2203 2520 2346 2566 trum
2374 2505 2766 2581 nomenfquod
2792 2525 2894 2565 suo
2920 2505 3040 2565 loco
3067 2505 3172 2581 non
3202 2505 3635 2581 improbabiliter
3661 2516 3779 2581 pra-

2203 2520 2346 2566 trutn
2374 2526 2592 2571 nomen.
2624 2516 2766 2581 quod
2792 2525 2894 2565 suo
2920 2516 3040 2565 loco
3067 2525 3172 2563 non
3202 2516 3635 2577 improbabtttter
3695 2519 3699 2554 ι

2203 2583 2502 2659 stitumest
2535 2580 2783 2659 (Dissert.
2817 2583 2851 2637 5
2880 2583 2944 2635 de
2972 2580 3195 2659 synodis_
3207 2580 3261 2632 in
3290 2516 3699 2659 causafelagj.

2275 2650 2303 2690 ἀ
2331 2644 2579 2708 Julianus
2610 2654 2663 2707 in
2692 2651 2868 2721 Opere
2890 2644 3779 2723 post—remolaudatquidenntjheo-

2204 2723 2431 2789 dorum,
2473 2723 2571 2797 sed
2605 2714 3155 2797 Abreviterfeumque
3195 2719 3293 2797 S_S_.
3325 2714 3523 2797 Joanni
3559 2714 3779 2797 Chryso-

2204 2804 2383 2850 stomo
2410 2785 2465 2850 et
2495 2795 2695 2851 Basilio
2723 2785 2912 2859 Magno
2948 2785 3208 2848 accenset
3238 2790 3324 2845 his
3350 2785 3710 2859 verbisi(Lib.
3732 2802 3778 2841 ιιι

2209 2866 2309 2936 0p.
2340 2865 2562 2936 Imperi.
2591 2858 2863 2937 cap._ll'5)
2896 2881 2909 2917 :
2945 2864 3138 2918 Omitto
3158 2878 3216 2916 ea
3241 2870 3490 2937 quartam
3514 2858 3779 2937 Scriptura;

2203 2928 2398 2991 sanctae
2418 2928 2547 3005 quas
2576 2928 2861 3006 propheta,
2890 2952 3018 3006 quas
3046 2928 3388 3006 evangelistae,
3421 2946 3555 3006 quas
3576 2928 3781 3006 apostoli

2206 3000 2554 3077 protulerunt,
2577 3000 2749 3077 quam,
2768 3000 3115 3077 disputatores
3151 3000 3410 3077 catholica
3437 3000 3662 3077 sanitate
3683 3000 3779 3077 {ul-

497 3069 736 3148 positum
773 3069 1069 3148 Bolanum;
1111 3076 1308 3147 partim
1335 3069 1519 3148 ,‘quia
1568 3069 1746 3148 longe'
1769 3078 1951 3148 notior
1975 3086 2103 3134 erat
2129 3070 2179 3134 C
2207 3069 2406 3148 gentes.
2435 3069 2688 3145 Joannes,
2714 3069 2978 3145 Basilius,
3015 3076 3338 3135 Theodorus,
3369 3082 3418 3127 et
3445 3069 3781 3148 horumsimi-

502 3146 738 3214 Hirpinis
767 3145 1308 3213 Campaniaﬂmmo
1347 3145 1940 3216 campanim'nomine,
1970 3163 2096 3204 cum

496 3217 688 3273 latiore
735 3217 1128 3290 signiﬁcatione
1160 3218 1420 3286 sumitur,
1472 3218 1575 3288 ipsi
1623 3232 1838 3290 quoque
1884 3217 2098 3289 Hirpini

496 3298 812 3346 censentur.

570 3367 595 3394 λ
625 3359 704 3431 De
732 3368 975 3431 tempore
1002 3358 1356 3431 profectionis
1384 3360 1582 3417 Juliani
1630 3361 1683 3415 in
1708 3357 1952 3416 Ciliciam
1981 3361 2101 3431 agi-

494 3438 583 3483 tur
611 3429 829 3485 abunde
855 3432 910 3487 in
938 3429 1325 3486 dissertatione
1367 3446 1489 3485 mox
1516 3432 1699 3496 citata,
1732 3431 1821 3485 ubi
1851 3429 2101 3487 ostendi-

492 3508 582 3554 tur
626 3500 880 3557 incidisse
931 3502 987 3556 in
1036 3516 1164 3556 ann.
1198 3502 1398 3557 Christi
1428 3500 1554 3556 4‘23.
1589 3502 1666 3556 De
1712 3500 1943 3558 consilio
1985 3518 2098 3570 quo

492 3580 746 3651 suscepta
786 3571 1146 3651 est,_hlarius
1171 3573 1472 3651 Mercator,
1506 3572 1709 3651 cuntin
1755 3576 1856 3651 liae
1897 3573 2102 3647 prtelu-

492 3642 659 3707 ιὶοηθ,
693 3653 806 3703 tum
833 3642 889 3703 in
920 3642 1061 3703 libro
1088 3642 1551 3703 Subnolationum
1578 3647 1735 3718 (Cap.
1759 3648 1814 3711 9.
1842 3642 1986 3703 num.
2008 3651 2093 3718 ὅ),

491 3727 679 3787 aperte
706 3720 835 3774 satis
870 3720 1142 3789 loquitur;
1193 3719 1289 3774 sed
1328 3721 1383 3772 in
1430 3721 1732 3787 posteriore
1779 3719 1902 3774 loco
1942 3720 2099 3776 addit

490 3790 715 3859 insuper
740 3789 889 3859 Opus
929 3798 1262 3859 postremum
1292 3804 1324 3843 a
1350 3789 1566 3845 Juliano
1596 3790 1861 3845 adversus
1903 3793 2093 3855 Augu-

490 3860 698 3914 stinum
729 3860 1067 3916 elaboratum
1099 3859 1265 3917 fuisse
1304 3861 1360 3916 in
1390 3860 1601 3928 Cilicia,
1633 3870 1690 3917 et
1730 3859 1859 3916 inde
1905 3863 1958 3916 in
1987 3862 2098 3917 Ita.

490 3928 619 3984 liam
651 3932 882 3987 relatum
914 3945 978 3987 ac
1006 3931 1210 3987 editum
1246 3947 1260 3986 :
1288 3945 1411 4003 quae
1439 3933 1539 3987 tria
1571 3933 1803 4003 primum
1842 3946 1910 3988 ex
1950 3932 2097 3989 Mer-

490 4011 680 4057 calore
709 4003 990 4058 discimus.

564 4071 591 4110 δ
621 4071 869 4128 Julianus
898 4083 1143 4143 apertam
1182 4073 1409 4131 haeresis
1442 4075 1785 4131 Ctelestianat
1814 4072 2094 4129 defensio-

492 4156 619 4198 nem
644 4143 933 4269 (professus
958 4154 1043 4200 est
1068 4144 1301 4215 primum
1329 4146 1382 4202 in
1412 4145 1596 4201 libello
1622 4159 1735 4200 suae
1764 4142 1914 4227 Fidei
1942 4145 2095 4216 (Dis-

490 4222 617 4287 sert.
705 4230 823 4285 cap.
853 4213 932 4287 6).
965 4215 1245 4287 Suscepta:
1273 4226 1461 4287 postea
1485 4230 1680 4272 causas
1708 4224 1919 4287 aperuit
1951 4215 2095 4287 duo-

489 4283 591 4356 bus
629 4283 929 4356 praesertim
971 4284 1109 4356 locis
1126 4283 1157 4353 ,“
1176 4297 1232 4342 et
1271 4283 1446 4356 primo
1476 4287 1696 4356 quidem
1736 4283 1875 4356 (Lib.
1910 4300 1948 4341 ιι
1984 4286 2089 4356 ορ.

490 4352 713 4433 Imperi.
742 4371 858 4433 cap_.
888 4356 1017 4433 ll_):
1047 4352 1531 4433 {Vunep‘ostquam}
1564 4352 1765 4433 inquit,
1793 4372 1887 4427 pro
1922 4352 2091 4433 medi-

2208 3143 2283 3202 les
2326 3143 2811 3223 commendaverunt
2850 3164 2871 3203 :
2911 3143 3075 3202 multo
3120 3147 3527 3223 esseAm-aiorent
3572 3143 3782 3223 laborent

2206 3220 2517 3289 committere
2561 3221 2778 3273 crimina
2817 3236 2973 3289 quam
3008 3233 3204 3289 cavere.
3228 3216 3441 3283 Quibus
3466 3216 3781 3283 Augustinus

2206 3288 2277 3343 ita
2306 3291 2596 3359 respondet
2628 3308 2642 3345 :
2678 3288 2891 3345 Utinam
2906 3292 3089 3344 horum
3112 3288 3268 3357 ﬁdem
3289 3297 3509 3359 teneres,
3536 3294 3783 3356 peccatum

2203 3360 2259 3412 in
2294 3356 2523 3430 parvulis
2563 3377 2665 3415 non
2718 3377 2953 3486 negares.
2993 3356 3202 3427 Quibus
3228 3356 3412 3432 verbis
3442 3370 3665 3417 sanatus
3698 3359 3783 3414 do-

2204 3439 2324 3486 ctor
2356 3432 2522 3487 videri
2554 3441 2737 3503 potest
2813 3430 3116 3492 heodortttn
3148 3450 3350 3503 ponere
3376 3432 3524 3488 inter
3551 3432 3784 3503 delenso-

2204 3450 2324 3486 CIOI'
2356 3450 2522 3487 VIGBI’I
2554 3450 2737 3503 posess
2777 3450 3116 3492 tneouortttn
3148 3450 3350 3504 ροηοη
3376 3450 3524 3488 Illlel'
3551 3450 3784 3487 08181180*

2204 3516 2292 3579 res
2320 3505 2522 3576 peccati
2563 3504 2864 3579 originalis,
2895 3523 2997 3563 nec
3042 3507 3219 3579 adhuc
3246 3504 3476 3579 scivisse
3503 3502 3636 3575 quid
3659 3502 3784 3558 scri-

2204 3574 2401 3646 psisset
2424 3594 2588 3649 super
2606 3574 2676 3634 ea
2700 3594 2760 3635 re
2787 3579 3048 3634 adversus
3074 3578 3235 3649 tidem
3261 3574 3616 3649 catholicam.

2275 3645 2609 3721 Quamquam
2639 3660 2783 3705 totus
2830 3650 2920 3705 hic
2954 3647 3359 3721 locusAlaborat
3382 3645 3529 3716 apud
3565 3659 3658 3721 tne
3686 3659 3783 3721 non

2202 3718 2311 3774 levi
2360 3716 2687 3788 suspicione,
2720 3722 2915 3792 partim
2956 3722 3082 3792 quia
3111 3716 3784 3792 theodorumjdhuevb

2202 3800 2421 3873 ventem
2450 3787 2691 3873 adjungit
2722 3787 2940 3873 duobus
2967 3787 3101 3873 aliis.
3136 3788 3431 3873 Panibus,
3472 3787 3784 3873 jampridem

2200 3860 2311 3916 vita
2348 3858 2773 3940 Iunctisjuod
2821 3862 2912 3940 vix
2958 3859 3488 3940 eontiugit;_.parti_m
3536 3858 3661 3940 quis
3684 3873 3783 3913 non

2200 3941 2318 4002 erat
2348 3931 2666 3988 Theodorus
2712 3932 2795 3999 bis
2839 3934 3003 3989 etiam
3047 3931 3384 4002 temporibus
3424 3938 3537 3983 tam
3589 3931 3785 4002 integer

2200 4000 2361 4074 (ama:
2386 4004 2439 4058 in
2466 4004 2589 4059 aliis
2618 4003 2740 4060 lldei
2772 4004 3014 4074 partibus
3034 4044 3050 4069 ,
3080 4012 3141 4058 ut
3162 4000 3290 4057 sine
3318 4001 3499 4070 aliqua
3542 4000 3784 4055 cautione

2201 4070 2453 4144 debuerit
2468 4074 2536 4130 ab
2562 4070 2860 4144 Augustino
2886 4074 3277 4130 commendari.

2270 4142 2476 4199 Monuit
2518 4141 2760 4215 eruditus
2809 4145 3096 4215 Vignerius
3147 4141 3457 4215 legendnm_
3462 4211 3474 4215 _
3499 4141 3647 4215 forte
3688 4154 3783 4211 pro

2198 4211 2490 4270 Theodoro
2540 4211 2957 4282 Theodoretum;
3011 4211 3226 4272 verum'
3260 4214 3364 4269 etsi
3412 4211 3782 4268 Theodoretus

2196 4297 2385 4359 sanam
2414 4286 2575 4342 tidem
2621 4286 2689 4343 de
2733 4297 2956 4359 peccato
2979 4284 3230 4359 originali
3278 4282 3703 4359 tenerel,_quod
3731 4283 3778 4336 in

2196 4358 2548 4424 quaestionem
2585 4353 2861 4414 nunc'non
2891 4353 3219 4421 vocofsatis
3250 4366 3433 4410 tamen
3465 4353 3656 4410 videre
3685 4368 3781 4409 non

491 4424 693 4516 contine
722 4425 869 4495 crepit
893 4424 1091 4493 oﬂ'erri,
1115 4436 1169 4516 et.
1190 4424 1527 4516 delectationi
1544 4424 1753 4510 accessit
1779 4424 2087 4510 auctoritas,
2115 4455 2174 4516 Β
2200 4439 2420 4516 possum
2460 4428 2732 4499 quomodo
2758 4430 3043 4500 episcopus
3065 4440 3269 4516 feceris
3294 4434 3537 4516 creatus,
3571 4440 3672 4516 ιιὲ
3692 4424 3781 4516 Iad-

490 4502 546 4545 ut
574 4508 819 4568 concessu
840 4510 968 4568 pene
986 4497 1169 4550 mundi
1197 4498 1587 4568 mentbripotens
1613 4498 1794 4568 regina
1813 4498 2086 4565 mentium,

489 4564 845 4636 expugnatria:
876 4565 1155 4636 honestatis
1174 4608 1189 4631 ,
1233 4576 1281 4619 et
1314 4566 1504 4621 invicta
1532 4564 1822 4621 animorum
1856 4568 2089 4621 omnium

490 4635 801 4708 captivatria:
830 4635 1095 4708 turpitudo
1135 4636 1466 4708 bacchantur
1486 4679 1501 4704 ,
1533 4640 1679 4692 nobis
1707 4647 1898 4708 quanto
1928 4639 2092 4692 Itone-

489 4704 640 4778 stior,
671 4713 815 4759 tanto
843 4704 1056 4772 durior,
1090 4707 1290 4761 tuendte
1327 4709 1553 4762 veritatis
1595 4704 1755 4763 causa
1796 4709 1933 4778 facta
1961 4717 2037 4762 est
2065 4724 2089 4763 :

489 4776 613 4842 quia
643 4784 822 4830 contra
850 4777 1132 4849 prtecipites
1159 4778 1397 4849 populos.
1436 4790 1482 4834 et
1511 4779 1617 4833 suis
1648 4776 1890 4832 remediis
1916 4780 2090 4849 infen-

488 4861 611 4911 sos,
661 4862 766 4901 non
809 4847 1027 4900 multum
1054 4847 1184 4902 valet
1226 4847 1415 4904 raritas
1457 4851 1659 4904 ratione
1697 4847 2081 4906 medicantium.

493 4916 636 4983 Quid
664 4918 859 4989 igitur?
886 4916 1157 4992 Horumne
1191 4919 1384 4992 intuitu
1417 4921 1643 4992 receptui
1673 4935 1855 4974 canere
1883 4920 2089 4992 debebi-

487 5002 626 5053 mus,
654 4987 701 5041 εἰ
727 4987 1065 5043 contumelias
1094 4998 1295 5043 nostras
1317 4990 1496 5045 ulcisci
1521 4987 1746 5055 silentio,
1777 5007 1839 5043 ac
1868 4991 1932 5045 de
1960 5008 2086 5047 con-

488 5057 720 5133 scientiae
759 5068 908 5133 portu
932 5057 1160 5133 aliorum
1188 5061 1357 5133 ridere
1383 5062 1701 5133 naufragia?
1734 5059 1922 5116 Verum
1960 5077 2087 5117 con-

488 5128 698 5202 tradicit
722 5128 848 5202 Ah'uic
875 5130 994 5183 odio
1020 5130 1247 5202 primum
1286 5128 1753 5202 benignitas'quam
1788 5132 1962 5200 generi
1992 5133 2085 5187 de-

489 5196 668 5274 bemus
711 5200 976 5274 humano;
1021 5196 1261 5274 deinceps
1300 5196 1512 5274 etﬁdes
1552 5196 1704 5274 quam
1748 5196 1998 5274 habemus
2024 5204 2083 5257 in

487 5265 657 5320 Deum
700 5272 827 5343 quid
894 5281 1038 5325 extra
1090 5265 1704 5343 iid,'qruod'[requenter
1752 5272 2086 5340 desperantes

487 5345 779 5426 temporum
810 5342 990 5395 levavit
1014 5342 1193 5426 ruinas
1218 5341 1418 5426 [Forl.,
1453 5341 1651 5426 etiamsi
1677 5344 1966 5426 [req-uenter
1991 5343 2083 5397 de-

486 5416 719 5483 speratos
757 5421 1038 5481 tempon
1067 5412 1251 5467 levavit
1284 5412 1507 5483 ruinas],
1538 5415 1881 5483 constantiam
1909 5422 2082 5483 tamen

484 5476 667 5599 squam
692 5476 941 5549 usquead
967 5483 1144 5537 mortis
1170 5483 1350 5538 horam
1378 5476 1603 5538 exerceri
1626 5481 1835 5552 voluit),
1866 5483 1948 5536 sin
1970 5482 2085 5535 nul-

512 5561 600 5599 um
640 5550 1095 5599 imnrmsentim-um
1126 5564 1423 5599 narraretur
1466 5554 1719 5599 anhelum,
1766 5561 1961 5599 aeterna
1998 5569 2083 5599 re-

512 5561 600 5599 um
640 5554 1095 5621 imprtesentiarum
1126 5569 1178 5608 se

484 5572 600 5599 sum
640 5572 1095 5621 lmprwlcnllaﬂlm
1126 5572 1178 5608 se
1218 5572 1423 5608 ueretur
1466 5572 1723 5623 enectum,
1766 5572 1961 5607 tuerna
1998 5572 2083 5606 re-

483 5622 843 5695 muneratione
889 5623 1120 5695 donavit.
1172 5572 1291 5678 iiac
1347 5626 1509 5695 igitur
1558 5624 1680 5693 ﬁdei
1734 5622 2083 5679 consolatione

484 5690 784 5765 gaudentes,
807 5692 1160 5765 immineamus
1182 5703 1351 5765 76mph)
1368 5690 1541 5765 operi,
1558 5690 1676 5765 etc.

555 5758 615 5818 lu
647 5762 951 5821 nosteriore
976 5779 1104 5821 vero
1130 5758 1278 5825 (Libl
1305 5780 1363 5820 ιιι
1393 5758 1564 5827 ejusd.
1603 5763 1759 5827 Oper.
1794 5783 1907 5825 cap.
1933 5763 2033 5825 l0l
2060 5783 2075 5823 :

1218 5564 1423 5608 ueretur
1466 5554 1723 5623 eﬂ'ectum,
1766 5561 1961 5607 ceterna
1998 5569 2083 5606 re-
2132 5606 2137 5612 ,

2199 4497 2418 4552 modum
2443 4496 2604 4554 astate
2631 4496 3117 4568 provectus,'certe
3135 4496 3313 4552 adhuc
3338 4498 3483 4568 inter
3511 4497 3777 4568 mortales.

2198 4569 2360 4639 tantis
2408 4568 2538 4623 viris
2583 4566 2798 4639 tamque
2841 4570 3045 4626 sanctis
3100 4568 3420 4624 doctoribus
3462 4566 3779 4638 jampridem

2196 4637 2307 4693 vita
2339 4638 2555 4703 functis,
2582 4637 3136 4707 jure‘annumeretur.

2267 4708 2406 4783 Quid
2436 4710 2481 4763 si
2527 4706 2815 4783 Diodorus
2832 4726 2934 4783 pro
2961 4710 3255 4766 Theodoro
3281 4708 3599 4783 legeretur?
3621 4706 3780 4783 siqui-

2194 4777 2318 4863 dem
2348 4778 2439 4863 ille
2468 4788 2523 4835 et
2552 4780 2682 4863 olim
2711 4777 2972 4863 abiisset,
3000 4791 3057 4838 et
3086 4795 3277 4863 magna
3328 4777 3601 4863 doctrinas
3648 4777 3777 4863 fama

2193 4848 2373 4905 adhuc
2400 4849 2641 4923 ﬂoreret,
2671 4861 2727 4906 et
2755 4851 2822 4907 de
2872 4853 3042 4923 ipsius
3088 4848 3602 4923 scriptisunondum
3645 4857 3780 4905 esset

2193 4927 2338 4993 mota
2387 4922 2638 4993 quaestio,
2683 4931 2739 4977 et
2765 4922 2831 4977 ad
2863 4920 3219 4993 Augustinum
3266 4920 3537 4993 nihildum
3590 4929 3780 4993 praeter

2191 4991 2430 5064 nominis
2455 4990 2823 5064 celebritatem
2866 4990 3224 5064 pervenisset,
3268 4990 3495 5062 scriptis
3545 4991 3776 5047 nondum

2188 5059 2481 5117 Latinitate
2510 5062 2744 5119 donatis.

2260 5130 2414 5203 Quod
2431 5132 2478 5188 si
2503 5134 2588 5187 cui
2616 5134 2826 5203 placeat
2846 5133 3269 5203 conjecturaista
3294 5133 3364 5189 de
3392 5131 3645 5199 nomine,
3669 5146 3778 5202 per-

2188 5210 2283 5270 gat
2308 5201 2396 5275 ille
2417 5201 2690 5272 conjicere
2706 5206 2881 5275 ipsum
2903 5201 3119 5275 quoque
3130 5204 3483 5260 Theodorum
3503 5218 3536 5258 a
3551 5201 3780 5275 Diodoro

2188 5272 2449 5345 magistro
2472 5272 2745 5345 accepisse
2771 5272 3047 5341 haeresim,
3066 5290 3227 5345 quam
3253 5274 3499 5345 Juliano,
3534 5289 3637 5344 per
3656 5274 3778 5345 alios

2190 5342 2675 5416 prirnumr,ipost'ea
2728 5360 2824 5416 per
2869 5342 3112 5415 seipsum
3145 5345 3454 5401 tradiderit.
3486 5342 3690 5399 verum
3717 5344 3779 5397 de

2189 5414 2292 5499 hac
2312 5428 2371 5469 re
2395 5415 2691 5499 viderimus
2726 5414 2891 5499 paulo
2917 5414 3233 5487 diligentius
3275 5417 3329 5472 in
3357 5417 3604 5473 secunda
3633 5424 3780 5487 parte

2188 5483 2422 5553 Operum
2453 5483 2791 5541 Mercatoris.

2260 5554 2316 5629 [ιι
2348 5565 2491 5629 tanta
2515 5559 2591 5611 rei
2616 5557 2988 5628 ambiguitate,
3015 5558 3191 5629 donec
3219 5556 3478 5629 atl‘ulgeat
3503 5572 3644 5613 nova
3671 5556 3778 5621 lux,

2187 5624 2473 5698 retinenda
2504 5635 2589 5682 est
2614 5624 2981 5696 vetus'lectio,
3012 5627 3205 5684 saltem
3236 5624 3462 5698 propter
3488 5630 3778 5686 auctoritac

2189 5706 2298 5775 tem
2315 5696 2629 5775 Mercatoris
2658 5698 3007 5775 Theodorum
3039 5714 3069 5754 a
3108 5696 3593 5775 Juliano‘iutinitis
3620 5698 3777 5775 laudi;

2186 5766 2288 5822 bus
2335 5766 2583 5826 allectum
2634 5770 2919 5829 testantis.
2960 5771 3271 5830 nrasertim
3313 5785 3443 5826 cum
3495 5766 3777 5827 mercatori
