3898 6276
166 229 265 287 il'l

763 229 1134 289 SYMBOLUM
1174 229 1522 289 THEODORI
1561 226 2039 290 MOPSUESTENI
2077 226 2164 289 ET
2204 230 2368 291 EJUS
2406 227 2805 291 REFUTATIO

3325 233 3432 291 ειε
3481 269 3483 271 ι

166 342 345 401 tentia:
368 341 424 399 in
446 356 551 401 suo
576 358 765 402 errore
790 345 1076 418 gloriatur,
1105 346 1339 402 alienum
1362 360 1394 401 a
1422 346 1531 403 (ide
1556 346 1748 402 catho-
1772 359 1824 418 Α
1851 348 2039 405 Omnis
2077 348 2168 420 qui
2197 358 2384 406 contra
2416 348 2533 406 haec
2577 350 2776 417 sentit,
2805 348 3093 405 anathema
3122 346 3215 405 sit.
3243 347 3438 420 (Exci-

161 435 263 493 lica
291 450 417 493 esse
435 477 452 504 ,
472 436 731 511 justeque
756 438 1069 496 damnatum
1109 438 1443 511 delegimus,
1470 439 1750 495 convinci-

162 541 307 595 mus,
350 538 519 600 atque
555 530 860 602 deﬂemus,
885 534 1012 604 quia
1057 533 1229 605 magis
1272 532 1558 590 deﬂendus
1585 547 1746 605 quam

165 618 273 677 ullo
301 620 431 678 odio
457 624 892 695 persequendus.

294 752 664 815 EXPOSITIO
702 756 960 816 PRAVA‘J
998 757 1183 815 FIDE!
1219 757 1596 817 THEODORI.

228 864 324 936 Qui
353 878 449 925 aut
477 882 627 926 nunc
654 869 894 942 primum
923 870 980 926 in
1009 870 1401 928 ecclesiasticis
1431 870 1754 929 erudiuntur

168 959 502 1031 dogmatibus
541 961 745 1033 liquido
783 958 1198 1034 cognoscendis,
1253 973 1350 1020 aut
1380 963 1448 1021 ab
1494 963 1752 1021 haeretica

166 1067 339 1109 errore
364 1055 619 1113 converti
645 1054 994 1113 decreverint
1017 1057 1085 1113 ad
1114 1058 1420 1125 veritatem,
1446 1056 1630 1115 doceri
1658 1072 1754 1114 eos

66 1170 71 1175 -
166 1156 367 1215 oportet
394 1148 654 1218 quoniam
681 1149 973 1207 credimus.
1004 1150 1107 1223 (Et
1137 1161 1322 1207 cratera
1349 1168 1467 1222 quis
1495 1160 1638 1221 parte
1661 1168 1757 1223 po—

164 1238 358 1294 steriore
412 1242 738 1312 referuntur.
767 1240 1008 1314 Symboli
1057 1242 1166 1299 lttee
1214 1250 1476 1314 postrema
1502 1242 1655 1299 verba
1688 1242 1751 1314 :)

1850 441 1925 512 pit
1959 441 2208 512 refutatio
2257 439 2566 497 Mereatoris
2604 456 2625 497 :
2653 440 2675 513 )
2703 442 2874 498 Immo
2918 454 3020 497 nos
3060 440 3158 497 tibi
3186 438 3438 497 catholici

1849 532 2102 603 dicimus,
2127 535 2219 605 qui
2250 535 2376 590 talia
2408 549 2504 591 ore
2550 534 2920 605 impurissimo
2960 543 3017 591 et
3042 534 3220 607 lingua
3262 532 3440 590 scele-

1850 627 2089 685 stissima
2115 629 2414 698 protulisti,
2444 628 2844 686 incessabiliter
2884 628 3195 696 anathema,
3235 633 3293 684 et
3318 641 3441 684 om-

1851 719 2013 777 nibus
2041 724 2427 778 consentaneis
2451 723 2588 789 suis,
2611 731 2718 779 etc.
2743 721 2915 795 (Tum
2935 724 3103 795 pergit
3119 718 3440 791 Merentem)

1854 813 2022 885 Cujus
2045 823 2226 872 autem
2246 815 2488 887 perﬁdia:
2518 816 2591 873 sit
2620 817 2785 874 etiam
2818 817 3074 888 praefatus
3096 816 3436 886 Theodorus,

1855 922 1927 965 ex
1959 908 2180 978 scriptis
2207 908 2346 979 ejus,
2375 924 2498 980 quae
2543 909 2614 967 de
2657 908 2868 967 Graecis
2914 910 3308 978 transtulimus,
3339 923 3439 980 ap-

1855 998 2173 1069 probemus.

2070 1130 2496 1190 EXCERPTUM
2524 1132 2791 1191 PRIMUM
2823 1145 2849 1173 ⁸
2877 1132 3226 1191 THEODORI

1856 1241 1936 1297 De
1964 1243 2193 1298 secundo
2223 1244 2423 1312 codice,
2455 1244 2585 1301 libro
2605 1257 2788 1317 quarto
2810 1289 2824 1315 ,
2856 1248 2983 1317 [alio
3014 1248 3233 1315 decimo,
3261 1257 3440 1305 contra

1338 1378 1890 1439 CASTIGATIONES
1928 1379 2021 1438 ET
2058 1381 2290 1439 NOTE.

165 1493 458 1567 consentiat
505 1504 685 1552 textus
732 1493 939 1567 Juliani
985 1494 1054 1567 ab
1090 1496 1399 1567 Augustino
1428 1495 1666 1561 relatus,
1700 1494 1747 1550 si

166 1566 419 1638 accipitur
445 1575 605 1638 prout
633 1576 718 1624 est
736 1568 791 1623 in
809 1565 975 1638 libris
996 1565 1297 1638 impressis.
1324 1565 1574 1623 Ostendit
1601 1568 1746 1622 enim

167 1637 427 1707 quomodo
446 1635 503 1695 et
529 1638 772 1695 Julianus
795 1635 1056 1693 Theodori
1076 1635 1340 1693 sententiis
1366 1637 1464 1692 niti
1489 1654 1543 1692 se
1566 1648 1747 1691 aucto-

168 1709 303 1763 ritate
328 1708 389 1763 in
409 1726 507 1765 suo
527 1725 704 1782 errore
731 1708 1028 1782 gloriatur;
1056 1717 1113 1782 el
1147 1707 1354 1782 infinita
1393 1718 1485 1782 est
1502 1709 1619 1765 laus
1641 1708 1745 1782 viri

168 1782 542 1854 connumerari
568 1779 959 1854 Chrysostomo
985 1790 1043 1838 et
1083 1780 1303 1854 Basilio.
1328 1779 1548 1854 Interim
1570 1780 1744 1836 corri-

168 1849 370 1925 gendus_
389 1852 628 1923 Vignerii
669 1849 873 1925 textus,
897 1863 952 1907 et
973 1867 1071 1925 pro
1091 1852 1260 1909 verbo
1290 1850 1629 1921 pertulerunt,
1653 1865 1746 1907 re-

170 1920 481 1993 ponendum
503 1923 850 1993 protulerunt.

234 2001 258 2029 ι
296 1991 561 2050 Theodori
602 1992 1066 2065 Hopsuesteni.....
1088 1993 1221 2049 libro
1239 2001 1541 2062 quarto.....
1568 2004 1748 2049 contra

171 2062 628 2137 Augustinum"...
656 2062 706 2119 et
731 2065 900 2137 Adam
946 2080 1037 2137 per
1090 2065 1660 2137 tramgressionent.r—-
1689 2066 1744 2137 l.

174 2132 419 2207 τιεσάοή
453 2136 827 2205 Hopsuesteni.
876 2132 1085 2191 Inﬁnita
1136 2132 1304 2206 prope
1352 2136 1601 2207 scripsit‘,
1647 2136 1745 2192 sed

171 2203 270 2259 duo
295 2203 600 2275 praesertim
626 2207 783 2276 plena
822 2221 1109 2271 errorum;
1137 2203 1369 2261 alterum
1401 2203 1478 2261 de'
1499 2208 1750 2262 lncarna-

170 2276 309 2349 tione
334 2277 500 2334 Verbi
545 2292 924 2349 quamlrevera
953 2278 1200 2349 sustulit;
1226 2276 1459 2349 alterum
1488 2278 1747 2349 adversus

168 2346 225 2403 ὃ.
276 2346 641 2419 Augustinum
699 2347 1038 2405 defensorem
1090 2348 1375 2419 catholica:
1434 2347 1588 2414 lidei,
1643 2364 1747 2419 qua

170 2418 397 2475 creditur
427 2429 706 2489 peccatum
737 2420 1016 2492 originale.
1040 2420 1121 2476 Ex
1150 2418 1390 2476 secundo
1415 2419 1616 2475 Marius
1653 2418 1748 2475 ex-

168 2492 363 2559 cerpsit
388 2508 511 2561 qua:
539 2505 679 2548 nunc
700 2490 957 2547 eduntur.

233 2561 364 2617 Cum
394 2577 529 2618 vero
572 2562 883 2618 meditatius
909 2561 1232 2630 inspicerem
1259 2569 1429 2616 totum
1460 2561 1563 2618 hoc
1586 2576 1748 2632 opus-

167 2632 362 2698 culum,
394 2634 638 2690 intellexi
671 2647 760 2689 me
798 2633 1006 2689 versari
1035 2633 1088 2687 in
1118 2639 1435 2704 argumento
1463 2631 1619 2689 valde
1648 2632 1746 2688 ob-

168 2718 343 2769 scuro,
365 2706 511 2775 quod
538 2720 713 2775 neque
742 2703 1103 2775 communiter
1132 2703 1317 2775 notum
1345 2705 1436 2768 sit,
1469 2718 1645 2775 neque
1661 2704 1745 2758 vel

167 2774 404 2830 auditum
428 2776 556 2847 ipsis
584 2774 746 2831 etiam
775 2775 1013 2832 historia:
1045 2774 1344 2847 Pelagiana:
1365 2774 1748 2847 scriptoribus;

166 2844 516 2915 quamobrem
536 2849 862 2918 exquirenda
886 2848 1093 2918 putavi,
1124 2844 1225 2918 etsi
1248 2844 1589 2918 laboriosius,
1604 2859 1745 2918 _om-

166 2919 253 2971 nia
279 2920 423 2987 apud
472 2915 721 2983 probatos
748 2915 1017 2983 auctores,
1048 2933 1169 2988 qua:
1197 2917 1384 2988 lucem
1420 2916 1522 2971 huc
1552 2915 1746 2972 afferre

164 2990 393 3057 possint.
445 2989 626 3059 Neque
656 3004 784 3046 vero
821 3004 972 3059 spem
1005 2987 1173 3059 labor,
1187 2987 1472 3059 frustratus
1517 2993 1622 3049 est,
1648 2988 1743 3042 sed

166 3059 489 3129 diligentiam
520 3058 908 3118 incredibiliter
951 3058 1102 3114 vicit.
1146 3058 1348 3129 Collegi
1395 3073 1502 3113 non
1550 3072 1742 3127 pauca,

167 3144 278 3200 qua
299 3132 425 3188 licet
453 3132 615 3187 nimia
644 3131 785 3190 forte
812 3131 1119 3195 videantur,
1144 3145 1242 3199 pro
1268 3145 1329 3184 re
1351 3139 1404 3200 et
1432 3129 1584 3194 loco;
1609 3143 1743 3184 cen-

1926 1494 2003 1550 Ea
2033 1494 2328 1568 disputatio
2356 1497 2594 1568 quinque
2624 1496 2779 1553 libris
2823 1497 3152 1567 absolvitur,
3183 1515 3317 1568 quos
3344 1498 3440 1555 ad-

1853 1580 2044 1639 versus
2072 1565 2456 1639 Occidentales
2489 1565 2590 1623 hac
2629 1568 2750 1624 labe
2778 1569 3002 1626 inlectos
3029 1565 3264 1639 scripsit.
3308 1570 3440 1627 lnde

1856 1636 2001 1710 enim
2034 1638 2322 1694 oriundum
2354 1640 2583 1696 haeresis
2608 1640 2769 1710 hujus
2793 1650 3090 1707 auctorem,
3123 1636 3175 1697 in
3204 1642 3442 1700 Orientis

1854 1708 2015 1762 modo
2047 1710 2361 1779 regionibus
2391 1712 2619 1777 versari,
2648 1708 2926 1779 librosque
2954 1711 3023 1769 de
3062 1727 3255 1769 recens
3284 1714 3352 1768 ab
3382 1727 3443 1768 se

1775 1817 1825 1879 B
1853 1780 2097 1879 ἓξῗξξὲἓέ
2105 1780 2677 1879 εξξξξξθεὶξοιξιρρξέ
2684 1780 2856 1879 593.31“
2872 1784 3373 1879 ..νενειὲἒτέὶῖιξὲῗὶ
3383 1783 3441 1879 Ξτέ

1888 1853 2081 1905 atriam
2111 1853 2494 1919 transmittere,
2520 1861 2735 1914 narrat;
2767 1863 2827 1910 ut
2866 1853 2987 1924 jam
3007 1853 3079 1909 ibi
3122 1854 3322 1910 multos
3345 1869 3444 1924 per

1872 1936 1995 1976 iane
2024 1932 2195 1994 artem
2242 1924 2294 1979 in
2345 1938 2499 1979 suam
2544 1924 2872 1994 pertraxerit
2912 1927 3261 1987 sententiam.
3309 1925 3445 1981 inte-

1850 2008 2106 2118 gri-gztilgles
2126 1993 2263 2049 adeo
2294 1995 2565 2052 Ecclesias
2595 1997 2847 2053 absurdis
2885 1995 2995 2053 illis
3042 1995 3295 2085 imbuerit
3322 1995 3443 2067 opi-

1851 2077 2126 2119 DIODIDUS.
3070 2084 3077 2085 ί

1923 2137 2083 2188 Aram
2109 2150 2240 2210 vero
2273 2136 2490 2195 illorum
2540 2137 2803 2194 librorum
2849 2145 3151 2210 auctorem,
3175 2136 3444 2210 (sive_no-

1850 2206 2036 2280 mine,
2087 2207 2203 2280 sive
2248 2211 2578 2280 cognomine
2630 2209 2921 2280 incertum)
2975 2206 3236 2280 appellat.
3290 2208 3444 2265 llunc

1851 2278 2019 2352 etiam
2048 2278 2296 2352 quintum
2328 2278 2688 2352 Evangelium
2718 2278 3442 2352 lictitiumad-jecisse,cum

1851 2346 2101 2417 lingeret,
2135 2364 2196 2404 se
2225 2351 2356 2406 illud
2403 2351 2459 2406 in
2490 2346 2733 2408 'Eusebii
2779 2346 3445 2408 l’alaestini’bibliothecis

1849 2421 2147 2493 reperisse.
2178 2421 2404 2491 Rejecta
2435 2431 2697 2493 praeterea
2729 2422 2900 2478 divini
2930 2436 2995 2476 ac
3025 2423 3225 2477 veteris
3253 2422 3446 2493 Testa:

1853 2491 2025 2545 menti
2057 2491 2523 2565 versione,quam
2551 2495 2893 2565 septuaginta
2923 2494 3252 2565 interpretes
3279 2492 3443 2549 simul

1849 2561 2245 2636 convenientes
2269 2563 2581 2632 ediderunt,
2606 2561 2667 2620 ut
2692 2561 3105 2636 ct‘Symmachi,
3130 2573 3185 2618 et
3206 2564 3443 2636 Aquilae,

1849 2630 2191 2699 aliorumque
2257 2630 2749 2705 interpretatione,
2811 2630 3089 2705 prOpriam
3147 2630 3441 2704 quamdam

1847 2715 2007 2776 suam
2038 2719 2344 2776 novamque
2382 2707 2658 2763 coniicere
2689 2721 2881 2761 ausum
2914 2722 2928 2760 :
2963 2720 3085 2760 cum
3118 2716 3295 2776 neque
3329 2705 3440 2761 He-

1848 2771 2051 2829 braica:
2098 2771 2317 2846 linguie,
2352 2785 2410 2831 ut
2456 2776 2558 2843 illi,
2605 2794 2634 2832 a
2682 2792 2854 2847 puero
2882 2771 3231 2842 assuevisset',
3265 2791 3444 2845 neque

1849 2854 2092 2918 mentem
2117 2861 2287 2918 sacrm
2328 2847 2632 2918 Scriptura:
2674 2848 2986 2912 didicisset;
3037 2847 3281 2918 Hebraeis
3325 2857 3444 2900 tan-

1850 2916 2133 2989 tummodo
2173 2916 2496 2988 quibusdam
2534 2920 2763 2989 objecta:
2792 2919 2959 2975 sortis
3000 2917 3441 2989 inldisciplinam

1848 2997 1909 3039 se
1940 2987 2263 3062 tradidisse,
2308 2998 2472 3059 atque
2517 2987 2646 3047 hinc
2691 2990 2967 3062 propriam
3011 2987 3113 3044 sibi
3146 2988 3442 3045 editionem

1848 3057 2197 3130 conscribere
2222 3057 2559 3130 aggressum.

1921 3128 2096 3202 Secta:
2135 3128 2277 3185 vero
2296 3128 2466 3187 illius
2512 3146 2720 3187 summa
2753 3131 2930 3202 capita
2970 3131 3086 3188 ltrec
3114 3129 3231 3202 lere
3269 3139 3394 3202 sunt
3425 3146 3440 3184 :

166 3197 243 3256 sui
268 3212 451 3260 tamen
481 3205 850 3274 preponenda,
883 3211 940 3258 et
961 3197 1177 3272 quidem
1207 3215 1322 3274 non.
1335 3199 1745 3274 dissertationis
1772 3198 1820 3263 C
1851 3197 2109 3254 Homines
2139 3212 2328 3255 natura
2347 3246 2362 3270 ,
2397 3219 2498 3257 non
2543 3197 3073 3274 uoluntate'peccare.
3103 3201 3328 3274 Natura,
3361 3201 3445 3255 in-

164 3274 339 3346 modo,
365 3270 510 3346 quod
534 3270 811 3332 nonnemo
832 3270 1118 3346 suasisset,
1142 3272 1236 3329 sed
1260 3270 1519 3346 adhibitis
1541 3271 1743 3346 ad_sin-

166 3344 309 3414 gulas
329 3341 469 3402 tit'uli
489 3359 658 3403 voces
692 3344 1187 3411 observationibus,
1213 3357 1320 3414 quo
1347 3341 1591 3414 simulet
1616 3341 1742 3398 bre-

165 3411 312 3489 vitati
331 3417 733 3486 consuleretur,
763 3425 1020 3489 quantum
1053 3415 1135 3471 l‘as
1159 3411 1325 3489 esset,
1356 3422 1412 3468 et
1442 3411 1579 3489 nihil
1605 3428 1742 3483 prato

166 3486 552 3544 termitteretur
576 3483 726 3560 quod
766 3483 953 3544 notatu
983 3486 1206 3558 dignum
1256 3486 1417 3560 foret,
1448 3483 1581 3560 Boni
1611 3498 1743 3554 ergo

164 3560 401 3614 consulat
428 3555 627 3630 lector,
660 3575 767 3615 non
799 3574 995 3630 parvas
1021 3555 1090 3630 ad
1130 3571 1351 3630 parvum
1382 3555 1594 3630 titulum
1644 3570 1744 3630 no-

166 3630 505 3753 milfgendi
548 3624 824 3688 fastidium
870 3624 1227 3702 proculdubio
1272 3625 1352 3683 rei
1393 3627 1604 3683 novitas
1640 3624 1741 3682 de-

165 3707 352 3757 trahet.

226 3770 294 3844 2.;
310 3770 477 3827 Libro
516 3782 723 3844 quarto.
757 3773 872 3830 Hoc
909 3773 1057 3842 Opus
1081 3772 1316 3844 quinque
1341 3767 1568 3825 omnino
1590 3765 1744 3823 libris

164 3841 556 3915 continebatur,
603 3858 835 3915 quorum
889 3841 1070 3901 tamen
1100 3841 1338 3900 tertium
1391 3848 1461 3915 et
1488 3845 1742 3910 quartum

164 3911 433 3987 Mercator
452 3911 751 3987 memorat;
784 3930 959 3987 neque
983 3915 1130 3971 enim
1170 3911 1684 3987 censeo__diversum
1711 3924 1741 3962 a

162 3984 601 4062 quinque_l_ibris,
629 3980 765 4062 quos
786 4003 818 4062 _a
841 3980 902 4062 se
928 3987 1097 4062 lectos
1121 3985 1339 4051 scripsit
1366 3981 1610 4062 Photiusl,
1639 3980 1744 4062 hoc

165 4049 349 4111 titulo:
385 4049 978 4114 Theodori'Antiochcni
1006 4049 1250 4113 adversus
1277 4061 1557 4109 asserentes
1576 4049 1747 4104 Itami—

164 4143 510 4199 nempeecare
538 4139 746 4196 natura,
764 4145 867 4184 non
896 4130 1181 4197 voluntate,
1206 4126 1322 4199 libri
1347 4125 1567 4199 quinque
1585 4119 1741 4191 (Cod.

165 4194 318 4269 177).
345 4198 539 4269 Neque
561 4194 741 4255 etiam
762 4200 949 4255 dubito
978 4200 1105 4269 quin
1151 4194 1219 4255 ad
1248 4194 1415 4251 libras
1458 4194 1694 4269 quinque
1712 4208 1742 4247 a

166 4265 353 4325 Pboiio
384 4265 570 4341 lectos
600 4272 908 4341 pertineant
946 4265 1199 4340 excerpta
1227 4283 1349 4341 qua:
1380 4265 1741 4341 reperiunllll‘.

165 4349 267 4395 tum
294 4341 351 4412 in
371 4336 689 4397 Constituto
705 4341 902 4412 Vigilii,
927 4343 1045 4398 sine
1067 4336 1428 4412 appellatione
1440 4336 1741 4412 librorum;

166 4420 268 4499 ιιι-ιιι
297 4410 591 4499 in'qtninta
612 4406 1156 4499 [synode'collatipné
1181 4422 1396 4499 quails,
1440 4409 1563 4499 lloc.
1587 4406 1745 4499 titulo

166 4428 268 4467 tum
297 4428 354 4466 tn
402 4428 591 4482 qurnta
620 4428 1154 4499 synouo_couattone
1181 4428 1396 4539 (Enna,
1440 4428 1563 4489 nuc.
1588 4428 1745 4461 ιιιιιιυ

166 4480 330 4552 (Tom.
416 4481 577 4560 gone.
608 4483 747 4560 ben._
768 4483 896 4560 elltt.
926 4484 1113 4556 Labb.)
1147 4501 1162 4539 :
1196 4485 1277 4560 _‘:e
1301 4480 1563 4560 Theodori
1586 4476 1745 4560 Mop-

164 4555 382 4626 suesteni
422 4555 583 4620 libro,
610 4554 747 4626 quod
776 4554 916 4609 Deus
943 4552 1153 4609 mortem
1188 4552 1565 4626 introduxerit,
1609 4557 1657 4602 et
1684 4564 1749 4626 ea:

166 4623 289 4677 libro
315 4626 501 4693 quinto
529 4625 595 4678 de
617 4620 879 4690 creatura,
908 4642 998 4682 seu
1027 4628 1162 4696 quod
1193 4625 1330 4681 Deus
1376 4620 1753 4696 bona_et_mala

166 4692 357 4787 fecerit;
384 4705 520 4787 etc;
555 4704 668 4752 tum
698 4696 930 4787 (lenique
962 4692 1103 4787 apud
1132 4692 1751 4787 beontiumnschelasti-

164 4762 279 4821 cum
556 4782 613 4823 ιιι
669 4762 913 4823 adversus
960 4762 1264 4824 Nestorian.
1305 4776 1353 4821 et
1397 4762 1753 4836 Eutychianos

164 4852 300 4891 auat.
468 4877 485 4894 .

164 4852 300 4891 Μ.
340 4852 485 4894 Ζδ).

230 4907 519 4974 Quare'et
546 4907 816 4977 integrum
870 4908 1047 4967 Pbotii
1103 4911 1369 4975 codicem,
1418 4907 1544 4977 quia
1596 4908 1749 4977 plura

230 4923 415 4974 quare
462 4923 519 4964 et
546 4923 658 4964 tnte
695 4923 816 4964 rum
870 4923 1047 4967 ructu
1103 4923 1369 4975 codicem,
1418 4923 1544 4977 quia
1635 4923 1749 4963 Iura

164 4979 294 5035 scitu
315 4980 484 5051 digna
496 4923 903 5054 complectitur,
929 4990 985 5038 et
1005 4994 1278 5054 excerpta,
1294 4993 1415 5051 quae
1430 4978 1565 5044 dixi,
1583 4923 1750 5034 «litum

168 5050 423 5123 generum
451 5050 726 5123 an‘erenda
753 5054 958 5122 putavi,
981 5054 1135 5123 quasi
1163 5050 1464 5122 fragmenta
1492 5065 1599 5105 non
1631 5060 1749 5105 tan-

169 5130 274 5176 tum
306 5121 569 5195 Ilarianis
595 5121 847 5193 cognata,
880 5121 1022 5195 quod
1056 5134 1233 5181 tamen
1253 5121 1387 5177 satis
1409 5129 1555 5177 esset
1574 5136 1751 5195 causae

165 5206 267 5267 eur‘
300 5192 995 5267 aﬂ'errentur,’verum'iut
1040 5200 1439 5267 complementa
1479 5192 1748 5267 quaedam,

166 5262 304 5388 nde
336 5278 537 5388 magna
587 5265 711 5334 lux,
753 5266 868 5323 sive
911 5262 1199 5338 Marianis,
1233 5268 1348 5324 sive
1390 5262 1632 5321 historiae
1674 5264 1755 5319 af-

187 5348 334 5388 unca

187 5342 381 5405 uigeat.

376 5446 447 5487 ει
480 5444 833 5488 BIBLIO'I‘BECA
864 5446 1043 5488 PHOTII
1074 5445 1265 5488 CODICB
1304 5445 1541 5487 ειιινιι.

234 5543 462 5619 Lectum
488 5555 577 5603 est
594 5562 731 5619 opus
751 5546 1022 5603 Theodori
1043 5545 1391 5619 Antiocheni,
1405 5544 1497 5615 qui
1519 5542 1761 5619 Mopsue-

167 5623 359 5690 stenns
381 5616 672 5690 episcopus
703 5628 807 5686 est,
833 5628 889 5674 ut
915 5633 1005 5690 ex_
1020 5618 1138 5687 ejus
1168 5617 1486 5689 quibusdam
1515 5616 1758 5690 epistolis

165 5686 503 5759 colligimus,
560 5686 663 5747 hoc
710 5691 915 5746 titulo:
967 5686 1158 5746 Contra
1185 5686 1485 5747 asserentes
1530 5687 1757 5745 homines

164 5773 378 5827 mare
399 5772 619 5833 natura,
645 5779 751 5820 non
775 5761 1056 5820 voluntate.

1472 5872 1507 5881 ,νο

1850 3283 2041 3343 quam,
2068 3285 2176 3326 non
2218 3286 2305 3341 ea,
2343 3288 2446 3342 qua
2477 3273 2739 3343 prmditus
2770 3271 2852 3328 ab
2880 3272 3036 3328 initio
3079 3271 3443 3343 conditusque

1851 3348 1937 3395 est
1965 3340 2134 3396 Adam
2180 3340 2373 3413 (illam
2396 3340 2544 3399 enim
2576 3344 2770 3399 bonam
2790 3383 2807 3410 ,
2835 3351 2892 3399 et
2934 3343 3132 3398 bonum
3163 3342 3277 3413 Dei
3305 3355 3443 3411 opus

1850 3425 1971 3485 esse
1998 3411 2296 3485 asserunt),
2326 3413 2423 3468 sed
2453 3429 2517 3471 ea
2560 3429 2717 3485 quam
2760 3423 2881 3485 post
2907 3420 3186 3485 peccatum
3215 3411 3445 3482 adeptus

1850 3482 1955 3555 sit,
1985 3483 2213 3555 quando
2239 3482 2337 3553 per
2383 3482 2885 3554 praevaricationem
2912 3482 3096 3554 atque
3137 3493 3439 3555 peccatum,

1851 3552 2049 3626 malam
2080 3569 2177 3623 pro
2204 3552 2341 3609 bona
2362 3552 2801 3626 ,mortalemque
2831 3570 2931 3626 pro
2972 3552 3265 3610 immortali
3294 3567 3444 3609 com-

1850 3625 2098 3697 mutavit.
2134 3626 2243 3680 Hac
2288 3626 2488 3697 quippe
2533 3625 2744 3682 ratione
2776 3625 2965 3681 natura
2995 3639 3210 3697 quoque
3237 3626 3445 3697 improo

1850 3693 1951 3749 bos
1979 3695 2232 3767 enectos,
2261 3693 2351 3767 qui
2383 3693 2543 3754 antea
2572 3709 2766 3753 natura
2814 3697 2941 3753 boni
2984 3693 3230 3763 fuissent,
3263 3693 3445 3767 inna-

1850 3772 1972 3847 tura
1988 3766 2124 3837 jam,
2150 3776 2204 3823 et
2236 3766 2341 3824 nun
2373 3768 2428 3824 in
2455 3770 2739 3826 voluntate
2776 3777 3060 3840 peccatum
3082 3768 3187 3823 sibi
3215 3766 3447 3838 acquisi-

1849 3848 2016 3892 νιεεθ.

1921 3908 2167 3983 Alterum
2189 3909 2386 3965 deinde
2413 3920 2576 3983 caput
2600 3926 2669 3968 ex
2696 3911 2789 3967 illo
2815 3909 3107 3966 deductum
3132 3924 3148 3966 :
3181 3908 3444 3980 Infantes,

1851 3981 2057 4054 tametsi
2083 3994 2259 4035 recens
2286 3989 2437 4054 natos
2460 3981 2700 4054 {peccati
2743 3984 2997 4036 immunes
3026 3996 3128 4054 non
3153 3995 3262 4033 esse
3280 4023 3307 4054 ,_
3328 3995 3445 4035 cum

1850 4048 1920 4122 ob
1936 4050 2065 4105 Ade
2092 4048 2587 4121 prwuaricationem,
2611 4061 2802 4107 natura
2822 4054 2877 4106 in
2903 4053 3121 4122 peccatis
3144 4051 3419 4104 constituta

1850 4093 1921 4174 ἷιᾶ
1936 4093 2806 4194 3&3;ELIQBZIEBI'Q’eZEJFkZ
2824 4093 2877 4193 "('
2884 4093 3092 4190 u'i'}}»2'i'
3098 4093 3418 4194 "@1133de
3422 4093 3443 4189 5

1851 4199 2041 4262 natura
2083 4190 2420 4262 propagetur.
2450 4194 2660 4249 Aﬂ’erre
2688 4190 2869 4249 autem
2910 4193 3055 4262 ipsos
3085 4200 3139 4247 et
3166 4190 3296 4246 illud
3323 4193 3396 4245 ait
3425 4207 3442 4246 :

1853 4260 1988 4317 Ecce
2016 4263 2068 4316 in
2084 4260 2454 4333 iniquitatibus
2482 4272 2756 4334 conceptus
2784 4279 2897 4317 sum
2929 4260 3103 4332 (Psal.
3127 4278 3180 4329 L,
3210 4262 3289 4333 7),
3319 4270 3374 4317 et
3398 4262 3445 4317 si

1852 4346 1972 4406 qua:
2014 4341 2139 4388 sunt
2186 4335 2402 4402 generis
2448 4335 2731 4406 ejusdem;
2782 4342 3026 4389 sanctum
3079 4334 3146 4406 ad
3191 4335 3307 4387 haec
3347 4334 3447 4389 ba-

1851 4403 2052 4471 ptisma
2072 4444 2086 4469 ,
2120 4406 2372 4477 sacrique
2392 4403 2636 4477 corporis
2656 4405 3093 4477 communionem
3120 4404 3174 4460 in
3198 4414 3451 4477 peccato-

1852 4488 1975 4548 rum
2020 4475 2640 4548 remissionem,retiam
2681 4477 2814 4548 ipsis
2863 4475 3447 4548 infantibus,’collata,

1776 4589 1832 4653 Β
2011 4546 2355 4617 praetendere
2392 4547 2462 4604 ad
2502 4543 2733 4620 propria}
2770 4546 3043 4618 opinionis
3079 4546 3449 4604 conﬁrmatio-

1856 4629 1980 4672 nem
1991 4657 2004 4671 .

1930 4686 2204 4745 Neminem
2250 4698 2498 4761 praeterea
2543 4689 2842 4745 mortalium
2880 4705 2988 4744 esse
3026 4692 3247 4761 justum.
3296 4688 3449 4761 Quod

1856 4758 2195 4832 ipsumgitem
2223 4758 2291 4817 e’x
2320 4776 2385 4817 eo
2404 4803 2420 4829 ,
2451 4761 2595 4832 quod
2622 4762 2775 4817 initio
2803 4758 3133 4832 posuerunt,
3165 4759 3450 4832 consequi-

1856 4836 1945 4884 tur
1984 4848 1999 4886 :
2032 4830 2157 4906 Non
2199 4834 2334 4887 enim
2367 4829 2999 4906 justi/ieabitur,_inquit
3044 4829 3347 4906 [frophela_,
3395 4829 3451 4906 in

1857 4904 2134 5026 conspectis
2168 4912 2256 4959 tuo
2284 4897 2451 4958 omnis
2483 4897 2610 4958 caro
2638 4900 2819 4974 (Psal.
2858 4897 3023 4968 ciui,
3051 4900 3117 4971 2)
3136 4897 3236 4967 {et
3263 4897 3347 4954 liis
3376 4899 3451 4953 sic

1857 4986 1929 5026 mi
1956 4986 2031 5026 ta.

1856 4986 2031 5028 muta.

1927 5044 2192 5117 Quartum
2225 5060 2247 5117 :7
2280 5045 2351 5117 (ο
2381 5043 2728 5117 blasphemas
2773 5058 2937 5100 voces
2979 5051 3035 5117 et
3058 5039 3337 5117 impias!)
3369 5038 3454 5117 N_e

1859 5113 2125 5187 Christum
2164 5112 2373 5187 quidem
2413 5112 2579 5171 Deum
2621 5118 2905 5187 (assumpta
2946 5113 3188 5187 nimirum
3230 5112 3455 5187 peccatis

1858 5185 2054 5259 infecta
2078 5182 2292 5259 natura)
2319 5188 2524 5243 sceleris
2550 5182 2741 5259 purum
2778 5182 2908 5240 esse.
2939 5183 3288 5259 Quamquam
3314 5182 3453 5259 et__in

1861 5253 1984 5311 aliis
2004 5257 2252 5331 ipsorum
2274 5253 2631 5330 blaspheniiis
2657 5259 2951 5331 observare
2974 5256 3122 5331 Ιίθεῑ,
3142 5253 3318 5331 "illi!"
3337 5253 3453 5331 me:

1862 5341 1972 5383 non
2002 5325 2131 5384 vere
2163 5327 2263 5384 hos
2304 5338 2361 5385 et
2385 5325 2599 5395 natura,
2626 5330 2723 5385 sed
2760 5330 2929 5398 ligura
2957 5325 3236 5382 dumtaxat
3266 5325 3456 5382 buma4

1864 5410 1990 5453 nam
2015 5400 2117 5470 ipsi
2147 5410 2393 5457 naturam
2420 5401 2734 5455 attribuere.

1936 5469 2234 5545 Quintum:
2268 5471 2684 5545 Matrimonium,
2704 5470 2782 5525 vel
2811 5479 2943 5525 certe
2970 5469 3345 5545 congrediendi
3360 5487 3455 5545 cu-

1864 5542 2168 5614 piditatem,
2206 5552 2255 5597 et
2303 5542 2510 5596 seminis
2545 5540 2869 5614 missionem,
2915 5540 3185 5613 omniaque
3232 5542 3453 5610 similia,

1864 5611 2052 5683 quibus
2081 5614 2398 5668 successione
2426 5627 2586 5682 genus
2618 5611 2905 5668 humanum
2930 5611 3249 5687 propagatur
3266 5656 3281 5681 ,
3310 5629 3455 5669 asse-

1863 5696 1985 5740 runt
2013 5700 2122 5759 esse
2147 5700 2300 5759 opera
2328 5698 2579 5754 perversae
2619 5694 2840 5754 naturae,
2880 5690 2935 5759 in
2972 5703 3129 5757 quam
3155 5703 3249 5759 per
3275 5701 3455 5759 pecca-

1864 5764 1974 5811 tum
2003 5754 2187 5827 lapsus
2202 5754 2391 5827 Adam,
2416 5762 2615 5814 natura:
2640 5772 2760 5817 mox
2784 5758 2922 5833 _vitio
2946 5754 3199 5816 malorum
3229 5754 3453 5816 omnium
