3948 6274
440 263 549 326 225

953 264 1147 324 MAR“
1187 263 1632 324 MERCATOHIS
1671 258 2240 319 TRANSLATIONES
2284 261 2641 318 VAlilURUM
2681 260 3215 322 OPUSCULORUM.

3616 263 3733 326 ω

443 394 625 459 gmate
649 399 800 454 vero,
829 393 856 424 ι
886 385 1196 443 seductorio
1215 401 1282 444 ex
1305 383 1604 447 mendacio,
1627 379 2034 457 advocationem
2063 392 2116 450 Α
2212 379 2266 434 2.
2299 378 2326 418 ι»
2355 379 2472 436 Νοη
2496 381 2572 436 ait
2603 380 2764 448 Deus,
2798 381 3052 438 Mortales
3081 381 3264 450 eritis,
3295 380 3387 437 sed
3415 379 3584 438 Morte
3612 398 3732 438 mo-

447 480 695 554 iungens,
724 489 830 538 etc.

2145 475 2354 530 riemini
2387 473 2610 546 (Cenes.
2635 491 2694 544 ιι,
2725 477 2861 548 l7);
2891 492 3112 548 prorsus
3145 476 3501 534 existentibus
3539 487 3734 535 natura

1630 615 1716 673 CA
1725 615 2182 676 STIGATIONES
2220 613 2308 674 ET
2346 612 2578 671 ΝΟΤΛΕ.

451 735 718 821 adversus.
740 734 1173 821 “ineuntem...
1195 733 1322 821 (ξυιι)
1367 732 1544 821 ade“?
1569 733 1798 821 vitae.
1828 742 1883 821 st
1907 728 2032 821 qui-

453 808 572 862 dem
598 809 778 862 statim
805 803 1094 876 publicatis
1122 805 1347 875 dialogis
1377 805 1572 876 tribus,
1597 803 1795 860 deinde
1821 803 2036 874 parum-

453 893 549 956 per
571 874 879 956 immutatos
895 877 1123 933 ediderit
1136 874 1322 956 contra
1336 874 1725 956 Augustinum,
1750 884 2036 956 postquam

454 964 482 1002 a
515 948 729 1005 Juliano
753 957 1048 1005 conventus
1078 947 1202 1004 est?
1249 946 1447 1013 Quidni
1494 947 1728 1015 denique
1755 946 1916 1002 ’duas
1947 946 2040 1001 uni

456 1021 643 1085 Uperi,
671 1029 764 1074 aut
792 1021 988 1075 formas
1033 1017 1307 1084 indiderit,
1339 1027 1432 1074 aut
1479 1017 1880 1087 inscriptiones,
1941 1016 2042 1072 sub

457 1105 685 1161 quarum
717 1105 818 1144 una
848 1091 1126 1145 Mercatori
1151 1092 1326 1146 visum
1355 1091 1444 1156 sit,
1479 1090 1580 1161 sub
1603 1089 1771 1144 altera
1799 1087 2040 1161 Pliotio?

532 1161 597 1214 Et
639 1175 764 1215 vero
789 1175 909 1215 cum
943 1171 1170 1230 uterque
1212 1170 1454 1226 sanctus,
1484 1160 1871 1231 Hieronymum
1920 1159 2043 1214 dico

463 1239 518 1284 et
550 1232 922 1301 Augustinum.
981 1233 1304 1287 catholicam
1354 1232 1513 1286 fidem
1569 1247 1675 1286 non
1721 1231 1894 1286 solum
1943 1244 2050 1286 uno

465 1302 674 1368 spiritu,
703 1303 796 1356 sed
829 1303 1017 1358 iisdem
1053 1317 1266 1373 quoque
1293 1303 1411 1358 sive
1440 1303 1763 1358 testimoniis
1807 1301 2054 1371 Scriptu-

466 1387 564 1436 rte,
589 1373 701 1444 sive
724 1375 1052 1442 argumentis
1073 1373 1401 1444 defenderit,
1428 1373 1674 1444 quisquis
1697 1373 1858 1429 fidem
1883 1387 2054 1443 oppu-

465 1443 726 1568 gnavetrit,
785 1459 895 1501 non
950 1445 1220 1502 immerito
1275 1443 1382 1500 dici
1429 1443 1608 1515 potest
1655 1445 1710 1500 in
1764 1453 2055 1515 utrumque

505 1529 620 1568 isnu
649 1530 790 1568 asse.

505 1517 790 1582 isputasse.

540 1585 703 1659 Certe
734 1586 1114 1659 Hieronymus,
1138 1603 1258 1644 cum
1280 1586 1892 1659 aliquaudogratulatus
1911 1592 2060 1659 esset

469 1656 772 1730 Augustino
801 1656 988 1714 odium
1033 1656 1408 1730 aPelagianis,
1442 1656 1694 1730 ejusdem
1728 1673 1790 1714 se
1839 1657 2056 1727 partici-

2211 729 2451 786 Tertiam
2491 727 2724 798 denique
2773 729 3004 786 ebnficio
3044 745 3110 786 ex
3153 730 3239 788 his
3293 731 3450 788 Marii
3503 733 3736 793 verbis:

2141 800 2308 874 Cujus
2342 809 2524 876 autem
2570 800 3083 876 perﬁdite‘sitnetiam
3113 804 3362 874 prwfatus
3391 803 3699 860 Theodorus
3720 848 3740 876 ,

2143 870 2228 997 is
2253 872 2454 943 scriptis
2480 870 2613 943 ejus,
2642 887 2756 942 qua:
2782 871 2846 926 de
2885 870 3080 929 Gre-rcis
3109 870 3504 944 transtulimus;
3541 870 3742 947 appro-'-

2181 959 2339 997 emus.

2181 959 2339 998 emus.

2219 1015 2275 1070 4.
2305 1012 2374 1067 Et
2406 1014 2572 1068 Adam
2621 1031 2710 1088 per
2729 1016 3195 1088 transgressionem
3224 1017 3492 1072 mortalem
3521 1019 3738 1088 factum.

2151 1084 2345 1155 Unam,
2374 1095 2432 1139 ut
2460 1099 2604 1155 saepe
2632 1085 2765 1153 dixi,
2791 1084 3140 1153 quaestionem
3165 1084 3712 1144 vehementer'advcr

2153 1170 2247 1212 sus
2293 1154 2612 1226 Pelagianos
2660 1171 2855 1226 urgere
2892 1156 3060 1212 voluit
3092 1157 3389 1224 Mercator;
3429 1160 3494 1214 de
3524 1159 3622 1215 hac
3655 1160 3744 1216 vel

2155 1228 2268 1299 sola
2300 1227 2386 1299 vel
2429 1229 2665 1282 maxime
2695 1227 3046 1298 interrogavit
3068 1230 3448 1299 Augustinum,
3477 1231 3548 1285 ab
3570 1246 3748 1297 θοιιιιθ

2155 1298 2388 1354 obtinuit
2419 1313 2777 1368 responsum;
2810 1313 2985 1368 neque
3009 1314 3077 1354 ex
3103 1298 3256 1354 libris
3305 1300 3605 1368 Theodori,
3650 1313 3750 1356 aut

2157 1370 2499 1425 sermonibus
2548 1369 2778 1424 Nestorii
2828 1370 3098 1440 excerpsit
3150 1371 3253 1424 alia
3303 1387 3464 1440 quam
3509 1388 3630 1440 qua:
3677 1372 3751 1428 ad

2157 1440 2404 1496 eamdem
2457 1441 2829 1510 pertinerent:
2879 1440 2948 1496 ad
2994 1444 3132 1496 hanc
3173 1441 3319 1497 velut
3369 1443 3436 1498 ad
3477 1459 3750 1499 summam

2158 1511 2372 1585 redigit,
2397 1524 2453 1567 et
2477 1511 2938 1585 merito_quidem,
2971 1520 3164 1585 _totum
3222 1513 3369 1585 Opus
3411 1524 3749 1585 postremum

2160 1581 2356 1638 Juliani
2394 1591 2621 1656 contra
2647 1581 2727 1656 S_.'
2759 1582 3118 1653 Augustinum
3153 1599 3168 1649 ;
3210 1581 3462 1656 denique
3513 1595 3754 1656 quatuor

2163 1655 2434 1724 excerptis
2457 1667 2576 1724 quae
2609 1653 2870 1709 habemus
2913 1669 3023 1723 prae
3051 1655 3304 1710 manibus
3331 1655 3384 1711 id
3409 1653 3570 1712 unum
3611 1673 3752 1712 con-

465 1724 589 1798 peni
620 1729 976 1799 gloriabatur,
1009 1739 1154 1785 tanta
1184 1724 1302 1785 erat
1327 1724 1609 1785 doctorum
1658 1724 1916 1786 Ecclesia:
1969 1743 2058 1783 so-
2089 1729 2136 1790 B
2163 1724 2353 1799 tendit,
2382 1724 2751 1799 Theodorum
2771 1725 2850 1780 sic
2897 1724 3203 1799 afﬁrmasse
3256 1727 3509 1782 hominem
3539 1738 3755 1799 peccato

470 1800 840 1872 cietas,_tanta
872 1802 1295 1872 bonorumtyere
1335 1801 1771 1872 evangelicorum
1815 1815 2059 1856 commu-

473 1871 564 1925 nio
595 1888 608 1923 :
643 1869 836 1936 Macte,
872 1871 1071 1943 inquit?
1097 1871 1282 1942 (Epist
1320 1871 1445 1938 195,
1469 1869 1610 1942 apud
1637 1873 1855 1943 August.
1881 1872 1923 1942 ),
1954 1872 2059 1924 vir-

474 1952 600 2008 tute,
626 1943 897 1997 celebraris
920 1942 976 1996 in
995 1942 1113 1997 orbe
1131 1960 1150 1998 :
1181 1944 1424 1998 catholici
1439 1952 1488 1999 te
1506 1942 1822 1998 conditorem
1838 1943 2064 2013 antiqua

473 2029 680 2066 rursum
708 2014 830 2081 ﬁdei
846 2023 1157 2086 uenerantur
1201 2025 1351 2084 atque
1387 2015 1710 2086 suspiciunt;
1742 2024 1814 2079 et,
1838 2015 1973 2084 quod
1997 2015 2064 2066 si-

475 2099 637 2168 gnum
665 2084 882 2168 majoris
909 2085 1092 2168 glorite
1113 2093 1208 2154 est,
1233 2101 1414 2168 omnes
1442 2084 1668 2168 hteretici
1691 2085 2013 2168 detestantur
2029 2123 2061 2168 Δ,

477 2163 526 2208 et
543 2157 754 2229 nte‘pari
778 2164 1158 2229 persequuntur
1177 2157 1336 2223 odio;
1358 2163 1414 2210 ut
1428 2173 1558 2226 quos
1578 2157 1768 2229 gladiis
1787 2164 2062 2226 nequeunt,

478 2173 620 2208 etme
639 2173 754 2225 pars
813 2173 957 2225 erseq

478 2231 591 2296 voto
623 2173 959 2296 interﬂuant.

555 2295 952 2369 Posset_'atierri
982 2297 1089 2354 alia
1114 2296 1278 2354 etiam
1299 2297 1636 2369 conjectura,
1665 2313 1787 2369 quae
1815 2307 1870 2352 et
1891 2313 1986 2365 per
2007 2311 2068 2353 se

480 2365 554 2420 sit
582 2367 896 2440 probabilis,
929 2377 984 2424 et
1011 2369 1238 2440 alteram
1267 2365 1454 2439 juvet:
1483 2365 1717 2440 scriptos
1745 2369 1954 2424 scilicet
1983 2383 2070 2423 re-

484 2437 744 2511 verathos
765 2439 932 2511 libros
959 2439 1220 2497 adversus
1243 2437 1609 2511 Augustinum
1633 2449 1754 2511 post
1787 2440 2070 2496 elucubra-

485 2517 570 2563 tos
613 2509 786 2581 libros
813 2509 881 2581 de
930 2519 1276 2581 peccatorum
1325 2509 1550 2576 Meritis,
1605 2509 1660 2567 et
1706 2511 2066 2577 Remissione,

484 2579 626 2649 quod
653 2590 801 2636 recte
830 2579 1184 2638 intellexisset
1204 2584 1502 2649 Mercator;
1525 2581 1703 2640 editos
1727 2592 1927 2645 tamen,
1957 2582 2069 2636 sal-

486 2659 596 2706 tem
625 2651 679 2706 in
703 2651 946 2719 Oriente,
971 2663 1180 2721 postea,
1211 2655 1434 2710 mentita
1457 2655 1637 2724 specie
1665 2664 1854 2710 contra
1884 2652 2074 2708 Hiero-

489 2737 743 2792 nymum;
777 2731 888 2778 tum
920 2725 1042 2792 quia
1087 2725 1359 2780 celebrior
1385 2733 1506 2780 erat
1548 2726 1602 2780 in
1629 2724 1849 2781 Oriente
1879 2725 2065 2781 Hiero-

489 2793 633 2866 nymi
677 2792 820 2866 fama
871 2809 1028 2866 quam
1080 2795 1400 2863 Augustini;
1460 2806 1572 2852 tum
1626 2796 1770 2866 quod
1825 2796 2072 2851 Graecum

489 2863 640 2937 Opus
671 2863 1286 2937 faciliusrccipiendum
1343 2867 1504 2934 foret,
1559 2863 1952 2937 legendumque
2006 2866 2074 2937 ab

491 2933 812 3006 hominibus
821 2932 1017 3006 _Gratce
1036 2932 1362 3002 scientibus,
1397 2932 1696 3006 praesertim
1729 2938 1785 2992 in
1829 2932 1894 2992 iis
1940 2936 2074 2992 locis

490 3004 544 3058 in
572 3004 766 3077 quibus
798 3003 1158 3077 Hieronymus
1188 3008 1363 3074 magni
1397 3003 1611 3077 quidem
1661 3017 1777 3063 erat
1819 3007 2072 3072 nominis‘,

493 3074 586 3130 sed
619 3089 722 3148 non
749 3074 1092 3131 mediocriter
1117 3077 1370 3132 invidiosi
1391 3074 1619 3148 {partim
1644 3078 1782 3146 apud
1809 3078 2071 3148 quosdam

495 3145 808 3207 monachos.
843 3155 954 3200 tum
978 3147 1308 3218 Origenisms
1335 3145 1442 3202 tuni
1477 3149 1652 3203 llulini
1684 3145 1864 3204 aemuli
1903 3159 2078 3204 secta-

497 3225 677 3292 tores;
705 3219 932 3292 partim,_
951 3227 1006 3273 et
1032 3218 1265 3292 maxime
1289 3218 1526 3292 quidem,
1561 3219 1700 3292 apud
1734 3219 2077 3292 presbyteros

493 3301 559 3362 ac
596 3290 878 3362 episcopos
905 3289 1127 3362 Joannis
1175 3289 1641 3362 Hierosolymitani
1670 3289 1909 3362 aulicos;
1955 3306 2079 3362 par-

496 3358 594 3412 tim
629 3359 790 3414 etiam
817 3360 956 3432 apud
985 3361 1129 3415 viros
1157 3361 1390 3428 alioquin
1415 3358 1606 3422 bonos,
1642 3361 1734 3414 sed
1767 3358 2078 3432 Pelagiano-

496 3444 614 3504 rum
645 3444 863 3485 causam
895 3431 1188 3504 elevantes,
1221 3433 1373 3501 quasi
1396 3432 1771 3487 vehementius
1792 3431 1954 3502 quam
1982 3447 2078 3504 pro

498 3501 882 3571 reiumomento
916 3501 1231 3571 agitaretur.

568 3569 771 3645 Opinor
800 3569 971 3640 igitur
989 3571 1330 3645 Theodorum
1357 3572 1747 3643 conscripsisse
1775 3573 1879 3631 hoc
1905 3574 2076 3645 Opus,

499 3641 1158 3715 Pelagianot-um_rogatu,
1187 3642 1451 3715 adversus
1494 3641 1778 3715 Augustini
1822 3641 1991 3701 libros
2009 3641 2079 3703 de

497 3722 854 3788 peccatorum
880 3713 1084 3788 Meritis
1113 3723 1167 3769 et
1195 3714 1374 3788 Hem.,
1423 3713 1651 3785 primum
1695 3717 1994 3788 praesertim
2024 3726 2079 3773 et

498 3781 748 3848 tertium;
771 3784 1002 3857 edidisse
1024 3800 1176 3857 vero,
1201 3787 1323 3841 licet
1345 3781 1481 3840 forte
1499 3788 1679 3857 aliqua
1697 3781 1858 3857 parte
1887 3787 2078 3843 immu-

498 3861 672 3929 tatos,
704 3863 760 3908 ut
786 3853 1022 3929 dialogis
1058 3856 1369 3929 Hieronymi
1410 3853 1762 3929 epistulasque
1801 3859 1869 3912 ad
1900 3858 2078 3914 Ctesi-

498 3924 751 3996 phontem
797 3924 1164 3996 responderet.
1197 3924 1334 3996 Quin
1382 3924 1543 3984 etiam
1597 3924 1687 3984 vix
1735 3944 1840 3985 non
1890 3944 2078 3986 assero

495 3994 721 4051 Marium
757 3994 1112 4070 Mercatorem
1166 3994 1272 4054 non
1319 3999 1616 4069 fragmenta
1659 4009 1904 4063 tantum,
1957 4017 2078 4070 qua:

495 4074 725 4141 quatuor
749 4068 1090 4141 exhibemus,
1117 4071 1212 4125 sed
1229 4070 1390 4126 etiam
1410 4068 1588 4124 totum
1608 4071 1776 4141 Opus,
1799 4068 1992 4126 saltem
2014 4087 2077 4128 ea

493 4134 670 4262 totum
700 4154 804 4211 qua
830 4141 882 4196 in
903 4134 1260 4212 Augustinum
1284 4141 1573 4213 pugnabat,
1609 4134 1878 4199 e'Gratcis
1905 4151 2080 4200 trans-

519 4223 549 4262 u
577 4223 703 4262 isse.

496 4216 703 4265 tulisse.

567 4280 1129 4356 Primammopinionis
1183 4298 1315 4340 mete
1345 4293 1574 4356 partem,
1619 4284 1762 4356 quod
1814 4283 2077 4343 adversus

493 4350 774 4424 Augustini
798 4350 964 4410 libros
989 4355 1058 4410 de
1081 4350 1419 4424 peccatorum
1435 4350 1710 4410 Meritis'et
1729 4355 1882 4412 Rem.
1901 4356 2078 4412 Theo-

491 4420 950 4496 dorusidlaboris
974 4420 1297 4496 susceperit,
1321 4427 1511 4496 probat
1533 4427 1717 4482 titulus
1731 4427 2069 4484 Mercatoris:

2163 1797 2426 1850 mortalem
2453 1812 2559 1850 non
2587 1811 2696 1851 esse
2725 1797 2944 1867 factum,
2970 1805 3031 1852 ut
3050 1797 3207 1852 simul
3229 1809 3497 1854 assereret
3517 1797 3756 1855 catholi-

2163 1869 2530 1942 cumhdogma,
2584 1881 2663 1942 e_x_
2685 1867 2960 1938 Scriptura
3009 1871 3148 1924 male
3189 1870 3460 1934 concludi.
3489 1882 3756 1942 excerpta

2167 1939 2192 2010 i
2218 1954 2233 2002 ;
2265 1936 2465 1992 divina:
2493 1936 2715 2010 iustitia:
2747 1936 3006 2008 pugnare,
3032 1949 3289 2010 excerpta
3313 1945 3378 2009 2;
3403 1953 3458 1998 et
3485 1936 3756 1999 adversus

2166 2009 2315 2079 leges
2342 2007 2623 2080 sapientia:
2647 2007 2892 2077 peccare,
2924 2020 3181 2080 excerpto
3201 2007 3263 2066 ’5.

2239 2081 2292 2155 5_.
2324 2079 2591 2155 Catholice
2619 2079 3158 2155 diase_rentem.__Usu_s
3185 2081 3370 2155 fuerat
3414 2084 3758 2155 Augustinus:

2169 2151 2310 2226 (Ltb._
2340 2151 2594 2226 tdepecc.
2626 2149 2802 2206 Merit.
2828 2151 3033 2226 σαρξὶ)
3059 2153 3260 2226 celebri
3284 2149 3577 2226 Scriptura;
3598 2156 3760 2211 testi-

2168 2223 2373 2284 monio,
2433 2223 2500 2293 (_n
2548 2237 2866 2292 quacumque
2907 2223 3376 2293 diecomederitis,
3406 2223 3592 2282 _morte
3638 2243 3760 2281 rno-

2167 2293 2372 2364 riemini
2404 2291 2612 2363 (Cenes.
2644 2309 2707 2359 ιι,
2743 2294 2851 2364 17).
2905 2294 2971 2348 ad
3005 2295 3334 2363 probandam
3361 2291 3760 2355 mortalitatem

2172 2362 2445 2418 hominum
2478 2378 2545 2418 ex
2572 2379 2790 2434 peccato
2812 2362 3077 2420 tluxisSe.
3107 2367 3402 2426 Contendit
3431 2369 3761 2424 Theodorus

2174 2437 2815 2511 primum,‘August_inu_m
2847 2450 2999 2511 usutn
3032 2450 3155 2511 esse
3183 2453 3463 2511 perperam
3485 2440 3761 2511 ejusmodi

2174 2453 2426 2503 primum,
2461 2453 2815 2505 nugusunum
2847 2453 2999 2490 usum
3032 2453 3155 2493 esse
3254 2455 3463 2511 rperam
3485 2453 3760 2510 ejusmodi

2171 2506 2482 2561 testimonio
2514 2523 2526 2559 :
2583 2509 2704 2574 quia
2751 2507 2908 2569 Deus,
2947 2507 3120 2576 inquit
3160 2453 3416 2634 (ripaue
3443 2510 3711 2583 excerpti)
3737 2550 3760 2578 ,

2174 2589 2279 2630 non
2335 2576 2491 2632 aliter
2527 2576 2634 2632 dici
2679 2576 2841 2633 debet
2889 2577 3122 2634 minatus
3209 2579 3369 2634 damo
3420 2583 3760 2634 inubedienti

2174 2589 2279 2630 non
2335 2576 2491 2632 aliter
2527 2576 2634 2632 dici
2679 2576 2841 2633 debet
2889 2577 3122 2634 minatus
3160 2576 3369 2638 Ada'mo
3420 2576 3763 2638 inubedienti

2174 2654 2423 2722 mortem,
2447 2660 2605 2722 quam
2635 2647 2914 2722 quomodo
2934 2655 2990 2702 et
3015 2649 3132 2719 ipse
3170 2652 3510 2722 postmodum
3551 2652 3765 2709 Judteis

2173 2718 2229 2772 in
2259 2717 2404 2793 lege,
2427 2727 2482 2773 et
2537 2719 2782 2793 homines
2831 2719 2990 2789 vulgo
3035 2717 3212 2778 solent
3245 2724 3620 2793 peccatoribus
3655 2725 3761 2780 niis

2176 2789 2327 2857 nari,
2359 2789 2410 2844 id
2436 2799 2538 2864 e_st,
2601 2804 2704 2864 non
2732 2789 2930 2864 _ipsa_m
2977 2789 3385 2864 possibilitatem
3442 2796 3706 2852 moriendi
3741 2839 3762 2864 ,

2175 2875 2336 2936 quant
2387 2861 2611 2931 quisque
2660 2859 2822 2916 habet
2868 2861 3182 2936 ingenitam,
3226 2865 3325 2922 sed
3368 2859 3767 2936 experientiam

2179 2931 2390 2995 mortis,
2421 2946 2579 3000 quam
2615 2946 2802 2987 omnes
2833 2935 3149 2989 exhorrent.
3205 2937 3407 2994 Deinde
3432 2931 3768 2994 sententiam

2180 3000 2272 3056 Dei
2301 3002 2901 3078 reutn_condemn_antis_
2932 3005 3125 3060 eodem
3175 3021 3336 3064 sensu
3388 3008 3764 3078 accipiendam

2104 3108 2150 3174 c
2181 3072 3218 3174 PRE"“E..‘.‘§'1";.'.'.".‘.‘fflLi‘i‘ipﬁrl‘E
3258 3072 3765 3174 P°"i"?.‘}'91"°52

2186 3154 2313 3208 tem,
2363 3160 2520 3212 qnam
2567 3161 2671 3215 qua
2699 3147 2763 3197 ad
2813 3145 3322 3206 laborent’etterra:
3373 3151 3658 3206 culturam.
3691 3156 3775 3210 At

2181 3217 2480 3292 posteriore
2518 3218 2640 3292 ista
2666 3219 2843 3292 procul
2873 3215 3048 3292 dubio
3067 3233 3172 3292 non
3205 3222 3468 3292 significat
3495 3221 3772 3279 Adamum

2183 3294 2293 3360 tum
2320 3289 2548 3354 primum
2578 3287 3051 3360 addictumiabori
3078 3289 3200 3360 ipsi,
3233 3287 3328 3348 scd
3355 3292 3525 3348 labori
3550 3292 3775 3348 sudori-

2181 3357 2286 3412 bus
2313 3373 2422 3434 _non
2455 3359 2825 3434 respondenti.
2857 3356 2988 3413 Nam
3017 3356 3198 3418 statim
3225 3378 3254 3418 a
3281 3361 3777 3434 conditioneposi-

2182 3436 2268 3484 tus
2312 3429 2506 3502 legitur
2532 3431 2586 3485 in
2617 3429 2883 3502 paradiso,
2940 3439 2997 3483 ut
3051 3443 3352 3502 aperaretur
3401 3442 3448 3488 et
3486 3429 3778 3491 custodiret

2181 3515 2296 3553 eum
2317 3499 2524 3571 (Genes.
2557 3499 2760 3570 ",15).
2793 3499 2934 3573 Ergo
2955 3499 3129 3573 neque
3156 3505 3338 3573 priore
3366 3504 3563 3561 indicat
3588 3505 3780 3561 homi-

2183 3585 2305 3645 nem
2328 3573 2506 3645 statim
2543 3581 2826 3645 apeccato
2870 3572 3070 3645 factum
3123 3572 3411 3631 obnoxium
3444 3575 3602 3632 morti
3634 3576 3776 3645 ipsi,

2182 3643 2276 3718 sed
2308 3643 2467 3697 morti
2488 3644 2758 3718 violentas,
2786 3650 2979 3698 etante
3001 3643 3143 3718 diem
3166 3647 3432 3715 patienda
3456 3665 3470 3700 :
3493 3643 3780 3718 siquidem

2182 3722 2238 3767 et
2264 3713 2424 3768 homo
2452 3730 2515 3770 ex
2550 3724 2693 3769 terra
2724 3714 2920 3779 factus,
2952 3724 3007 3770 et
3028 3713 3181 3771 fatali
3210 3718 3534 3774 necessitate
3559 3713 3625 3774 'in
3653 3728 3782 3775 ter-

2182 3799 2294 3839 ram
2327 3799 2642 3857 reversurus
2671 3793 2776 3848 est.
2809 3783 2951 3857 unde
2978 3786 3110 3841 dixit
3139 3787 3304 3856 Deus,
3353 3788 3512 3844 Terra
3536 3805 3610 3857 es,
3640 3799 3691 3844 et
3710 3791 3782 3847 iss

2182 3865 2372 3909 terram
2391 3853 2725 3932 ibit_(Genes.
2751 3870 2828 3932 nt,
2863 3855 2978 3927 19),
3000 3872 3116 3932 _non
3136 3853 3298 3932 item,
3313 3857 3471 3914 Terra
3491 3853 3612 3926 eris,
3639 3861 3783 3932 quia

2181 3927 2423 3998 peccasti,
2455 3927 2700 3982 dicturus
2730 3929 2935 3998 utique,
2969 3929 3013 3983 si
3041 3937 3168 3985 tunc
3201 3931 3427 3998 primum
3479 3927 3780 3990 mortalem

2183 3994 2420 4069 iecisset,
2449 3994 2880 4069 quandoquidem
2908 3994 3259 4057 iucommuhi
3315 4015 3567 4058 sermOne
3619 4001 3781 4060 idem

2181 4067 2402 4123 omnino
2429 4067 2534 4146 est,
2567 4067 2766 4146 terram
2812 4084 2955 4139 esse,
3005 4070 3148 4140 quod
3199 4072 3548 4129 resolubilem
3597 4087 3722 4132 esse
3751 4116 3778 4146 ,

2180 4147 2340 4208 atque
2377 4139 2512 4196 adeo
2546 4140 2852 4195 mortalem.
3030 4139 3036 4140 “
3753 4139 3774 4146 ⁷

2252 4218 2291 4285 ⁸-
2318 4208 2553 4285 Carpere
2576 4211 2791 4285 videtur
2812 4211 3188 4285 Augustinum,
3217 4213 3439 4285 perinde
3466 4217 3616 4285 quasi
3663 4230 3781 4285 pro

2180 4281 2478 4354 verbisDei
2505 4283 2668 4339 verba
2686 4282 2889 4340 diaboli
2902 4281 3255 4354 sumpsisset.
3281 4284 3341 4342 Si
3371 4281 3516 4341 enim
3563 4281 3780 4342 consu-

2181 4353 2323 4428 tatur
2361 4353 2929 4428 Hebraicus_textus,_
2954 4355 3221 4428 lectioque
3275 4355 3464 4412 Latina
3507 4357 3726 4428 vulgata
3753 4399 3779 4424 .

2180 4423 2348 4480 immo
2373 4437 2427 4480 et
2450 4427 2634 4482 στω
2662 4425 2990 4499 Symmachi,
3028 4423 3157 4480 usus
3181 4437 3265 4482 est
3294 4436 3538 4499 tentatur
3567 4423 3778 4499 plurali

491 4473 1166 4569 regnaifnﬁnguziggt
1175 4473 2073 4568 2;sana;sanaturus};
2103 4473 2154 4535 Ι)
2177 4473 2427 4562 magis;
2456 4473 3265 4569 satisaiaia'aéca;{an}?
3289 4473 3545 4569 ἑῑόξιιὶξιὲί
3567 4473 3775 4568 ’θ’ἕιῖέζ

491 4565 620 4633 folio
676 4564 897 4640 decimo,
944 4578 1124 4640 contra
1176 4579 1410 4640 sanctum
1459 4568 1822 4640 Augustinum,
1854 4564 1960 4625 etc.
2006 4571 2075 4626 Et

489 4648 621 4689 vero
633 4650 739 4711 _suo
781 4639 956 4707 primo
974 4710 984 4711 ί
1004 4639 1270 4711 tertioque
1297 4638 1436 4694 libro
1460 4638 1794 4711 Augustinus
1817 4641 2076 4711 quaestio-

491 4721 595 4794 nes
613 4708 680 4762 de
705 4719 880 4794 morte
911 4709 1103 4794 Adami
1120 4708 1218 4794 per
1241 4708 1651 4794 peccatum,:de
1672 4708 1924 4794 origin-ah
1950 4726 2074 4794 pec-

487 4789 634 4849 cato,
694 4786 750 4852 et
802 4781 1069 4852 baptismo
1101 4781 1400 4838 infantium
1457 4789 1788 4852 pertractat:
1846 4781 2070 4840 Photius

487 4858 668 4924 autem
695 4851 863 4907 libros
876 4851 1120 4924 quinque
1147 4869 1282 4923 quos
1306 4853 1438 4924 legit
1461 4852 1630 4924 fuisse
1643 4851 1820 4924 tradit
1852 4852 1921 4907 de
1947 4869 2072 4924 pec-

487 4931 624 5003 t-ato_
657 4921 1045 4997 baptismoque'
1073 4921 1385 4994 infantium,
1430 4932 1486 4980 et
1532 4921 1838 4979 adultorum
1870 4921 2073 4996 impec-

485 5000 681 5046 cantia.

556 5063 886 5138 Secundam,
918 5067 1059 5137 quod
1087 5067 1230 5125 editi
1259 5066 1459 5123 fuerint
1504 5066 1764 5122 adversus
1805 5065 2071 5138 Hierony-

481 5148 654 5201 mum,
678 5136 804 5210 licet
828 5136 964 5210 forte
989 5139 1320 5210 aliquatenus
1343 5138 1626 5204 immutati,
1654 5136 2067 5207 indicantsatis,

482 5213 598 5279 gum
630 5209 791 5279 verba
825 5209 996 5265 Pliotii
1018 5209 1087 5266 de
1113 5218 1357 5275 auctore,
1384 5224 1544 5279 quem
1565 5211 1825 5266 ementito
1850 5212 2068 5268 nomine

481 5275 798 5351 Theodorus
823 5280 1128 5351 impugnat;
1175 5289 1284 5332 tum
1312 5275 1453 5350 quod
1485 5291 1637 5338 certo
1677 5289 1892 5338 constet
1914 5280 2068 5338 Pela-

492 5346 694 5423 gianos,
725 5361 780 5407 et
807 5346 1049 5418 epistolas
1083 5346 1391 5423 l-lteronynii
1435 5353 1500 5406 ad
1538 5353 1966 5423 Ctesiphontem,
2013 5361 2068 5409 et

483 5416 652 5475 tribas
671 5416 896 5494 dialogis
917 5416 1302 5491 respondisse;
1329 5422 1426 5478 fuit
1445 5426 1589 5480 enim
1611 5416 1754 5494 apud
1777 5416 2063 5479 factionem

478 5494 768 5565 ejusmodi,
827 5494 1020 5565 sive_in
1062 5507 1215 5565 more
1271 5497 1528 5564 positum,
1576 5497 1690 5550 sive
1719 5495 1854 5565 legis
1896 5495 2066 5551 instar

476 5564 853 5636 constitutum,
883 5563 1016 5618 nihil
1046 5563 1251 5635 scripti,
1273 5563 1285 5564 ί
1311 5581 1418 5636 quo
1467 5563 1798 5636 peterentur,
1827 5567 1946 5620 sine
1977 5581 2064 5621 re-

475 5647 676 5698 lponso
707 5635 1010 5701 dimittere;
1063 5637 1228 5692 immo
1256 5635 1592 5694 adversarios
1635 5637 1723 5691 vel
1747 5639 2060 5705 responsio-

475 5720 602 5759 num
649 5706 808 5760 minis
834 5719 888 5784 a
926 5707 1212 5784 scribendo
1260 5711 1570 5774 deterrere,
1604 5708 1712 5773 vel,
1757 5707 1842 5764 sin
1883 5708 2060 5767 minus

475 5784 716 5842 possent.
742 5775 1078 5836 multitudine
1103 5782 1360 5838 librorum
1384 5791 1747 5846 prosternere.

2175 4581 2297 4622 cum
2337 4568 2494 4624 daret
2543 4567 2857 4624 mandatum
2913 4567 3217 4623 abstinendi
3263 4571 3331 4624 ab
3382 4567 3479 4625 esu
3532 4567 3776 4629 fructus.

2173 4637 2506 4708 Quamquam
2545 4639 2893 4711 Septuaginta
2946 4638 3138 4709 plurali
3168 4654 3381 4711 quoque
3419 4655 3651 4697 numero
3681 4643 3778 4697 in-

2174 4712 2453 4779 terpretati
2477 4719 2601 4782 sunt
2626 4709 3203 4782 Hebraicumttextum,
3231 4709 3339 4782 quo
3362 4711 3415 4766 in
3445 4711 3563 4766 loco
3593 4711 3777 4782 latere

2172 4793 2427 4904 aredanum
2464 4779 2741 4907 5quiddam
2771 4779 3000 4838 credidit
3028 4778 3346 4838 Ambrosius
3377 4782 3516 4854 (Lib.
3551 4783 3614 4837 de
3653 4781 3776 4840 Pa-

2172 4866 2232 4904 ra
2273 4892 2286 4904 .
2319 4867 2436 4907 can.
2529 4895 2542 4907 .

2169 4866 2286 4904 raa.
2319 4867 2436 4921 cap.
2464 4866 2542 4921 δ).

2242 4855 2286 4961 ἕ.
2312 4855 2778 4996 ἑξρίιὲἔϐθῃθείε
2805 4924 2925 4980 loco
2973 4923 3238 4996 conclusit
3269 4924 3398 4980 olim
3427 4926 3773 4996 Augustinus

2171 4993 2310 5064 (Lib.
2332 4994 2407 5066 Ade
2433 5010 2576 5065 pecc.
2613 4993 2790 5051 Merit.
2821 5012 2937 5065 cap.
2969 4995 3048 5066 2),
3081 5007 3307 5050 mortem
3338 4993 3583 5065 corporis
3629 5015 3778 5066 pec-

2170 5075 2291 5119 cato
2321 5064 2485 5139 [uisae
2502 5075 2862 5139 contractam.
2887 5064 3198 5132 ’Quidirunt
3224 5067 3388 5121 Adasn
3413 5064 3484 5121 sic
3506 5064 3768 5139 creatum,

2170 5137 2418 5209 utetiam
2467 5137 2575 5191 sine
2627 5139 2817 5209 peccati
2865 5139 3042 5191 merito
3087 5147 3412 5200 moreretur,
3464 5156 3568 5192 non
3611 5137 3774 5206 pinna

2170 5206 2356 5280 culpae,
2391 5210 2478 5262 sed
2504 5206 2798 5263 necessitate
2822 5218 3041 5274 naturae,
3080 5213 3309 5279 profecto
3347 5209 3484 5263 illud
3520 5211 3657 5280 quod
3711 5213 3772 5266 in

2169 5278 2279 5365 lege
2328 5281 2660 5365 dicturit_est,
2696 5280 2948 5365 Qua‘die
2994 5278 3219 5343 ederitis,
3264 5290 3424 5363 morte
3468 5278 3773 5365 moriemini

2170 5348 2376 5416 (Genes.
2412 5366 2470 5416 ll,
2501 5353 2612 5422 17),
2644 5368 2746 5404 non
2775 5351 2844 5404 ad
2883 5359 3093 5405 mortem
3126 5351 3380 5419 corporis,
3421 5353 3509 5406 sed
3540 5360 3771 5422 mortem

2167 5423 2374 5487 animae,
2405 5438 2520 5489 qute
2546 5420 2599 5476 in
2636 5433 2844 5493 peccato
2875 5425 2954 5491 ﬁt,
2977 5427 3171 5493 referre
3211 5433 3486 5487 conantur,
3517 5432 3622 5476 etc.
3653 5420 3772 5479 Le-

2166 5493 2359 5561 genda,
2392 5509 2510 5563 qum
2541 5494 2803 5547 habentur
2857 5495 2910 5547 in
2959 5492 3204 5549 eamdem
3258 5509 3371 5549 rem
3405 5493 3496 5547 lib.
3543 5507 3638 5547 xut
3691 5494 3773 5553 de

2166 5565 2325 5636 tjivit.
2357 5579 2478 5634 cap.
2503 5563 2594 5629 25,
2623 5573 2677 5618 et
2705 5564 2802 5636 lib.
2834 5580 2885 5619 xt
2909 5563 2976 5619 de
3024 5564 3219 5619 Genesi
3251 5565 3316 5616 ad
3344 5565 3576 5618 litteram
3625 5577 3763 5636 cap.

2164 5635 2254 5690 25.
2291 5637 2456 5689 Porro
2481 5635 2836 5706 Symmachus
2866 5636 2937 5690 ita
2967 5636 3128 5689 vertit
3149 5637 3324 5698 θνητὸς
3352 5656 3446 5706 san
3469 5675 3484 5699 ,
3522 5637 3772 5693 mortalis

2163 5709 2287 5778 eris,
2319 5722 2477 5778 quam
2507 5705 2809 5763 versionem
2837 5706 3048 5762 caeteris
3063 5708 3342 5778 anteponit
3367 5705 3771 5778 Hieronymus.
