3898 6276
676 189 737 283 5
765 213 1095 273 YMBOLUM
1131 211 1481 272 THEODORI
1520 210 2001 273 MOPSUESTENI
2040 210 2131 267 ET
2169 209 2335 268 EJUS
2372 209 2789 269 REFUTATIO.‘

3300 217 3400 273 2‘26

157 332 462 398 mortalibus,
486 330 691 388 inferre
709 333 903 387 mortis
919 330 1310 401 experientiam
1329 326 1711 395 comminatus,
1740 328 1795 390 Α
1889 324 1944 379 4.
1970 323 2124 382 Unde
2152 322 2219 379 ad
2250 334 2581 395 postremum
2610 332 3008 398 consequenter
3028 325 3246 398 adjecit,
3278 332 3401 399 quia

155 443 294 500 quam
336 427 495 482 etiam
535 424 691 493 juxta
718 438 927 479 morem
972 422 1205 494 propria:
1254 417 1603 491 benignitatis
1646 418 1716 476 ad

153 521 376 579 edoctum
404 517 704 587 perducere
752 515 985 571 distulit.
1018 513 1170 571 Sicut
1212 513 1358 570 enim
1387 526 1511 568 cum
1543 511 1714 569 dicit:

156 613 242 680 Qui
259 607 495 677 eluderit
525 607 751 662 hominis
776 608 1108 677 sanguinem,
1141 606 1353 677 sanguis
1376 608 1492 678 ejus
1530 621 1627 673 pro
1657 619 1716 660 eo

158 702 373 773 {trudetur
399 698 626 769 (Cenes.
658 714 734 765 tx,
757 697 827 770 6)
852 714 868 764 ;
897 714 1005 753 non
1035 698 1139 753 hoc
1164 697 1317 763 dicit,
1357 698 1480 767 quia
1505 696 1596 767 qui
1624 710 1718 753 oc-

154 794 322 849 ciderit
363 791 641 846 hominem
672 790 779 845 erit
809 790 1081 855 mortalis,
1115 790 1208 845 sed
1238 790 1364 859 quia
1393 789 1588 859 dignus
1629 795 1718 844 est

157 883 429 953 huiusmodi
459 892 638 938 morte
680 882 963 947 damnari;
991 882 1072 937 sic
1118 891 1172 937 et
1200 882 1254 936 in
1304 881 1715 950 praesentiarum

154 978 283 1041 dixit,
308 958 471 1031 Mori
496 976 825 1041 moriemini;
857 990 963 1030 non
992 976 1137 1045 quod
1179 983 1308 1029 tunc
1336 974 1592 1029 mortales
1621 974 1716 1028 tie-

156 1078 276 1137 rent,
297 1069 388 1125 sed
416 1070 561 1139 quod
607 1068 754 1138 digni
806 1075 993 1123 essent
1035 1067 1129 1136 qui
1160 1067 1357 1123 mortis
1385 1067 1713 1122 sententiam

155 1175 177 1204 ι
197 1180 282 1235 per
300 1162 785 1234 transgressionem
807 1160 1101 1217 referrent.

1819 428 1956 475 terra
1982 434 2058 485 es,
2085 428 2133 473 et
2159 419 2423 474 reverteris
2454 420 2508 473 in
2537 429 2726 474 terram
2756 420 2984 491 (Cenes.
3015 436 3094 487 ut,
3126 420 3245 493 17),
3277 424 3400 478 hinc

1818 513 1981 569 etiam
2013 512 2391 569 mortalitatem
2442 522 2652 571 natura:
2705 515 3047 587 signiﬁcans;
3098 533 3203 574 non
3254 520 3398 575 enim

1817 604 2136 672 immortali,
2171 612 2229 661 et
2272 620 2418 663 nunc
2466 608 2700 677 primum
2748 608 3028 680 incipienti
3074 616 3400 669 sententiam

1815 696 2012 753 mortis
2036 698 2310 767 excipere,
2343 699 2486 754 sicut
2524 701 2908 770 sapientissimi
2934 702 3249 760 defensores
3272 720 3399 775 pec-

1817 788 1929 845 cati
1955 788 2268 861 originalis,
2302 789 2469 846 immo
2510 792 2689 861 potius
2732 803 2913 865 patres
2944 796 3151 865 peccati
3183 798 3400 854 mirabi-

1818 882 1918 951 les,
1949 892 2288 953 asseverant,
2334 885 2655 942 vocabulnm
2700 887 2825 945 huic
2871 898 3020 946 teme
3064 892 3400 962 composuit;

1817 977 1914 1036 sed
1940 986 1999 1032 ut
2025 976 2095 1032 ab
2121 976 2348 1033 exordio
2376 979 2699 1035 naturaliter
2722 979 2915 1037 effecto
2942 984 3181 1054 mortali,
3214 986 3401 1055 appel-

1818 1074 2077 1130 lationem
2104 1074 2242 1130 hanc
2269 1089 2570 1146 congruere
2601 1076 2853 1132 indicavit
2878 1077 3059 1133 divina
3102 1080 3401 1149 Scriptura,

1820 1168 1922 1224 hoc
1963 1168 2031 1225 de
2062 1167 2373 1225 hominibus
2409 1168 2735 1224 vocabulum
2779 1170 2845 1225 ad
2882 1170 3250 1227 ostensionem
3283 1187 3403 1228 cor-

136 1256 141 1261 ’
210 1260 259 1314 5-
287 1255 387 1313 Sed
409 1265 464 1311 οι
483 1254 725 1310 άίνίηειῐι
746 1254 1076 1310 “uiciniam
1107 1267 1270 1323 (illam
1290 1258 1416 1322 Ρθδί
1435 1259 1714 1322 Peccatum
1816 1266 2089 1337 ruptibilis
2115 1275 2172 1323 et
2200 1266 2509 1323 resolubilis
2537 1282 2726 1324 eorum
2764 1274 2971 1323 naturae
3013 1268 3211 1337 saepius
3246 1281 3403 1322 assu-

156 1348 426 1409 DeusAda:
476 1347 683 1404 inferre
724 1347 941 1403 videtur
987 1345 1232 1401 adverte.
1262 1344 1352 1402 Sic
1401 1344 1543 1401 enim
1587 1344 1714 1401 dicit

1827 1374 1993 1415 mens.
2025 1358 2160 1414 Nam
2192 1360 2490 1415 recordatus
2511 1368 2606 1428 est,
2639 1358 2830 1429 inquit,
2858 1359 2982 1429 quia
3005 1360 3169 1429 puluis
3190 1374 3404 1426 sumus;

156 1443 339 1516 (Cenes.
368 1456 445 1509 ut,
489 1440 585 1511 17)
614 1460 630 1497 :
665 1439 803 1509 Quia
849 1438 1046 1493 audisti
1074 1453 1249 1493 vocem
1290 1438 1466 1492 uxoris
1514 1450 1639 1504 tute,
1667 1446 1714 1492 et

1827 1452 1969 1509 homo
1989 1494 2003 1519 ,
2035 1454 2170 1508 sicut
2216 1454 2421 1524 fenum,
2473 1453 2581 1508 dies
2620 1456 2762 1526 ejus,
2787 1460 2834 1507 et
2862 1452 2989 1507 sicut
3018 1454 3115 1522 ﬂos
3142 1453 3283 1524 agri,
3329 1453 3404 1507 ita

157 1537 391 1595 comedisti
418 1536 481 1590 de
509 1534 653 1607 ligno
678 1536 744 1589 de
768 1550 869 1604 quo
899 1549 1242 1605 praceperam
1268 1534 1357 1587 tibi
1383 1533 1447 1588 de
1485 1533 1580 1587 hoc
1602 1532 1714 1588 solo

1827 1545 2057 1613 ﬂorebit,
2088 1547 2212 1617 quia
2254 1546 2467 1617 spiritus
2518 1545 2848 1617 pertransivit
2892 1546 2945 1599 in
2971 1561 3060 1613 eo,
3090 1553 3137 1599 et
3176 1563 3279 1601 non
3306 1547 3404 1601 erit

156 1647 245 1685 non
276 1630 549 1697 consedere,
570 1644 637 1683 ex
682 1643 741 1682 eo
789 1627 1155 1683 manducasti:
1186 1628 1463 1682 maledicta
1496 1636 1633 1681 terra
1660 1628 1714 1682 in

1827 1638 2046 1710 amplius
2076 1638 2217 1693 locus
2239 1642 2353 1711 ejus
2376 1638 2395 1711 (
2415 1637 2558 1694 Psal.
2585 1654 2678 1704 CII,
2715 1637 2841 1710 15
2874 1638 3003 1694 Vult
3024 1648 3201 1694 autem
3225 1640 3405 1695 dicere

158 1719 359 1792 operibus
380 1720 507 1787 tuis,
537 1720 593 1773 in
622 1718 840 1773 tristitia
869 1718 1099 1773 comedes
1130 1734 1242 1773 eam
1281 1718 1514 1773 omnibus
1543 1718 1714 1772 diebus

1827 1730 1963 1803 quod
1990 1731 2374 1803 corruptibiles
2424 1740 2479 1787 et
2506 1731 2829 1787 resolubiles
2856 1745 3046 1786 omnes
3076 1744 3261 1787 sumus
3285 1773 3301 1799 ,
3350 1731 3404 1788 in

157 1816 407 1879 rituum;
449 1812 627 1884 spinas
672 1821 722 1866 et
750 1811 961 1866 tribulos
1004 1811 1231 1882 proferet
1256 1811 1369 1877 tibi,
1403 1820 1450 1865 et
1484 1810 1714 1865 comedes

1827 1822 2041 1879 modum
2066 1822 2179 1878 feni
2228 1838 2517 1893 parumper
2544 1823 2810 1891 florentis,
2855 1823 3240 1894 pereuntisque
3287 1831 3405 1893 post

155 1911 307 1978 fatum
326 1907 457 1979 agri,
485 1915 539 1961 et
586 1906 641 1959 in
692 1904 881 1960 sudore
923 1906 1096 1960 vultus
1141 1905 1217 1959 tui
1269 1904 1502 1960 comedes
1531 1920 1717 1977 panem
1819 1915 2115 1986 paululum,
2145 1914 2277 1970 Nam
2308 1915 2375 1970 ad
2423 1916 2594 1971 breve
2623 1914 2839 1985 quidem
2873 1924 3085 1985 tempus
3108 1916 3272 1970 vitam
3300 1915 3405 1971 du-

154 2011 305 2069 tum,
331 2001 487 2055 donec
505 2001 782 2055 revertaris
803 2001 857 2055 in
887 2009 1099 2055 terram.
1122 1999 1234 2055 Hoc
1262 2008 1441 2057 autem
1480 2015 1579 2071 per
1600 1998 1718 2056 haec
1820 2005 2027 2073 cimus;
2060 2006 2126 2062 ad
2169 2022 2281 2062 non
2320 2006 2659 2062 existendum
2704 2021 2833 2063 vero
2878 2006 3136 2078 deinceps
3184 2008 3406 2065 omnino

154 2096 482 2151 comminatus
518 2101 630 2163 est,
669 2093 814 2167 quod
841 2100 1207 2150 aerumnosam
1238 2093 1404 2150 vitam
1437 2093 1718 2149 habiturus
1819 2103 2184 2172 pervenimus.
2202 2101 2294 2158 Sic
2320 2101 2654 2159 etAbraham
2679 2113 2696 2156 ξ
2725 2100 2835 2174 Ego
2863 2118 2996 2169 sum,
3020 2102 3213 2173 inquit,
3247 2112 3404 2169 terra,

153 2198 299 2259 esset,
335 2205 449 2247 cum
476 2188 666 2246 labore
691 2188 948 2260 deinceps
974 2187 1179 2245 fructus
1208 2187 1276 2243 de
1298 2195 1445 2244 terra
1476 2194 1718 2256 sumptu-

152 2294 246 2345 rus,
272 2281 455 2353 quibus
482 2281 727 2337 aleretur
756 2290 813 2337 et
858 2279 1209 2347 subsisteret,
1243 2292 1587 2350 nequaquam
1620 2276 1719 2332 ba-

152 2375 302 2441 bens,
353 2385 409 2431 ut
458 2375 695 2446 pridem,
746 2383 949 2431 tantam
996 2374 1331 2446 propositam
1381 2374 1713 2445 largitatem,

152 2476 326 2537 quanta
369 2483 433 2524 ex
462 2467 703 2538 paradisi
745 2467 898 2538 copia
926 2466 1230 2523 fruebatur.
1272 2466 1391 2522 Non
1414 2466 1559 2522 enim
1589 2480 1719 2535 ope-

152 2560 243 2615 rari
288 2568 488 2615 terram
519 2573 625 2629 pro
655 2558 921 2629 supplicio
946 2558 1098 2615 dedit
1145 2559 1315 2626 Deus,
1341 2558 1494 2630 quasi
1522 2572 1587 2614 ex
1616 2557 1719 2614 im-

152 2649 348 2705 mortali
374 2658 563 2706 natura
588 2650 645 2705 in
671 2650 1060 2708 mortalitatem
1088 2651 1340 2707 homines
1362 2651 1712 2718 transferens,

152 2741 564 2813 quandoquidem
598 2751 654 2799 et
696 2742 1008 2811 paradisum
1050 2743 1099 2799 ei
1128 2752 1183 2798 ut
1230 2752 1529 2814 aperarctur
1550 2753 1598 2797 et
1627 2761 1719 2798 cu-

149 2836 370 2902 stodiret,
402 2836 589 2893 indixit
620 2836 845 2909 (Cenes.
876 2854 934 2903 tt,
969 2839 1036 2894 15
1059 2838 1115 2909 );
1145 2853 1247 2908 pro
1275 2847 1418 2893 tanta
1443 2845 1576 2894 vero
1609 2838 1717 2908 pri-

152 2928 273 2983 stina
317 2928 565 3000 largitate
609 2938 665 2986 et
708 2930 986 3001 voluptate
1030 2930 1308 3002 paradisi,
1355 2945 1713 2987 atrumnosam

152 3019 251 3089 ejus
292 3019 403 3076 fore
445 3023 898 3079 sustentationem
947 3022 1017 3080 de
1062 3034 1220 3080 terrae
1266 3023 1531 3080 fructibus
1567 3039 1717 3081 com-

1819 2212 1881 2251 ac
1909 2196 2039 2251 cinis
2070 2194 2282 2267 (Genes.
2313 2211 2465 2263 xvnt,
2493 2196 2620 2267 27),
2651 2210 2749 2265 pro
2777 2209 2845 2251 eo
2866 2210 2930 2253 ac
2957 2196 3006 2252 si
3031 2195 3256 2263 diceret,
3287 2195 3406 2253 Non

1819 2305 1942 2347 sum
1973 2290 2169 2361 dignus
2196 2305 2320 2346 cum
2363 2301 2511 2348 tanto
2544 2291 2654 2346 Deo
2686 2290 2951 2362 colloqui,
2984 2290 3147 2347 homo
3176 2290 3349 2348 factus
3374 2306 3408 2348 ο

1822 2390 1988 2449 terra,
2016 2392 2071 2438 et
2096 2383 2419 2439 omnimodis
2447 2384 2553 2441 hoc
2590 2383 2823 2439 futurus.
2873 2383 3041 2455 Magis
3069 2399 3197 2455 ergo
3221 2383 3408 2441 dicere

1820 2473 2027 2544 debuit,
2059 2476 2181 2546 quia
2219 2484 2359 2530 terra
2388 2476 2508 2541 eris,
2537 2484 2585 2530 et
2612 2477 2665 2529 in
2694 2484 2884 2531 terram
2909 2477 3204 2543 reverteris,
3232 2475 3406 2547 siqui-

1820 2564 1943 2622 dem
1968 2581 2109 2622 nunc
2138 2567 2369 2636 primum
2396 2568 2549 2623 fieret
2578 2575 2772 2622 natura
2805 2568 3070 2622 mortalis.

1990 2675 2410 2734 EXCERPTUM
2449 2674 2821 2733 SECUNDUM
2862 2674 3234 2733 THEODORI.

1886 2769 1971 2825 Ex
1997 2770 2218 2825 secundo
2246 2771 2443 2839 codice,
2475 2770 2604 2897 (gora
2622 2772 2797 2895 finio,
2829 2780 2948 2825 ante
2972 2779 3193 2840 quatuor
3224 2772 3349 2843 folia

2518 2859 2596 2896 nis
2645 2860 2659 2895 t
2696 2860 2762 2897 rt.

1894 2933 1945 2985 1.
1980 2942 2003 2971 ο
2038 2931 2145 2989 Sed
2178 2932 2307 2988 nihil
2341 2843 2895 3003 illortft'nwpgfsrpicere
2940 2931 3147 3005 [Balaz.
3193 2932 3412 3004 prospi-

1821 3024 1966 3098 cere]
1998 3024 2171 3096 potuit
2194 3022 2221 3063 ά
2253 3025 2515 3081 mirabilis
2552 3026 2759 3095 peccati
2806 3024 3084 3096 originalis
3129 3035 3369 3080 assertor
3393 3063 3409 3091 ,

155 3111 380 3168 minatur.
414 3112 548 3169 Nam
571 3128 798 3185 prorsus
827 3114 855 3154 δ
884 3116 1132 3173 mortalis
1158 3116 1353 3186 factus,
1384 3126 1441 3173 et
1470 3128 1596 3173 tunc
1623 3133 1717 3189 pa-
1744 3096 1790 3162 C
1820 3096 2018 3193 quippe
2064 3119 2155 3192 qui
2200 3120 2254 3176 in
2302 3120 2498 3177 divinis
2543 3120 2836 3191 Scripturis
2877 3134 3215 3189 nequaquam
3247 3118 3412 3175 fuerit

156 3204 297 3262 radisi
332 3205 599 3264 fructibus
636 3208 932 3279 indigebat,
979 3212 1118 3266 sicut
1152 3227 1295 3268 nunc
1319 3220 1479 3269 terrae
1508 3213 1715 3271 fructus

156 3298 380 3369 inquirit;
414 3309 470 3357 et
489 3317 595 3372 pro
622 3302 894 3374 supplicio
916 3303 1157 3375 pristinis
1184 3304 1459 3361 fraudatus
1483 3305 1714 3375 deliciis,

156 3387 243 3445 bac
264 3394 722 3451 :erumnosissima
744 3394 1281 3467 laboriosissimaque
1302 3398 1716 3456 conversatione

155 3482 435 3542 mulctatur.

1822 3214 2171 3279 exercitatus,
2201 3228 2301 3271 nec
2318 3214 2382 3268 ab
2401 3215 2644 3285 infantia,
2673 3213 2824 3283 juxta
2848 3214 2993 3269 beati
3014 3212 3165 3268 Pauli
3197 3226 3410 3280 vocem,

1819 3324 1993 3363 sacras
2022 3308 2254 3362 didicerit
2282 3310 2479 3363 litteras
2508 3307 2582 3379 (ll
2614 3308 2749 3362 Tim.
2781 3323 2859 3374 tn,
2899 3306 3013 3378 18).
3044 3305 3153 3363 Sed
3190 3306 3305 3362 sive
3343 3304 3413 3361 de

1821 3399 2113 3473 Scriptura:
2133 3400 2399 3465 sensibus,
2416 3400 2531 3457 sive
2551 3400 2618 3456 de
2642 3400 2893 3471 dogmate
2913 3413 3059 3470 stupe
3078 3398 3412 3463 declamans,

1818 3494 1987 3549 multa
2016 3494 2328 3564 frequenter
2357 3495 2535 3565 inepta
2566 3503 2591 3531 ε
2619 3493 2839 3565 proprie
2863 3492 3317 3557 communiterve,
3345 3490 3415 3545 de

1310 3579 1857 3640 CASTIGATIONES
1898 3582 1988 3639 ET
2024 3582 2260 3640 ΝΟΤιΕ.

221 3678 246 3749 ξ
275 3670 515 3749 ριξιηίιις
546 3673 711 3731 habet
736 3680 1274 3749 proitransgressione.
1318 3678 1475 3733 Eutr.

216 3739 241 3780 ιι
272 3743 433 3817 Habet
466 3754 523 3798 ut
548 3739 783 3801 mortalis
830 3739 1097 3813 Baluzius,
1143 3749 1504 3817 subnotatque
1532 3767 1545 3804 :
1579 3769 1598 3802 ι
1634 3751 1711 3808 lta

156 3815 500 3895 vetereslibr-i.
534 3817 826 3895 Canter-ius
854 3821 1036 3876 omisit
1061 3834 1246 3875 vocem
1279 3830 1363 3890 ut,
1397 3815 1557 3878 Neris
1588 3838 1709 3878 eam

157 3886 352 3939 mutavit
377 3886 429 3940 in
454 3888 553 3943 ita.
591 3906 611 3941 ι
649 3889 801 3947 Εοιτ.

218 3966 239 3995 ο
262 3954 594 4034 C_a_tbolicum
622 3959 813 4034 dogma
838 3961 905 4017 de
932 3962 1255 4018 mortalitate
1286 3961 1519 4019 hominis
1542 3978 1712 4034 oppu-

157 4037 262 4110 gnat
283 4026 744 4110 Tlteodorus,_vel
790 4048 855 4088 eo
902 4035 1132 4089 maxime
1178 4034 1300 4110 quia
1348 4034 1525 4110 iniqua
1572 4026 1710 4091 fo'ret

156 4102 390 4177 sententia
417 4102 535 4167 Dei,
569 4102 656 4172 qui
686 4113 884 4158 tantam
921 4119 1138 4177 pinnam
1183 4103 1446 4177 ejusmodi
1494 4116 1712 4177 peccato

156 4176 386 4246 irrogaret
412 4212 428 4238 ,
477 4186 601 4227 cum
651 4176 808 4246 unius
847 4177 1003 4246 culpa
1050 4176 1291 4231 lueretur
1331 4176 1399 4231 ab
1428 4176 1709 4244 omnibus;

157 4241 275 4325 quod
297 4240 495 4325 justum
528 4254 687 4325 negat
712 4240 1007 4315 Scriptura.
1043 4246 1238 4325 Levem
1261 4240 1713 4317 culpam,'nempe

158 4323 285 4387 esum
304 4317 464 4387 pomi,
490 4318 670 4384 gravis
691 4331 870 4385 pinna,
897 4332 1043 4373 mors
1066 4317 1708 4387 nimirum,sequeretur;

156 4382 278 4457 quod
302 4382 523 4453 aequitas
557 4382 719 4445 vetat.
754 4388 834 4442 Ad
867 4402 1057 4443 omnes
1078 4430 1093 4455 ,
1133 4403 1270 4455 quos
1315 4382 1455 4443 inter
1495 4382 1713 4457 plurimi

154 4455 380 4533 exstitere
401 4458 597 4533 sancti,
627 4457 759 4525 Noe,
790 4459 1081 4533 abraham,
1108 4459 1336 4533 Moyses,
1364 4455 1553 4525 David,
1577 4469 1712 4529 etc.,

154 4526 221 4575 ira
267 4526 351 4580 Del
394 4530 734 4596 pertineret,
785 4529 983 4584 frustra
1026 4526 1410 4585 obsistentibus
1438 4541 1510 4585 tot
1541 4526 1715 4587 tanto-

153 4607 351 4670 rumque
377 4600 612 4653 virorum
639 4601 844 4655 meritis
870 4612 1030 4670 atque
1056 4602 1341 4655 virtutibus
1364 4618 1379 4656 :
1407 4602 1546 4668 quod
1578 4603 1712 4657 divi-

155 4681 224 4719 na:
248 4669 536 4725 clementia:
569 4681 846 4741 repugnat.
881 4671 1093 4727 Primus
1113 4672 1290 4741 justus
1321 4671 1454 4727 Abel
1487 4672 1711 4741 primam

151 4740 424 4813 excepiSset
446 4741 638 4813 aliena:
665 4740 936 4812 injustitia:
962 4740 1286 4813 vindiCtam;
1313 4743 1452 4811 quod
1479 4740 1714 4811 cogitatu

151 4808 284 4863 nefas
310 4822 409 4865 est.
444 4812 699 4868 Diabolus
717 4808 929 4883 peccati
960 4808 1165 4882 primus
1202 4808 1391 4869 auctor
1428 4808 1587 4884 atque
1632 4816 1713 4870 in-

149 4889 343 4954 centor,
388 4884 712 4951 perstitisset
755 4884 1104 4940 nihilominus
1134 4884 1483 4950 immortalis;
1511 4886 1653 4954 quod
1679 4902 1712 4941 a

150 4952 334 5030 ratione
361 4955 951 5030 alienum__est._Enocl_t
992 4965 1236 5030 mortuus
1279 4970 1386 5012 non
1431 4952 1564 5030 est,
1589 4970 1713 5030 cum

149 5025 209 5075 sit
235 5031 402 5097 tamen
428 5025 717 5097 virtutibus
746 5026 904 5095 longe
932 5026 1154 5082 inferior
1183 5027 1389 5097 Moyse,
1415 5028 1714 5095 prOphetis,

149 5096 407 5168 apostolis.
438 5096 755 5166 ceterisque
784 5111 815 5151 a
847 5098 1013 5153 Paulo
1040 5099 1325 5154 celebratis
1350 5100 1709 5168 martyribus:

150 5161 322 5245 Quibus
367 5167 556 5245 dignus
579 5161 701 5245 _no_n
744 5178 851 5223 erat
894 5170 1121 5245 mundus
1149 5168 1415 5245 (Heb._xt_,
1442 5161 1553 5229 '58).
1586 5168 1717 5235 Qua:

149 5237 287 5311 igitur
311 5237 537 5306 aequitas
579 5237 709 5305 Dei,
758 5248 851 5293 aut
889 5237 1165 5311 quomodo
1197 5239 1336 5308 apud
1382 5240 1557 5311 ipsum
1592 5254 1715 5311 (non

146 5305 264 5361 foret
297 5305 540 5377 acceptio
579 5305 963 5378 personarum,
1004 5326 1126 5364 cum
1168 5305 1247 5365 ex'
1270 5305 1500 5376 posteris
1525 5309 1715 5367 Adami

146 5390 265 5433 unus
288 5380 505 5449 quidam
538 5382 716 5435 minus
740 5390 961 5436 sanctus
990 5382 1289 5449 eriperetur
1333 5390 1507 5437 morte
1526 5424 1539 5449 ,
1586 5397 1715 5436 san-

144 5452 384 5507 ctioribus
413 5452 718 5508 damnatis?
747 5452 802 5507 Si
836 5466 982 5508 mors
1010 5467 1167 5522 paena
1196 5452 1396 5517 peccati
1429 5462 1531 5517 est,
1563 5452 1721 5509 Chri-

142 5530 263 5584 stus.
292 5526 469 5593 potius
494 5524 585 5593 qui
615 5523 989 5579 sanctissimus
1012 5538 1171 5594 quam
1194 5523 1400 5588 Enocb,
1424 5523 1513 5593 qui
1548 5524 1722 5579 ruino-

142 5594 208 5665 ris
226 5594 469 5663 justitiaa,
500 5596 748 5650 debuerit
787 5611 815 5647 a
856 5594 1126 5650 communi
1165 5594 1483 5650 necessitate
1528 5595 1715 5665 eximi,

137 5662 267 5734 juxta
296 5668 579 5735 sapientia:
602 5665 796 5721 divinae
823 5666 989 5735 leges.

200 5736 324 5795 inde
353 5737 631 5797 concludit
662 5739 959 5801 naturalem
989 5752 1111 5797 esse
1139 5737 1447 5797 hominibus
1480 5740 1718 5797 mortali-

1742 4501 1795 4561 D

1820 3680 2229 3761 tatem;__idqt_te
2271 3681 2543 3761 sapienter
2581 3694 2612 3735 a
2654 3681 2766 3761 Deo
2806 3677 3184 3761 constitutum,
3213 3675 3414 3761 _quippc

1818 3767 1941 3809 cum
1974 3752 2104 3808 utile
2138 3748 2209 3807 sit
2236 3748 2396 3808 nobis
2432 3766 2498 3807 ex
2527 3751 2852 3807 mortalitate
2869 3751 2936 3806 ad
2960 3748 3414 3805 immortalitatem

1817 3824 2088 3892 aspirare:
2105 3824 2177 3878 ita
2192 3824 2491 3894 utprimum
2518 3824 2717 3879 terreni
2739 3832 2793 3878 et
2813 3822 3053 3877 mortalis
3074 3820 3287 3886 Adami,
3303 3828 3414 3894 tum

1817 3890 2011 3949 deinde
2031 3890 2277 3950 ctelestis’
2295 3904 2350 3949 et
2376 3894 2697 3948 immortalis
2722 3893 3008 3963 imaginem
3034 3906 3314 3963 geramus.
3349 3890 3415 3948 Et

1816 3979 1949 4041 vero
1969 3964 2218 4041 Christus
2240 3965 2352 4035 ipse
2374 3980 2437 4019 ex
2463 3963 2792 4041 imperfectis
2824 3960 2890 4017 ad
2927 3960 3161 4041 perfecta
3194 3974 3415 4041 progre-

1827 4035 2080 4091 diendum
2103 4050 2243 4104 esse,
2266 4034 2517 4104 exemplo
2541 4049 2641 4089 suo
2662 4034 3013 4104 monstravit;
3041 4047 3161 4086 nam
3187 4034 3415 4099 primum

1819 4120 1880 4161 se
1916 4115 2120 4161 natura
2161 4102 2399 4176 legisque
2430 4102 2746 4160 necessitati
2783 4102 3059 4176 submisit,
3084 4115 3312 4176 nascens
3348 4115 3416 4156 ex

1819 4176 2067 4247 muliere,
2100 4171 2397 4247 augescens
2433 4177 2754 4247 crementis,
2784 4173 3137 4247 circumcisus
3157 4214 3173 4236 ,
3202 4171 3415 4229 oblatus

1822 4246 1875 4301 in
1904 4244 2124 4317 templo,
2155 4244 2461 4317 parentibus
2488 4246 2770 4313 obediens,
2805 4255 2859 4301 et
2891 4244 3104 4301 tandem
3150 4252 3416 4317 mortuus.

1821 4315 2029 4373 Deinde
2062 4315 2268 4372 natura:
2308 4318 2546 4388 legisque
2574 4318 2873 4388 Dominum,
2901 4332 2960 4371 se
2991 4315 3269 4388 ostendit,
3292 4330 3415 4372 cum

1822 4388 2141 4444 immortalis
2168 4385 2403 4445 surrexit
2432 4385 2701 4458 sepulcro,
2729 4397 2783 4443 et
2812 4387 2880 4443 ad
2920 4388 3195 4443 dexteram
3239 4385 3415 4444 Patris

1822 4460 2148 4515 constitutus
2191 4464 2427 4515 omnium
2473 4457 2739 4527 potestate
2776 4460 2993 4529 potitur.
3030 4457 3111 4513 Ad
3148 4460 3261 4515 haec
3288 4472 3417 4515 con-

1821 4530 2013 4597 tendit,
2046 4547 2111 4585 ex
2130 4546 2207 4595 eo
2237 4531 2380 4601 quod
2410 4530 2643 4586 Verbum
2666 4545 2789 4586 cum
2815 4539 3007 4585 natura
3036 4532 3415 4586 mortalitatem

1820 4603 2197 4671 assumpserit,
2230 4617 2328 4657 nec
2351 4612 2527 4657 tamen
2558 4602 2911 4670 assumpserit
2939 4615 3248 4671 peccatum,
3283 4616 3417 4654 cono

1822 4673 1910 4796 lic:
1956 4674 2336 4800 mogalitatem
2387 4675 2442 4729 in
2486 4681 2674 4729 natura
2726 4686 2869 4739 esse,
2910 4680 3188 4743 peccatum
3217 4670 3268 4724 in
3302 4672 3416 4726 sola

1822 4758 1889 4797 vo
1915 4754 2038 4799 nuta
2103 4783 2117 4797 .

1822 4754 2117 4799 votuntate.

1892 4812 1920 4851 ά
1956 4815 2240 4879 Incertum,
2272 4814 2339 4869 ad
2363 4828 2523 4885 quem
2547 4828 2579 4871 e
2605 4813 2815 4869 duobus
2858 4812 3166 4869 doctoribus
3205 4820 3417 4885 spectet

1822 4885 2017 4941 oratio.
2052 4882 2408 4954 Exprobratio
2432 4886 2575 4941 enim
2606 4900 2728 4956 qua:
2755 4885 3023 4955 sequitur,
3041 4897 3245 4956 nempe
3270 4882 3415 4956 quod

1822 4966 2062 5013 assertor
2085 4952 2177 5012 ille
2207 4956 2411 5028 peccati
2437 4952 2737 5028 originalis,
2769 4952 3085 5028 ab'infantja
3116 4967 3295 5008 sacras
3327 4952 3415 5007 lit-

1822 5035 1968 5083 teras
1996 5043 2106 5083 non
2136 5024 2407 5095 didicerit,
2438 5037 2497 5083 ut
2524 5024 2752 5093 tangere
2798 5024 3410 5097 possitrﬂieronymum,

1821 5098 2274 5168 quemadmodum
2307 5108 2454 5168 patet
2493 5114 2560 5155 ex
2606 5095 3081 5168 Photio'kmelius
3110 5104 3329 5168 _tamen_
3362 5096 3414 5152 in

1826 5164 2179 5240 Augustinum
2205 5164 2369 5233 cadit,
2397 5169 2551 5241 juxta
2582 5179 2817 5241 mentem
2838 5164 3147 5241 _Theodori,
3186 5174 3281 5241 aut
3305 5165 3413 5241 _im.

1821 5235 1993 5312 perite
2027 5252 2119 5296 aut
2147 5241 2379 5312 maligne
2398 5235 2590 5311 potius
2614 5237 2922 5312 loquentis:
2954 5237 3093 5291 sicut
3114 5244 3169 5292 et
3191 5235 3324 5312 illud
3352 5239 3414 5293 de

1820 5309 2077 5383 potentia:
2126 5309 2601 5368 motn'intentato.
2650 5309 2783 5383 Nam
2845 5318 3129 5383 utrumque
3158 5309 3414 5383 _maxime

1823 5377 2166 5439 sanctissimo
2192 5384 2400 5439 doctori
2428 5398 2522 5451 per
2553 5382 2878 5437 calumniam
2916 5377 3117 5449 objecit
3150 5378 3414 5447 Julianus,

1861 5458 1911 5508 tti
1940 5456 2008 5510 ad
2034 5456 2377 5512 Theodorum
2401 5456 2469 5509 de
2498 5452 2815 5524 Augustino,
2847 5451 3062 5524 scriptis
3089 5453 3413 5524 primumex

1873 5527 2135 5594 ccidente,
2166 5525 2359 5582 deinde
2386 5520 2632 5579 familiari
2656 5537 2909 5579 sermone
2931 5524 2982 5577 in
3002 5521 3186 5577 Cilicia
3203 5520 3413 5594 retulit.

1898 5608 1923 5635 ε’
1947 5591 2131 5664 Noris,
2158 5598 2448 5665 proposuit,
2481 5598 2742 5649 contraria
2769 5594 3000 5651 uidelicet
3031 5594 3156 5665 ipsis
3190 5591 3412 5665 Scriptu-

1819 5684 1896 5797 ἕο
1924 5663 2265 5740 dogmatibus,
2297 5684 2412 5739 qua:
2448 5667 2682 5740 pluribus
2720 5663 3061 5740 impudenter
3084 5663 3409 5736 exprompsit.

1866 5756 1998 5796 ALUZ
2150 5792 2155 5797 .

1866 5756 1998 5796 ALUZ

3464 5155 3499 5385 ἱ

3468 5384 3490 5447 i
