3898 6276
159 246 247 310 ΠΕ
727 238 1105 298 δωυοιυΜ
1143 232 1494 295 TIIEODORI
1531 232 1712 292 MOPS

1826 231 2011 289 ΞΊῈΝΙ
2055 233 2142 291 ΕΤ
2181 234 2346 294 EJUS
2384 235 2802 296 REFUTATIO.

3291 243 3401 304 23!)

159 361 506 442 insanierint,
538 362 646 418 non
676 359 829 417 facile
872 361 1162 416 numerare
1203 359 1324 431 quis
1368 358 1586 430 poterit.
1631 356 1711 412 Ex
1736 358 1789 420 Α
1815 366 1933 414 ctor
1957 358 2196 412 omnium
2225 356 2490 412 bonorum
2515 348 2822 412 homrnibus
2850 355 3026 414 factus
3052 364 3152 425 est,
3173 362 3398 417 utsicut

159 460 329 530 quibus
353 471 482 513 cum
505 455 744 512 maxime
781 455 1132 511 considerare
1166 459 1532 516 convenerat,
1569 449 1713 521 quod

159 551 293 618 valde
327 547 602 604 videretur
629 547 1003 617 incongruum,
1033 545 1168 611 Noe,
1198 543 1493 610 Abraham,
1521 541 1710 607 David,

160 643 380 714 Moysen,
409 645 467 696 et
502 639 741 710 reliquos
783 639 1206 694 innumerabiles
1241 638 1420 707 iustos
1451 634 1713 691 obnoxios

161 747 312 807 pana;
336 731 578 788 redditos
606 741 634 769 α
665 731 932 787 obuius
950 731 1243 796 delictum,
1270 739 1324 786 et
1354 735 1516 784 unum
1552 735 1713 798 atque

161 843 216 884 ex
243 831 387 896 gustu
415 824 628 880 arboris
656 833 935 894 peccatum
967 822 1184 894 [Belum
1210 821 1418 877 arboris
1449 820 1716 891 approba-

163 917 303 991 tum];
326 926 380 972 et
407 916 551 987 quod
582 917 683 984 sic,-
714 917 852 972 ultra
883 916 1108 972 modum
1129 914 1374 985 justitim,
1396 913 1534 968 iram
1557 926 1710 967 suam

161 1010 283 1066 Dens
305 1007 615 1063 extenderet
641 1007 851 1080 [Belum
868 1005 1217 1078 estetider'rt],
1241 1006 1314 1060 ita
1333 1003 1432 1060 utb
1445 1011 1523 1059 tot
1538 1003 1714 1074 justo-

163 1101 739 1156 rtttn-virtutes'cunctas
763 1099 1042 1171 abjiceret,
1069 1104 1293 1169 eoaque,-
1311 1106 1532 1168 propter
1550 1096 1712 1154 unius

162 1199 408 1262 peccatum
433 1191 587 1258 Adae,
621 1200 771 1246 tanto
798 1191 1061 1262 supplicio
1089 1191 1438 1260 mancipat-et.

220 1287 271 1342 ι.
291 1285 428 1340 Νεπν
446 1286 548 1340 etsi
579 1286 710 1342 nihil
741 1285 890 1341 aliud
906 1294 1094 1342 mente
1120 1284 1491 1356 perpendens,
1519 1283 1710 1338 saltem

163 1379 222 1436 de
244 1379 363 1436 Abel
392 1377 601 1452 [Baluz.
630 1380 792 1446 aliud;
829 1379 1019 1436 saltent
1057 1380 1126 1435 de
1169 1379 1303 1436 Abel
1347 1376 1546 1448 mente]
1583 1391 1713 1432 eon-

163 1472 410 1526 venieuter
435 1471 703 1526 mstimare
731 1471 1012 1537 debuerat,
1041 1473 1128 1540 qui
1153 1471 1358 1542 primus
1389 1471 1565 1541 justus
1599 1470 1713 1525 exi-

165 1574 310 1628 mus,
333 1561 530 1632 primus
557 1569 802 1618 mortuus
828 1573 934 1630 est,
954 1571 1009 1618 et
1029 1563 1301 1634 siquidem
1316 1571 1546 1617 mortem
1569 1561 1711 1616 Deus

165 1664 396 1710 subierat
413 1655 484 1708 ad
503 1668 718 1724 prunam
747 1655 1061 1709 hominum:
1093 1654 1370 1724 quomodo
1389 1667 1495 1709 non
1524 1651 1711 1720 impie-

1811 448 1982 504 Adam
2010 448 2168 519 primi
2198 457 2252 504 et
2276 448 2517 504 mortalis
2542 457 2717 504 status
2734 451 2941 506 exstitit
2972 451 3286 518 imbuatur,
3316 454 3390 508 ita

1811 550 1866 597 et
1889 541 2001 611 ipse
2019 539 2242 597 secundi
2265 548 2320 596 et
2345 541 2662 598 immortalis
2683 548 2860 598 sttusf
2871 543 3107 598 existens
3129 544 3394 614 initiatos,

1811 632 2064 704 primitus
2087 631 2226 687 Adae
2249 633 2442 702 prioris
2470 634 2732 688 naturalia
2761 633 3090 700 custodiret;
3124 634 3254 690 dum
3293 651 3391 691 na:-

1811 724 1978 781 scitur
2014 739 2082 780 ex
2121 725 2378 790 muliere;
2419 723 2546 780 dum
2577 726 2763 796 pannis
2794 724 3106 796 involvitur,
3135 738 3187 782 et
3210 728 3393 798 paula-

1811 819 1909 874 tim'
1929 819 2101 873 aetatis
2127 819 2457 874 incrementa
2486 820 2710 874 sortitur
2734 836 2749 875 :
2781 819 2808 857 α
2832 819 2984 875 Jesus
3007 822 3162 887 enim,
3190 821 3363 892 inquit
3389 863 3403 886 ,

1813 911 2108 982 proﬁciebat
2133 921 2301 980 (etate,
2332 920 2378 966 et
2403 913 2678 982 sapientia,
2702 921 2750 968 et
2787 915 2952 987 gratia
2987 929 3162 969 coram
3199 914 3307 970 Deo
3356 922 3404 969 et

1812 1003 2100 1059 hominibus
2127 1002 2281 1074 (Luc.
2315 1019 2380 1069 rt,
2407 1003 2530 1075 52);
2561 1005 2685 1061 dum
2725 1007 3184 1064 circumcisionem
3221 1008 3393 1063 susci-

1812 1094 1924 1166 pit;
1950 1097 2076 1152 dum
2097 1096 2252 1168 juxta
2276 1097 2504 1169 legalem
2529 1100 2971 1156 consuetudinem
3002 1101 3112 1156 Deo
3136 1100 3310 1158 astitit
3337 1101 3390 1158 in

1813 1189 2038 1258 templo,
2069 1190 2486 1259 parentibusque
2529 1191 2846 1260 subjicitur,
2891 1200 2946 1250 et
2988 1193 3392 1251 conversationi

1812 1277 2065 1348 legitima:
2097 1280 2447 1352 mancipatur.
2479 1281 2568 1334 Sic
2591 1282 2770 1346 etiam,
2797 1282 2862 1336 ad
2883 1283 3242 1354 expletionem
3265 1284 3395 1340 reli-

1813 1387 2057 1443 quorum,
2088 1383 2139 1428 et
2161 1384 2408 1440 mortem,
2433 1383 2616 1442 utpote
2642 1385 2846 1430 natura:
2875 1377 3149 1443 tributum,
3182 1386 3395 1448 postre-

1814 1479 1904 1519 mo
1933 1451 2188 1535 suscipit:
2229 1474 2287 1520 ut
2331 1466 2624 1520 secundum
2673 1461 2844 1536 legem
2894 1467 3140 1523 humanm
3187 1476 3394 1524 naturai

1813 1555 2050 1611 moriens
2070 1599 2084 1624 ,
2117 1566 2171 1611 et
2196 1569 2224 1611 a
2251 1557 2478 1611 mortuis
2505 1557 2682 1612 divina
2715 1559 2907 1612 virtute
2935 1572 3221 1628 resurgens
3241 1599 3255 1624 ,
3288 1557 3391 1614 ini-

1812 1648 1948 1702 tium
1976 1649 2183 1704 cunctis
2219 1649 2544 1717 hominibus,
2576 1649 2665 1719 qui
2695 1659 2922 1704 mortem
2951 1651 3240 1707 secundum
3269 1665 3395 1722 pro-

166 1750 271 1804 latis
289 1751 689 1816 eratextremte,
715 1747 1130 1818 viverequidem
1153 1763 1305 1810 eum,
1321 1747 1411 1816 qui
1435 1745 1532 1800 fuit
1550 1757 1711 1799 causa
1741 1734 1790 1795 Β
1817 1743 1987 1810 priam
2025 1751 2268 1797 naturam
2312 1743 2638 1812 suscipiunt,
2674 1742 2847 1808 licret,
2881 1754 2936 1798 ut
2965 1751 2994 1798 a
3025 1745 3248 1800 mortuis
3276 1759 3396 1800 snr-

165 1844 362 1914 peccati,
389 1841 578 1898 virere
601 1843 762 1896 etiam
795 1855 916 1896 cum
949 1841 1040 1895 illo
1065 1847 1121 1895 et
1159 1840 1323 1895 Evam
1364 1838 1580 1893 malitiae
1619 1850 1709 1891 re-

167 1932 452 2005 pertricem?
481 1933 844 1987 Praetermitto
871 1939 1047 1986 autem
1077 1930 1351 1986 diabolum
1389 1929 1449 1984 in
1484 1929 1709 1984 immor-

166 2026 345 2081 talitate
359 2025 613 2080 hactenus
637 2023 1040 2093 perdurantem;
1064 2022 1294 2092 primum
1315 2030 1490 2074 autem
1505 2019 1714 2089 justum

169 2127 568 2188 repertoremque
591 2115 830 2181 virtutis,
856 2115 1196 2184 primumque
1220 2112 1385 2168 divini
1416 2111 1594 2167 cultus
1619 2125 1714 2164 cu-

165 2225 274 2267 ratn'
298 2215 592 2280 gerentem,
620 2219 764 2264 ante'
786 2223 1005 2276 omnes,
1041 2217 1064 2246 ο
1102 2219 1260 2276 poena
1301 2204 1506 2276 [Buluz.
1552 2200 1712 2273 pene]

164 2303 464 2371 peccantium
489 2299 654 2356 fuisse
674 2302 1001 2372 perculsum.

226 2395 272 2449 5.
298 2378 578 2464 Oportebat
609 2399 819 2457 autem,
855 2389 1307 2463 sapientissimum
1347 2388 1518 2443 virum
1553 2393 1607 2441 et
1645 2385 1714 2440 de

163 2484 353 2549 Enoclt,
378 2486 465 2552 qui
493 2499 600 2539 non
631 2495 716 2539 est
743 2493 1018 2550 mortuus,
1050 2468 1337 2546 diligenter
1383 2476 1710 2546 expendere.

162 2575 264 2632 Non
290 2577 422 2632 enim
449 2583 594 2631 tanta
626 2576 824 2631 virtute
854 2575 938 2629 vel
971 2574 1166 2644 pietate
1192 2572 1448 2642 praeditus
1476 2570 1570 2625 luit
1597 2610 1612 2634 ,
1655 2577 1716 2623 ut

162 2669 334 2725 melior
368 2670 608 2724 omnibus
656 2669 943 2732 existeret,
988 2665 1167 2737 Moyse
1206 2664 1326 2718 dico
1355 2673 1408 2718 et
1438 2661 1712 2732 prophetis

159 2764 498 2832 apostolisque
522 2762 600 2817 vel
627 2761 845 2830 reliquis
881 2759 1128 2818 omnibus
1157 2758 1224 2814 de
1253 2757 1446 2828 quibus
1480 2757 1553 2810 ait
1588 2755 1714 2810 bea-

160 2853 388 2908 tissimus
432 2853 657 2908 Paulus:
712 2851 907 2916 Quibus
953 2850 1140 2921 dignus
1186 2865 1288 2902 non
1342 2857 1448 2902 erat
1493 2847 1713 2900 mundus

161 2943 314 3014 (Heb.
344 2958 421 3011 x1,
451 2945 565 3015 58):
597 2944 676 2999 ita
701 2954 782 3009 ut,
815 2943 918 2997 illis
953 2941 1218 3008 mortuis,‘
1246 2940 1363 3009 ipse
1410 2938 1556 2993 solus
1597 2939 1718 2993 sine

162 3037 330 3090 mortis
350 3035 678 3104 experientia
700 3033 1036 3104 perduraret.
1067 3030 1174 3088 Sed
1197 3032 1306 3100 jam
1337 3029 1403 3082 ab
1430 3027 1581 3083 initio
1613 3027 1715 3082 hoc

1812 1844 1958 1906 gant,
1988 1843 2046 1891 et
2071 1837 2135 1890 ad
2178 1837 2529 1892 im‘m-ortalem
2577 1839 2926 1894 substantiam
2973 1848 3394 1897 commutentur.

1883 1929 1935 1982 8.
1965 1927 2115 1982 Sicut
2143 1929 2284 1982 enim
2330 1929 2634 1985 conformes
2679 1931 2810 1986 Adre
2854 1932 3147 1990 secundum
3195 1941 3392 1991 statum

1814 2031 2134 2102 praesentem
2162 2037 2344 2078 sumus
2374 2039 2560 2080 omnes
2590 2025 2788 2090 ell'ecti,
2817 2027 2895 2081 sic
2923 2025 3138 2082 Christo
3167 2027 3396 2102 Domino

1815 2099 2020 2186 jBaluz.
2045 2113 2193 2180 juxta
2223 2111 2461 2184 carnem]
2487 2115 2792 2171 conlormes
2814 2116 3115 2172 elliciemur
3137 2117 3192 2172 in
3218 2099 3398 2190 poste-

1813 2223 1971 2263 rum:
2013 2206 2417 2275 Transﬁgurobit
2455 2207 2588 2260 enim
2633 2223 2818 2278 corpus
2861 2209 3166 2264 humilitatis
3211 2221 3398 2266 nostrw

1815 2304 2100 2371 conformes
2126 2299 2240 2368 ﬁeri
2263 2299 2491 2370 corporis
2518 2300 2694 2368 gloritc
2719 2310 2826 2354 sum
2854 2300 3020 2372 (Phil.
3053 2316 3132 2370 tu,
3165 2301 3294 2370 ειη
3321 2312 3397 2370 et,

1819 2391 2000 2456 Qualis
2027 2399 2275 2460 terrenus,
2292 2389 2419 2443 tales
2447 2399 2492 2443 et
2521 2391 2741 2457 terreni;
2767 2399 2813 2445 et
2834 2392 3000 2463 qualis
3020 2393 3249 2460 caelestis,
3275 2395 3399 2450 tales

1813 2491 1864 2537 et
1890 2483 2142 2548 caelestes;
2168 2491 2214 2536 et
2239 2482 2369 2536 sicut
2399 2483 2705 2553 portavimus
2731 2485 3005 2556 imaginem
3026 2487 3250 2552 terreni,
3278 2503 3399 2556 por-

1817 2585 1972 2629 temus
2014 2577 2168 2629 etiam
2211 2575 2480 2646 imaginem
2520 2576 2730 2630 cmlestis
2754 2576 2806 2644 (Ι
2836 2575 2962 2630 Cor.
2982 2592 3070 2644 xv,
3095 2577 3166 2632 48
3190 2589 3237 2632 et
3264 2578 3395 2650 49):

1815 2667 2103 2742 ostendens
2141 2665 2282 2736 quod
2313 2665 2471 2736 primi
2517 2674 2688 2721 status
2730 2667 2859 2722 Adm
2901 2668 3186 2738 participes
3235 2669 3395 2738 lacti,

1817 2757 2124 2811 necessario
2153 2755 2310 2812 etiam
2337 2756 2554 2812 secundi
2585 2756 2716 2813 Adae
2745 2758 2939 2814 Christi
2967 2759 3177 2816 Domini
3207 2777 3396 2819 secun-

1817 2851 1944 2904 dum
1974 2865 2213 2914 carnem,
2243 2850 2401 2904 futuri
2430 2859 2602 2906 status
2625 2851 2964 2921 participium
2989 2854 3392 2924 consequimur:

1819 2951 2006 3013 utpote
2018 2943 2105 3012 qui
2125 2958 2190 2997 ex
2211 2943 2314 2997 hae
2325 2942 2512 2997 eadem
2527 2952 2714 2998 natura
2730 2951 3186 3016 eonstetexortus,
3199 2956 3255 3002 et
3267 2962 3400 3004 eum»

1820 3042 1931 3098 cla,
1946 3049 2064 3102 qua:
2088 3033 2294 3088 fuerant
2317 3040 2543 3100 naturae,
2562 3035 2888 3104 susceperit;
2911 3043 2966 3090 et
2985 3035 3107 3092 ideo
3128 3036 3398 3095 sustinue-

165 3130 286 3185 Deus
311 3129 506 3201 [Baluz.
539 3130 681 3184 Deus
718 3126 840 3199 hoc]
889 3125 1076 3180 habuit
1118 3097 1258 3194 apud
1307 3137 1366 3178 se
1408 3121 1712 3190 deﬁnitum,
1741 3097 1787 3163 (ἶ
1823 3128 1892 3182 rit
1921 3097 2184 3191 mortem,
2216 3134 2274 3180 ut
2309 3097 2538 3182 mortem
2566 3097 2769 3183 natura:
2788 3097 3104 3198 suscipiens,
3127 3138 3228 3186 eta
3250 3146 3397 3187 mor-

163 3229 213 3276 ut
236 3223 444 3291 primum
469 3220 685 3292 quidem
709 3219 964 3274 mortales
986 3217 1194 3284 tierent,
1222 3215 1562 3285 postmodum
1587 3229 1716 3270 vero

165 3312 530 3368 immortalitate
569 3312 898 3384 gauderent,
930 3311 1010 3366 sic
1047 3309 1113 3365 ad
1150 3308 1434 3364 utilitatem
1480 3315 1718 3362 nostram‘

165 3405 259 3461 ﬁeri
286 3405 392 3476 ipse
418 3406 736 3476 disponens.

222 3498 266 3551 6.
291 3496 350 3551 Et
370 3507 477 3567 post
494 3495 787 3568 paululum.
808 3479 1162 3559 Manifestius,
1187 3491 1372 3559 inquit,
1392 3489 1507 3544 hzec
1526 3488 1716 3546 eadem

165 3586 285 3644 Deus
310 3589 556 3654 ostendit,
588 3603 709 3643 cum
742 3586 1001 3641 transfert
1028 3583 1237 3649 Enoclt,
1271 3591 1327 3638 et
1356 3581 1708 3636 immortalem

165 3679 285 3735 facit.
313 3680 438 3735 Nam
467 3681 512 3734 si
546 3693 642 3750 per
672 3688 946 3748 peccatum
975 3691 1134 3730 causa
1169 3673 1418 3744 supplicii
1459 3674 1598 3728 Deus
1632 3674 1712 3728 in-

165 3772 266 3829 tulit
289 3777 524 3838 mortem,
557 3787 658 3830 nec
697 3772 824 3826 olim
867 3770 1143 3825 deﬁnitum
1192 3767 1294 3821 hoc
1344 3766 1526 3820 habuit
1570 3764 1712 3833 apud

165 3877 248 3929 se.
285 3865 617 3920 inellabiliter
654 3877 753 3934 pro
799 3862 982 3927 nobis,
1013 3861 1162 3930 juxta
1191 3857 1462 3928 propriam
1494 3857 1710 3927 sapien-

164 3957 294 4024 tiam,
321 3967 504 4013 cuncta
537 3957 876 4026 dispensans,
909 3966 1240 4022 nequaquam
1274 3949 1460 4004 Enoch
1494 3949 1710 4019 quidem

166 4047 448 4104 Immortalis
493 4049 781 4112 existeret;
827 4046 1087 4100 Dominus
1133 4051 1312 4097 autem
1357 4042 1604 4096 Christus
1648 4041 1716 4097 ad

166 4142 327 4196 mortis
350 4141 732 4211 experientiam
764 4139 1090 4210 perveniret.

225 4240 272 4291 7.
295 4234 359 4290 Et
385 4246 495 4305 post
522 4233 812 4306 paululum.
843 4232 1071 4296 Idcirco,
1102 4230 1298 4300 inquit,
1332 4228 1588 4283 Dominus
1625 4244 1721 4282 au-

1822 3217 1930 3272 tuis
1969 3231 2285 3286 resurgens,
2327 3225 2572 3270 naturam
2614 3215 2839 3271 liberam
2882 3228 3056 3274 morte
3092 3219 3395 3289 perliceret.

1891 3306 1944 3362 9.
1981 3307 2047 3361 Et
2071 3314 2297 3361 mortem
2325 3306 2540 3377 quidem
2585 3317 2863 3378 propterea
2893 3311 3166 3381 suscepit,
3209 3328 3397 3383 pecca-

1822 3409 1933 3454 tum
1960 3414 2086 3454 vcro
2109 3413 2464 3468 nequaquam,
2488 3399 2582 3454 sed
2605 3399 2670 3455 ab
2696 3400 2798 3457 hoc
2823 3400 3076 3461 immunis
3106 3406 3397 3475 permansit

1823 3492 2063 3548 omnino.
2091 3491 2242 3558 Quod
2271 3492 2411 3548 enim
2441 3502 2556 3548 erat
2583 3500 2820 3560 naturae,
2851 3495 2904 3548 id
2953 3505 3076 3563 est,
3126 3506 3352 3554 mortem
3378 3545 3393 3569 ,

1817 3583 2176 3638 indubitanter
2216 3584 2536 3654 assumpsit;
2583 3595 2860 3654 peccatum
2909 3602 3069 3653 vero,
3117 3589 3257 3669 quod
3288 3606 3395 3646 non

1816 3685 1932 3732 erat
1965 3685 2205 3740 naturae,
2239 3677 2332 3730 sed
2371 3676 2681 3746 voluntatis,
2724 3677 2870 3731 nullo
2923 3687 3078 3747 pacto
3135 3683 3395 3753 suscepit.

1819 3776 1843 3806 ε
1867 3767 2018 3834 Quod
2046 3767 2092 3820 si
2113 3766 2301 3822 luisset
2329 3767 2381 3820 in
2411 3775 2604 3822 natura
2631 3779 2931 3835 peccatum,
2945 3770 3096 3840 juxta
3117 3774 3398 3843 sapientis-

1814 3858 1936 3912 simi
1967 3858 2123 3925 hujns
2147 3858 2416 3925 eloquium
2444 3899 2461 3925 ,
2512 3870 2786 3927 peccatum
2835 3861 2888 3915 in
2936 3872 3125 3917 natura
3178 3878 3396 3934 prorsus

1814 3952 2069 4018 existens,
2100 3951 2401 4004 necessario
2427 3953 2768 4018 suscepisset.

2010 4039 2029 4078 ί
2063 4039 2482 4095 EXCERPTUM
2514 4040 2819 4096 TERTIUM
2850 4041 3196 4098 THEODORI

1819 4135 1898 4190 De
1922 4135 2090 4189 codice
2113 4135 2332 4189 secundo
2360 4150 2421 4188 ea:
2449 4135 2576 4186 libro
2603 4134 2780 4196 tertio,
2812 4134 2938 4200 folio
2971 4136 3167 4189 decimo
3196 4146 3391 4191 octavo.

1896 4228 1945 4280 1.
1990 4237 2014 4274 s
2055 4227 2150 4293 Si,
2200 4225 2404 4294 inquit,
2452 4235 2798 4293 peccaturum
2842 4225 2985 4280 Deus
3028 4242 3156 4283 vere
3194 4229 3395 4288 sciebat

1296 4337 1838 4420 CASTIGATIONES
1875 4337 1961 4392 ET
1999 4329 2227 4392 nam.

229 4450 251 4479 ⁸
274 4440 355 4498 Sic
382 4441 578 4498 Neris:
610 4437 864 4493 Baluzius
894 4449 1024 4490 vero
1053 4447 1174 4489 cum
1204 4429 1485 4495 omnibus,
1517 4439 1576 4484 ut
1603 4429 1709 4496 ait,
1739 4431 1790 4489 D
1816 4428 1920 4484 cati
1944 4468 1957 4493 ,
1996 4434 2092 4482 aut
2131 4427 2175 4481 si
2215 4427 2320 4490 sit,
2363 4427 2485 4496 quia
2530 4426 2655 4481 inde
2687 4428 2876 4498 venit,
2919 4429 3045 4486 inde
3083 4432 3242 4485 etiam
3273 4447 3398 4491 esse

165 4511 410 4582 veteribus
440 4509 595 4567 libris
617 4507 726 4582 ,_ob
752 4507 882 4578 ejus.
913 4505 1105 4582 Eutr;
1146 4573 1179 4582 __
1423 4571 1435 4582 ι

225 4579 250 4619 δ
276 4569 392 4640 Haec
420 4593 500 4636 est
529 4569 689 4636 lectio
715 4569 1040 4644 exemplaris
1069 4571 1488 4644 Bellovacensis.
1523 4569 1580 4644 In
1609 4569 1713 4644 va-

166 4645 328 4708 ticano
353 4655 611 4717 scriptum
644 4658 726 4702 est
756 4640 907 4701 totius
935 4654 1168 4715 quorum.
1198 4644 1279 4701 Ex
1307 4656 1412 4712 quo
1441 4640 1596 4695 Noris
1627 4640 1712 4695 el-

163 4719 276 4778 lecit
302 4735 634 4794 posterorum.
670 4719 876 4794 Ditem:
1101 4785 1139 4794 μ
1559 4781 1592 4794 Α,
1624 4787 1634 4794 ν,
1670 4779 1684 4792 ,

227 4805 246 4832 ε
276 4781 516 4861 Corrigit'
542 4807 668 4860 pene
699 4787 945 4842 Baluzius
966 4830 981 4856 ,
1026 4781 1444 4856 suifragantibus
1482 4781 1716 4852 antiquis

161 4863 315 4918 libris.
344 4865 502 4919 Eot'r.

221 4936 249 4976 ἀ
293 4936 424 4990 Male
465 4933 638 4987 Lucas
675 4931 807 4984 enim
852 4929 1012 4982 habet
1051 4925 1218 4982 editio
1262 4923 1443 4979 Italica
1474 4940 1486 4976 :
1523 4922 1574 4976 in
1605 4935 1709 4990 qua

162 5012 269 5059 mox
298 5005 652 5060 exiderunte‘t
683 5002 868 5072 gratia.
902 4999 1112 5072 Duos.
1152 5068 1166 5072 _
1489 5033 1493 5036 -
1573 5068 1581 5072 Α
1648 5037 1650 5039 ›
1706 5033 1713 5057 ~.

213 5085 246 5116 »ο
280 5076 396 5131 Non
423 5076 538 5130 alio
561 5068 846 5128 ratiocinio
889 5068 1280 5126 concludebant
1315 5068 1713 5134 oppugnatores

162 5148 348 5213 peccati
379 5144 661 5215 originalis
684 5183 698 5207 ,
719 5141 1002 5215 Christum
1051 5153 1160 5193 non
1183 5138 1448 5215 caruisse
1468 5141 1708 5215 peccato.

162 5201 227 5272 De
259 5201 495 5272 luliano"
511 5201 836 5282 Augustinus
875 5209 1032 5282 (Lib.
1065 5223 1101 5263 v
1126 5207 1323 5262 advers.
1351 5201 1614 5282 .lulicap.
1645 5201 1707 5268 9,

157 5290 274 5344 alia
296 5289 363 5342 15
384 5289 442 5358 ):
487 5279 755 5358 Quinte“,
786 5279 944 5358 quod
957 5279 1159 5358 laboras
1199 5279 1397 5348 magnis
1435 5289 1714 5358 organica;

157 5341 416 5414 iuuenibus
440 5341 701 5429 pervenire
727 5341 1090 5429 a‘d'itltpictatis
1109 5341 1384 5429 abruptum
1403 5387 1419 5412 ,
1525 5341 1715 5398 Christi

156 5445 290 5497 mro,
334 5417 456 5498 quia
498 5427 563 5480 de
605 5423 778 5498 Maria
817 5417 963 5476 natus
989 5429 1096 5498 est,
1123 5422 1270 5498 cujus
1307 5417 1532 5489 Virginis
1562 5431 1713 5498 cura,

157 5491 608 5561 “accusatorum
637 5497 896 5555 omnium,
927 5508 990 5547 ea:
1017 5492 1184 5548 Adam
1211 5491 1379 5559 fuerat
1407 5493 1716 5561 propagata,

158 5573 276 5626 nihil
302 5573 453 5627 distet
484 5588 518 5624 a
544 5557 698 5624 carne
741 5564 933 5635 peccati
952 5605 968 5630 ,
1009 5573 1057 5620 et
1096 5557 1220 5635 sine
1247 5561 1355 5614 ulla
1374 5557 1717 5635 distinctione

455 5641 646 5713 dixisse
685 5625 1097 5713 credetaneunt
1117 5632 1274 5701 fuisse
1315 5630 1525 5696 missum
1549 5625 1716 5713 insi-

153 5703 435 5770 ’Νῆα
453 5710 628 5769 curuis
645 5707 839 5775 peccati
854 5705 966 5773 (aut
987 5705 1192 5762 nullam
1208 5715 1424 5760 carnem
1441 5712 1563 5755 esse
1586 5705 1714 5768 pec-

1815 4498 2015 4552 Christi
2039 4539 2054 4563 ,
2086 4498 2363 4552 contendit
2394 4496 2706 4569 haereticus)
2731 4513 2745 4562 ;
2776 4499 2928 4552 immo
2955 4503 3126 4569 potius
3155 4505 3314 4557 instas
3341 4516 3396 4560 ut

1816 4571 1963 4623 nulla
1995 4569 2058 4622 sit
2087 4584 2204 4621 caro
2235 4569 2459 4636 peccati,
2489 4585 2550 4621 ne
2576 4568 2670 4621 hoc
2696 4571 2762 4622 sit
2790 4577 2834 4622 et
2861 4568 3074 4625 Christi.

1888 4639 2202 4711 Theodorus
2233 4639 2372 4708 apud
2395 4638 2666 4692 .Photitmr
2705 4641 2722 4703 (
2752 4639 2880 4694 Cod.
2908 4642 3008 4711 177
3037 4641 3089 4711 ):
3139 4642 3397 4709 Quartum

1843 4726 1874 4781 ρ
1903 4706 2222 4780 blasphemas
2260 4706 2403 4763 uoces
2434 4719 2476 4762 et
2506 4711 2694 4776 impias
2708 4711 2779 4779 ηε.
2811 4727 2872 4764 ne
2902 4706 3177 4766 Christum
3191 4716 3392 4781 arrident

1869 4793 2019 4845 eum,
2073 4787 2350 4843 assumpta
2383 4780 2619 4833 nimirum
2667 4783 2882 4847 peccatis
2928 4783 3118 4852 infecta
3163 4780 3386 4851 natura,

1817 4853 2235 4916 scelerispurum
2262 4860 2387 4903 esse.

1894 4920 1912 4958 ί
1945 4919 2575 4991 ϐοηιθιιᾱίιμτιιεοᾱοινιιε
2601 4937 2629 4974 a
2660 4923 2876 4976 nemine
2905 4937 3062 4991 posse
3093 4923 3388 4990 prudenter

1817 4991 2074 5045 δεδι-κιαιιί
2104 4989 2248 5058 quod
2290 4991 2398 5045 ulla
2441 4991 2600 5044 luerit
2642 4991 2738 5046 Dei
2783 4989 3033 5050 voluntas
3063 4989 3134 5046 de
3169 4992 3390 5047 immer-

1819 5062 2028 5126 talitate
2055 5060 2233 5114 statim
2261 5060 2328 5114 ab
2356 5070 2478 5116 ortu
2505 5061 2712 5116 Adamo
2738 5062 3078 5118 concedenda
3101 5103 3115 5127 ,
3146 5063 3194 5117 si
3224 5063 3389 5119 modo

1818 5131 1961 5186 Deus
2003 5129 2276 5197 omnium,
2326 5140 2484 5200 atque
2523 5132 2595 5186 ita
2641 5133 2842 5200 peccati
2881 5133 2948 5186 ab
2991 5132 3197 5187 Adamo
3241 5149 3389 5189 com-

1820 5201 2078 5268 mitendi,
2111 5201 2367 5267 praescius
2407 5203 2654 5261 d‘catur;
2703 5202 2754 5256 id
2797 5204 2937 5256 enim
2983 5205 3064 5258 vel
3110 5205 3388 5272 sapientiae

1821 5273 2050 5343 divinat,
2098 5272 2187 5326 vel
2241 5273 2489 5342 potestati
2537 5272 2837 5343 derogaret.
2884 5273 3062 5343 Cujus
3105 5274 3252 5330 enim
3304 5283 3390 5332 est

1822 5342 2098 5410 sapientia:
2118 5383 2136 5408 ,
2169 5341 2376 5413 inquit,
2405 5343 2702 5406 concedere
2729 5341 2930 5412 aliquid
2975 5341 3245 5413 tamquam
3274 5347 3396 5404 exi~

1824 5406 1989 5468 mium
2027 5406 2383 5488 beneﬁcium,
2417 5413 2468 5488 in
2497 5426 2590 5464 sex
2615 5406 3055 5488 tantumﬂtoras?
3097 5406 3191 5488 aut
3236 5417 3393 5488 cujus

1824 5491 1986 5539 tantm
2013 5483 2290 5554 potestatis
2308 5482 2494 5554 ,‘velle
2522 5482 2664 5554 serio
2693 5481 2968 5540 hominem
2997 5501 3119 5542 esse
3165 5481 3394 5548 immor-

1822 5549 2147 5680 ἓῗὲῖιὲὧέιξο
2178 5549 2436 5617 impedire
2461 5551 2749 5621 quominus
2775 5569 2805 5607 a
2833 5553 3050 5618 diabolo
3080 5557 3134 5612 in
3163 5567 3394 5615 mortem

1927 5643 1942 5678 Ι
2091 5667 2100 5678 .

1822 5633 2064 5680 trahatur
2084 5633 2100 5678 ’ἐ

1898 5705 1923 5744 s
1947 5693 2140 5751 Procul
2167 5687 2329 5748 dubio
2356 5692 2704 5765 perturbatus
2727 5705 2808 5753 est
2832 5695 2982 5756 locus
3008 5695 3138 5755 vitio
3161 5695 3393 5756 notario.
