3948 6274
933 169 1026 228 ΔΙ)
1062 167 1329 228 PRIMA!
1368 163 1654 226 PARTEM
1689 157 1976 226 OPERDI

2124 160 2572 221 MERCA'I‘ORIS
2613 159 2960 220 APPENDIX
2999 162 3232 222 PRIMA.

3577 170 3686 229 πο

425 307 527 364 par
569 304 694 348 esse
739 289 950 348 meritis
997 303 1181 344 sermo
1230 301 1339 346 non
1390 285 1583 356 possit.
1611 285 1784 341 Porro
1825 290 2004 338 autem
2032 287 2087 351 Α
2113 279 2390 349 patefecit,
2419 276 2707 352 quamdam
2748 281 2897 351 puris
2941 280 3212 338 mentibus
3237 281 3402 338 veluti
3431 283 3686 341 nebula

421 395 580 444 tanto
601 383 881 448 titulorum
911 393 1126 440 tuorum
1146 381 1328 452 rapior
1349 379 1716 446 incitamento,
1734 383 1796 433 ut
1818 374 2000 443 etiam,

426 477 570 549 quod
597 478 819 546 implere
849 489 1082 545 nequeo,
1119 472 1318 528 audere
1342 485 1448 527 non
1477 469 1745 528 desinam.

497 567 553 623 2.
583 567 702 624 iam
735 569 835 622 hoc
862 563 933 622 de
959 563 1206 620 laudibus
1237 561 1341 618 tuis
1368 571 1472 628 est,
1501 561 1646 632 quod
1675 569 1882 619 tantum
1919 576 2006 617 me

424 657 495 715 de
537 657 776 713 caelestis
827 655 992 712 istius
1033 653 1199 710 animi
1245 650 1542 708 serenitate
1589 650 1846 708 laudasti.
1903 651 2006 708 Tui

305 735 316 742 ’
423 748 627 806 etenim
668 749 1016 818 episcopatus
1054 743 1188 800 ordo
1214 740 1529 813 perspicuus
1572 756 1668 816 per
1693 741 2004 799 universum

424 843 614 900 orbem
653 842 800 898 velut
842 839 1074 907 radians,
1119 835 1281 892 etiam
1322 834 1389 892 ad
1431 851 1529 891 nos
1577 835 1888 908 splendoris
1929 836 2005 892 tui

423 935 618 992 detulit
655 934 952 990 claritatem
991 947 1004 984 :
1050 929 1106 984 in
1155 942 1243 984 me
1290 927 1488 998 quippe
1531 937 1705 984 totum
1753 927 2005 982 amicitia

422 1028 541 1100 ipse
569 1026 783 1091 tribuis,
812 1022 1047 1080 examini
1076 1020 1210 1077 nihil
1243 1020 1526 1092 relinquis,
1561 1029 1655 1076 aut
1695 1019 1742 1075 si
1766 1019 1889 1091 jure
1919 1034 2006 1077 me

421 1119 634 1184 laudas,
663 1126 720 1173 tu
751 1129 969 1186 quoque
995 1112 1160 1170 simili
1188 1123 1376 1168 tenore
1405 1110 1701 1167 laudandus
1733 1125 1812 1167 es.
1834 1110 2005 1166 Obsep

420 1226 518 1268 cro
540 1212 703 1281 igitur
720 1208 790 1264 ob
812 1216 1118 1278 utrumque,
1144 1214 1204 1261 ut
1225 1205 1489 1275 meipsum
1510 1203 1651 1275 apud
1675 1218 1763 1259 me
1783 1203 2004 1259 laudare

418 1302 528 1375 jam
559 1301 776 1357 desinas
798 1317 815 1356 :
837 1299 1038 1370 duplex
1066 1298 1270 1354 etenim
1300 1308 1353 1352 te
1377 1311 1540 1353 causa
1569 1296 1910 1368 constringit,
1935 1312 2002 1354 nc

417 1393 830 1452 consacerdotis
879 1393 956 1448 tui
985 1390 1268 1456 sensibus,
1297 1399 1388 1446 aut
1436 1389 1679 1462 dolorem
1713 1387 1848 1446 falsa
1885 1389 2004 1446 laus

417 1485 651 1556 ingerat,
680 1492 774 1540 aut
802 1483 1070 1556 pudorem
1098 1496 1226 1538 vera
1255 1480 1575 1538 succendat.
1765 1469 1769 1476 ’

489 1579 543 1634 ὅ.
593 1577 702 1634 Sed
742 1585 802 1632 ut
841 1575 909 1632 ad
952 1589 1172 1630 causam
1201 1581 1486 1630 revertar:
1517 1572 1766 1640 Ruﬁnus,
1795 1571 1866 1629 de
1894 1586 2004 1644 quo

2106 372 2368 431 caecitatis
2391 373 2635 444 injicere,
2661 373 2932 444 ﬁdemque
2951 375 3318 445 apostolorum
3342 383 3398 432 et
3417 377 3687 448 majorum

2106 467 2400 525 traditione
2415 465 2708 537 ﬁrmatam,
2729 467 2880 524 velut
2904 466 3076 525 deviis
3097 468 3430 526 anfractibus
3449 470 3691 529 voluisse

2105 561 2422 618 dissolvere.

2177 653 2231 710 6.
2265 653 2459 710 Dicere
2487 653 2593 711 hoc
2619 653 2743 711 loco
2764 655 2898 713 libet
2919 672 2933 712 :
2956 655 3095 724 Quid
3124 665 3266 726 aget,
3297 657 3352 714 in
3380 655 3687 718 Romanam

2105 745 2345 818 linguam
2367 748 2468 804 ista
2492 747 2880 804 translatione?
2902 748 3178 820 Approbo,
3197 749 3245 806 si
3265 761 3482 807 accusat
3500 762 3691 810 aucto-

2105 851 2245 903 rem,
2269 845 2328 893 et
2353 839 2691 895 exsecrando
2720 839 2943 906 factum,
2980 854 3200 896 exosum
3240 843 3452 914 populis
3482 845 3686 913 prodit,

2105 940 2165 984 ut
2208 929 2368 999 justis
2410 931 2626 987 tandem
2675 931 2814 987 odiis
2858 940 3110 988 teneatur
3163 948 3323 1005 quem
3368 935 3686 1005 jamdudum

2107 1019 2248 1082 fama
2277 1023 2701 1080 constrinxerat.
2732 1023 2791 1080 Si
2819 1039 2951 1080 vero
2975 1025 3243 1095 interpres
3267 1025 3383 1096 ipse
3410 1037 3688 1086 tantorum

2103 1113 2372 1170 malorum
2399 1116 2677 1173 erroribus
2720 1130 3044 1174 consensum
3093 1129 3348 1188 prestat,
3377 1127 3434 1176 et
3460 1119 3687 1190 legenda

2104 1203 2267 1275 impia
2309 1205 2560 1276 dogmata
2607 1207 2786 1278 prodit
2829 1207 2895 1264 ad
2940 1209 3189 1280 populos,
3240 1210 3375 1266 nihil
3423 1212 3570 1268 aliud
3601 1213 3688 1270 sui

2102 1309 2268 1366 opera
2295 1296 2498 1353 laboris
2537 1298 2839 1364 exstruxit,
2872 1300 2975 1358 nisi
3022 1309 3082 1356 ut
3120 1302 3352 1374 propria:
3391 1303 3691 1363 voluntatis

2102 1387 2349 1458 arbitrio,
2367 1387 2502 1455 haec,
2523 1382 2598 1460 d‘q
2606 1406 2686 1445 ua:
2701 1391 2845 1459 sola,
2865 1406 2986 1461 qua:
3002 1392 3196 1461 prima,
3212 1408 3329 1463 quae
3345 1394 3486 1464 apud
3500 1396 3691 1452 catho-

2103 1479 2238 1536 licos
2263 1480 2606 1538 Christianos
2631 1497 2759 1539 vera
2783 1482 2914 1550 ﬁde,
2951 1483 3061 1553 jam
3089 1484 3216 1540 inde
3242 1485 3310 1539 ab
3339 1487 3599 1556 apostolis
3631 1488 3689 1545 in

2103 1571 2207 1628 hoc
2235 1587 2408 1644 usque
2445 1580 2664 1646 tempus
2695 1583 2970 1642 tenentur,
3003 1575 3160 1638 titulo
3189 1576 3503 1636 assertionis
3527 1594 3688 1636 ever-

416 1685 506 1729 me
532 1670 816 1726 consulere
844 1668 1096 1739 dignatus
1142 1681 1222 1732 es,
1271 1675 1300 1705 ι
1349 1664 1695 1721 conscientiae
1724 1679 1835 1720 sua:
1865 1664 2004 1722 divi-
2031 1672 2079 1732 It
2107 1672 2268 1722 teret.

415 1778 542 1819 nam
571 1761 740 1816 habet
765 1760 1021 1816 arbitram
1053 1757 1418 1828 maiestatem,
1443 1755 1586 1827 apud
1610 1769 1770 1826 quam
1801 1769 1883 1821 se,
1911 1755 1999 1811 in-

416 1863 571 1924 tegro
601 1851 906 1908 devotionis
938 1849 1138 1919 ofticin,
1173 1849 1288 1919 ipse
1316 1846 1518 1905 viderit
1555 1846 1788 1918 qualiter
1807 1847 2003 1904 debeat

415 1947 744 2021 approbare.

485 2037 540 2092 4.
574 2035 887 2108 κοινίεθιιεε
934 2040 1138 2097 autem,
1183 2032 1339 2104 cujus
1378 2031 1432 2088 in
1482 2039 1722 2089 nostram
1763 2031 1999 2103 linguam

416 2130 716 2200 composita
746 2126 1030 2191 derivavit,
1059 2132 1216 2180 antea
1247 2133 1304 2180 et
1344 2123 1464 2192 quis
1502 2123 1686 2189 fuerit,
1719 2131 1776 2179 et
1800 2123 1854 2179 in
1880 2139 2001 2193 qua:

414 2223 746 2297 processerit
781 2221 969 2285 verba,
1015 2227 1264 2273 nostrum
1303 2215 1538 2272 studium
1588 2217 1811 2282 nesciit;
1859 2217 2001 2288 quod

413 2328 548 2372 vero
577 2315 647 2370 sit
690 2312 856 2368 animi
887 2309 993 2366 mei
1033 2308 1406 2380 propositum,
1439 2323 1562 2364 cum
1593 2317 1683 2364 tua
1723 2308 2004 2380 paulisper

414 2422 583 2482 super
617 2406 722 2462 hoc
747 2403 1024 2461 conferam
1056 2399 1368 2456 sanctitate.

485 2499 544 2556 Β.
575 2500 687 2556 Hoc
741 2497 906 2569 igitur
959 2503 1142 2551 mente
1185 2493 1428 2562 concipi,
1460 2502 1483 2530 ο
1514 2491 1667 2548 illum
1711 2493 1807 2564 qui
1852 2493 2003 2550 urbis

414 2603 620 2656 nostra:
658 2593 876 2668 populis
917 2603 1084 2662 opera
1130 2586 1393 2645 translata
1440 2585 1712 2660 Origenis,
1764 2589 2003 2647 lectione

2175 1761 2231 1816 7.
2263 1760 2419 1818 Absit
2441 1759 2544 1820 hoc
2569 1760 2638 1816 ab
2661 1759 2923 1817 Ecclesia:
2951 1759 3210 1818 Romanae
3234 1763 3498 1819 catholica
3523 1763 3690 1820 disci-

2105 1851 2289 1922 plina,
2341 1867 2633 1924 numquam
2681 1852 2926 1924 profecto
2968 1855 3188 1910 eveniet
3235 1854 3413 1926 aliqua
3459 1865 3518 1910 ut
3561 1854 3689 1912 hate

2107 1943 2452 2002 admittamus
2475 1945 2703 2017 ratione,
2726 1961 2846 2019 quae
2861 1946 2982 2020 jure
3004 1947 3305 2020 meritoque
3330 1947 3648 2005 damnamus
3671 1966 3688 2004 :

2106 2048 2434 2110 quapropter
2479 2039 2595 2107 illa,
2639 2055 2761 2112 qua
2789 2047 2903 2096 toto
2925 2041 3061 2098 orbe
3088 2040 3282 2096 diﬁ'usa
3323 2050 3437 2108 est,
3480 2038 3690 2098 Christi

2105 2129 2320 2186 Domini
2347 2131 2520 2187 nostri
2546 2131 2882 2203 providentia
2921 2132 3151 2204 probare
3177 2131 3501 2204 dignabitur,
3534 2133 3687 2188 acci-

2106 2239 2232 2294 pere
2263 2237 2363 2280 nos
2390 2224 2608 2280 omnino
2637 2239 2744 2280 non
2790 2238 2974 2297 posse,
3020 2239 3142 2296 qua:
3171 2223 3472 2282 Ecclesiam
3499 2215 3691 2280 macu-

2103 2316 2240 2383 lent,
2269 2332 2390 2388 qua:
2427 2317 2683 2387 probatos
2722 2332 2905 2375 mores
2941 2327 3210 2386 evertant,
3239 2333 3361 2389 qua
3387 2333 3546 2376 aures
3575 2319 3692 2374 cir-

2104 2411 2487 2465 cumstantium
2512 2410 2818 2479 vulnerent,
2847 2419 2903 2466 et
2923 2410 3115 2482 iurgia,
3144 2411 3252 2466 iras
3279 2410 3694 2469 dissensiones-

2103 2515 2208 2584 que
2234 2500 2544 2572 disponant.

2177 2596 2234 2654 8.
2277 2605 2300 2634 ο
2331 2595 2447 2664 Qua
2475 2611 2536 2653 re
2559 2595 2726 2665 moti,
2756 2596 2991 2670 Origenis
3014 2594 3222 2668 quidem
3244 2597 3439 2668 scripta
3461 2605 3508 2653 et
3532 2612 3692 2653 erro-

1589 2723 2138 2786 CASTIGATIONES
2177 2727 2265 2785 ET
2300 2727 2530 2790 NOTAE.

482 2851 782 2906 Damnatus
802 2851 950 2900 certe
974 2849 1057 2897 est
1075 2845 1201 2896 ante
1225 2844 1452 2894 mortem
1473 2835 1542 2893 ab
1570 2835 1878 2902 Anastasio,
1902 2851 1995 2892 ac-

413 2917 728 2980 cusantibus
754 2913 1064 2983 Hieronymi
1090 2908 1317 2983 amicis;
1339 2907 1622 2983 damnatus
1635 2921 1855 2983 quoque
1877 2917 1998 2977 post

413 2977 650 3062 mortem
679 3002 711 3042 a
734 2977 974 3049 Gelasio;
997 2979 1143 3062 quod
1171 2978 1509 3062 de'libertate
1533 2977 1742 3062 arbitrii
1767 2977 1992 3062 contra.

2096 2853 2215 2911 rum
2245 2837 2581 2911 dogmatum)
2606 2848 2834 2894 nostrum
2855 2839 3084 2894 studium
3119 2838 3326 2893 nescivit
3350 2855 3370 2906 ;
3397 2838 3533 2911 quod
3556 2855 3684 2896 vero

2095 2910 2181 2982 sit,
2209 2910 2367 2965 animi
2413 2913 2515 2966 mei
2560 2910 2911 2982 propositum,
2943 2926 3060 2982 eum
3102 2920 3223 2980 tua,
3251 2917 3355 2982 etc.
3389 2910 3686 2982 Testantur

2100 2981 2243 3036 enim
2273 2992 2484 3037 veteres
2509 3023 2524 3047 ,
2554 2979 2841 3051 Origenem
2869 2981 3072 3051 Latinis
3092 3025 3106 3048 ,
3151 2989 3278 3035 ante
3307 2979 3482 3035 Ruﬁni
3511 2983 3685 3037 inter-

413 3047 497 3121 ;ia
516 3047 856 3130 Hieronymo
887 3047 1164 3130 sensisset.
1209 3048 1388 3130 Nolim
1421 3061 1524 3119 ego
1563 3047 1815 3130 dirimere
1861 3049 1999 3130 hanc
2026 3047 2071 3110 C
2103 3052 2456 3130 pretationem
2482 3093 2498 3118 ,
2529 3047 2857 3130 incognitum
2889 3050 3059 3106 fuisse
3079 3047 3100 3117 ,⁷
3125 3065 3230 3130 non
3257 3051 3685 3130 quidemomni.

413 3118 599 3198 litem;
629 3118 814 3186 verum
842 3123 1028 3181 credat
1055 3122 1194 3198 forte
1217 3118 1480 3198 quispiam
1505 3158 1521 3184 ,
1565 3133 1666 3198 nec
1703 3118 1995 3198 admodum

414 3188 658 3268 temere,
707 3209 927 3272 propter
972 3188 1744 3272 maximas'aRulinondatas
1788 3190 1991 3272 laudes,

414 3260 580 3336 etiam
611 3260 893 3328 a'st'tmtitis
915 3263 1273 3336 pontificibus,
1305 3260 1570 3336 Anastasii
1597 3260 1997 3336 damnationem

414 3331 881 3406 comminaloriam
911 3331 1077 3393 fuisse
1104 3335 1406 3406 dumtaxat,
1432 3332 1702 3406 justisque
1726 3331 1795 3406 de
1815 3331 1997 3406 causis

414 3400 527 3472 non
543 3400 794 3470 evasisse
820 3406 1160 3480 postmodum
1191 3403 1248 3459 in
1268 3400 1625 3480 sententiam.
1649 3400 1848 3458 Gelasii
1873 3416 1999 3480 pro:

414 3483 560 3546 [octo
586 3472 861 3538 decretum
891 3495 996 3534 non
1020 3476 1261 3546 pertinet
1302 3473 1370 3528 ad
1415 3487 1746 3546 personam”,
1796 3473 1892 3528 sed
1929 3472 1996 3546 ad

417 3543 608 3620 libros,
637 3567 740 3623 qua
766 3549 972 3623 ratione
995 3543 1235 3623 damnati
1269 3543 1597 3623 δῦθι-δῶρα..
1626 3543 1774 3623 nullo
1797 3545 1998 3599 uncti-

419 3625 544 3684 latis
575 3613 889 3694 préjndicio
910 3618 1009 3694 viri
1038 3616 1275 3694 moribus
1303 3613 1682 3694 probatissimi.
1718 3613 1880 3670 Forte
1904 3629 1996 3694 pa:

414 3683 552 3752 riter
575 3683 1025 3762 "suspectajuerit
1053 3701 1158 3743 non
1205 3687 1324 3742 sine
1371 3699 1558 3762 causa.
1583 3683 1990 3762 μορε-,ωαξῳίμηί

416 3753 733 3836 Hieronymi
762 3763 820 3836 in
846 3759 1091 3816 Ruﬁnum
1121 3755 1502 3836 accenstefelo
1530 3753 1815 3836 lideibilis.
1837 3754 1992 3836 Vide,

414 3836 589 3894 loctor
616 3825 855 3889 veritatis
895 3843 1115 3895 amans,
1159 3825 1493 3884 Gennadium
1522 3837 1577 3882 et
1605 3826 1741 3882 alios
1767 3825 1996 3893 scripto-

414 3919 537 3962 rum
563 3901 1046 3961 ecclesiasticorum
1077 3897 1529 3963 nomenclatores,
1580 3896 1669 3954 ubi
1704 3895 1773 3952 de
1798 3896 1993 3954 Ruﬁno

415 3990 724 4034 sermonem
753 3973 971 4028 habent.

492 4056 519 4086 ι
548 4045 736 4104 Utrum
762 4039 1103 4110 scilicettvel
1126 4038 1347 4096 haeresis
1376 4038 1692 4110 spargenda!
1719 4039 1992 4104 causa,ch

416 4117 487 4182 ob
515 4115 672 4172 aliam
703 4115 964 4170 rationem
978 4109 1227 4184 Origenis
1255 4109 1424 4166 libros
1451 4113 1573 4184 ntpl
1597 4117 1797 4181 ’Δρχῶν
1829 4111 1993 4166 inter-

415 4195 659 4259 pretatus
701 4187 792 4250 sit,
845 4193 1005 4259 atque
1045 4183 1205 4238 etiam
1255 4189 1444 4259 utrum
1487 4183 1732 4259 Origenis
1777 4195 1991 4259 errores

411 4251 627 4316 Sincere
650 4266 704 4311 et
727 4269 794 4310 ex
822 4251 1026 4318 animo,
1069 4268 1137 4308 an
1163 4251 1397 4321 maligne
1435 4259 1490 4304 et
1535 4264 1632 4321 ore
1658 4258 1816 4321 tenus
1842 4251 1993 4321 dete-

413 4336 670 4384 staretur.
703 4323 1111 4394 Hucpertineut
1140 4319 1638 4390 verba'liieronymi
1674 4319 1823 4388 prius
1855 4320 1991 4375 alla-

413 4406 470 4453 ta
501 4414 515 4450 :
545 4395 648 4451 Cur
676 4392 1038 4458 translaturus,
1061 4399 1166 4447 etc.

489 4464 518 4505 ι)
549 4464 732 4519 Codex
767 4462 1052 4516 Vaticanus
1072 4479 1095 4533 _:
1131 4459 1374 4533 Origenes
1403 4468 1596 4526 autem,
1628 4463 1780 4533 cujus
1805 4460 1861 4515 in
1901 4477 1993 4516 tto-

411 4543 578 4592 stram
606 4536 834 4604 linguam
855 4531 1137 4604 composita
1155 4531 1426 4598 derivavit,
1454 4540 1572 4584 ante
1595 4531 1708 4604 quis
1738 4533 1910 4600 fuerit,
1938 4542 1989 4604 ret

411 4607 469 4661 in
497 4621 612 4677 quae
640 4601 935 4677 processerit
962 4601 1114 4677 verba
1135 4641 1152 4668 ,
1197 4609 1424 4656 nostrum
1472 4601 1789 4677 propositum
1812 4603 1986 4677 nescit,

411 4668 522 4733 etc:
545 4668 732 4730 Codex
764 4673 980 4742 Bellov.
1001 4668 1243 4742 Origenes
1270 4668 1790 4742 autem....iautiquis
1812 4672 1986 4742 fuerit,

411 4756 463 4804 et
489 4745 544 4801 in
571 4761 684 4817 quia
712 4741 1027 4817 processerit,
1059 4740 1163 4798 etc.
1191 4740 1409 4817 Vulgata
1433 4741 1620 4817 lectio:
1645 4740 1984 4813 θῆσθαι...

411 4763 463 4804 et
489 4764 544 4801 tn
571 4763 684 4817 qute
749 4763 1027 4807 recesserit,
1059 4763 1163 4798 etc.
1200 4763 1409 4809 vulgata
1434 4763 1620 4796 locuti:
1645 4763 1984 4813 ungulam...

409 4827 530 4872 ante
554 4817 668 4887 quis
695 4763 867 4889 ﬁerit,
891 4814 944 4868 in
962 4827 1074 4889 qua:
1099 4813 1395 4884 processerit
1423 4810 1590 4889 verba,
1614 4824 1844 4889 nostrum
1870 4831 1988 4883 pro-

407 4881 632 4960 positum
658 4881 1014 4960 n'escivilLete.
1043 4881 1241 4960 Locus,
1261 4892 1418 4960 prout
1445 4894 1525 4960 est
1548 4881 1618 4960 in“
1633 4881 1878 4960 omnibus
1905 4901 1988 4940 co-

410 4951 643 5022 dicibus,
670 4965 792 5026 eget
827 4954 1056 5026 (Edipo.
1105 4951 1242 5020 Quid
1264 4951 1422 5026 enim
1443 4952 1747 5026 significant
1775 4953 1858 5008 ire
1887 4971 1986 5011 vo.

409 5042 529 5103 ses,
556 5022 784 5082 nostrum
825 5024 1144 5103 propositum
1183 5022 1810 5103 nescivit7_Non_dubito
1853 5028 1985 5103 quin

407 5092 643 5168 primum
683 5092 960 5164 exem'pla'r
987 5134 1001 5168 ρ
1032 5109 1097 5168 ex
1126 5107 1231 5168 quo
1274 5092 1464 5168 reliqui
1493 5094 1708 5168 codices
1731 5092 1982 5168 exscripti

407 5163 556 5232 aunt,
589 5163 956 5238 perturbatum
986 5163 1740 5238 habueritordinentduarum
1763 5163 1981 5220 istarum

406 5233 606 5309 vocum
628 5280 643 5304 ,
675 5235 991 5309 propositum
1017 5244 1070 5291 et
1109 5233 1331 5290 studium
1356 5276 1388 5309 ,_
1412 5251 1642 5309 cumque
1678 5237 1840 5309 altera
1873 5250 1977 5290 vox

406 5307 566 5378 alteri
591 5305 924 5378 superposita
956 5306 1116 5372 foret,
1150 5306 1446 5378 praesertim
1472 5309 1524 5378 in
1549 5308 1650 5359 line
1693 5305 1976 5378 linearum,

406 5375 734 5440 incuriosus,
755 5374 820 5433 'ut
850 5377 930 5444 ﬁt,
964 5374 1163 5431 notarii
1200 5377 1554 5432 exscribentis
1602 5378 1788 5428 oculus
1819 5374 1981 5430 dece-

406 5458 535 5520 ptus
557 5450 644 5502 sit.
667 5447 859 5520 Clarus
885 5448 1025 5501 enim
1058 5446 1204 5501 locus
1227 5456 1330 5520 est,
1359 5447 1403 5501 si
1426 5445 1747 5520 restituatur
1766 5446 1818 5520 in
1844 5447 1984 5504 hunc

405 5515 632 5588 inodum
660 5534 672 5568 :
728 5516 971 5588 Origenes
1007 5525 1194 5583 autem,
1221 5517 1384 5588 cujus
1418 5515 1472 5569 in
1502 5524 1732 5588 nostram
1757 5515 1983 5588 linguam

403 5587 691 5670 fomppsita
717 5586 978 5670 derivavit,
1011 5596 1128 5668 ante
1169 5588 1190 5656 (
1217 5587 1712 5670 interpretationem
1865 5593 1984 5670 Περὶ

403 5655 638 5731 ’ῥοχῶὴ
667 5656 779 5728 quis
803 5658 980 5728 fuerit,
1003 5667 1054 5714 et
1068 5657 1122 5712 in
1141 5655 1258 5726 qua:
1284 5658 1580 5727 processerit
1602 5659 1749 5713 verba
1764 5655 1981 5730 (impio.

2102 3135 2194 3191 no,
2224 3137 2344 3176 cum
2375 3123 2580 3192 aliquot
2606 3121 2853 3177 homilizts
2880 3163 2895 3188 ,
2944 3133 3160 3192 petente
3189 3121 3443 3192 Damaso,
3481 3121 3680 3176 lliero-

2101 3190 2296 3274 nymus
2322 3190 2511 3248 Latino
2556 3207 2806 3248 sermone
2834 3190 3086 3274 legendas
3117 3190 3371 3245 Romanis
3410 3192 3556 3262 prius
3582 3193 3685 3249 de.

2100 3262 2291 3319 disset.
2321 3265 2412 3319 sed
2442 3263 2617 3319 quoad
2643 3277 2856 3318 errores
2902 3279 2954 3319 tn
2988 3263 3141 3318 libris
3172 3266 3291 3319 Περὶ
3317 3263 3524 3319 ’Δργῶν
3569 3272 3684 3319 tam

2139 3278 2291 3348 ιξσθι,
2321 3278 2412 3319 δθα
2442 3278 2617 3348 quoad
2643 3278 2856 3348 errores
2902 3279 2954 3322 in
2988 3278 3141 3318 μοι-ιε
3172 3278 3291 3339 Περὶ
3323 3278 3524 3336 ’Δρχῶν
3569 3278 3684 3320 tam

2099 3335 2325 3404 spissus,
2359 3343 2570 3404 tamque
2597 3335 2811 3406 impios.
3238 3335 3251 3339 '
3380 3335 3383 3336 ⁷

2176 3415 2200 3444 ο
2228 3405 2552 3460 Emendatus
2580 3413 2664 3460 est
2691 3421 2720 3459 a
2741 3403 2896 3459 nobis
2916 3420 3023 3459 non
3040 3403 3366 3460 sine'labore
3389 3404 3476 3462 hic
3503 3405 3682 3472 locus,

2099 3487 2222 3546 cm
2271 3489 2377 3530 non
2424 3478 2604 3546 minus
2653 3490 2810 3543 quam
2855 3475 3162 3546 praepdens
3189 3485 3471 3541 corruptus
3505 3487 3680 3532 esset.

2099 3544 2324 3602 Codices
2367 3548 2510 3600 enim
2558 3544 2942 3602 Vaticanus—et
2985 3545 3375 3602 Bellovacensis
3426 3546 3680 3604 habent:

2103 3615 2253 3680 Quod
2268 3617 2421 3698 urbis
2438 3626 2625 3672 nostra!
2644 3617 2846 3698 populis
2867 3615 2931 3698 de
2948 3617 3208 3698 translatis
3235 3613 3472 3698 Origenis
3499 3615 3682 3698 lectio-

2100 3702 2163 3741 tte
2187 3689 2461 3772 patefecit,
2509 3689 2784 3772 quamdam
2799 3688 2955 3772 Puris
2983 3688 3230 3772 mentibus
3257 3687 3678 3772 veluti_nebultt_nt

2099 3759 2342 3812 ctecttatis
2370 3759 2630 3831 injectum,
2663 3767 2768 3814 etc.
2797 3758 3094 3826 Legebatur
3115 3758 3246 3811 olim
3277 3758 3329 3811 in
3374 3758 3526 3812 libris
3557 3760 3682 3813 edi-

2099 3829 2168 3883 tis
2200 3846 2212 3900 ;
2249 3829 2397 3894 Quod
2424 3830 2514 3900 qui
2538 3829 2676 3900 urbis
2705 3838 2890 3900 nostra:
2928 3827 3132 3898 populis
3164 3828 3228 3900 de
3276 3829 3526 3900 translata
3554 3828 3684 3883 Ori-

2098 3899 2248 3982 genis.
2265 3899 2477 3982 lectione
2503 3899 3050 3982 pate]eqit,jquamda‘m
3078 3899 3218 3967 puris
3245 3899 3518 3982 mentibus,
3539 3900 3682 3981 velut

2098 3969 2333 4026 nebulam
2360 3969 2583 4028 excitans
2616 3969 2667 4024 in
2681 3971 2854 4024 'ectam
2876 4012 2890 4035 ,
2930 3969 3082 4039 fidem
3126 3969 3474 4038 apostolorum
3503 3971 3682 4039 majoo

2098 4057 2310 4110 rumque
2335 4037 2608 4096 traditione
2633 3988 2888 4110 [Simulum
2911 4083 2927 4105 ,
2970 4041 3104 4096 velut
3143 4039 3301 4094 deviis
3330 4039 3676 4110 anfractibus,

2097 4057 2310 4123 rumque
2335 4037 2608 4123 traditione
2633 4037 2888 4110 ﬁrmatam
2911 4037 2939 4105 ,7
2970 4041 3104 4096 velut
3143 4037 3301 4122 deviis
3330 4037 3676 4122 anfractibus,

2097 4111 2246 4180 illum
2287 4114 2504 4165 voluisse
2534 4112 2825 4166 dissolvere.
2875 4111 3108 4178 Sensus,
3151 4127 3196 4166 st
3237 4120 3413 4166 tamen
3453 4109 3675 4180 aliquis,

2097 4114 2246 4164 illum
2287 4114 2504 4165 voluisse
2534 4114 2825 4166 dissolvere.
2875 4114 3108 4178 Sensus,
3151 4114 3196 4166 si
3237 4120 3413 4166 tamen
3453 4114 3675 4180 aliquis,

2099 4179 2294 4250 ubique
2316 4181 2618 4250 implicatus
2641 4189 2750 4248 est,
2774 4189 2992 4251 apertus
3030 4197 3158 4238 vero
3187 4189 3306 4252 post
3333 4180 3677 4238 emendatio-

2097 4265 2218 4304 nem
2247 4261 2502 4306 nostram.
3276 4274 3278 4278 τ

2167 4318 2195 4358 ἀ
2224 4318 2486 4394 Corrupte
2512 4321 2564 4376 in
2593 4321 2865 4394 codicibus
2893 4321 3165 4394 vulgatis:
3197 4319 3353 4376 Hane
3391 4337 3504 4394 qua:
3531 4323 3678 4394 sola,

2023 4429 2073 4489 Ι)
2097 4393 2454 4489 είιηξιξξιέτξιξε
2482 4392 2630 4489 ΫΕἸἝ
2638 4391 3207 4489 f‘if’fi’f‘f°.‘.c_"fi‘.“ﬂ'
3213 4391 3678 4489 912715551???

2097 4462 2161 4544 ab
2186 4462 2455 4544 apostolis,
2477 4463 2661 4544 deinde
2696 4479 2854 4544 usque
2880 4463 2948 4516 ad
2974 4478 3194 4544 prtesens
3219 4473 3426 4544 tempus
3445 4471 3674 4544 tenetur,

2095 4531 2372 4614 inopinata!
2396 4533 2546 4587 titulo
2576 4533 2866 4587 assertionis
2916 4531 3172 4587 everteret.
3223 4531 3668 4603 Emendavimus,

2095 4605 2199 4658 nisi
2224 4603 2384 4659 fallor
2404 4619 2552 4659 vere.
2583 4603 2792 4658 collatis
2818 4602 2956 4659 inter
2981 4617 3042 4658 se
3084 4601 3383 4657 codicibus.

2168 4645 2199 4713 ἵ
2218 4645 2428 4730 inﬁmi
2439 4645 3646 4757 ᾝιὶέἱὲξξὶὅᾶίὲῥῖεξιῖιιῖἱᾙᾶὲῖἑηεηυεετί
3657 4707 3676 4717 -

2093 4754 2336 4815 ptorum,
2365 4755 2422 4800 et
2451 4741 2570 4800 sine
2609 4741 2722 4798 ullo
2749 4741 3011 4812 probabili
3039 4758 3200 4799 sensu
3227 4760 3242 4796 :
3293 4743 3466 4811 Quare
3515 4759 3677 4800 nosce

2093 4814 2293 4887 qualem
2331 4815 2595 4887 epistolam
2618 4815 2686 4868 ad
2717 4815 2926 4886 fratrem
2950 4824 2999 4870 et
3032 4815 3392 4887 coepiswpum
3434 4822 3678 4868 nostrum

2146 4885 2372 4940 enerium
2394 4885 2861 4957 diligentiore’cttra
2891 4885 3221 4957 perscriptum
3249 4885 3471 4957 parcitas
3492 4892 3676 4940 nostra

2092 4957 2447 5022 transmiserit,
2479 4955 2669 5023 sibique
2697 4956 2828 5010 Itane
2857 4955 3214 5026 conscientiam
3248 4955 3452 5025 fecerim
3471 4994 3487 5021 ,
3527 4957 3676 5026 quod

2091 5041 2194 5098 non
2221 5028 2483 5095 superﬂua
2510 5026 2734 5080 laborem
2766 5025 3058 5098 formidine,
3082 5033 3185 5098 etc.

2161 5094 2476 5164 Suspicatus
2503 5110 2623 5150 sum
2653 5094 2776 5164 ego,
2809 5111 2910 5151 nec
2936 5094 3065 5151 sane
3090 5096 3311 5162 leviter,
3341 5095 3508 5150 fuisse
3532 5094 3669 5151 olim

2089 5164 2335 5222 lacunam
2357 5206 2373 5231 ,
2423 5167 2640 5222 omissis
2670 5167 2852 5236 verbis
2887 5167 3079 5236 quibus
3115 5166 3673 5236 comprehenderetur

2089 5237 2354 5292 sententia
2394 5235 2756 5292 damnationis
2799 5235 3057 5293 adversus
3098 5238 3383 5294 Orittenem
3429 5245 3484 5294 et
3517 5235 3675 5292 Rufi-

2087 5322 2213 5363 num
2259 5308 2386 5373 lata,
2431 5317 2526 5362 aut
2551 5308 2672 5361 late
2720 5307 2960 5375 mentio,
3015 5308 3157 5363 hunc
3197 5307 3311 5363 fere
3341 5309 3393 5362 in
3423 5307 3668 5374 modum,

2083 5393 2242 5447 quem
2291 5377 2483 5434 litteris
2527 5377 2646 5447 aliis
2672 5380 3059 5447 expressimus.
3106 5377 3423 5446 Suspicandi
3470 5391 3669 5433 causas

2086 5446 2212 5504 hinc
2233 5449 2458 5518 accipio.
2491 5446 2725 5518 Primum
2749 5446 2824 5502 ab
2848 5449 3097 5504 omnibus
3139 5447 3495 5517 scriptoribus
3519 5448 3668 5503 dici-

2087 5529 2173 5575 tur
2196 5517 2510 5576 Anastasius
2538 5517 2784 5588 Origenis
2816 5534 3029 5574 errores
3055 5519 3359 5574 damnasse.
3395 5518 3540 5574 Unus
3563 5533 3671 5588 pro

2084 5592 2290 5646 cunctis
2319 5587 2698 5661 Hieronymus,
2719 5588 2971 5661 scribens
3004 5589 3082 5661 ad,
3119 5587 3518 5661 Demetriadem
3551 5587 3673 5661 vir-

2082 5662 2286 5732 ginem,
2313 5671 2369 5719 et
2388 5664 2440 5719 iu
2464 5657 2624 5720 istam
2643 5657 2924 5732 epistolam
2944 5660 3238 5733 respiciens
3262 5657 3462 5732 (Epist.
3487 5657 3526 5716 6
3543 5701 3566 5729 ,
3595 5660 3676 5716 de
