3948 6274
477 210 587 270 359

987 207 1079 262 an
1116 204 1389 264 PRIMAM
1421 201 1703 263 psmn
1741 200 2030 261 OPERUM
2067 201 2138 258 ιι.
2178 196 2628 260 HERCA'I'ORIS
2668 199 3020 260 APPENDIX
3056 183 3296 261 PRIMA.

3662 195 3783 259 240

475 325 548 381 ab
571 320 825 394 Origenis
852 319 1084 376 lectione
1113 330 1430 386 revocetur;
1476 317 1897 387 damnatumque
1932 331 2074 372 sen-
2106 322 2150 381 Α
2251 318 2342 373 12.
2385 315 2413 355 b
2445 317 2664 389 Itaque,
2695 317 2863 374 frater
2902 318 3246 383 cbarissime,
3284 317 3430 376 omni
3461 287 3784 390 suspicione

478 417 650 475 tentia
683 415 1010 489 principum,
1041 428 1202 485 quem
1229 413 1394 469 lectio
1421 425 1574 467 reum
1619 408 1847 481 profana
1888 408 2073 479 prodi-

480 513 647 581 derit,
676 512 940 570 hactenus
969 509 1257 568 sententiae
1284 523 1420 564 meae.
1445 507 1618 562 forma
1648 505 2010 577 praecesserit.

551 606 644 662 11.
678 603 832 672 Quod
863 614 917 661 te
946 618 1078 661 vero
1107 602 1250 673 vulgi
1286 601 1358 658 de
1386 598 1585 656 Rutlno
1625 599 1847 672 querela
1875 598 2078 656 sollici-

481 706 584 767 tat,
621 706 648 736 ι
671 706 734 754 ut
759 695 1028 770 quosdam
1070 694 1222 766 vagis
1267 691 1671 764 suspicionibus
1698 691 2077 763 persequaris,

478 789 624 846 hanc
665 795 814 846 tuam
846 788 1162 860 opinionem
1183 784 1552 856 constringam
1593 783 1791 841 divina:
1832 784 2081 842 lectionis

484 880 758 952 exemplo.
793 880 884 938 Sic
926 879 1072 937 enim
1098 876 1361 947 scriptum
1402 884 1525 932 est:
1553 874 1677 932 Non
1705 876 1780 932 sic
1823 876 1998 946 homo,
2025 884 2081 932 ut

485 971 664 1043 Deus;
677 987 798 1029 nam
810 971 950 1030 Deus
960 969 1098 1028 videt
1110 970 1164 1027 in
1173 968 1349 1042 corde,
1365 968 1522 1026 homo
1532 968 1588 1024 in
1601 969 1782 1042 facie(l
1799 967 1928 1044 Reg.
1946 968 2079 1044 xvi).

2175 411 2436 483 seposita,
2465 413 2717 468 Ruﬁnum
2746 414 2886 469 scito
2911 413 3051 484 quod
3076 413 3294 485 propria
3317 423 3500 471 mente
3519 413 3785 486 Origenis

2177 503 2320 560 dicta
2345 505 2398 559 in
2425 503 2673 560 Latinum
2699 505 2973 560 transtulit
2997 519 3062 561 ac
3087 506 3352 576 probavit,
3376 521 3474 562 nec
3496 506 3784 564 dissimilis

2178 612 2210 652 a
2255 613 2348 654 reo
2387 608 2470 654 est
2497 599 2588 670 qui
2618 598 2811 656 alienis
2841 599 2989 656 vitiis
3033 611 3256 671 praestat
3295 615 3606 658 assensum.
3641 603 3785 660 Illud

2181 699 2367 748 tamen
2399 702 2585 748 tenere
2617 701 2670 748 te
2700 693 2888 763 cupio,
2918 695 2990 748 ita
3020 693 3209 750 haberi
3240 708 3272 750 a
3304 695 3504 751 nostris
3530 695 3786 767 partibus

2185 786 2450 855 alienum,
2478 795 2558 856 ut,
2607 786 2738 858 quid
2779 795 2924 859 agat,
2954 786 3046 843 ubi
3088 787 3179 855 sit,
3220 789 3435 846 nescire
3474 789 3786 861 cupiamus.

2189 880 2311 952 Ipse
2335 879 2573 952 denique
2599 880 2797 938 viderit
2824 882 2915 938 ubi
2946 882 3117 953 possit
3144 881 3377 941 absolvi.

1652 1085 2210 1148 CASTIGATIONES
2250 1091 2342 1148 ET
2380 1091 2606 1152 NOTAE.

485 1181 794 1238 sanctiones
844 1177 1190 1250 principum,_
1225 1177 1834 1250 siveeonstitutiones,
1887 1185 1943 1232 et
1987 1193 2078 1234 re.

485 1267 686 1322 sponsa
715 1265 808 1322 seu
830 1247 1115 1322 rescripta;
1135 1247 1244 1322 illic
1261 1248 1580 1322 edebantur,
1605 1249 1933 1322 quasiemotu
1955 1263 2078 1322 pro-

484 1319 630 1394 Prio,
661 1336 691 1376 a
724 1320 1091 1394 principibllsi
1140 1320 1243 1374 is”
1268 1320 1356 1374 vel
1384 1319 1880 1394 ροηδω-ίω-Ῑοθίδυδ
1908 1320 2078 1394 magi-

485 1390 774 1454 stratuum.
822 1392 906 1447 vel
959 1391 1189 1446 aliorum
1247 1391 1502 1460 precibus
1539 1390 1844 1460 libellisque
1886 1391 2078 1447 redde-

483 1465 702 1521 bantur.
735 1463 794 1519 Si
819 1477 962 1533 ,ergo
991 1463 1303 1533 sanctiones
1331 1460 1660 1530 principum,
1693 1477 1919 1533 quarum
1966 1479 2077 1518 me-

484 1535 646 1592 minit
683 1531 946 1604 pontilei,
988 1531 1505 1604 resnonsafuerint,
1539 1531 1739 1604 utique
1759 1532 1918 1604 missa
1955 1542 2081 1589 sunt

483 1591 614 1676 post
651 1591 891 1660 libellum
932 1591 968 1656 ’τι
1003 1591 1433 1676 'Ih'eophiloper
1459 1591 1664 1676 legatos
1716 1592 1950 1676 Arcadio
1981 1606 2082 1660 im-
2113 1591 2157 1650 Β

485 1673 732 1748 peratori
763 1676 998 1748 oblatum
1051 1690 1178 1748 ann.
1227 1674 1357 1748 409.
1391 1673 1546 1748 Unde
1575 1674 1914 1748 concluditur
1945 1676 2082 1732 ratio

487 1745 756 1817 temporis
784 1761 892 1812 quo
918 1746 1268 1801 Anastasium
1297 1745 1494 1817 Joan_ni
1527 1746 1818 1817 scripsisse
1846 1746 2084 1802 diximus

489 1813 655 1891 (Vide
687 1817 904 1891 Pallad.
934 1817 987 1870 in
1030 1817 1228 1891 dialog.
1263 1816 1380 1891 vita:
1407 1813 1570 1891 Joen.
1600 1815 1928 1888 Chrysost.);
1959 1834 2082 1874 cum

487 1887 636 1946 enim
688 1887 756 1960 de
805 1888 1082 1957 responsis
1135 1887 1438 1960 principum
1485 1887 1760 1960 loquatur,
1810 1887 2082 1960 tamquam

488 1960 560 2015 de
587 1975 648 2016 re
678 1959 970 2030 admodum
1007 1958 1234 2024 recenti,
1278 1963 1614 2030 necessetist
1636 1959 1925 2030 scripsisse
1940 1958 2082 2016 'ann.

487 2029 619 2099 401,
665 2029 930 2098 siquidem
961 2042 1236 2099 responsa
1269 2027 1765 2098 Constantinopoli
1801 2030 1925 2085 data
1979 2034 2088 2087 sint

488 2098 620 2157 ann.
651 2100 780 2167 400,
805 2111 859 2156 et
883 2098 1010 2155 inde
1039 2099 1093 2154 in
1135 2098 1488 2156 Occidentem
1537 2101 1704 2156 missa
1751 2101 2088 2158 innotuerint

490 2171 736 2244 pontiﬁci
769 2171 924 2244 initio
947 2185 1074 2244 arm,
1101 2170 1229 2244 492.

569 2252 597 2282 ἰ
617 2242 845 2316 Yidetur
863 2242 1010 2316 loqui
1038 2242 1107 2316 de
1131 2241 1485 2316 Hieronymo,
1507 2241 1935 2316 Hieronymique
1959 2245 2092 2300 ami-

490 2315 572 2371 cis
619 2310 990 2384 Pammacltie,
1039 2314 1258 2368 Oceano
1305 2310 1362 2368 et
1411 2310 1812 2384 Marcella.qui
1845 2310 2088 2372 'multum

490 2385 672 2455 reipsa
701 2383 1049 2440 contulerunt
1079 2383 1146 2437 ad
1175 2382 1603 2455 promovendam
1651 2382 2084 2455 Ori’geitistarum

492 2454 1040 2521 condemnationem;
1088 2471 1194 2508 non
1239 2463 1420 2510 tamen
1467 2454 1684 2524 impulsi
1731 2454 1855 2511 odio
1884 2457 2086 2522 Rullni,

492 2526 638 2598 quod
668 2527 990 2598 opinabatur
1018 2525 1278 2598 Joannes.
1311 2527 1407 2580 sed
1436 2529 1812 2598 exsecratione
1842 2544 2088 2584 errorum

492 2598 940 2676 qui_ex__lectione
965 2597 1109 2676 libri
1145 2600 1273 2676 lupi
1296 2597 1818 2676 ‘Apxgighhorrorem
1849 2599 2092 2676 iecerant

493 2666 780 2742 catholicis
809 2667 1110 2742 mentibus.
1145 2666 1444 2742 Videapud
1475 2667 2090 2742 Hieronymumepisto-

491 2739 602 2796 Iam
631 2741 723 2808 64,
755 2755 878 2814 quae
915 2746 1001 2796 est
1035 2738 1364 2814 Pammacbii
1394 2747 1450 2814 et
1477 2737 1779 2814 Oceani’ad
1827 2737 2094 2814 Hierony-

495 2825 682 2875 mum;
722 2821 776 2866 et
805 2809 894 2878 65,
926 2825 1072 2881 qute_
1098 2810 1410 2881 Hieronymi
1455 2811 1522 2864 ad
1551 2822 1886 2881 utrumque;
1914 2823 1968 2868 et
1996 2809 2088 2881 78,

495 2825 682 2875 mum;
722 2825 776 2866 et
805 2825 894 2878 ua,
926 2825 1048 2880 quae
1098 2825 1410 2933 nteronrmt
1455 2825 1522 2864 au
1553 2825 1735 2866 utrum
1781 2827 1846 2867 ue
1871 2829 1886 2877 ;
1914 2825 1968 2868 et
1996 2825 2085 2881 Ίδ,

495 2897 617 2952 quae
637 2880 1030 2952 Hieronymiad
1044 2879 1302 2935 Pammac
1323 2883 1452 2936 tium
1475 2889 1530 2935 et
1549 2828 1882 2949 Marcellam;
1911 2884 2085 2941 lucem

494 2951 638 3008 enim
667 2951 800 3006 dant
825 2952 950 3006 huic
982 2951 1102 3005 loco
1127 2966 1220 3019 per
1249 2965 1309 3006 se
1335 2953 1662 3007 obscuriori.

567 3019 909 3096 brCorrectus
936 3030 1020 3096 est
1050 3021 1139 3096 hic
1177 3021 1356 3089 locus,
1387 3022 1477 3092 qui
1519 3023 1780 3096 mendose
1809 3024 2094 3096 legebatur

494 3092 552 3150 in
596 3095 698 3164 hac
743 3091 954 3164 vulgata
987 3092 1242 3164 lectione,
1296 3091 1570 3148 contraria
1618 3096 1832 3164 utrique
1865 3091 2088 3151 'manu-

494 3163 704 3236 scripto
751 3161 964 3236 codici:
1003 3161 1253 3236 Hyﬁnum
1299 3164 1429 3218 scito
1475 3166 1614 3236 quod
1664 3161 1877 3236 propria
1923 3177 2092 3222 mente

499 3233 742 3308 Origenis
783 3234 923 3308 dicta
951 3236 1004 3288 in
1039 3233 1286 3308 Latinum
1314 3233 1581 3308 transtulit
1611 3252 1672 3291 ac
1699 3233 1957 3308 probarit,
2001 3255 2092 3294 nec

495 3305 766 3377 dissimilis
791 3305 857 3359 ab
884 3321 942 3361 eo
967 3315 1042 3360 est
1069 3306 1158 3377 qui
1183 3305 1366 3362 alienis
1395 3306 1534 3361 uitiis
1557 3305 1771 3376 pra-stat
1796 3325 2088 3366 assensum.

495 3375 647 3435 Illud
677 3387 851 3432 tamen
874 3378 1007 3432 scire
1033 3375 1212 3450 cupio,
1234 3386 1343 3433 etc.

2253 1180 2571 1238 Audiendus
2607 1183 2710 1241 sub
2741 1185 2900 1265 linem
2935 1185 3164 1265 Rufinus
3197 1190 3314 1265 ipse
3335 1205 3439 1265 pro
3465 1205 3524 1265 se
3552 1191 3792 1265 loquens

2183 1251 2272 1336 ad‘
2311 1268 2585 1336 summitm
2625 1256 2963 1326 pontieem,
2995 1259 3198 1336 suique
3221 1251 3356 1336 laeti
3379 1264 3586 1319 ratione
3623 1251 3790 1336 quam

2184 1323 2908 1406 potuit-reddita,'regerens
2947 1323 3154 1406 crimen
3187 1333 3238 1406 in
3269 1323 3685 1406 Hieronymum,
3717 1327 3791 1394 de

2183 1394 2339 1473 cujus
2368 1395 2568 1473 invidia
2593 1394 2834 1473 maligne
2866 1401 3112 1473 queritur
3141 1418 3157 1456 :
3195 1402 3346 1470 Quod
3389 1394 3626 1473 quaedam
3659 1394 3790 1463 Ori-

2183 1467 2348 1550 genis,
2371 1468 2554 1550 inquit
2583 1467 2833 1550 (Apolgg.
2872 1467 2942 1525 ad
2981 1467 3311 1550 {inustaei'um
3361 1467 3597 1549 papam),
3630 1496 3795 1550 roga-

2185 1546 2264 1590 tus
2293 1555 2333 1632 9
2363 1539 2716 1632 Ιπίιινὶὸςιὲ¹
2743 1539 2925 1632 Oracle
2974 1543 3029 1596 in
3071 1543 3322 1632 Latinum.
3361 1539 3631 1632 transtuli,
3662 1539 3793 1632 puto

2185 1609 2322 1691 quod
2350 1611 2845 1691 omnes-intelligant
2869 1615 3255 1691 _I_ttec_proesolo
3287 1617 3443 1673 livore
3466 1609 3712 1691 culpari;
3746 1625 3793 1676 si

2185 1680 2320 1755 enim
2347 1681 2546 1749 aliquid
2569 1692 2651 1755 est
2680 1680 2819 1753 quod
2846 1680 3082 1755 displicet
3113 1687 3167 1740 in
3197 1697 3423 1755 auctore,
3453 1680 3614 1755 qua're
3644 1680 3705 1744 id
3721 1694 3795 1746 ad

2186 1751 2513 1823 interpretem
2543 1751 3094 1826 detoerquetur?'Sicut
3123 1757 3179 1811 in
3223 1751 3420 1814 ercis
3450 1751 3670 1816 habetur
3705 1780 3797 1818 ro-

2185 1830 2334 1894 gatus
2379 1839 2492 1894 sum
2543 1835 2598 1878 ut
2645 1823 2847 1880 Latinis
2893 1829 3248 1894 ostenderent;
3311 1829 3508 1886 Graecis
3551 1833 3794 1889 sensibus

2185 1892 2334 1972 uerba
2365 1893 2486 1972 dedi
2517 1895 2706 1972 Latina
2736 1899 3118 1953 tantummodo.
3149 1892 3270 1955 Siue
3294 1915 3415 1972 ergo
3441 1904 3496 1957 in
3531 1905 3636 1958 illis
3667 1921 3791 1960 sen-

2185 1964 2325 2046 sibus
2357 1965 2470 2019 laus
2508 1975 2585 2021 est
2611 1969 2810 2039 aliqua,
2845 1984 2946 2023 non
2997 1980 3073 2025 est
3101 1987 3248 2037 mea;
3276 1964 3381 2028 sive
3424 1975 3580 2046 culpa
3603 1975 3768 2032 simili
3780 2007 3797 2018 ο

2192 2043 2286 2102 ter,
2319 2051 2423 2090 non
2445 2046 2519 2090 est
2548 2053 2681 2092 mea.

2260 2107 2328 2160 Et
2356 2108 2513 2174 paulo
2554 2109 2927 2186 post_:__lVemo_
2945 2127 3068 2183 ergo
3092 2115 3225 2186 mihi
3273 2131 3336 2170 ea:
3363 2113 3482 2180 hoc,
3521 2133 3696 2186 quaeso
3722 2127 3794 2185 te,

2189 2186 2393 2256 sancte,
2411 2180 2816 2256 ac_ven_erabilis,
2845 2191 2891 2235 et
2911 2180 3262 2256 beatePater,
3291 2187 3476 2256 con/let
3497 2180 3794 2256 invidiam,-

2189 2263 2345 2328 teemo‘
2366 2249 2675 2328 factionibus
2702 2261 2880 2328 utatur
2907 2263 2958 2328 et
2987 2249 3279 2328 calumniis,
3309 2249 3448 2328 qubd
3476 2259 3529 2312 in
3555 2249 3794 2314 Ecclesiu

2193 2319 2289 2374 Dei
2309 2319 2425 2402 ﬁeri
2449 2321 2722 2402 non-licet.
2744 2322 2843 2378 Ubi
2866 2325 3002 2402 enim
3027 2319 3355 2399 simplicitas,
3377 2339 3489 2383 tuta
3514 2331 3610 2384 erit
3631 2341 3678 2384 et
3708 2332 3789 2385 in-

2191 2391 2449 2456 nocentia,
2484 2391 2528 2445 si
2557 2391 2641 2447 hic
2672 2410 2773 2448 non
2809 2394 2950 2450 erit?

2264 2459 2506 2541 Origenis
2538 2479 2642 2541 ego
2677 2481 2836 2536 neque
2887 2466 3151 2541 defensor,
3184 2485 3346 2540 neque
3385 2479 3608 2526 assertor
3651 2489 3794 2541 sum,

2191 2548 2355 2615 neque
2385 2533 2584 2615 primae
2624 2533 2876 2608 interpres
2901 2553 2921 2591 :
2951 2533 3044 2592 alii
3082 2548 3202 2596 ante
3242 2533 3324 2595 me
3359 2541 3455 2596 hoc
3483 2543 3621 2597 idem
3662 2533 3798 2615 θριξὶ

2192 2604 2439 2683 fecerant,
2473 2606 2572 2683 {cei
2600 2616 2646 2661 et
2667 2604 3322 2683 ego'_pos_lremusrogatus
3353 2631 3383 2666 a
3410 2604 3705 2683 fratribus:
3729 2613 3797 2671 Si

2181 2676 2394 2753 jubetur
2422 2691 2485 2730 ne
2509 2675 2624 2753 ﬁat,
2653 2675 2819 2746 iussio
2850 2680 3106 2753 observari
3153 2675 3294 2738 debet
3340 2684 3393 2737 in
3410 2675 3695 2753 posterum.
3729 2685 3797 2742 Si

2191 2747 2468 2829 eulpantur
2496 2747 2582 2817 qui
2610 2757 2732 2803 ante
2759 2751 3042 2820 iussionem
3063 2753 3313 2822 fecerunt,
3349 2747 3506 2824 culpa
3536 2774 3568 2810 a
3608 2757 3796 2827 primis

2191 2827 2424 2884 incipiat.

2267 2885 2377 2970 Egeo
2424 2889 2565 2944 enim
2607 2900 2793 2970 pitcter
2822 2891 2969 2970 hane
2991 2893 3149 2970 ﬁdem
3187 2911 3342 2967 quant
3360 2913 3530 2970 supra
3558 2899 3794 2969 exposui,

2117 2967 2163 3029 ο
2195 2958 2250 3035 id
2281 2969 2400 3035 est,
2425 2976 2579 3035 quem
2608 2958 2866 3017 'Romana
2920 2958 3176 3032 Ecclesia,
3198 2958 3210 2967 ’
3232 2977 3280 3020 et
3331 2958 3708 3035 Alefrandri'na,
3742 2958 3794 3024 et

2198 3030 2541 3110 Aquileiensis
2567 3040 2742 3086 nostra
2773 3043 2928 3110 tenet,
2957 3030 3170 3107 quicque
3198 3035 3575 3110 Hierosolymis
3605 3030 3798 3108 ρι’ιέάὶ-

2199 3109 2369 3178 eatur,
2392 3101 2622 3178 alienqm
2647 3119 2739 3178 nec
2765 3103 2924 3178 habui
2954 3101 3200 3178 umquam
3229 3109 3282 3161 in
3309 3109 3410 3163 isto
3443 3101 3676 3176 homine,
3702 3127 3801 3166 nec

2196 3169 2382 3237 habeo,
2412 3188 2504 3252 nec
2531 3171 2777 3252 habebo;_
2791 3177 2902 3252 etsi
2929 3179 3041 3247 quis
3056 3169 3222 3252 'aliter
3241 3180 3426 3252 credit,
3456 3169 3685 3252 quisquis
3704 3181 3802 3238 ille

2197 3252 2292 3304 est,
2316 3243 2587 3324 anethema
2600 3245 2700 3324 fit.
2721 3243 2972 3324 fiedden't
3010 3259 3180 3324 autem
3208 3251 3262 3324 in
3293 3250 3375 3306 die
3393 3243 3594 3324 judicii
3634 3253 3800 3324 ratio-

2198 3327 2313 3387 nem
2340 3314 2398 3387 hi
2421 3314 2512 3384 qui
2555 3314 2897 3387 offendicula,
2928 3330 2976 3373 et
3029 3314 3412 3387 dissensiones;
3440 3331 3488 3378 et
3544 3323 3801 3378 scandala

2197 3384 2468 3454 fratribus,
2500 3397 2708 3458 propter
2727 3384 2977 3444 invidiam
3003 3391 3167 3446 solam
3193 3401 3239 3445 et
3263 3384 3494 3460 livorem,
3523 3405 3799 3467 generant.

515 3519 3794 3555 Μ

1743 3617 2078 3710 FIDES
2154 3626 2597 3710 RUFINI.

571 3758 769 3816 Mirum
803 3774 961 3830 quam
985 3759 1154 3815 multa
1183 3760 1434 3816 doctrinae
1458 3801 1472 3827 ,
1525 3769 1634 3814 tum
1663 3759 1922 3817 historicas
1945 3805 1960 3830 ,
1996 3771 2104 3816 tum
2135 3762 2439 3835 dogmatica:
2463 3780 2655 3820 arcana
2685 3762 2894 3820 libellus
2923 3764 3019 3820 iste
3045 3765 3373 3823 brevissimus
3403 3769 3663 3826 contineat
3687 3814 3702 3840 ,
3749 3781 3810 3827 ut

501 3855 704 3923 magnis
731 3848 1098 3917 voluminibus,
1129 3850 1213 3904 sin
1236 3849 1406 3905 minus
1431 3849 1692 3922 praeferri,
1722 3851 1905 3905 saltem
1931 3853 2171 3924 componi
2197 3862 2350 3924 queat
2378 3870 2398 3909 :
2421 3855 2559 3910 unde
2601 3855 2739 3909 notis
2761 3854 3082 3926 diligentius,
3117 3858 3281 3928 iisque
3305 3859 3559 3915 laboriose
3583 3863 3811 3934 conqui-

520 3941 630 4010 itis,
662 3938 1007 3996 illustrandus
1029 3939 1165 3995 visus
1192 3949 1304 4005 est;
1345 3955 1507 4009 neque
1530 3955 1649 3994 vero
1682 3941 2008 3997 mediocriter
2033 3942 2291 3997 illustrari
2311 3944 2509 4015 egebat,
2533 3954 2590 3999 ut
2617 3961 2742 4012 opes
2764 3962 2894 4016 quas
2925 3947 3206 4018 exiguitate
3257 3965 3350 4003 sua
3380 3951 3514 4006 velut
3544 3953 3811 4012 involutas

501 4033 702 4090 celabat
747 4033 1008 4106 explicare
1037 4040 1327 4103 aageretur.
1381 4032 1625 4104 Rejectus
1671 4041 1743 4087 est
1775 4049 1931 4104 porro
1974 4034 2029 4088 itt
2075 4035 2410 4106 appendicem
2430 4075 2447 4104 ,
2475 4035 2652 4092 eadem
2680 4036 2744 4092 de
2770 4053 2928 4092 causa
2953 4047 3102 4107 atque
3138 4038 3402 4094 Anastasii
3429 4042 3647 4114 epistola
3673 4085 3690 4111 ,
3721 4048 3814 4100 cui

507 4129 843 4201 subjungitur
871 4129 926 4183 in
953 4127 1322 4198 manuscriptis
1352 4127 1642 4196 codicibus,
1667 4129 1993 4200 quantumvis
2013 4129 2289 4184 secundum
2326 4130 2388 4184 ab
2413 4131 2525 4202 ipsa
2555 4139 2720 4186 teneat
2748 4130 2948 4196 locum;
2971 4147 3091 4186 nam
3114 4148 3300 4202 parum
3328 4133 3478 4190 habet
3511 4135 3818 4208 Pelagianae

510 4222 742 4278 historiae
766 4265 782 4289 ,
813 4223 1030 4278 ntultum
1057 4222 1241 4277 alienae
1262 4263 1278 4288 ,
1303 4221 1495 4278 scilicet
1527 4222 1872 4293 Origenianaz.
1921 4221 2046 4277 Illis
2087 4225 2224 4278 enim
2254 4224 2562 4293 temporibus
2583 4265 2597 4289 ,
2629 4224 2769 4294 quod
2796 4225 2851 4279 in
2877 4226 3012 4278 notis
3040 4224 3492 4282 demonstrandum
3521 4239 3614 4296 est,
3644 4232 3815 4300 ferve-

512 4317 652 4382 bant,
680 4331 743 4370 eo
774 4316 1060 4386 praesertim
1088 4315 1189 4369 loci
1216 4329 1316 4385 quo
1353 4313 1558 4369 libellus
1597 4316 1815 4386 scriptus
1843 4325 1939 4379 est,
1967 4315 2275 4385 qutestiones
2307 4323 2434 4370 orta:
2464 4331 2527 4370 ea:
2554 4315 2697 4369 libris
2727 4314 2966 4386 Origenis
2995 4320 3112 4392 περὶ
3142 4315 3370 4392 Ἀρχῶν,
3399 4334 3525 4388 quos
3553 4336 3729 4374 recens
3759 4323 3817 4378 in

510 4411 760 4467 Latinum
791 4425 1081 4465 sermonem
1117 4407 1344 4478 Ruﬁnus
1371 4407 1718 4479 Aquileiensis
1757 4409 2018 4480 presbyter
2063 4407 2425 4464 transtulerat.
2474 4408 2666 4464 Verum
2691 4409 2794 4462 ista
2819 4408 3063 4476 patebunt
3087 4425 3152 4464 ex
3177 4414 3332 4477 notis,
3360 4411 3412 4464 in
3436 4413 3620 4482 quibus
3643 4431 3817 4485 popu-

514 4504 651 4561 lares
699 4501 937 4573 qitaadam
966 4501 1235 4574 opiniones
1269 4499 1612 4556 convellendas
1645 4510 1785 4571 sunt,
1817 4511 1866 4556 et
1903 4499 2158 4556 nonnulla
2200 4498 2516 4573 Origeniana
2557 4499 2681 4570 ipsis
2720 4500 2876 4553 etiam
2914 4499 3132 4553 eruditis
3171 4515 3274 4554 non
3315 4501 3442 4554 satis
3472 4511 3593 4555 nota
3618 4519 3817 4573 propa-

513 4586 778 4650 labuntur.

555 4707 818 4794 2Propter
843 4705 1254 4765 venerationem
1277 4715 1590 4764 sanctorum
1620 4706 1890 4778 locorum,
1918 4708 2095 4766 sHie—
2200 4707 2532 4778 rosolymam
2585 4715 2642 4764 et
2683 4705 2968 4764 Bethleem
3001 4707 3278 4775 venimus,
3333 4717 3388 4764 et
3434 4707 3816 4767 intelleximus

1709 4822 2260 4882 CASTIGATIDNES
2298 4823 2389 4879 ET
2428 4821 2661 4879 NOTAE.

583 4932 611 4962 ι
651 4921 789 4978 Hinc
833 4930 1050 4978 coastat
1075 4922 1168 4993 ubi
1201 4921 1270 4978 sit
1299 4921 1482 4979 editus
1513 4922 1609 4979 ille
1649 4922 1803 4978 Fidei
1842 4923 2094 4989 libellus,
2127 4930 2179 4988 D
2207 4937 2372 4988 parce
2401 4921 2863 4977 anathematismo
2893 4921 3142 4978 secundo
3173 4922 3242 4979 de
3263 4923 3450 4993 gratia:
3479 4921 3686 4979 divina:
3713 4926 3821 4981 ad-

508 4995 723 5066 seilieet
746 4992 1149 5066 Hierosolymis
1176 5004 1267 5048 aut
1295 4993 1616 5066 Bethleemi,
1642 5009 1750 5064 quo
1780 4994 2100 5066 conﬂuebat
2201 4993 2411 5064 jutorio
2436 4995 2642 5066 dictum
2677 4993 2916 5066 fuisset?
2949 4993 3144 5066 Potest
3174 4992 3306 5066 erge
3331 4993 3505 5066 videri
3551 4995 3622 5050 ad
3669 5004 3821 5052 tem-

510 5064 724 5121 inlinita
751 5067 834 5119 vis
861 5066 980 5120 sive
1009 5064 1459 5136 presbyterorum
1478 5105 1494 5131 ,
1521 5065 1639 5120 sive
1678 5065 2098 5130 monachorum,
2209 5080 2338 5132 pora
2367 5065 2641 5120 Anastasii
2677 5065 2974 5134 pertinere,
3017 5064 3222 5134 quibus
3245 5064 3614 5134 Origeniana:
3649 5080 3817 5136 qua:-

509 5138 707 5208 partim
739 5147 966 5208 propter
1003 5137 1352 5190 sanctitatem
1393 5139 1674 5208 utriusque
1712 5138 1859 5208 loci,
1899 5137 2097 5208 partim
2206 5137 2436 5208 stiones,
2471 5150 2667 5208 magna
2711 5137 3024 5208 animorum
3056 5136 3444 5208 eontentione,
3497 5139 3822 5208 praesertim

511 5205 586 5264 ob
613 5205 927 5279 Hieronymi
951 5208 1182 5279 tamam.
1207 5215 1264 5262 et
1306 5207 1568 5279 nobilium
1599 5207 1921 5261 feminarum
1971 5206 2102 5261 cha—
2204 5206 2261 5260 in
2289 5207 2541 5274 Oriente,
2568 5205 2933 5277 agitabantur,
2965 5215 3023 5263 et
3053 5206 3364 5278 Pelagianae
3410 5205 3564 5278 quasi
3615 5212 3821 5264 conci-

511 5279 756 5341 ritatem,
788 5275 902 5334 suis
927 5275 1120 5348 Opibus
1143 5293 1338 5333 servos
1366 5278 1462 5333 Dei
1493 5279 1774 5333 alentium.
2207 5279 2521 5348 piebantur.

589 5349 665 5404 De
697 5359 944 5420 tempore
966 5347 1248 5420 difficilior
1269 5350 1518 5419 quaestio,
1547 5348 1672 5420 hinc
1695 5358 1875 5404 tamen
1901 5349 2104 5404 duecn-
2209 5347 2221 5348 “
2279 5349 2448 5404 Immo
2472 5350 2561 5404 vix
2595 5363 2700 5404 non
2734 5351 2931 5420 opinor
2957 5347 3114 5420 rejici
3160 5348 3368 5405 debere
3407 5348 3476 5404 ad
3504 5347 3822 5420 pontiﬁca-

515 5420 585 5476 da
615 5419 954 5490 conjectura.
986 5419 1183 5474 Editus
1213 5430 1296 5474 est
1338 5423 1526 5489 procul
1570 5419 1740 5474 dubio
1786 5431 1913 5475 ante
1951 5421 2105 5476 dant-
2210 5429 2326 5476 tum
2359 5434 2530 5490 usque
2558 5419 2763 5485 Siricii,
2789 5419 3092 5488 quando'in
3123 5420 3354 5476 Oriente
3389 5419 3670 5476 turbatum
3697 5433 3826 5490 est,

2209 5491 2605 5548 dissidentibus
2645 5503 2834 5556 mutuo
2857 5491 3074 5547 duobus
3099 5492 3318 5560 magnis
3357 5491 3513 5556 viris,
3564 5491 3623 5547 S.
3679 5491 3828 5562 Epi-

2210 5562 2486 5634 phanioet
2506 5563 2719 5618 Joanne
2743 5562 3268 5634 IIierosolymitano,
3305 5563 3830 5634 illo_oppugnante,

2211 5632 2318 5688 isto
2335 5633 2662 5690 defendente
2689 5632 3013 5705 Origenem.
3037 5633 3116 5688 Ad
3142 5641 3321 5689 tantos
3337 5632 3486 5690 enim
3513 5635 3704 5703 episco
3754 5632 3834 5693 os

2211 5718 2518 5763 accessere.
2549 5721 2674 5763 cum
2701 5705 2934 5763 ulurima
2963 5704 3160 5763 turba.
3193 5704 3382 5763 eximii
3418 5705 3530 5763 duo
3573 5649 3834 5763 nresBy‘

3748 5721 3840 5790 ξπ

2211 5718 2518 5781 accessere,
2549 5721 2674 5772 cum
2701 5704 2934 5782 plurima
2963 5704 3160 5779 turba,
3193 5704 3382 5770 eximii
3418 5705 3530 5768 duo
3573 5719 3704 5782 pres

514 5489 731 5548 natum’
760 5489 1065 5545 NeStorium
1090 5534 1103 5554 ,
1149 5491 1392 5557 alioquin
1423 5490 1583 5546 tertio
1614 5491 2102 5557 anathematismo,

514 5577 628 5617 non
655 5562 998 5618 Samosateni
1029 5570 1260 5627 tantum,
1282 5561 1642 5629 Pltotinique,
1685 5561 1778 5616 sed
1809 5563 1971 5617 etiam
2001 5562 2106 5618 Ne-

512 5632 679 5688 storii
715 5632 856 5715 iacta
908 5631 1122 5715 fuisset“
1143 5634 1390 5715 mentio:
1438 5633 1617 5688 editus
1660 5635 2106 5715 quoquenprius-

516 5717 682 5790 quam
709 5703 1060 5794 damnaretur
1084 5704 1364 5792 lfelagius,
1392 5719 1514 5766 nam
1545 5704 1820 5780 quomodo
1842 5703 1974 5772 alias
1997 5715 2105 5764 tam
