3898 6276
180 301 271 357 ριι

1254 300 1452 361 FIDES
1490 300 1726 361 RUFlNl
1763 304 2263 378 AQUlLEIENSlS.

3327 316 3438 377 2&2

183 419 429 491 plurimos
458 418 652 475 fratres
682 419 735 475 in
762 418 916 476 nobis
946 416 1324 487 scandalizari,
1354 433 1422 475 eo
1456 419 1602 490 quod
1649 435 1745 476 au-
1773 426 1821 487 Α
1922 423 2133 497 Itaque,
2165 427 2278 484 Deo
2304 438 2588 497 praesente,
2627 436 2895 486 testamur
2923 446 3039 501 qua:
3072 429 3209 489 infra
3236 430 3437 505 scripta

184 512 362 567 diarinl
392 526 491 568 nos
525 513 695 567 multa
732 512 984 570 haeretica
1012 521 1069 570 et
1095 527 1215 585 quae
1241 520 1428 569 contra
1451 511 1611 570 ﬁdem
1636 512 1739 571 Ec-

184 606 345 663 clesia:
375 606 596 663 veniunt
626 605 889 678 proliteri.
1002 674 1047 715 \

1848 525 1975 572 sunt
1999 533 2096 573 nos
2112 534 2178 575 ex
2200 530 2353 590 parte
2375 522 2611 578 sensisse
2639 536 2735 592 per
2753 538 3017 594 errorem,
3045 532 3101 580 et
3120 533 3148 563 ι
3180 523 3436 594 praesenti

1850 619 2091 683 tempore
2137 615 2531 685 condemnare;
2581 617 2686 674 alia
2733 626 2946 690 autem,
2989 618 3047 676 in
3077 618 3271 692 quibus
3302 619 3435 677 falso

1345 740 1893 802 CASTIGATIONES
1932 745 2022 803 ET
2061 747 2292 806 ΝΟΤᾹΞ.

191 864 297 929 teri,
327 860 694 932 Hieronymus
740 858 1263 933 quiiEpiphanium,
1302 860 1757 933 etARulinusqui

188 936 433 1005 Joannem
462 930 801 1005 sedueretur.
828 930 1161 1005 Hieronymo
1181 930 1574 1005 monachorum
1601 932 1753 1005 chori

188 1008 253 1062 ita
309 1003 698 1067 adhaerebant,
749 1012 809 1059 ut
864 1019 973 1060 non
1031 1002 1501 1059 communicarent
1550 1002 1750 1059 Joanni

190 1076 332 1147 (Vide
354 1074 500 1147 (apud
535 1073 843 1147 Hieronym.
877 1076 1006 1147 epist
1031 1073 1123 1147 61,
1154 1090 1268 1145 qua
1296 1081 1531 1147 esteoni.
1558 1090 1754 1147 errores

202 1146 447 1216 mannis);
477 1145 809 1216 presbyteris
832 1145 1010 1201 autem
1040 1146 1088 1199 in
1126 1152 1324 1216 partes~
1350 1145 1563 1211 divisis,
1613 1145 1759 1202 schi-

191 1233 289 1275 sma
313 1214 702 1287 miserabiliter
730 1216 1049 1287 Ecclesiamr
1081 1214 1627 1287 ltierosolymitanam
1670 1216 1754 1272 la-

191 1289 411 1345 cerabat.
443 1285 562 1342 Non
583 1286 1021 1358 improbabiliter
1042 1286 1205 1358 igitur
1231 1285 1347 1342 dici
1365 1296 1544 1357 potest
1575 1286 1754 1344 editus

193 1359 393 1417 circiter
422 1374 554 1413 ann.
595 1356 718 1413 398.

253 1433 534 1486 Auctorem
574 1442 698 1483 esse
740 1428 995 1485 Ruﬁnum
1032 1427 1324 1499 quemdam
1364 1428 1569 1499 titulus
1612 1428 1755 1485 indi-

194 1512 304 1566 cat;
346 1500 696 1556 demonstrat
737 1499 985 1556 Latinum
1025 1498 1301 1556 hominem
1343 1498 1599 1556 dictionis
1645 1499 1756 1555 for-

198 1571 512 1637 ma;series
554 1581 608 1626 et
650 1570 785 1626 ordo
827 1572 1035 1628 codicis
1081 1570 1435 1639 manuscripti
1478 1572 1754 1641 appellare

200 1644 389 1699 videtur
433 1642 814 1713 presbyterum
857 1642 1309 1713 Aquileiensem‘;
1358 1649 1544 1711 posset
1589 1641 1754 1697 alicui

202 1716 361 1769 venire
393 1711 447 1767 in
475 1711 711 1768 meniem
740 1711 1030 1784 presbyter
1053 1711 1711 1784 (Palaestinaeiprovincia:
1735 1755 1751 1781 ,

202 1788 328 1854 cujus
355 1784 606 1839 libellum
636 1784 786 1840 Fidei
833 1781 1002 1841 edidit
1047 1783 1108 1839 P.
1156 1781 1515 1849 Sirmondus;
1570 1795 1755 1854 posset

201 1866 246 1912 et
265 1856 411 1911 alteri
444 1855 685 1927 Ruﬁnus
702 1856 1004 1927 presbyter,
1026 1854 1441 1927 quemlegimus
1464 1855 1533 1910 ab
1561 1854 1755 1927 Hiero-

204 1943 339 1999 nymo
360 1927 588 1981 missum
612 1942 651 1999 re
678 1924 811 1999 locis
837 1924 1044 1999 sanctis
1073 1924 1435 1999 Mediolanum
1464 1940 1593 1981 ann.
1622 1925 1751 1984 400.

202 1995 485 2054 Occurrunt
531 1998 678 2053 enim
719 1998 925 2060 animo,
973 1998 1115 2052 inter
1169 1995 1393 2066 legenda
1446 2006 1753 2065 temporum

205 2071 404 2124 istorum
436 2077 788 2139 monumenta
811 2109 825 2133 ,
872 2081 984 2125 tres
1016 2069 1127 2139 hoc,
1146 2067 1367 2139 nomine
1409 2068 1751 2139 presbyteri,

206 2142 303 2195 sive
328 2139 413 2211 qui
446 2138 865 2211 Hierosolymis.
895 2140 1012 2196 sive
1040 2138 1132 2209 qui
1161 2139 1212 2193 in
1260 2136 1451 2211 vicinis
1488 2136 1754 2195 Ecclesiis

208 2210 382 2265 versati
411 2211 541 2275 sint,
573 2219 631 2265 et
657 2209 728 2265 ita
761 2220 1055 2267 occurrunt
1081 2210 1299 2265 curioso
1334 2209 1538 2278 animo,
1589 2220 1645 2265 ut
1685 2210 1755 2268 de

203 2282 331 2337 nullo
357 2296 463 2336 non
489 2280 671 2351 possit
696 2283 826 2337 oriri
860 2282 1131 2352 suspicio;
1161 2296 1285 2335 nam
1319 2288 1480 2353 prout
1508 2296 1755 2353 emerge-

203 2354 314 2407 bant
351 2353 592 2421 quotidie
646 2352 913 2418 hrereses,
965 2353 1267 2422 praesertim
1323 2352 1376 2406 in
1426 2352 1755 2409 Oriente’et

204 2424 593 2495 Hierosolymis,
623 2434 847 2494 propter
874 2423 1261 2495 conﬂuentium
1298 2422 1579 2495 hominum
1608 2425 1754 2495 mul-

203 2493 463 2566 titudinem
488 2512 504 2560 ;
534 2494 611 2549 ita
641 2493 798 2550 suam
819 2497 1044 2566 quisque
1069 2494 1302 2550 debebat
1330 2494 1558 2566 probare
1592 2493 1754 2551 ﬁdem

202 2565 327 2637 apud
355 2581 444 2621 eos
470 2580 702 2635 quorum
749 2565 1187 2622 communionem
1227 2565 1541 2637 expetebat,
1589 2567 1755 2637 siqui-

201 2634 311 2692 dem
336 2634 726 2706 multi’pietatis
746 2638 929 2707 specie
957 2637 1205 2707 tegebant
1226 2634 1499 2691 haeresim.

267 2707 363 2762 Pro
385 2707 576 2762 Ruﬁno
596 2706 930 2778 Aquileiensi
972 2706 1100 2763 facit
1140 2709 1195 2761 in
1244 2706 1430 2775 primis
1452 2709 1754 2765 auctoritas

202 2778 526 2850 hiematuris,
557 2790 647 2833 aut
668 2777 847 2847 potius
870 2780 1150 2850 utriusque
1171 2777 1396 2850 codicis,
1422 2778 1474 2832 in
1501 2794 1606 2848 quo
1632 2790 1756 2835 sunt

206 2848 378 2918 Opera
422 2849 776 2916 Mercatoris;
832 2852 885 2905 in
938 2848 1203 2905 ainbobus
1256 2848 1398 2903 enim
1442 2849 1756 2906 anathema-

208 2920 345 2974 tismi
375 2921 512 2975 inter
550 2921 824 2989 epistolam
867 2922 1138 2977 Anastasii
1185 2929 1239 2975 et
1263 2920 1675 2977 subnotationes
1700 2922 1753 2976 in

204 2991 356 3046 verba
386 2990 580 3046 Juliani
612 2994 682 3046 ita
732 2993 1176 3061 interponuntur,
1232 3000 1289 3044 ut
1317 3006 1437 3045 cum
1471 2993 1753 3048 manifesta

1859 863 1966 953 sibi
1994 865 2204 953 crimen
2232 867 2615 953 consensionis
2642 884 2766 953 cum
2798 870 3036 953 Origene
3074 886 3131 953 in
3171 869 3439 953 dogmati-

1859 935 1995 1004 bus,
2022 936 2222 1011 ubique
2268 938 2512 1011 passim,
2533 950 2589 995 et
2625 940 2765 1010 apud
2796 935 3033 1011 judicem
3064 935 3431 1009 Anastasium,

1857 1013 1913 1061 et
1932 1008 2074 1082 apud
2101 1018 2445 1065 accusantem
2472 1008 2878 1082 Hieronymum,
2908 1013 3139 1069 diluere.

1928 1079 2324 1150 Argumentum
2371 1094 2535 1150 porro
2594 1079 2733 1150 quod
2778 1083 2847 1137 ab
2895 1082 3214 1139 auctoritate
3242 1082 3438 1139 Merca-

1860 1149 1991 1225 tor-is
2020 1149 2729 1225 sumebatur,»r:uminitatur
2756 1155 2948 1225 partim
2984 1155 3085 1209 hac
3109 1168 3263 1220 voce,
3296 1156 3438 1225 eius-

1859 1219 2008 1293 dem,
2034 1222 2231 1291 partim
2270 1222 2632 1293 collocatione
2668 1219 2839 1279 libelli
2874 1233 2999 1293 post
3043 1219 3254 1280 litteras
3291 1219 3436 1280 Ana-

1859 1291 2053 1364 stasii,
2120 1300 2263 1361 etc.,
2323 1292 2458 1364 nihil
2509 1293 2795 1349 admodum
2851 1291 3038 1351 efﬁcit.
3100 1295 3234 1364 Quis
3288 1295 3434 1350 enim

1858 1361 2142 1433 epistolam
2184 1363 2454 1419 Anastasii
2489 1363 2560 1420 ibi
2587 1365 2903 1420 collocatam
2928 1380 2960 1419 a
2989 1361 3286 1421 Mercatore
3312 1379 3437 1433 pro-

1861 1431 1973 1505 bet,
2008 1433 2097 1489 ubi
2125 1444 2206 1489 est
2237 1435 2292 1490 in
2322 1434 2509 1490 codice
2535 1435 2947 1505 manuscripto?
2972 1437 3092 1504 quis
3125 1451 3232 1492 non
3256 1431 3431 1505 videat

1862 1502 1914 1557 id
1944 1503 2146 1559 factum
2172 1505 2238 1560 ab
2261 1506 2509 1575 imperito
2539 1506 2789 1571 librario,
2816 1502 3059 1575 quicum
3100 1522 3267 1562 unum
3315 1504 3412 1561 Ori

1860 1575 2123 1644 genistam
2170 1576 2425 1632 Ruﬁnum
2466 1585 2683 1644 nosset,
2714 1576 2840 1633 huic
2865 1578 3045 1632 omnia
3071 1576 3390 1633 Ruﬁnorum
3414 1617 3433 1646 ,

1785 1685 1834 1746 B
1864 1649 2551 1746 p'ﬁ'lii.if?i‘3§.‘9“i‘flifl‘
2570 1648 3184 1746 ςῗῗἮῖξξίιῗςιςέξξδ¹¹ἓῗῘᾷἶ

1930 1715 2135 1789 Opinor
2157 1719 2340 1789 igitur,
2370 1733 2545 1789 neque
2570 1718 2990 1783 incredibiliter,
3037 1728 3313 1775 auctorem
3342 1718 3436 1773 hu-

1852 1785 1944 1857 jus
1963 1788 2130 1860 libelli
2147 1785 2271 1845 esse
2283 1785 2539 1860 Ruﬁnum
2556 1790 2705 1845 illum
2722 1790 2941 1845 tertium
2959 1790 3027 1860 (si
3051 1800 3225 1845 tamen
3242 1789 3436 1846 tertius

1856 1859 2152 1933 a_se_cu_ndo
2206 1858 2411 1933 diﬁ‘ert)
2459 1875 2618 1929 quem
2660 1858 3039 1933 presbyterum
3081 1861 3439 1933 Hieronymus

1857 1928 2222 2002 Mediolanum
2253 1928 2592 2002 Romamque
2618 1928 2785 1995 misit,
2829 1928 3020 2002 utique
3041 1934 3106 1987 ad
3148 1928 3439 1987 Venerium

1857 2007 1911 2055 et
1940 2000 2287 2057 Anastasium
2314 2000 2581 2058 adversus
2621 2000 2960 2072 Origenistas
2994 2002 3392 2059 sollicitandum
3417 2043 3436 2072 ,

1858 2079 1915 2125 ut
1942 2073 2279 2143 ostendimus
2308 2074 2363 2128 in
2388 2073 2531 2129 notis
2572 2074 2639 2129 ad
2668 2074 3039 2143 praefationem
3086 2073 3439 2130 Subnotatio-

1856 2157 2004 2215 num.
2032 2142 2302 2212 Opinandi
2341 2145 2480 2200 ratio
2506 2154 2611 2211 est,
2654 2142 2798 2215 quod
2831 2156 3029 2214 printer
3068 2160 3263 2201 nomen
3311 2158 3441 2200 con-

1859 2213 2080 2286 veniant
2148 2222 2360 2286 tempus
2390 2260 2404 2285 ,
2460 2216 2633 2283 locus,
2671 2213 2877 2285 patria,
2926 2215 3141 2286 aliaque
3177 2215 3443 2285 ejusmodi

1855 2284 2130 2352 adjuncta.
2164 2285 2359 2341 Missus
2382 2294 2467 2342 est
2493 2287 2637 2342 enim
2661 2284 2728 2342 ex
2758 2284 3168 2343 Bethleemiiico
3196 2284 3438 2354 secessu,

1856 2354 2131 2427 Anastasii
2174 2356 2539 2426 temporibus,
2574 2357 2657 2413 vir
2702 2358 2958 2422 Latinus,
2998 2358 3090 2427 qui
3134 2372 3256 2413 cum
3286 2358 3442 2413 Occi-

1857 2425 2163 2481 dentalibus
2178 2425 2455 2498 negotium
2486 2425 2666 2499 magni
2686 2430 2947 2484 momenti
2971 2425 3220 2499 gereret,
3250 2428 3303 2483 id
3332 2435 3438 2497 est,

1856 2512 1970 2552 rem
2016 2507 2234 2554 strenue
2275 2506 2465 2568 ageret
2516 2510 2706 2556 contra
2778 2499 3165 2569 Origenistas,
3211 2514 3441 2568 quorum

1857 2582 2074 2640 errores
2114 2578 2168 2625 et
2197 2584 2267 2626 eo
2298 2570 2464 2626 sciret
2500 2571 2754 2640 penitius,
2787 2568 2894 2640 quo
2922 2569 3116 2627 iisdem
3147 2568 3326 2625 fuerat
3355 2570 3440 2626 in-

1860 2637 2048 2705 lectus,
2090 2647 2146 2695 et
2188 2642 2472 2698 ltmreticos
2500 2637 2659 2696 ianto
2704 2637 2985 2697 ardentius
3030 2642 3439 2711 insequeretur,

1857 2718 2059 2783 quanto
2086 2724 2146 2766 se
2175 2712 2362 2779 sciret,
2392 2711 2635 2781 professo
2661 2712 2847 2783 palam,
2863 2711 3009 2783 odio,
3044 2726 3075 2765 a
3123 2710 3440 2783 suspicione

1859 2781 2099 2855 pristina)
2145 2783 2419 2855 societatis
2456 2781 2676 2855 certius
2700 2782 3087 2839 absolvendum
3121 2781 3142 2855 (
3172 2781 3299 2837 Vide
3324 2796 3440 2853 qut:

1857 2851 2310 2925 animadvertimus
2340 2855 2409 2909 ad
2438 2858 2590 2925 prwf.
2624 2854 2841 2921 Subn.).

1930 2922 1956 2961 δ
1992 2923 2123 2977 Tota
2166 2924 2281 2980 haec
2331 2922 2711 2982 condemnatio
2750 2924 3035 2981 duodecim
3076 2924 3440 2980 anathemati-

1860 2995 1990 3048 smis
2035 2996 2375 3062 continetur,
2417 2997 2559 3051 circa
2608 3011 2779 3064 quos,
2837 2997 2881 3051 si
2937 2996 3101 3052 modo
3142 2996 3440 3053 universim

206 3062 291 3115 ﬁat
335 3062 640 3138 m_entio_in_
672 3065 852 3138 priore
890 3066 1009 3138 loco
1046 3062 1411 3138 Aquiieiensis
1458 3063 1658 3138 Ruﬁni,
1703 3065 1755 3120 in
1784 3069 1830 3133 C
1864 3074 2192 3133 Spectcntur,
2241 3068 2338 3121 tria
2398 3078 2526 3137 puto
2566 3062 2876 3138 diligentius
2922 3068 3278 3124 observanda.
3321 3069 3439 3124 Pri-

206 3133 491 3201 posteriore
524 3132 703 3205 Ruﬁni
736 3135 880 3189 illius
918 3136 1007 3205 qui
1040 3132 1235 3205 docuit
1272 3132 1608 3198 Coelestium,
1642 3138 1761 3205 qui-

204 3219 296 3271 que
326 3205 480 3274 vulgo
508 3204 770 3270 crcditur,
821 3208 981 3261 etiam
1011 3206 1079 3260 ab
1113 3204 1492 3259 eruditissimis
1539 3204 1759 3274 quibus-

202 3290 433 3342 cumque,
482 3290 605 3330 esse
648 3277 1032 3346 Aquileiensis,
1082 3292 1187 3330 non
1255 3276 1390 3331 alius
1447 3277 1757 3346 anathema-

204 3345 355 3399 tismis
408 3347 595 3401 titulus
648 3345 805 3404 datus
853 3350 923 3403 sit
969 3362 1128 3417 quam
1174 3346 1321 3401 iste:
1355 3346 1544 3415 Incipit
1600 3345 1759 3403 Fides

202 3417 415 3488 ejusdem
442 3417 648 3482 Ruﬁni,
678 3420 831 3487 cujus
864 3434 1059 3487 nempe
1100 3418 1158 3471 ﬁt
1191 3418 1393 3471 mentio
1441 3419 1493 3470 in
1534 3428 1760 3488 utroque

201 3486 378 3559 Opere.
442 3488 591 3559 [facit
630 3486 826 3545 deinde
867 3486 1007 3559 quod
1051 3488 1422 3559 Aquileiensis
1462 3486 1757 3557 plurimum

201 3555 423 3627 Origeui,
456 3557 762 3629 Pelagianis
786 3555 896 3615 non'
926 3555 1356 3628 parum'laverit,
1407 3555 1541 3615 teste
1572 3560 1761 3617 Hiero-

203 3643 344 3701 nymo
377 3629 574 3701 (Epist.
614 3632 682 3684 ad
722 3629 1006 3701 Ctesiplt.);
1059 3633 1130 3686 sit
1161 3645 1290 3686 vero
1323 3640 1470 3685 totus
1513 3631 1626 3687 fere
1672 3633 1759 3689 hic

198 3698 397 3772 iibellus
440 3700 506 3755 de
553 3698 981 3772 quaestionibus,
1024 3711 1136 3757 tum
1179 3702 1250 3755 ab
1289 3701 1539 3771 Origene,
1591 3710 1701 3757 tum
1728 3720 1758 3758 a

198 3768 396 3841 Pelagio
426 3768 603 3825 motis.
630 3772 786 3828 Facit
811 3773 1044 3842 denique
1067 3773 1209 3842 quod
1238 3788 1355 3841 quae
1386 3768 1472 3827 hic
1493 3772 1761 3830 damnan-

197 3848 289 3907 tur,
318 3841 510 3897 eadem
537 3842 652 3898 fere
681 3845 892 3913 objecta
942 3841 1046 3899 Sibi
1087 3841 1314 3899 Ruﬁnus
1372 3844 1755 3914 Aquileiensis,

197 3927 303 3967 cum
330 3914 380 3985 in
408 3914 674 3985 Apologia
700 3916 767 3970 ad
810 3916 1155 3971 Anastasium
1185 3930 1378 3984 papam
1398 3957 1412 3982 ,
1453 3924 1562 3969 tum
1593 3919 1757 3973 maxi-

194 3998 275 4108 (tinle
324 3984 379 4040 in
434 3984 641 4041 duabus
697 3986 959 4043 adversus
1010 3987 1395 4057 Hieronymum
1450 3987 1756 4060 lnvectivis,

225 4065 363 4108 luat.

225 4065 363 4110 iluat.

255 4126 446 4183 Verum
473 4137 603 4183 sunt
643 4128 696 4182 in
741 4130 1078 4185 contrarium
1110 4128 1454 4185 vehementia
1485 4142 1616 4186 sane
1667 4146 1755 4186 ar-

194 4208 452 4271 gumenta,
488 4214 662 4269 eaque
683 4214 791 4256 non
814 4215 1022 4271 pauca;
1056 4216 1177 4255 nam
1194 4199 1241 4255 si
1268 4200 1407 4256 hanc
1434 4200 1757 4269 palinodiam

194 4268 473 4343 aliquando
522 4268 858 4343 recantassét
887 4271 1246 4343 Aquileiensis
1272 4312 1287 4337 ,
1325 4268 1639 4343 quipotuit
1677 4274 1759 4328 fa-

192 4348 317 4413 ctum
337 4342 726 4413 Hieronymum
752 4342 940 4411 latere,
959 4342 1144 4413 primis
1163 4342 1466 4412 praesertim
1492 4344 1602 4398 illis
1622 4354 1756 4400 tem-

194 4412 418 4484 poribus,
443 4412 640 4483 quibus
659 4424 806 4469 arcta
834 4412 1113 4470 erat’inter
1141 4422 1429 4484 utrumque
1453 4417 1748 4473 necessitas

189 4461 1219 4563 ἑπιῖιῌῑῆἶεῖῐᾷτῖέοξὶιῖξιίι’ἇιὶιᾜόῐιιίῖ
1235 4461 1356 4563 ἧς)πῖ
1371 4461 1453 4563 ex
1462 4461 1748 4563 pausa:
1773 4461 1825 4521 Ι)

190 4554 405 4610 maxime
442 4554 510 4609 ab
543 4554 764 4612 homine
794 4557 1153 4619 iracundiore,
1196 4563 1253 4612 et
1281 4556 1483 4611 leviora
1519 4572 1625 4612 non
1668 4559 1743 4613 si-

192 4621 352 4700 lente,
394 4633 687 4700 postquam
735 4626 969 4700 amicitia
1017 4627 1368 4700 solutaest?
1415 4627 1742 4700 Quidquod

190 4693 904 4775 ultimus—anathemaiismus
932 4699 1383 4775 perstringiteos
1423 4693 1515 4770 qui
1558 4693 1745 4757 dicunt

186 4769 376 4823 animas
408 4769 561 4837 prius
589 4769 1066 4843 exstitisseiquami
1084 4769 1327 4843 venerint
1370 4770 1423 4843 in
1447 4769 1450 4770 ⁷
1471 4784 1697 4840 corpora
1724 4816 1740 4843 ,

185 4842 229 4911 et
251 4851 373 4903 non,
396 4839 701 4911 secundum
734 4841 890 4911 primi
922 4839 1159 4896 hominis
1195 4840 1533 4911 exemplum.
1573 4839 1672 4898 eas
1714 4839 1745 4896 a

186 4905 284 4983 Deo
301 4910 545 4983 quotidie
574 4910 689 4965 ﬁeri
710 4905 748 4983 ;ί
770 4910 994 4967 Ruﬁnus
1027 4921 1202 4967 tamen
1261 4912 1279 4981 (
1307 4905 1374 4966 1ιὶ
1396 4912 1649 4983 Apologia
1678 4917 1746 4968 ad

186 4978 508 5053 Anastasiurn
539 4982 750 5053 papam)
777 4983 1068 5037 conﬁtetur
1098 4983 1207 5052 jam
1240 4978 1646 5047 senex,'adliuc
1686 4999 1746 5041 se

185 5048 439 5123 ignorare,
475 5048 694 5121 Deoque
731 5048 987 5123 relinquit
1028 5048 1203 5108 scire:
1254 5053 1392 5121 Quid
1430 5055 1496 5109 sit
1538 5055 1593 5107 in
1632 5071 1747 5110 vero

181 5134 319 5187 super
348 5122 659 5195 tribusquw
697 5133 817 5177 tunc
854 5122 1172 5179 inualuerant
1215 5124 1277 5178 de
1310 5126 1505 5195 origine
1542 5126 1746 5179 anima-

180 5205 284 5243 ntm
302 5193 652 5262 opinionibus,
680 5210 903 5264 quarum
941 5212 1045 5248 ttna
1072 5206 1179 5249 erat
1207 5193 1676 5265 ιιιιοά,ἰιόιιιίιιτιε
1697 5213 1750 5253 IN

183 5275 342 5318 UTERO
368 5278 718 5332 CORPORIBUS,
752 5268 897 5321 DEUS
938 5282 1185 5329 QUOTIDIE
1216 5282 1407 5322 FACIAT
1440 5283 1631 5322 ANIMAS
1681 5284 1749 5325 ET

178 5348 454 5389 INPUNDAT.

240 5405 392 5460 Adde
445 5408 589 5477 quod
642 5408 868 5481 Ruﬁnus
920 5410 1012 5464 ille
1066 5410 1240 5481 Syrus
1299 5411 1449 5480 cujus
1504 5411 1751 5466 tnetninit

179 5474 439 5531 Mercator
461 5474 526 5533 Vin
575 5479 891 5550 praefatione
936 5474 1387 5539 Subnutationutn
1414 5522 1429 5548 ,
1480 5482 1636 5547 longe
1668 5484 1747 5537 di-

178 5560 356 5602 versus
390 5550 461 5603 sit
510 5550 575 5605 ab
597 5550 928 5621 Aquileiensi
950 5594 963 5618 ,
997 5554 1087 5622 qui
1132 5554 1197 5608 de
1244 5564 1462 5622 peccato
1496 5554 1741 5621 originali

177 5632 275 5670 non
306 5622 456 5695 male
481 5623 668 5695 sensit,
702 5632 756 5676 ut
802 5623 1060 5695 adversus
1090 5626 1403 5695 popularem
1450 5625 1738 5680 credulita-

176 5698 279 5761 tem
303 5692 628 5748 indubitatis
648 5694 984 5761 argumentis
1009 5692 1307 5753 conlectum
1334 5705 1434 5751 est.

241 5759 433 5841 Neque
462 5764 601 5841 valet
644 5764 693 5818 id
719 5759 870 5841 quod
910 5765 1131 5823 aﬁ‘ertur
1174 5767 1620 5841 ex‘Apologiaet
1651 5768 1737 5824 ln-

173 5835 423 5889 vcctivis.
470 5835 696 5894 Coactus
740 5837 883 5894 enim
927 5848 1009 5896 est
1053 5835 1410 5910 Aquileiensis
1448 5835 1732 5910 'objcctum

1864 3151 2040 3209 mum,
2087 3152 2275 3191 omnes
2321 3139 2617 3209 intorqueri
2671 3140 2725 3193 in
2767 3140 3070 3194 doctrinam
3108 3154 3264 3209 quae,
3312 3138 3438 3197 licet

1866 3206 2296 3279 llicronymianae
2319 3210 2387 3263 sit
2418 3206 2686 3263 contraria
2708 3251 2720 3275 ,
2766 3225 2870 3263 non
2911 3220 3089 3265 tamen
3124 3206 3322 3279 pariter
3367 3210 3437 3267 ab

1863 3278 2113 3350 omnibus
2140 3278 2257 3334 aliis
2301 3279 2548 3334 l'atribus
2579 3280 2881 3350 proscripta
2922 3288 3022 3334 est.
3064 3278 3249 3350 Neque
3290 3281 3437 3336 enim

1864 3348 2212 3421 duodecimus
2236 3348 2717 3406 anathematiémus
2739 3348 2996 3406 adversus
3024 3366 3121 3406 eos
3142 3348 3228 3421 qui
3255 3351 3438 3406 dicunt

1864 3420 2063 3473 animas
2106 3421 2249 3488 prius
2276 3422 2433 3488 fuisse
2476 3436 2631 3491 quam
2653 3433 2788 3475 nata:
2812 3430 2953 3487 sunt,
2989 3430 3035 3476 et
3058 3420 3161 3476 non
3186 3439 3299 3475 cum
3330 3438 3435 3477 cor-

1863 3506 1983 3565 pore
2006 3508 2037 3542 a
2073 3490 2176 3544 Deo
2207 3491 2433 3565 quotidie
2453 3490 2594 3565 ﬁeri,
2624 3492 2891 3548 admissus
2938 3492 3130 3548 fuisset
3154 3494 3222 3565 ab
3252 3495 3435 3565 Augu-

1864 3561 2027 3626 stino,
2054 3564 2406 3628 quaestionem
2453 3564 2592 3618 hanc
2633 3566 2777 3619 velut
2825 3566 3088 3620 incertam
3131 3563 3309 3620 adhuc
3336 3561 3435 3622 sua

1863 3641 2019 3705 relate
2046 3633 2278 3689 deﬁnire
2307 3649 2593 3704 numquam
2623 3650 2774 3691 auso.
2797 3634 2952 3692 Unde
2978 3642 3191 3705 oportet
3224 3634 3437 3692 confes-

1810 3768 1818 3774 _
1862 3704 2071 3759 sionem
2100 3705 2257 3759 istam
2290 3705 2342 3759 in
2368 3706 2511 3759 nulla
2541 3705 2785 3764 Ecclesia
2810 3705 2976 3761 fuisse
2999 3704 3261 3775 publicam
3288 3722 3303 3773 ;
3336 3706 3436 3765 sed

1865 3775 2125 3842 privatam
2151 3777 2351 3845 potius,
2381 3786 2435 3831 et
2461 3777 2711 3845 alicujus,
2744 3778 2860 3831 sive
2886 3776 3207 3833 clericorum
3237 3786 3433 3846 castus,

1864 3846 1977 3901 sive
2007 3847 2319 3902 monasterii
2352 3850 2641 3917 propriam.
2669 3849 2893 3918 Oportet
2918 3852 3050 3904 item
3070 3848 3434 3906 anathematis

1864 3931 2061 3990 nomen
2094 3932 2198 3973 non
2226 3933 2288 3973 ea
2317 3920 2536 3974 notione
2578 3930 2859 3988 acceptum
2891 3921 3056 3975 luisse
3115 3935 3218 3989 qua
3267 3919 3433 3990 vulgo

1861 3988 2019 4052 solet,
2046 4003 2143 4057 pro
2166 3991 2535 4045 exsecratione
2563 3991 2843 4058 canonica,
2892 3991 2985 4045 sed
3029 3988 3271 4059 generali
3301 3988 3431 4059 alia,

1862 4074 1961 4141 pro
1991 4060 2444 4141 condemnatione
2469 4061 2696 4141 alicujus
2722 4061 2872 4141 dicti.
2895 4061 2997 4141 A_Sic
3026 4076 3159 4129 oum
3188 4061 3432 4141 Diospoli

1857 4131 2136 4201 jﬁuberetur
2169 4131 2308 4186 dicta
2332 4132 2575 4199 quaedam
2602 4148 2699 4201 per
2727 4132 3089 4186 adulationem
3132 4133 3432 4201 reprobare

1860 4200 2130 4273 Pelagius,
2184 4202 2427 4273 Synodus
2474 4200 2646 4256 dixit:
2689 4203 2943 4269 Quoniam
2987 4219 3142 4273 negas
3190 4200 3238 4273 te
3302 4204 3432 4259 talia

1857 4272 2142 4340 scripsisse,
2172 4271 2545 4327 anathematiza
2568 4273 2684 4327 illos
2714 4274 2801 4343 qui
2836 4273 2908 4327 sic
2949 4271 3137 4328 tenent.
3182 4272 3431 4344 Pelagius

1860 4344 2157 4411 respondit:
2186 4344 2572 4398 Anathematizo
2602 4345 2749 4415 quasi
2775 4346 2987 4409 stultos,
3017 4361 3119 4399 non
3145 4345 3292 4414 quasi
3320 4345 3431 4400 Ita:-

1859 4417 2061 4487 retices,
2093 4416 2341 4483 siquidem
2369 4431 2472 4487 no_n
2498 4424 2571 4469 est
2595 4417 2802 4486 dogma.
2844 4415 3047 4470 Deinde
3066 4418 3431 4487 judicaverunl

1850 4486 2070 4557 episcopi
2099 4487 2354 4541 dicentes:
2388 4485 2545 4540 Nunc
2572 4485 2816 4557 quoniam
2854 4485 3303 4542 anathematizauit
3326 4487 3430 4542 Pe-

1852 4556 2017 4625 lagius
2044 4558 2295 4611 insertum
2323 4556 2721 4629 stultiloquium,
2751 4566 2857 4614 etc.
2885 4558 3024 4629 (Lib.
3058 4558 3122 4614 de
3143 4557 3286 4615 Gest.
3319 4557 3430 4615 Pa-

1849 4628 1982 4682 ltest.
2015 4644 2131 4683 cap.
2157 4628 2233 4683 6i.

1871 4637 1982 4682 (est.
2015 4644 2131 4683 can.
2157 4637 2233 4683 6).

1922 4630 2252 4765 gecctiri’dtiiii,
2292 4700 2345 4753 in
2374 4698 2627 4771 omnibus
2652 4698 2940 4771 Origenem
2975 4700 3120 4769 peti,
3166 4708 3427 4769 ortasque

1850 4783 1917 4824 ex
1949 4772 2115 4839 ipsius
2146 4771 2293 4826 fonte
2315 4773 2552 4826 haereses
2578 4769 2938 4837 SamoSateni,
2970 4772 3106 4839 Arii,
3146 4770 3427 4840 Apollina-

1853 4840 1925 4894 ris
1953 4850 2008 4895 et
2058 4840 2307 4907 Photini,
2342 4842 2507 4897 immo
2549 4841 2751 4896 nullam
2788 4843 3061 4906 damnari,
3105 4857 3264 4910 quam
3312 4857 3425 4899 non

1856 4910 2445 4983 HieronymusOrigeni
2462 4913 2751 4980 aliquando
2772 4913 3050 4983 obiecerit.
3083 4913 3159 4967 Ex
3186 4926 3293 4982 quo
3320 4926 3424 4969 nec

1856 4988 2059 5038 temere
2086 4984 2350 5053 quispiam
2377 4999 2478 5040 nec
2506 4984 2880 5053 imprudenter
2908 4983 3213 5053 crediderit
3235 4991 3423 5039 aucto-

1857 5068 1971 5126 rem
1998 5052 2570 5111 anathematismorum
2589 5052 2769 5112 'iuisse
2796 5054 3117 5126 discipulum
3142 5052 3423 5126 Hierony-

1857 5124 1949 5191 mi,
1984 5134 2124 5181 eteo
2154 5133 2398 5196 tempore
2418 5126 2701 5195 scripsisse
2725 5142 2830 5197 quo
2857 5122 3091 5197 nondum
3123 5122 3423 5197 deferbuis-

1857 5205 1944 5268 set
1970 5198 2150 5252 acrior
2182 5194 2321 5253 inter
2353 5194 2825 5268 Hieronymum'et
2867 5194 3142 5268 Joannem
3171 5194 3422 5255 Hieroso-

1859 5267 2179 5337 lymitanum
2210 5270 2514 5335 contentio,
2547 5265 2600 5323 id
2628 5277 2742 5333 est,
2788 5278 2912 5322 ante
2932 5280 3057 5321 anu.
3084 5265 3217 5332 394;
3254 5268 3420 5325 immo

1861 5349 1914 5393 ct
1941 5340 2174 5397 edidisse
2204 5342 2586 5413 professionem
2614 5338 2871 5413 hancLin
2897 5338 3129 5413 ipsemet
3156 5338 3420 5413 Hierony-

1860 5414 1929 5467 tni
1956 5408 2305 5475 ttionasteiio,
2334 5411 2471 5481 apud
2501 5416 2735 5483 sanctam
2762 5408 3053 5483 Bethleem,
3087 5426 3188 5482 qua
3212 5426 3270 5467 se
3290 5408 3421 5483 pur-

1854 5494 2007 5552 garet
2052 5486 2119 5540 ab
2149 5479 2380 5540 lituos-i2.
2414 5479 2737 5552 suspicione,
2794 5479 3121 5551 dignumque
3164 5479 3417 5552 prob—aret

1851 5551 1937 5625 qui
1968 5557 2339 5612 admitteretur
2368 5554 2417 5609 in
2448 5551 2766 5608 catholicum
2786 5562 3017 5625 emtum.

1923 5629 2277 5693 Postremum,
2306 5640 2365 5680 ea
2396 5631 2712 5692 tempestate
2748 5624 2926 5693 plures
2979 5626 3144 5680 luctas
3197 5627 3411 5683 fuisses

1845 5701 2005 5754 variis
2030 5698 2333 5753 hominibus
2357 5694 2738 5764 professiones,
2765 5696 2855 5751 isti
2877 5712 2983 5751 non
3006 5696 3298 5760 absitniles,
3323 5697 3407 5751 sin

1840 5773 2017 5825 minus
2046 5768 2218 5840 quoad
2242 5766 2630 5840 deﬁnitionem,
2664 5781 2786 5821 cum
2816 5769 2904 5840 alii
2954 5768 3193 5840 faverent
3224 5769 3407 5840 Orige-

1840 5842 1912 5909 ni,
1960 5837 2424 5909 alii‘pugnarent,
2497 5838 2687 5899 saltem
2736 5839 2910 5912 quoad
2953 5838 3277 5912 quaestiones
3334 5837 3405 5896 de
