3948 6274
451 277 560 341 855
910 279 1002 334 AD
1041 276 1299 335 PRIMAM
1337 277 1620 335 PARTEM
1658 273 1937 331 OPERUM
1977 273 2048 328 Μ.
2093 271 2533 332 MERCATORIS
2572 271 2920 332 APPENDIX
2955 271 3292 334 SECUNDA.
3606 273 3737 336 256

1162 467 2128 613 arratum:
2175 495 3011 611 sucunnn

1667 695 1777 758 AD
1818 693 2139 758 PRIMAM
2180 693 2508 758 PARTEM

796 859 1526 991 OPERUM
1591 856 2130 988 MARII
2191 854 3387 1009 MERCATORIS,

1928 1046 2276 1110 Complectens

1330 1158 2338 1246 DISSERTATIONES
2411 1161 2871 1245 SEPTEM

549 1297 787 1378 Quibus
814 1299 1064 1378 integra
1090 1296 1450 1362 continetur
1472 1297 1741 1365 historia
1766 1298 2137 1380 Pelagiana,
2163 1299 2485 1382 multaque
2511 1297 2846 1381 populares
2872 1295 3202 1378 opiniones
3228 1294 3671 1378 refcliuntur.-j

459 393 3715 421 ww

1661 1591 2530 1696 PRIEFATIO.

545 1787 668 1844 Fuit
727 1786 1020 1858 aliquando
1067 1786 1282 1843 animus
1329 1801 1428 1859 pro
1470 1786 1773 1858 appendice
1819 1788 2006 1858 prima:
2052 1786 2226 1858 partis
2250 1787 2488 1858 Operum
2515 1783 2835 1841 Met-caloris
2877 1783 3156 1841 historiam
3197 1783 3423 1841 haeresis
3451 1783 3764 1857 Pelagiana

467 1866 812 1940 conscribere
835 1923 851 1948 ,
896 1896 998 1952 qua
1028 1880 1420 1952 complecterer
1448 1881 1626 1936 omnia
1655 1922 1671 1947 ,
1722 1880 1838 1938 sive
1872 1895 1997 1952 quae
2031 1895 2177 1937 nunc
2218 1879 2452 1952 primum
2480 1893 2548 1935 ex
2578 1885 2803 1934 auctore
2845 1891 2969 1934 meo
2997 1875 3310 1934 didicissem
3341 1916 3358 1944 ,
3389 1879 3504 1933 sive
3531 1893 3659 1949 quae
3688 1893 3762 1934 ex

470 1974 826 2047 scriptoribus
869 1975 987 2031 aliis
1019 1975 1192 2046 quinti
1218 1975 1401 2031 saeculi
1433 1974 1674 2031 studiose
1701 1973 2010 2046 conquisita
2039 1987 2150 2045 prae
2192 1973 2441 2029 manibus
2467 1971 2725 2029 haberem
2751 1988 2766 2026 :
2794 1970 3013 2028 retinuit
3042 1985 3130 2026 me
3162 1979 3337 2026 tamen
3365 1986 3470 2027 non
3515 1970 3766 2026 historiae

473 2076 681 2125 tantum
709 2067 968 2137 conditio,
1000 2083 1118 2137 qua:
1148 2066 1359 2123 dicendi
1389 2067 1698 2124 facultatem
1730 2082 1852 2124 mea
1880 2067 2144 2137 majorem
2174 2065 2456 2138 otiumque
2488 2080 2521 2121 a
2546 2065 2748 2122 scholis
2774 2079 3006 2121 vacuum
3033 2064 3232 2135 exigit,
3272 2063 3368 2119 sed
3398 2064 3514 2134 ipsa
3543 2079 3766 2135 quoque

475 2173 656 2214 rerum
705 2158 1105 2213 tractandarum
1153 2158 1293 2213 ratio
1323 2199 1337 2224 ,
1389 2174 1509 2230 quae
1560 2167 1782 2229 propter
1809 2158 2263 2229 multiplicltatem
2295 2160 2530 2229 postulat
2571 2157 2791 2214 liberius
2830 2157 3102 2213 scribendi
3141 2172 3335 2228 genus.
3381 2156 3567 2227 Neque
3613 2156 3764 2213 enim

477 2251 714 2307 historiae
747 2252 892 2324 leges
919 2251 1196 2322 patiuntur
1222 2255 1290 2310 τὰ
1315 2254 1516 2329 κριτικά
1541 2252 1946 2308 narrationibus
1970 2251 2210 2316 misceri,
2241 2249 2386 2320 quod
2419 2258 2599 2306 tamen
2623 2264 2762 2321 opus
2784 2259 2959 2314 esset;
2992 2263 3168 2319 neque
3194 2249 3394 2326 κριτικά
3421 2248 3768 2321 praetermitti

480 2356 788 2417 potuerunt,
821 2348 938 2402 sine
963 2348 1173 2419 reliquo
1202 2345 1484 2416 dispendio
1513 2345 1750 2417 suscepti
1780 2345 1834 2401 in
1858 2343 2175 2401 accurandis
2200 2343 2351 2399 Marii
2385 2342 2698 2400 Mcrcatoris
2723 2341 2990 2413 Operibus
3024 2342 3244 2399 laboris.

553 2439 762 2495 Placuit
786 2439 948 2510 igitur
974 2438 1448 2495 dissertationibus
1478 2439 1656 2509 potius
1682 2452 1843 2509 quam
1873 2436 2099 2493 historia
2126 2437 2592 2508 comprehendere
2620 2450 2974 2508 quaecumque
3006 2435 3264 2493 haberem
3292 2434 3474 2493 dicere
3499 2435 3568 2493 de
3596 2437 3770 2494 rebus

480 2534 548 2590 ad
577 2548 793 2590 causam
823 2533 1166 2606 Pelagianam
1194 2535 1587 2606 spectantibus.
1617 2534 1850 2605 Placuit,
1885 2536 2126 2605 inquam,
2155 2551 2266 2590 non
2295 2549 2358 2590 ea
2385 2535 2562 2590 solum
2594 2533 2662 2589 de
2688 2547 2853 2589 causa
2885 2548 3045 2604 quam
3075 2533 3270 2603 attuli,
3299 2533 3397 2590 sed
3433 2533 3642 2591 idcirco
3683 2533 3770 2591 vel

482 2627 734 2694 maxime,
763 2627 907 2697 quod
938 2634 1107 2682 totum
1135 2625 1239 2682 hoc
1264 2626 1592 2683 dissertandi
1620 2641 1789 2697 genus
1814 2666 1830 2693 ,
1865 2634 1920 2682 et
1949 2625 2209 2696 majorem
2247 2625 2445 2680 habeat
2483 2625 2864 2696 cognationem
2895 2640 3018 2680 cum
3059 2612 3401 2681 scholasticis
3439 2623 3771 2696 disputatio-

483 2719 638 2775 nibus
662 2760 678 2785 ,
724 2720 777 2774 in
819 2719 1013 2788 quibus
1043 2719 1259 2776 incanui
1281 2761 1296 2787 ,
1341 2729 1398 2777 et
1424 2720 1531 2776 alia
1561 2720 1700 2776 nolit
1725 2720 1995 2792 elegantia
2022 2719 2292 2777 sermonis
2313 2719 2494 2775 ornari
2524 2733 2687 2790 quam
2712 2733 2818 2791 qua
2847 2732 3000 2775 suam
3025 2719 3258 2792 quisque
3283 2719 3611 2778 sententiam
3641 2719 3770 2778 sim-

483 2813 691 2884 pliciter
718 2813 856 2868 solet
884 2820 941 2868 et
964 2821 1150 2882 aperte
1179 2812 1474 2884 explicare.

553 2905 687 2960 Cum
715 2913 892 2961 autem
925 2915 1146 2976 propter
1175 2906 1493 2978 exponenda
1522 2905 1833 2963 Mercatoris
1874 2905 2016 2961 dicta
2055 2914 2224 2962 totum
2256 2906 2308 2962 id
2340 2921 2522 2977 operae
2549 2908 2694 2978 quod
2741 2921 3002 2965 navamus
3042 2917 3354 2980 susceptum
3388 2911 3492 2979 sit,
3531 2927 3769 2985 eumque

487 3001 754 3056 Mercator
773 3015 955 3056 rerum
978 3000 1388 3072 Pelagianarum
1411 2999 1544 3056 nihil
1568 3000 1852 3057 tradiderit
1872 2999 2014 3071 quod
2039 3000 2241 3057 obitum
2266 3001 2437 3056 sancti
2458 3001 2765 3072 Augustini,
2789 3009 2885 3057 aut
2902 3001 3096 3058 saltem
3121 3001 3408 3059 concilium
3431 3003 3772 3076 Ephesiuum

488 3092 781 3163 exceperit,
817 3094 946 3148 vism
971 3101 1098 3148 sunt
1125 3093 1313 3149 eodem
1340 3107 1605 3148 annorum
1634 3093 1905 3148 curriculo
1934 3091 2259 3148 definiendae
2289 3091 2722 3160 dissertationes,
2753 3106 2856 3148 nec
2881 3092 3024 3148 aliud
3048 3093 3340 3164 quidquam
3367 3095 3765 3166 attingendum,

489 3186 590 3241 nisi
618 3186 760 3256 quod
791 3185 858 3242 ab
883 3196 1074 3241 exortu
1103 3186 1329 3243 haeresis
1359 3226 1375 3253 ,
1423 3187 1507 3241 cui
1557 3186 1757 3241 factum
1804 3202 1832 3240 a
1879 3185 2099 3255 Pelagio
2139 3201 2332 3240 nomen
2378 3195 2460 3241 est
2482 3225 2498 3252 ,
2549 3185 2615 3240 ad
2645 3186 2888 3256 ejusdem
2919 3186 3427 3246 condemnationem
3456 3206 3488 3244 a
3515 3188 3770 3248 Patribus

489 3280 772 3352 Ephesinis
802 3293 1008 3353 gestum
1039 3281 1340 3338 est.Visum
1369 3294 1583 3350 quoque
1610 3278 1678 3335 ad
1710 3279 2004 3350 quamlibet
2031 3279 2464 3336 dissertationem
2494 3277 2900 3349 proponendum
2928 3293 3049 3351 quae
3076 3279 3243 3336 verba
3268 3281 3580 3338 Mercatoris
3609 3297 3772 3339 occa-

487 3374 695 3430 sionem
727 3374 954 3445 singulis
982 3373 1252 3431 dederint.

561 3466 825 3532 Quoniam
855 3481 984 3522 vero
1013 3468 1079 3521 ad
1107 3466 1157 3522 id
1186 3466 1327 3537 quod
1357 3465 1565 3537 agimus
1590 3465 1768 3536 magni
1800 3463 1966 3521 refert
1998 3463 2299 3534 intelligere
2346 3477 2463 3534 quae
2506 3463 2669 3519 fuerit
2697 3463 2924 3519 haeresis
2951 3477 3056 3534 qua
3082 3462 3151 3518 de
3174 3463 3513 3533 potissimum
3541 3465 3773 3536 quastio

492 3569 595 3626 est,
628 3559 824 3630 quibus
853 3568 946 3614 aut
974 3569 1090 3615 orta
1123 3559 1435 3630 parentibus
1454 3598 1471 3626 ,
1501 3570 1592 3615 aut
1624 3559 1865 3630 patronis
1892 3558 2133 3625 defensa,
2167 3558 2360 3628 quibus
2389 3559 2610 3631 synodis
2635 3558 2704 3614 ab
2735 3557 3000 3624 Ecclesia,
3040 3557 3236 3628 quibus
3264 3556 3480 3613 statutis
3502 3557 3570 3612 ab
3594 3559 3771 3630 impe-

495 3651 790 3717 ratoribus,
822 3665 932 3722 quo
955 3651 1117 3707 modo
1145 3651 1213 3706 ab
1243 3650 1375 3707 orbe
1402 3658 1515 3706 toto
1544 3650 1797 3706 damnata
1831 3652 1924 3716 sit,
1953 3649 2147 3719 quibus
2175 3648 2411 3720 denique
2434 3649 2520 3705 vel
2550 3648 2982 3720 professionibus
3011 3647 3081 3704 ab
3111 3647 3386 3704 haereticis
3415 3654 3651 3716 asserta,
3684 3649 3771 3704 vel

497 3743 649 3799 libris
679 3758 709 3797 a
739 3743 1118 3800 defensoribus
1148 3743 1268 3799 fidei
1295 3743 1576 3800 catholicae
1601 3743 1848 3800 convicta
1867 3785 1881 3810 ,
1913 3751 2121 3814 septem
2152 3744 2374 3799 omnino
2399 3743 2872 3800 dissertationibus
2905 3757 3042 3814 Opus
3073 3742 3193 3798 fuit.
3225 3741 3335 3800 Sed
3361 3756 3425 3798 ea
3456 3756 3560 3813 qua
3586 3742 3773 3814 inqui-

492 3837 630 3895 ritur
658 3851 820 3908 quem
848 3845 1026 3892 ortum
1053 3835 1324 3904 habuerit,
1357 3851 1585 3907 quaaque
1609 3837 1948 3893 incrementa
1976 3836 2221 3904 haeresis,
2254 3851 2357 3908 qua
2385 3845 2537 3906 parte
2567 3837 2801 3894 maxime
2822 3836 2968 3893 dicta
2998 3845 3083 3893 est
3113 3835 3462 3930 Caelestiana,
3491 3843 3547 3892 et
3570 3850 3600 3890 a
3628 3837 3773 3894 Mer-

493 3939 676 3987 catore
707 3930 1046 4001 impugnatur
1071 3970 1086 3994 ,
1131 3928 1426 3986 differenda
1449 3927 1552 3985 fuit
1581 3928 1637 3984 in
1665 3938 1996 3999 postremum
2030 3929 2229 3996 locum,
2263 3937 2321 3986 ut
2346 3937 2493 3987 esset
2524 3931 2748 3986 aliarum
2779 3931 2934 4004 quasi
2966 3927 3422 4003 complementum
3455 3939 3510 3986 et
3538 3929 3769 3986 lructus.

500 4022 675 4077 Prima
703 4021 865 4092 igitur
891 4021 1140 4078 ostendet
1162 4035 1298 4092 quos
1336 4028 1494 4078 nacta
1519 4021 1588 4077 sit
1615 4028 1871 4092 parentes
1898 4021 2124 4081 haeresis
2147 4064 2161 4090 ,
2195 4037 2438 4093 quosque
2469 4024 2772 4095 praecipuos
2808 4023 3122 4080 defensores
3148 4040 3166 4092 ;
3196 4021 3432 4080 secunda
3454 4063 3470 4090 ,
3516 4023 3715 4094 quibus
3737 4039 3770 4080 a

493 4111 714 4182 synodis
741 4111 976 4182 judicata
1013 4113 1120 4178 sit;
1167 4113 1324 4169 tertia
1350 4154 1365 4181 ,
1408 4112 1602 4180 quibus
1651 4111 2036 4183 imperatorum
2066 4116 2441 4172 sanctionibus
2483 4117 2824 4187 proscripta;
2865 4126 3090 4187 quarta,
3114 4117 3410 4188 quomodo,
3441 4126 3504 4173 ut
3530 4117 3773 4189 loquitur

490 4206 722 4279 Prosper
749 4207 947 4279 (Carm.
975 4208 1038 4262 de
1073 4206 1328 4279 Ingrat.),
1360 4207 1548 4263 mundi
1578 4222 1741 4263 manu
1767 4207 2020 4264 damnata
2050 4210 2153 4278 sit;
2182 4213 2366 4281 quinta
2387 4250 2403 4276 ,
2433 4210 2628 4281 quibus
2653 4210 2851 4267 libellis
2879 4210 3040 4268 fidem
3067 4224 3219 4268 suam
3249 4212 3492 4269 haeretici
3522 4227 3629 4268 non
3661 4221 3772 4270 tam

493 4313 766 4371 exponere
793 4316 954 4370 quam
991 4300 1336 4358 dissimulare
1375 4301 1705 4356 tentaverint
1730 4316 1746 4366 ;
1793 4309 1944 4356 sexta
1967 4340 1984 4370 ,
2025 4301 2218 4374 quibus
2255 4303 2411 4359 libris
2441 4317 2472 4358 a
2501 4302 2786 4358 catholicis
2813 4302 3062 4359 Patribus
3091 4303 3227 4361 fides
3253 4303 3517 4361 catholica
3544 4304 3771 4363 defensa

493 4391 562 4447 sit
588 4407 603 4455 ;
649 4400 918 4460 postrema
937 4433 952 4460 ,
990 4407 1149 4463 quam
1187 4393 1557 4465 prodigiosum
1588 4393 1642 4449 in
1671 4391 1890 4450 modum
1921 4408 1994 4452 ex
2022 4395 2170 4452 tenui
2199 4395 2384 4453 radice
2411 4396 2713 4454 excreverit
2739 4395 2968 4454 baaresis
2993 4437 3010 4466 ,
3054 4397 3211 4468 cujus
3239 4396 3470 4456 historia
3497 4399 3772 4472 prioribus

493 4482 963 4541 dissertationibus
986 4493 1254 4542 narratur.

568 4577 788 4648 Septem
823 4577 987 4645 enim,
1016 4593 1150 4648 quas
1177 4578 1314 4644 dixi,
1346 4578 1820 4637 dissertationibus
1848 4581 2030 4638 videor
2062 4578 2197 4637 mihi
2231 4580 2515 4652 complecti
2543 4594 2702 4654 posse
2730 4590 2897 4639 totam
2924 4581 3267 4653 Pelagianam
3299 4598 3520 4640 causam
3549 4624 3566 4651 ,
3609 4592 3772 4656 prout

495 4671 617 4728 istis
647 4670 980 4741 temporibus
1007 4682 1125 4728 acta
1151 4680 1267 4739 est,
1313 4687 1541 4743 eamque
1570 4673 1644 4729 ita
1673 4673 1976 4730 manifestis
2006 4671 2376 4730 instrumentis
2403 4674 2749 4745 confirmare,
2781 4683 2844 4731 ut
2871 4675 2998 4731 licet
3018 4675 3307 4746 populares
3334 4675 3620 4746 opiniones
3637 4690 3772 4732 con-

496 4763 758 4822 vellendas
784 4763 894 4820 sint
918 4778 1023 4821 non
1046 4752 1234 4836 pauca:
1259 4765 1402 4822 circa
1427 4780 1688 4836 personas
1713 4765 1805 4838 (de
1831 4766 2172 4838 dogmatibus
2205 4775 2438 4826 tractare
2466 4781 2574 4824 non
2605 4776 2690 4824 est
2717 4769 2768 4824 in
2797 4768 3054 4841 animo),
3095 4769 3269 4827 lector
3297 4780 3476 4827 tamen
3509 4785 3617 4826 non
3647 4771 3770 4828 sine

495 4874 686 4933 magna
715 4859 801 4915 sui
831 4859 995 4915 animi
1023 4860 1301 4931 voluptate
1329 4860 1676 4932 depositurus
1706 4862 1776 4918 sit
1801 4863 2090 4934 anticipata
2119 4862 2455 4935 prmjudicia,
2485 4863 2577 4920 ubi
2604 4863 2801 4922 viderit
2822 4865 3108 4924 veritatem
3148 4881 3181 4923 e
3220 4866 3331 4925 suis
3360 4867 3596 4926 tenebris
3622 4879 3770 4925 nunc

499 4955 756 5025 primum,
783 4952 1118 5024 producente
1143 4964 1367 5010 auctore
1391 4954 1736 5025 gravissimo,
1767 4970 1888 5012 sese
1911 4970 2158 5012 exerere.
2506 5011 2514 5018 ,

564 5048 723 5104 Nulla
751 5056 928 5105 autem
957 5045 1135 5104 futura
1163 5056 1248 5104 est
1273 5048 1581 5105 dissertatio
1608 5064 1730 5120 quae
1755 5064 1860 5106 non
1891 5050 2165 5106 contineat
2191 5063 2331 5104 nova
2361 5047 2614 5120 plurima,
2645 5057 2703 5106 et
2731 5051 2785 5105 in
2816 5049 2962 5107 hunc
2989 5063 3160 5122 usque
3187 5050 3336 5109 diem
3362 5051 3576 5124 ignota;
3607 5059 3769 5123 atque

497 5150 554 5195 ut
584 5155 614 5196 e
644 5141 825 5196 multis
854 5139 1127 5210 prmlibem
1160 5140 1361 5210 aliquid
1391 5141 1530 5211 quod
1563 5150 1776 5211 gustum
1817 5140 2002 5202 faciat.
2039 5150 2316 5210 postrema
2376 5143 2540 5199 totius
2565 5141 2787 5200 haeresis
2815 5142 3117 5216 Pelagianae
3145 5154 3320 5201 ortum
3348 5185 3366 5214 ,
3408 5154 3464 5201 et
3499 5147 3549 5200 in
3585 5144 3769 5216 prodi-

496 5237 698 5305 giosam
730 5239 958 5308 partium
1001 5236 1396 5291 multitudinem
1431 5255 1492 5291 ex
1528 5254 1624 5290 una
1660 5238 2042 5308 quzcstiuncula
2075 5238 2228 5306 quasi
2272 5237 2664 5292 silvcscentiam
2709 5239 2978 5294 OSIcndet.
3033 5238 3328 5295 Convincct
3375 5249 3560 5309 aperte
3597 5240 3766 5309 prima

500 5329 808 5397 popularem
840 5344 1082 5386 errorem
1110 5330 1177 5385 de
1205 5330 1399 5384 Rufino
1433 5331 1754 5401 Aquileiensi
1785 5331 2024 5385 leestii
2059 5332 2330 5398 magistro.
2367 5330 2613 5386 Secunda
2645 5332 2920 5386 exhibebit
2948 5332 3176 5386 concilia
3216 5333 3366 5400 plura
3403 5333 3590 5403 viginti
3635 5350 3770 5405 qua-

500 5430 616 5476 tuor
643 5422 693 5476 in
726 5436 881 5476 causa
912 5421 1222 5492 Pelagiana,
1255 5423 1474 5476 vivente
1505 5423 1818 5492 Augustino,
1854 5433 2057 5478 coacta.
2101 5423 2278 5477 Tertia
2315 5425 2595 5493 patefaciet
2625 5439 2729 5493 qua
2761 5425 3027 5479 industria
3065 5424 3401 5496 Augustinus
3443 5442 3537 5497 per
3564 5429 3766 5487 amicos

495 5521 553 5568 et
583 5514 935 5584 imperatores
963 5514 1256 5586 impulerit,
1291 5525 1343 5570 et
1371 5516 1546 5570 aulam
1580 5515 1934 5570 commoverit
1966 5517 2015 5569 in
2045 5517 2416 5572 defensionem
2453 5518 2570 5572 fidei
2603 5519 2912 5574 catholicae.
2946 5520 3142 5587 Quarta
3173 5523 3566 5593 complectetur
3597 5523 3767 5580 histo-

499 5612 638 5668 riam
671 5620 836 5668 totam
866 5611 1280 5681 subscriptionis
1309 5611 1406 5666 hac
1437 5611 1487 5666 in
1517 5627 1674 5668 causa
1706 5612 2002 5681 imperatas.
2039 5613 2229 5680 Quinta
2281 5629 2419 5668 nunc
2467 5615 2696 5683 primum
2728 5617 3021 5687 publicabit
3050 5617 3286 5674 libellum
3317 5619 3463 5676 Fidei
3494 5635 3521 5675 a
3552 5619 3767 5676 Juliano

498 5704 720 5760 missum
751 5703 969 5760 Zosimo
1005 5719 1217 5761 summo
1245 5706 1508 5774 pontifici.
1557 5705 1720 5761 Sexta
1769 5712 2018 5758 auctores
2064 5702 2321 5760 librorum
2371 5707 2858 5780 llypogoosﬁcwn,
2910 5688 3282 5777 Qumstionum
3333 5714 3457 5769 novi
3486 5723 3541 5771 et
3568 5713 3766 5771 veteris

502 5799 852 5871 Testamenti,
881 5796 1417 5859 Commentariorum
1447 5797 1500 5855 in
1523 5796 1788 5867 Epistolas
1814 5795 1987 5866 Pauli,
2017 5804 2123 5854 etc.
2144 5838 2160 5868 ,
2204 5796 2441 5869 proferet
2467 5799 2780 5858 indubitatis
2804 5803 2915 5860 suis
2944 5803 3087 5860 notis
3114 5804 3374 5875 insignes.
