3898 6276
541 161 652 224 263

995 160 1090 220 AD
1128 158 1392 218 PRIMA“
1429 155 1714 218 PARTEM
1751 158 2039 218 OPERUM
2078 155 2148 216 Μ.
2191 155 2630 220 MERCATORIS
2669 159 3021 220 APPENDIX
3055 160 3397 222 SECUNDA.
3701 166 3792 228 264

539 282 595 338 in
607 276 1752 352 sententiam,_eamqttecertam,convertat)
1776 277 2122 352 huncipsum
2151 281 2204 342 Α
2233 276 2550 352 priusquam
2576 277 2802 352 doceret
2827 277 3108 352 Pelagium
3151 277 3593 352 C(elestiumque,
3620 294 3688 338 an
3713 299 3790 352 po-

537 366 662 424 esse
709 367 872 424 quem
923 346 1290 424 Hieronymus
1319 349 1632 424 (Epist._8l,
1666 349 1734 424 _ad
1781 346 2116 424 _Ruf.)_’ann.

537 423 643 480 399
671 419 1028 480 Mediolanum
1061 419 1210 478 misit
1227 421 1292 477 ad
1322 419 1637 486 Venerium,
1659 419 1926 489 jussitque
1950 419 2117 474 Roma

536 495 794 559 transire,
816 502 876 548 ut
903 493 1111 549 amicos
1131 494 1409 557 salutaret,
1430 506 1658 561 quorum
1687 491 1990 560 praecipuus
2020 490 2120 546 fuit

534 564 936 620 Pammachius.
965 563 1164 631 Quidni
1195 565 1338 618 enim
1371 572 1426 618 et
1454 561 1564 626 ille,
1601 561 1908 616 Mediolano
1934 576 2119 616 rever-

534 649 627 691 sus
659 635 910 702 Romam,
933 643 1301 690 commoratus
1327 633 1398 688 sit
1424 632 1566 701 apud
1596 641 1837 687 sanctum
1871 632 2119 687 Parums-

533 707 738 775 chium,
769 707 860 776 qui
905 715 1190 777 postquam
1237 703 1616 777 perfectiorem
1665 703 1851 777 vitam,
1895 712 2118 777 auctore

531 773 886 851 Hieronymo,
908 773 1193 851 professus
1239 773 1340 841 est,
1383 775 1684 851 monachos
1720 775 1984 851 excipere
2019 773 2114 827 bo.

531 851 695 919 spitio
730 844 1016 922 gaudebat,
1049 855 1107 903 et
1134 861 1228 902 eos
1250 845 1504 922 _maxime
1527 858 1678 922 _qucs
1721 845 1887 900 sciret
1924 844 2117 922 Hiero-

531 915 700 992 nymo
733 915 1310 992 'amicoracceptosh
1341 915 1584 992 Quidni,
1634 915 1879 992 inquam,
1928 915 2115 992 Romae

531 986 898 1047 commoratus
923 991 1015 1058 sit,
1036 989 1251 1044 interim
1279 987 1406 1042 dum
1417 987 1681 1057 judicium
1699 986 1767 1058 de
1788 986 2116 1058 Origenistis

530 1071 583 1117 et
632 1061 826 1118 Ruﬁno
872 1055 1142 1130 praecipue
1183 1055 1564 1130 apparabatur,
1598 1067 1654 1130 ut
1708 1055 2113 1130 Pammachium

529 1133 771 1189 erudiret
799 1127 959 1188 simul
988 1127 1054 1187 et'
1074 1127 1325 1200 urgeret?
1355 1129 1487 1184 Nam
1531 1129 1833 1200 vehemens
1871 1127 2113 1184 incidere

569 1211 705 1258 otest
731 1202 970 1272 suspicio
997 1197 1316 1272 missumiea
1344 1200 1413 1272 de
1449 1214 1613 1254 causa
1636 1197 2026 1272 Mediolanum,
2054 1208 2114 1254 ut

575 1269 1150 1342 eneriumimpelleret
1179 1271 1244 1326 ad
1277 1269 1718 1342 condemnandos
1736 1269 2110 1342 ‘Origenistas,

527 1339 990 1414 quemadmodum
1023 1343 1294 1412 conjicere
1326 1342 1447 1396 licet
1476 1341 1704 1414 missum
1733 1339 2111 1414 Paulinianum

526 1410 872 1486 Aquileiam,
895 1415 987 1485 qui
1016 1410 1394 1469 Chromacium
1429 1414 1478 1466 in
1528 1413 1669 1486 idem
1701 1410 1985 1486 consilium
2016 1427 2112 1486 vo-

526 1481 701 1542 caret.
739 1481 1272 1542 Certe'concordem
1321 1484 1644 1538 sententiam
1692 1482 1761 1536 ab
1798 1481 2107 1549 Anastasio,

526 1557 765 1613 Venerio
811 1565 866 1611 et
909 1555 1233 1611 Chromacio
1265 1555 1316 1609 in
1343 1554 1679 1624 Origenistas
1710 1553 1875 1624 Istam
1917 1554 2110 1608 scribit

525 1627 886 1700 Hieronymus
914 1626 1052 1700 (Lib.
1104 1643 1140 1700 u
1186 1626 1407 1700 Apolog.
1444 1621 1664 1700 'advers.
1715 1621 1894 1700 _Ruf.);
1933 1639 2108 1700 neque

526 1715 654 1754 vero
709 1695 1221 1768 temere'quispiam
1267 1696 1589 1768 judicaverit
1629 1697 1953 1768 episcopos
1985 1695 2106 1750 illos

524 1781 636 1825 tres
684 1770 754 1824 ab
807 1765 1135 1840 Hieronymo
1198 1767 1448 1840 perfidos
1493 1766 1757 1840 homines
1785 1765 2107 1840 sollicitatos

523 1849 711 1896 contra
735 1848 902 1895 totam
923 1835 1348 1910 Origcnistarum
1367 1837 1633 1892 infensam
1655 1837 1761 1910 sibi
1789 1835 2102 1910 factionem.

525 1913 602 1966 Eo
654 1921 803 1968 certe
831 1907 1382 1980 pertinérefvidentur
1419 1907 1700 1978 querentis
1731 1907 1919 1980 Rufini
1938 1907 2103 1980 verba

525 1980 614 2054 (In
643 1982 796 2053 Apol.
829 1977 898 2036 ad
928 1979 1136 2054 Anast.)
1174 1998 1186 2035 :
1222 1977 1371 2054 Ist_ud_
1398 1977 1470 2033 est
1515 1988 1692 2047 caput,
1715 1977 1872 2054 ‘quod
1903 1977 1986 2031 isti
2016 1980 2106 2047 qui

522 2049 592 2108 ad
615 2049 968 2108 insidiandum
1018 2051 1143 2106 mihi
1186 2067 1248 2105 ex
1280 2049 1487 2104 Oriente
1512 2049 1801 2103 transmissi
1829 2057 1969 2114 sunt,
2001 2064 2106 2101 non

522 2124 690 2196 solum
733 2140 979 2196 perversa
1022 2120 1380 2196 intelligentia,
1424 2135 1598 2174 verum
1645 2121 1796 2174 etiam
1845 2119 2105 2174 adulterio

521 2194 787 2250 verborum
811 2194 980 2249 conati
1009 2201 1127 2248 sunt
1149 2195 1427 2263 infamare.

590 2267 736 2335 Quos
759 2281 890 2322 vero
912 2260 1259 2320 transmissos
1280 2264 1546 2335 queritur,
1567 2260 1946 2335 procul_dubio
1977 2270 2106 2335 sunt

521 2331 877 2402 Viucentius,
933 2331 1313 2399 Paulinianus,
1350 2331 1615 2388 Eusebius
1644 2343 1700 2386 et
1749 2331 2009 2402 Rufinus,
2037 2332 2106 2387 de

520 2409 720 2474 quibus
766 2409 839 2463 ita
865 2401 1251 2478 Hieronymus
1281 2407 1298 2473 (
1323 2405 1542 2478 Apolog.
1570 2403 1605 2455 2
1633 2405 1685 2456 in
1713 2403 1880 2472 Ruf.)
1917 2421 1928 2455 :
1975 2401 2102 2456 Volo

521 2487 688 2534 tamen
733 2479 864 2534 scire
905 2493 1019 2548 quae
1062 2477 1179 2530 sunt
1217 2478 1317 2529 ista
1357 2477 1538 2547 jacnla
1577 2483 1961 2548 venenataqua:
1990 2483 2102 2548 post

520 2558 717 2622 t_ergum
765 2543 987 2622 vestrum
1021 2563 1119 2622 nos
1160 2543 1732 2622 iecisse:conquereris.
1784 2543 2099 2622 Vincentius,

518 2616 902 2686 Paulinianus,
932 2619 1184 2673 Eusebius
1204 2657 1220 2684 ,
1254 2616 1474 2684 Ruﬁnus
1522 2616 1836 2687 presbyteri;
1884 2630 2102 2687 qucrnm

531 2691 822 2746 Vincentius
848 2685 1009 2744 multo
1030 2699 1254 2760 tempore
1273 2697 1394 2741 ante
1419 2703 1505 2740 vos
1524 2685 1749 2740 Romam
1771 2687 1924 2760 venit.
1954 2685 2098 2760 Pau-

519 2763 746 2818 linianns
776 2772 822 2817 et
853 2760 1103 2815 Eusebius
1133 2757 1260 2825 'post
1305 2774 1515 2828 annum
1538 2767 1716 2811 uestra:
1763 2757 2101 2828 nauigationis

517 2834 733 2903 profecti
758 2842 898 2900 sunt,
943 2831 1165 2903 Ruﬁnus
1194 2832 1259 2903 in!
1293 2846 1449 2903 causa
1472 2826 1683 2903 Claudii
1708 2838 1818 2896 post
1839 2826 2100 2903 biennium

517 2899 726 2972 missus,
749 2899 922 2957 omnes
942 2901 1027 2972 uel
1038 2917 1132 2972 pro
1151 2917 1204 2954 re
1233 2900 1502 2972 familiari,
1535 2899 1612 2952 vel
1640 2916 1736 2972 pro
1750 2899 1984 2972 periculo
2000 2915 2101 2972 cca-

555 2973 642 3027 itis
665 2968 842 3038 alieni,
869 2981 981 3028 etc.
1012 2968 1206 3026 Verum
1234 2968 1400 3037 paulo
1427 2979 1549 3038 post
1576 2968 1680 3023 non
1709 2969 1972 3024 difﬁtetur
1999 2968 2100 3024 hos

2138 1665 2186 1726 B

2227 357 2368 424 stea,
2398 357 2458 403 ut
2499 349 2795 424 discipulos
2841 349 3555 424 conﬁrmaret,_dubitabile
3581 349 3788 424 cuipiam

2224 418 2366 475 forte
2386 428 2492 493 est.
2524 418 2836 493 Dub’itabile
2875 435 3091 493 quoque
3131 434 3202 476 an
3233 422 3468 493 ipsemet
3491 418 3683 493 Graece
3700 429 3790 493 pri-

2225 505 2394 551 mum.
2419 491 2606 546 Latine
2631 501 2815 557 postea
2836 492 3230 560 expositionem
3253 491 3522 562 ejusmodi
3544 491 3786 552 ediderit:

2262 576 2547 634 namquam
2566 562 2695 617 mihi
2721 561 2807 617 vix
2825 575 2933 617 non
2954 572 3160 618 certum
3174 573 3259 619 est
3279 561 3540 634 Scriptum
3567 580 3595 619 a
3619 565 3788 624 Ruﬁno

2271 631 2376 686 idei
2394 632 2631 688 libellum
2653 641 2940 701 antequam
2957 634 3168 690 veniret
3196 631 3447 702 Romam,
3461 645 3666 692 certum
3683 653 3786 694 vero

2221 704 2436 772 penitus
2464 704 2609 778 hunc
2636 719 2664 756 a
2686 702 2899 778 Iuliano
2915 719 3020 760 non
3053 713 3262 778 tantum
3285 706 3483 778 visum.
3504 707 3598 762 sed
3621 723 3783 778 magna

2219 787 2288 828 ex
2331 784 2482 843 parte
2523 775 2578 830 in
2621 789 2749 830 suos
2795 774 2964 830 libros
3007 775 3338 832 traductum.
3371 776 3528 833 Unde
3575 779 3657 833 vix
3696 774 3782 835 non

2219 844 2422 968 ﬁt;ng
2453 844 2628 902 Graeci
2656 845 2839 918 operis
2884 847 3240 917 interpretem
3285 847 3537 904 Latinum
3566 864 3683 906 esse
3711 850 3784 906 Ju-

2242 929 2446 970 ianum.

2293 985 2704 1060 Porroautem,
2733 1001 2856 1060 qua:
2906 987 3007 1060 tria
3059 988 3178 1060 dixi
3225 1004 3313 1060 me
3349 989 3654 1060 suspicari,
3695 993 3782 1049 erit

2217 1056 2357 1130 forte
2382 1059 2470 1128 qui
2496 1074 2594 1128 pro
2614 1055 2789 1130 certis
2809 1057 3172 1130 conﬁdentius
3197 1055 3466 1116 afﬁrmet?
3499 1068 3558 1116 et
3577 1061 3779 1130 primum

2215 1126 2455 1202 quidem,
2495 1126 2638 1202 quod
2679 1126 3187 1202 Ruﬁnuschlestii
3235 1131 3488 1202 magister
3515 1126 3594 1185 ali
3619 1131 3779 1189 Hiero-

2216 1201 2367 1282 nymi
2396 1198 2664 1282 discipulo
2688 1200 2932 1282 separari
2967 1216 3074 1282 non
3105 1200 3303 1257 debeat
3324 1198 3624 1282 conﬁciet
3646 1207 3782 1282 (alio.

2215 1270 2375 1342 nibus
2418 1271 2472 1324 in
2520 1270 2658 1324 hanc
2690 1285 2802 1324 rem
2851 1270 3052 1342 allatis,
3085 1288 3204 1340 qum
3237 1273 3478 1342 profecto
3524 1287 3627 1328 nec
3651 1275 3780 1332 facile

2214 1341 2533 1414 solvuntur,
2565 1356 2664 1414 nec
2713 1341 3003 1414 contrariis
3055 1341 3391 1414 argumentis
3441 1342 3777 1402 inﬁrmantur.

2213 1411 2348 1465 Cum
2393 1412 2538 1467 enim
2586 1411 2951 1482 Hieronymus
2982 1411 3216 1469 fateatur
3244 1415 3466 1470 missum
3493 1430 3522 1467 a
3570 1429 3630 1469 se
3653 1415 3778 1470 Ratio

2213 1497 2340 1556 num
2373 1482 2667 1556 quemdam
2710 1482 3090 1556 presbyterum
3119 1501 3148 1540 c
3181 1484 3335 1556 Syria
3365 1500 3462 1540 seu
3512 1485 3774 1542 Palestina

2213 1553 2265 1606 in
2301 1553 2502 1608 Italiam
2533 1553 2601 1608 ad
2628 1552 2942 1626 Venerium.
2979 1552 3312 1626 temporibus
3357 1556 3657 1622 Anastasii,
3680 1557 3775 1626 jus-

2215 1636 2442 1694 sumque
2473 1640 2570 1696 per
2604 1624 2744 1679 viam
2775 1624 2980 1696 amicos
3001 1624 3194 1682 Romae
3217 1627 3473 1693 salutare,
3497 1642 3635 1696 quos
3664 1624 3777 1684 inter

2211 1696 2487 1767 eminebat
2532 1695 2907 1767 Pammachius
2933 1737 2947 1759 ,
2992 1697 3244 1754 eumdem
3287 1695 3652 1753 strenue’rem
3681 1713 3777 1767 ges-

2212 1765 2351 1839 sisse
2378 1766 2639 1820 adversus
2689 1764 3056 1835 Origenistas,
3093 1777 3151 1824 et
3196 1769 3606 1839 Aquileiensem
3633 1764 3774 1837 ipsum

2212 1835 2489 1904 Rufinum,
2543 1845 2683 1902 ctc.;
2712 1852 2965 1908 _cumque
3014 1853 3231 1904 nomen,
3262 1835 3555 1901 'conditio,
3614 1835 3772 1908 patria,

2211 1913 2441 1975 tempus,
2491 1908 2640 1962 locus
2661 1948 2676 1971 ,
2709 1906 3001 1976 hospitium
3033 1909 3388 1976 Pammachii,
3422 1906 3640 1978 aliaque
3667 1925 3775 1965 con-

2213 1979 2460 2049 veniant;
2485 1979 2729 2049 accedat
2779 1993 2993 2049 quoque
3045 1982 3408 2036 testimonium
3434 2021 3450 2046 ,
3492 1995 3604 2034 non
3634 1980 3768 2035 modo

2209 2046 2810 2122 Mercatoriisltuﬁnum'
2827 2052 3123 2122 asserentis
3170 2067 3200 2107 e
3251 2051 3406 2122 Syria
3460 2051 3770 2122 temporibus

2209 2119 2486 2191 Anastasii
2513 2119 2892 2191 leestianam
2922 2118 3173 2178 haeresim
3215 2118 3522 2186 adiexisse,
3557 2121 3774 2191 Pelagio-

2207 2204 2316 2256 que
2343 2201 2398 2245 et
2421 2189 2680 2246 leestio
2712 2190 3016 2259 tradidisse,
3060 2195 3156 2248 sed
3187 2195 3348 2248 etiam
3380 2192 3627 2248 C(BleSlii
3670 2189 3774 2248 con-

2209 2259 2411 2335 ﬁtentis
2440 2276 2555 2335 sea
2586 2260 2778 2335 Ruﬁno
2807 2261 3122 2332 presbytero
3151 2263 3336 2320 Romae
3361 2261 3504 2335 apud
3548 2273 3772 2319 sanctum

2207 2328 2610 2387 Pammachium
2663 2328 2928 2403 exjsténtc
2967 2328 3138 2388 'suum
3213 2328 3456 2390 hausisse
3514 2348 3771 2403 errorem;

2206 2403 2421 2458 nonnisi
2467 2413 2678 2475 temere
2715 2401 2897 2458 Ruﬁni
2921 2403 3049 2475 duo,
3079 2420 3311 2475 quorum
3342 2407 3480 2461 alter
3503 2405 3578 2459 ab
3605 2401 3770 2459 Hiero;

2206 2487 2368 2597 ἱξῳο
2396 2475 2593 2597 misSttts
2638 2474 2732 2541 sit,
2755 2475 2891 2530 alter
2924 2474 3245 2532 Coelesuum
3275 2475 3544 2542 docuerit,
3582 2475 3773 2547 excogi-

2265 2561 2306 2597 l'l
2334 2559 2532 2597 nossun
2567 2587 2575 2597 .

2230 2552 2306 2598 ari
2334 2552 2575 2614 possunt.

2275 2614 2440 2698 Atqui
2491 2617 2603 2672 ﬁeri
2633 2617 2848 2698 “potuit,
2877 2617 3035 2698 dicet
3078 2620 3303 2698 aliqcis,
3333 2625 3401 2698 ut_
3443 2617 3771 2698 sanctissimo

2204 2687 2580 2760 acerrimoque
2629 2687 2756 2744 fidei
2805 2689 3084 2747 catholica:
3128 2687 3401 2747 defensori
3453 2689 3771 2760 Hieronymo

2203 2755 2505 2830 adlueserit
2549 2758 2870 2814 limreticus?
2919 2760 3060 2816 Fieri
3091 2762 3331 2830 potuisse
3363 2760 3413 2815 id
3441 2759 3526 2815 vel
3557 2755 3772 2816 maxime

2203 2828 2472 2903 ostendit},
2505 2831 2669 2898 quod,
2700 2831 2840 2886 sicut
2888 2828 3250 2903 Augustinus,
3304 2833 3376 2887 ita
3429 2831 3770 2903 Hieronymus

2203 2899 2492 2980 aliquando
2543 2910 2871 2980 conquestus
2915 2899 2998 2958 sif
3034 2899 3253 2964 latuisse
3316 2904 3467 2980 inter:
3511 2899 3654 2980 suos
3688 2899 3770 2957 sub

2203 2971 2529 3043 ovinapelle
2558 2971 2805 3029 homines
2846 2988 2951 3028 non
2985 2988 3148 3043 puros
3171 2974 3400 3032 erroris.
3433 2973 3641 3028 Deinde
3668 2987 3771 3029 cum

537 3045 769 3099 nomines
797 3114 803 3116 Α
829 3041 1090 3116 adversus
1139 3040 1391 3116 Ruﬁnum
1425 3040 1836 3116 _Aqttileiensem
1876 3049 2099 3116 strenue
2125 3045 2170 3108 C
2202 3041 2343 3108 apud
2363 3040 2749 3116 Hieronymum
2771 3040 3192 3116 Hieronymiquc
3210 3043 3506 3114 discipulos
3533 3052 3771 3116 constans

516 3128 632 3170 rem
661 3114 921 3186 gessisse.
951 3111 1378 3186 Sicuenimait;
1416 3110 1539 3186 Non
1568 3112 1702 3186 fuit,
1736 3127 1836 3164 non
1867 3110 2101 3186 fuit,_in-_

517 3181 692 3257 quam,
720 3185 878 3240 nostri
906 3183 1131 3248 consilii,
1161 3183 1252 3257 sed
1284 3181 1749 3257 Deiprotfidentiw,
1782 3191 1839 3235 ut
1867 3181 2008 3257 missi
2033 3184 2101 3236 ad

515 3253 661 3312 aliud
681 3253 864 3311 contra
889 3263 1177 3310 nascentem
1205 3253 1440 3308 haeresim
1467 3253 1791 3318 dimicarent,
1831 3263 1878 3306 et
1905 3254 1959 3306 in
1988 3269 2100 3307 mo-

515 3343 622 3453 ;em
640 3325 832 3452 los‘eplt
857 3324 1009 3400 (Gen.
1030 3331 1140 3395 xu)
1165 3328 1354 3396 famem
1383 3326 1611 3396 futuram
1631 3325 1964 3396 ﬁdeiardore
1979 3323 2102 3378 sub-

538 3414 715 3453 evaren
747 3437 762 3453 .

538 3414 715 3454 evaren
722 3408 740 3452 ι
747 3437 762 3453 ο

583 3469 794 3525 Addam
841 3467 1110 3538 amplius,
1136 3466 1590 3538 quandoquidem
1628 3467 1796 3538 semel
1849 3465 1991 3521 facta
2017 3475 2101 3522 est

514 3553 623 3620 non
665 3537 975 3620 auspicandi
998 3537 1188 3620 _modo
1215 3577 1238 3620 ,ο
1277 3538 1374 3620 sed
1394 3537 1759 3620 'conjiciendi‘
1774 3551 2017 3620 quoque,
2043 3545 2102 3593 et

513 3611 604 3667 vix
630 3627 737 3668 non
760 3606 1038 3666 divinandi
1061 3608 1299 3674 licentia,
1331 3607 1475 3664 hunc
1512 3606 1690 3677 ipsum
1720 3606 1970 3662 Ruﬁnum
2003 3622 2100 3663 au-

513 3690 724 3761 ctorem
777 3679 1106 3761 essentibelli
1142 3679 1334 3761 Fidei,
1359 3693 1528 3761 quem
1565 3693 1636 3734 ex
1679 3678 2099 3761 gorbeiensibus

511 3752 793 3809 codicibus
822 3753 883 3808 P.
906 3749 1229 3807 Sirmondus
1248 3748 1449 3815 edidit;
1474 3748 1805 3806 conveniunt
1831 3750 1974 3805 enim
1995 3765 2098 3804 no-

510 3838 662 3892 men,
687 3824 883 3896 patria,
915 3821 1177 3896 dignitas,
1199 3821 1474 3896 doctrina,
1504 3830 1655 3875 atas.
1686 3819 1922 3890 Uterque
1950 3819 2099 3896 Ruﬁo

510 3891 653 3962 nus,
669 3891 903 3965 uterque
925 3891 1098 3964 syrus
1128 3907 1227 3946 seu
1249 3892 1605 3965 Palaestinos,
1620 3899 1844 3965 uterque
1867 3891 2095 3962 presby-

512 3961 873 4037 ter,uterquc
899 3961 1239 4037 oppugnath
1267 3963 1477 4037 peccati
1524 3961 1827 4037 originalis,
1863 3961 2098 4032 uterque

509 4032 648 4093 vixit
673 4032 800 4092 ante
830 4032 1170 4106 Pelagianam
1194 4033 1467 4106 heresim,
1491 4041 1715 4106 uterque
1746 4032 1974 4088 Romam
1997 4037 2096 4090 sub

507 4109 804 4166 Anastasio
824 4104 1066 4173 advenit,
1091 4114 1320 4176 uterque
1342 4104 1580 4176 infensus
1601 4104 1841 4176 Origeni,
1867 4113 2094 4174 uterque

507 4181 576 4236 de
596 4180 898 4235 animorum
930 4179 984 4233 in
1013 4173 1332 4246 corporibus
1363 4175 1641 4232 creatione
1671 4173 1938 4230 afﬁrmate
1971 4173 2096 4245 pro-

507 4249 806 4316 nuntiavit,
852 4263 976 4304 cum
1021 4247 1330 4302 dubitarent
1373 4261 1436 4301 ea
1478 4247 1546 4301 de
1578 4262 1636 4302 re
1660 4246 1836 4300 adhuc
1867 4248 1972 4301 viri
1997 4247 2095 4301 do-

505 4321 758 4386 ctissimi,
788 4329 882 4374 aut
910 4319 1101 4374 saltem
1135 4317 1373 4372 timidius
1404 4318 1683 4372 sentirent.

2205 3113 2581 3193 essetgopinio’
2613 3113 2908 3193 traducem
2930 3113 3253 3193 animorum
3283 3113 3412 3193 uois
3437 3129 3590 3193 esse,
3630 3113 3771 3193 facile

2201 3183 2378 3250 potuit
2417 3183 2810 3258 discipulorum
2837 3186 3034 3256 aliquis
3061 3230 3076 3255 ,
3108 3202 3211 3243 nec
3241 3185 3769 3258 intelligentissimus,

2200 3266 2304 3339 nec
2327 3254 2461 3339 satis
2480 3255 2810 3339 catholicus,
2823 3271 2895 3339 ex
2909 3254 2974 3339 eo
3001 3254 3326 3339 concludece
3351 3254 3622 3339 nonesse
3647 3257 3770 3339 pari-

2201 3332 2298 3406 ter.
2330 3324 2604 3406 traducem
2633 3329 2873 3406 peccati;
2905 3329 2949 3383 si
2996 3329 3230 3406 quidem
3260 3329 3604 3398 Augustinus
3647 3324 3769 3406 ipse,

2200 3401 2260 3448 ut
2281 3395 2633 3470 intelligentia
2664 3397 2874 3465 ﬁdeque
2903 3395 3443 3470 praestaretftantam
3476 3395 3768 3470 passus'sit,

2199 3475 2455 3539 quantam
2487 3469 2685 3539 ubique
2717 3470 2914 3537 passim
2941 3478 3189 3536 testatur,
3219 3469 3600 3526 difﬁcultatem
3630 3470 3682 3525 in
3701 3483 3772 3523 as-

2199 3538 2472 3618 sequenda
2521 3538 2856 3596 traductione
2905 3543 3133 3610 peccati,
3163 3542 3208 3597 si
3222 3542 3417 3618 _modo
3455 3541 3630 3618 an_im_i
3683 3555 3771 3618 non

2201 3608 2424 3676 perinde
2448 3623 2516 3682 _ac
2546 3625 2779 3682 corpora
2802 3608 3185 3682 propagentur.
3221 3611 3291 3667 Et
3335 3627 3470 3668 vero
3514 3610 3771 3682 Pelagiani

2199 3691 2390 3734 omnes
2411 3680 2941 3738 alteram‘traducem
2971 3680 3094 3738 cum
3123 3684 3290 3738 altera
3339 3680 3668 3738 connexam'
3694 3681 3773 3736 de-

2199 3747 2522 3824 fendebant;
2553 3766 2654 3808 nec
2673 3761 2790 3824 erat
2817 3761 2944 3824 tunc
2963 3754 3224 3824 temporis
3251 3753 3410 3810 facile
3433 3755 3626 3808 ambas
3651 3752 3772 3824 divi-

2197 3819 2507 3901 dcrc,_cum
2557 3823 2764 3901 peccati
2793 3819 3093 3901 originalis
3113 3824 3249 3880 ﬁdes
3287 3825 3563 3901 _nccdum,
3593 3822 3768 3901 saltem

2199 3891 2254 3944 in
2285 3891 2523 3958 Oriente,
2554 3891 2664 3948 suis
2691 3891 2937 3950 exsoluia
2984 3894 3127 3952 foret
3155 3896 3430 3962 tenebris,
3461 3903 3518 3951 et
3545 3892 3770 3949 nondum

2200 3962 2439 4036 Ecclesia
2466 3964 2803 4036 contrarium
2833 3966 3030 4036 dogma
3061 3967 3495 4036 proscripsisset.

2269 4033 2573 4106 Secundum
2597 4051 2746 4097 vero,
2778 4033 2933 4106 quod
2964 4033 3152 4093 auctor
3175 4033 3343 4092 libelli
3385 4037 3563 4103 Fidei,
3611 4050 3768 4103 nuper

2199 4105 2338 4174 typis
2362 4108 2542 4176 excusi
2571 4121 2736 4176 opera
2762 4106 2822 4162 P.
2865 4107 3160 4175 Sirmondi,
3190 4123 3297 4164 non
3327 4111 3400 4163 sit
3429 4109 3572 4163 alius
3602 4121 3631 4160 a
3665 4120 3770 4176 ma:

2195 4176 2364 4244 gistro
2403 4174 2664 4249 leestii,
2696 4178 2918 4249 perinde
2961 4174 3288 4235 conﬁcietur
3321 4193 3386 4234 ac
3415 4179 3670 4249 primum.
3701 4174 3770 4230 Ad

2198 4255 2480 4320 utrumque
2521 4248 2663 4320 enim
2697 4248 3091 4320 ostendendum
3141 4251 3282 4305 valet
3333 4248 3714 4320 argumentum
3742 4263 3772 4320 Va

2197 4317 2657 4398 nominc,_patria,
2689 4319 3177 4398 conditiouetetc”
3223 4317 3774 4398 peti_t_um,3t_eo.qui-

582 4390 726 4482 Quin
778 4398 837 4482 et
880 4387 1176 4482 suspicch
1194 4387 1434 4482 nemquid
1481 4386 1842 4482 cfﬁrmantius
1858 4389 2089 4482 decam,
2121 4422 2170 4482 Ι)
2197 4387 2318 4470 dem
2351 4388 2602 4472 validius,
2627 4386 3774 4482 qulodlauctorblibelliomnibusPelagiani-

505 4457 989 4518 anathematismos
1031 4457 1350 4522 duodecim,
1382 4472 1519 4526 quos
1558 4457 1788 4525 primum
1821 4459 2090 4516 edidimus

506 4532 566 4588 in
591 4533 788 4599 lucem,
822 4531 892 4586 ab
917 4529 1109 4586 eodem
1131 4527 1325 4582 Rufino
1344 4528 1654 4599 Hieronymi
1680 4530 1793 4584 sive
1818 4530 2088 4596 familiari,

505 4601 624 4686 sive
651 4597 937 4686 discipulo,
967 4600 1304 4686 conscriptos
1342 4597 1515 4686 fuisse
1534 4597 1555 4665 ,⁷
1585 4606 1644 4653 ut
1668 4599 2004 4656 ostendimus
2035 4602 2088 4656 in

504 4675 652 4730 nctis
676 4673 744 4730 ad
764 4669 1033 4742 ejusmodi
1051 4669 1552 4742 anathematismos‘.

575 4744 746 4815 Cujus
767 4739 965 4814 ingenii
989 4741 1185 4815 fuerit,
1215 4741 1460 4815 quisquis
1487 4740 1578 4815 ille
1611 4739 1823 4815 tandem
1856 4751 1939 4815 est
1971 4742 2086 4798 Ru-

503 4809 914 4872 ﬁnus'leestii
965 4809 1260 4882 magister,
1289 4809 1540 4882 patefacit
1567 4813 1854 4866 manifeste
1883 4813 2086 4868 Merca-

503 4895 591 4944 tor
609 4885 700 4958 (In
723 4886 868 4958 pref.
904 4880 1325 4958 Subnbt.),‘cu‘m
1349 4883 1450 4937 ait:
1472 4880 1630 4958 _Hanc
1650 4883 1894 4958 ineptam,
1921 4893 2088 4939 etnon

501 4953 672 5014 minus
701 4953 962 5013 inimicam
986 4962 1138 5009 rectae
1158 4953 1277 5022 ﬁdei
1303 4954 1654 5022 quwstionem,
1674 4956 1766 5008 sub
1791 4966 1980 5009 sancta:
2007 4972 2089 5009 re-

501 5030 820 5085 cordationis
839 5026 1110 5082 Anastasio
1139 5023 1386 5078 Romana:
1418 5024 1888 5097 Ecclesiwgsummo
1917 5027 2088 5097 ponti-

501 5101 620 5171 ﬁce,
653 5099 875 5170 Ruﬁnus
901 5098 1112 5170 quidam
1157 5097 1366 5149 natione
1409 5095 1609 5171 Syrus,
1646 5095 1861 5171 Romam
1892 5095 2087 5171 primus

500 5165 710 5237 invexit,
741 5165 810 5225 'et
831 5179 885 5224 ut
913 5165 1020 5223 erat
1044 5176 1280 5238 argutus,
1329 5181 1384 5219 se
1409 5165 1615 5238 quidem
1630 5167 1717 5238 lib
1758 5171 1870 5238 ejus
1896 5167 2086 5221 invidia

502 5243 761 5312 muniens,
805 5257 896 5312 per
924 5257 977 5295 se
1017 5237 1251 5312 proferre
1281 5251 1391 5312 non
1411 5253 1588 5312 ausus,
1621 5237 1890 5308 Pelagium
1915 5247 2088 5312 _gente

500 5308 816 5366 Britannum
854 5308 1159 5365 monachum
1208 5316 1331 5362 tunc
1356 5308 1587 5378 decepit,
1619 5325 1831 5374 eumque
1855 5310 1922 5362 ad
1955 5324 2089 5378 pra:-

501 5383 695 5436 dictam
739 5381 970 5454 apprime
1018 5380 1198 5436 imbuit
1250 5389 1402 5449 atque
1446 5379 1666 5432 instituit
1710 5380 1919 5450 impiam
1944 5379 2088 5433 vani-

499 5461 674 5508 tatem.

573 5523 782 5590 Quibus
809 5537 878 5578 ex
933 5523 1118 5579 verbis
1170 5531 1383 5578 constat
1413 5522 1618 5576 vixisse
1663 5521 1946 5585 Ruﬁnum,
1995 5529 2086 5574 aut

500 5594 753 5651 docuisse
778 5595 975 5664 potius,
1011 5593 1345 5665 temporibus
1383 5593 1652 5665 Anastasii
1686 5591 2086 5665 summiponti-

498 5666 620 5730 ﬁcis
655 5683 669 5723 :
697 5661 913 5742 quando
951 5681 1082 5730 vero
1110 5661 1388 5739 scripserit
1411 5664 1806 5739 expositionem
1833 5661 1984 5731 ﬁdei,
2013 5675 2087 5722 an

2200 4459 2324 4525 smi,
2353 4474 2448 4514 seu
2480 4462 2658 4531 potius
2684 4461 3130 4528 leestianismi,
3179 4463 3433 4518 sordibus
3472 4462 3773 4531 inquinatus

2199 4533 2291 4595 sit,
2325 4530 2684 4604 omnibusque
2711 4533 2918 4589 artibus
2947 4533 3273 4597 instructus,
3321 4532 3519 4604 quibus
3555 4530 3668 4604 alii
3695 4543 3774 4598 po-

2199 4610 2325 4676 s_t_ea_
2345 4600 2655 4676 defensores
2673 4604 2763 4676 Ausi
2796 4612 2944 4670 sunt,
2965 4612 3023 4659 ut
3041 4615 3228 4676 aperte
3247 4600 3497 4660 videatur
3526 4600 3774 4670 magister

2197 4669 2474 4741 discipulis
2502 4674 2799 4742 pracivisse.

2271 4742 2544 4816 Docebant
2571 4744 2778 4800 scilicet
2802 4745 3113 4816 Calestiani
3136 4787 3154 4814 ,
3206 4753 3505 4816 peccatum
3523 4743 3776 4814 originale

2196 4813 2344 4887 credi
2401 4830 2506 4869 non
2569 4829 2749 4887 posse,
2800 4817 2904 4872 nisi
2946 4814 3060 4872 Deo
3114 4813 3370 4887 iniquitas
3420 4813 3774 4887 tribueretur;

2195 4885 2393 4958 quippe
2428 4901 2553 4940 cum
2599 4886 2778 4958 impiis
2805 4894 3024 4958 peccata
3053 4885 3268 4958 propria
3299 4885 3597 4952 condonet,
3632 4885 3776 4940 inno-

2195 4955 2443 5027 centibus
2469 4968 2646 5012 tamen
2669 4955 2846 5027 aliena
2874 4955 3185 5027 imputaret.
3221 4957 3498 5013 Docebant
3518 4970 3778 5027 quemque

2195 5025 2298 5080 sibi
2321 5041 2566 5099 peccare,
2595 5026 2868 5099 neminem
2895 5025 3086 5092 alteri;
3116 5025 3556 5099 unumquemque
3576 5041 3646 5082 ex
3676 5025 3777 5099 suis

2196 5097 2450 5166 operibus
2472 5098 2842 5168 judicandum,
2876 5099 3079 5154 nullum
3101 5115 3168 5156 ex
3195 5094 3419 5164 alienis;
3444 5094 3703 5168 infantes,
3728 5094 3775 5150 iu

2194 5169 2388 5238 quibus
2416 5168 2550 5223 nihil
2580 5178 2664 5224 est
2693 5166 2890 5238 praeter
2915 5183 3053 5239 opus
3071 5171 3368 5236 Creatoris,
3392 5166 3646 5224 damnari
3675 5181 3773 5220 non

2196 5253 2411 5308 possea
2437 5239 2582 5309 justo
2639 5241 2771 5307 Deo,
2801 5242 2902 5296 etsi
2951 5241 3254 5297 moriantur
3301 5241 3421 5295 sine
3472 5239 3775 5309 baptismo;

2197 5308 2576 5383 _eosdem,cum
2603 5310 2962 5383 baptizantur,
2979 5326 3006 5365 a
3028 5319 3252 5383 peccato
3273 5311 3416 5383 quod
3440 5310 3653 5383 nullum
3669 5308 3778 5383 _ha-

2193 5379 2387 5436 herent
2416 5397 2520 5436 non
2549 5378 2823 5447 mundari,
2855 5382 2950 5437 sed
2975 5378 3046 5438 ei
3063 5383 3221 5439 bonis
3245 5378 3525 5446 meliores,
3549 5378 3778 5434 Christi-

2192 5465 2298 5520 que
2341 5451 2650 5507 cohaaredes
2674 5451 2820 5518 ﬁeri;
2855 5453 3131 5508 traducem
3166 5453 3473 5508 animorum
3503 5462 3779 5520 nonesse.

2193 5517 2260 5576 ne
2280 5522 2439 5578 simul
2463 5523 2535 5578 sit
2559 5533 2614 5578 et
2639 5517 3018 5592 peccatorum;
3046 5524 3346 5590 hominem,
3379 5532 3435 5579 et
3471 5517 3782 5588 olim,‘cum

2192 5595 2397 5677 primus
2425 5603 2725 5677 crearetur,
2750 5601 2804 5648 et
2831 5595 3094 5677 quoqdie,
3113 5609 3243 5677 cum
3263 5593 3459 5677 singuli
3483 5605 3783 5677 procrean-

2193 5661 2282 5724 tur
2314 5663 2370 5724 in
2394 5666 2562 5726 uteris
2604 5661 2875 5745 matrum}
2907 5680 2944 5728 ει
2967 5661 3086 5728 Deo
3107 5665 3233 5728 ﬁeri
3255 5665 3330 5728 ad
3353 5661 3654 5749 isnag'inem
3677 5661 3794 5762 sui‘
