3898 6276
98 261 189 320 165
474 257 930 315 DlSSERTATIO
968 256 1009 314 Ι.
1052 257 1143 314 DE
1182 256 1412 314 PRIMIS
1449 250 1903 320 AUCTORIBUS,
1946 253 2121 321 ETC.,
2166 252 2481 311 HERESIS
2520 255 2959 315 PELAGIANA'].

3241 262 3353 323 266

99 384 149 432 ut
171 378 366 443 peccati
421 374 635 427 macula
684 388 788 426 non
834 372 903 425 sit
942 370 1235 445 naturalis;
1267 368 1662 445 Chrts_tum_ve-
1691 372 1745 431 Α
1770 371 1950 445 chrum
1977 370 2046 422 ad
2070 368 2257 445 visum,
2292 376 2341 421 et
2366 370 2697 445 “bonumuad
2745 372 3024 445 edendum,
3055 381 3109 428 et
3155 375 3359 445 lignum

101 441 224 502 uisse
246 450 458 498 tantum
488 452 545 496 ut
569 445 786 513 praeiret
808 444 1059 511 exemplo
1080 452 1132 497 et
1163 442 1494 512 magisterio.
1523 441 1667 513 Mor-

102 529 190 573 tem
217 514 520 575 hominum.
548 512 655 569 non
682 529 712 568 a
742 525 963 569 oeccato
989 523 1258 581 exortam,
1288 514 1383 568 sed
1419 528 1449 567 a
1480 512 1668 569 condi-

102 591 226 645 tione
245 595 473 641 naturae.

162 659 276 714 Hac
300 666 356 712 et
384 657 493 709 alia
523 654 792 726 ejusmodi
837 656 1066 726 Ruﬁnus
1092 655 1426 711 ‘Palatstinus
1457 654 1621 708 tradit
1652 672 1665 707 :

106 729 382 794 lnsaniunt,
420 724 597 797 inquit
625 726 777 798 (Cap.
811 724 934 798 '59),
968 728 1054 797 qui
1098 742 1189 799 per
1216 743 1375 782 unum
1413 727 1670 779 hominem

106 804 251 856 Adam
279 815 484 852 omnem
524 800 698 869 orbem
729 808 981 869 terrarum
1010 798 1298 869 iniquitatis
1328 798 1672 869 ﬂagitiorum-

134 889 185 926 ιε
206 870 565 925 condemnant.
598 868 739 923 Nam
787 871 877 939 qui
918 868 1027 939 htec
1056 871 1254 933 dicunt,
1286 879 1373 939 aut
1422 870 1671 938 injustam

148 958 249 997 eum
272 942 641 1011 pronuntiant,
675 949 766 993 aut
800 938 937 994 certe
965 938 1077 994 Deo
1120 938 1386 1011 diabolum
1415 943 1673 994 cestimant

109 1010 368 1087 fortiorem,
388 1028 454 1087 (eo
474 1012 613 1077 quod
636 1022 891 1087 naturam,
916 1027 1075 1087 quam
1098 1010 1235 1087 Deus
1256 1013 1442 1087 creavit
1466 1010 1667 1076 bonam,

109 1080 203 1139 iam
230 1084 483 1149 diabolus,
510 1100 602 1152 per
625 1080 1094 1153 prtevaricationem
1122 1083 1287 1135 Adam
1316 1092 1362 1135 et
1392 1080 1536 1146 Euax,
1562 1098 1672 1134 ma-

112 1159 195 1211 lam
234 1155 451 1224 potuerit
501 1154 724 1225 efficere,
756 1153 1010 1225 siquidem
1056 1155 1484 1225 prmuaricatione
1521 1153 1675 1224 primi

113 1223 307 1280 hominis
339 1225 510 1279 Adam
527 1223 582 1279 et
606 1226 781 1278 uxoris
807 1229 931 1297 ejus.
949 1223 1076 1280 Eva:
1098 1241 1274 1280 omnes
1300 1223 1531 1279 homines
1556 1241 1678 1293 pec-

114 1308 207 1351 cato
231 1298 433 1350 obnoxii
462 1306 605 1361 sunt,
636 1304 742 1350 etc.

174 1368 525 1437 Unusquisque
573 1367 858 1429 hominum,
909 1382 1025 1419 cum
1071 1368 1139 1420 sit
1184 1365 1333 1419 liberi
1360 1368 1579 1433 arbitrii,
1614 1383 1677 1421 ex

116 1455 301 1494 suorum
330 1440 576 1507 qualitate
625 1448 881 1507 gestorum
910 1447 997 1490 aut
1038 1437 1332 1491 laudandus
1376 1438 1548 1505 nimis,
1588 1446 1678 1491 aut

118 1512 457 1580 rituperandus
490 1508 769 1563 habebitur.
797 1508 971 1561 Simili
991 1508 1143 1561 modo
1170 1510 1321 1561 etiam
1350 1510 1399 1560 in
1434 1510 1515 1561 die
1534 1510 1679 1580 judi-

197 1590 281 1633 aut
298 1580 665 1661 justiﬁcandgs
707 1580 821 1661 erit,
847 1588 967 1661 laut
995 1580 1251 1661 supplicio
1298 1580 1675 1661 subjugagdus,

122 1654 230 1703 sicut
278 1648 320 1705 et
368 1648 548 1705 beatus
596 1650 796 1703 Paulus
823 1648 969 1703 docet
1012 1648 1083 1702 ita
1116 1649 1290 1703 dicens
1341 1648 1491 1718 (Cap.
1522 1651 1624 1719 57)
1662 1668 1673 1703 :

125 1723 288 1776 Omnes
308 1724 438 1775 enim
460 1739 553 1775 nos
584 1720 905 1788 manifestari
924 1728 1119 1789 Oportet
1143 1732 1262 1775 ante
1284 1720 1506 1775 tribunal
1531 1721 1677 1775 Chri—

121 1795 189 1857 sti,
203 1802 253 1846 ut
272 1794 452 1863 referat
476 1793 828 1863 unusquisque
840 1793 1054 1863 prapria
1076 1792 1303 1863 corporis
1328 1801 1480 1859 prout
1500 1793 1674 1861 gessit,

123 1866 203 1916 sive
231 1859 429 1929 bonum,
458 1864 563 1917 sive
592 1859 784 1915 malum
812 1859 988 1930 (ICor.
1018 1878 1069 1929 ν,
1089 1859 1211 1928 10⁷).
1241 1862 1390 1926 Quod
1414 1859 1584 1915 autem
1614 1864 1679 1916 li-

124 1935 206 1985 beri
226 1951 319 1987 non
346 1951 436 2001 pro
469 1934 765 2001 parentibus
792 1934 1091 1999 puniantur,
1128 1949 1289 2002 neque
1316 1943 1549 2001 parentes
1587 1951 1680 2001 pro

125 2006 289 2076 liberis,
319 2014 491 2076 aperte
530 2021 712 2059 rursus
735 2002 963 2076 _edocuit
1014 2004 1151 2056 Deus
1189 2019 1305 2056 cum
1349 2005 1417 2056 ad
1448 2003 1681 2075 Moysem

127 2074 396 2142 prephetam
438 2077 630 2129 diceret
674 2090 693 2128 .'
726 2074 848 2127 Non
898 2076 1179 2129 morientur
1207 2082 1379 2143 patres
1411 2092 1503 2141 pro
1533 2075 1677 2142 filiis,

128 2163 266 2215 neque
303 2147 387 2214 ﬁlii
414 2164 510 2216 pro
548 2145 879 2216 parentibus;
900 2146 1248 2215 unusquisque
1274 2145 1326 2198 in
1357 2161 1449 2199 suo
1475 2155 1681 2216 peccato

126 2214 337 2270 morietur
365 2214 551 2287 (Deut.
584 2232 731 2285 xstv,
760 2214 882 2285 16).

184 2287 388 2351 Quidam
438 2288 835 2357 Scripturarum
877 2287 1469 2359 inscientiadivinarum
1517 2287 1677 2359 (Cap.

126 2358 207 2425 Η)
236 2360 283 2410 in
303 2359 554 2425 nefariam
586 2369 631 2411 et
671 2358 918 2429 injustam
947 2358 1011 2409 de
1046 2356 1249 2410 Christo
1294 2372 1463 2410 vocem
1491 2356 1682 2412 audent

126 2445 378 2498 erumpere,
427 2438 710 2483 asserentes
756 2444 874 2481 eum
916 2444 1101 2498 pueros
1155 2429 1361 2481 minime
1397 2429 1682 2496 baptizatos

124 2502 279 2552 aterni
320 2502 452 2571 ignis
493 2516 653 2568 pana:
697 2500 962 2569 deputare,
995 2514 1108 2567 qua!
1149 2500 1277 2571 solet
1317 2502 1370 2551 in
1400 2500 1682 2571 Scripturis

123 2569 635 2650 gehenna‘nominari.
670 2570 887 2650 Discant
916 2585 977 2650 ea:
1005 2570 1189 2623 divinis
1233 2569 1526 2650 scripturis
1548 2572 1683 2640 quod

123 2640 239 2711 ignis
279 2643 454 2696 teterni
500 2659 645 2712 pana
689 2640 1061 2709 innocentibus,
1088 2657 1148 2693 ac
1177 2640 1377 2710 penitus
1424 2654 1683 2708 peccatum

124 2713 478 2781 ignorantibus,
502 2724 909 2784 prteparatajton
937 2712 1032 2784 sit,
1065 2712 1152 2765 sed
1190 2714 1259 2784 eis
1281 2713 1367 2781 qui
1398 2712 1559 2782 legem
1591 2713 1683 2767 Dei

122 2780 431 2853 prteraricati
450 2780 740 2837 noscuntur.
769 2782 835 2836 Et
860 2782 1020 2851 paulo
1038 2792 1186 2851 post:
1212 2780 1391 2849 Pueri,
1420 2780 1549 2836 sicut
1572 2787 1685 2854 ipsa

122 2856 285 2907 divina
314 2855 581 2921 Scriptura
606 2855 897 2925 perdocuit,
925 2854 1070 2925 quasi
1098 2854 1303 2921 penitus
1348 2855 1571 2919 innoxii,
1596 2872 1685 2909 ne-

121 2941 216 2993 que
235 2927 476 2978 malitiam
497 2924 694 2995 prorsus
716 2926 933 2995 experti,
949 2924 1065 2977 boni
1084 2926 1236 2977 etiam
1253 2927 1329 2978 vel
1350 2926 1471 2978 mali
1493 2926 1685 2980 discre-

124 2996 295 3048 tionem
323 2998 635 3069 ignorantes,
675 2996 1015 3069 ignisitzterni
1059 3011 1219 3065 poetice
1255 2998 1462 3069 minime
1489 2999 1685 3051 manci-

127 3076 292 3130 pantur
309 3067 543 3135 {quippe
564 3083 677 3119 cum
716 3068 849 3138 ignis
894 3077 1141 3138 internum
1167 3067 1480 3137 supplicium
1508 3069 1680 3137 impiis

126 3148 164 3189 et
191 3134 523 3206 peccatoribus
550 3134 897 3207 praeparatum
922 3139 1018 3203 sit;
1041 3137 1129 3191 sed
1157 3146 1203 3190 et
1226 3134 1313 3191 isti
1332 3139 1539 3208 quidem
1560 3134 1677 3195 cum
1703 3134 1748 3197 C

128 3224 209 3278 sua
230 3210 473 3278 imperitia
499 3211 843 3278 dimittantur.

187 3276 435 3353 Baptisma
483 3282 709 3353 infantes
740 3276 929 3353 (Cap.
959 3278 1064 3346 40)
1096 3296 1197 3332 non
1230 3288 1447 3353 prapter
1474 3293 1683 3353 peccata

129 3352 405 3419 percipiunt,
438 3352 533 3403 sed
564 3360 639 3417 ut,
670 3350 961 3421 spiritalem
983 3352 1387 3421 procreationem
1419 3350 1680 3419 habentes,

130 3421 256 3502 quasi
279 3438 364 3502 per
389 3423 646 3502 baptisma
660 3419 725 3502 in
750 3419 1231 3502 Christo‘creenlur,
1253 3432 1321 3502 let
1350 3424 1508 3502 ipsius
1538 3427 1683 3502 regni

134 3490 315 3564 celestis
340 3490 617 3564 participes
645 3493 794 3564 fiant,
838 3492 972 3564 sicut
1012 3490 1187 3544 beatus
1230 3490 1508 3564 Apostolus
1538 3490 1683 3551 docet

134 3558 216 3635 hoc
237 3558 378 3635 γηράο
409 3579 428 3618 :
455 3558 711 3635 Siqua—in
741 3561 943 3617 Christo
965 3578 1094 3635 noua
1112 3558 1347 3616 creatura
1369 3563 1388 3635 (
1410 3563 1429 3617 Ι
1455 3564 1572 3618 Cor.
1599 3583 1681 3633 Ill,

132 3631 186 3683 17
207 3629 241 3701 ).
274 3632 336 3687 Et
356 3629 591 3687 iterum:
624 3634 721 3688 Sin
760 3643 924 3687 autem
961 3633 1060 3701 filii
1088 3644 1133 3685 et
1172 3629 1427 3701 ltwredes,
1458 3629 1683 3694 hieredes

132 3704 307 3777 quidem
335 3704 444 3770 Dei,
476 3704 765 3777 coheredes
794 3712 965 3777 autem
987 3703 1177 3758 Christi
1201 3705 1383 3776 (Rom.
1415 3722 1523 3765 vm,
1554 3712 1677 3777 17),

134 3773 187 3826 Et
221 3785 389 3843 postea
434 3775 594 3846 (Cap.
617 3775 729 3847 48)
766 3794 778 3828 :
820 3774 1058 3845 Infantes
1085 3777 1172 3844 qui
1211 3773 1271 3828 in
1319 3780 1537 3847 peccatis
1582 3773 1683 3833 non

133 3855 245 3909 sunt,
267 3858 517 3900 merentur
538 3848 691 3900 etiam
714 3846 1036 3917 baptismatis
1056 3848 1294 3915 gratiam,
1322 3846 1378 3900 ut
1406 3850 1455 3900 in
1480 3849 1683 3905 Christo

132 3932 240 3968 nota
261 3919 584 3987 generatione
632 3921 810 3983 creati,
857 3919 1011 3971 etiam
1059 3919 1201 3987 regni
1239 3920 1349 3987 ejus
1394 3920 1684 3976 cohteredes

133 3988 381 4053 efficiantur
410 3990 693 4043 secundum
724 3990 925 4043 beatum
948 3988 1173 4041 Paulum
1204 4004 1223 4041 .'
1251 3988 1309 4043 Si
1337 4006 1435 4058 qua
1464 3994 1514 4043 in
1541 3992 1684 4047 (ἐΙιγὶο

132 4070 339 4131 stonoca
360 4069 597 4114 creatura
626 4059 681 4131 (Ι
701 4059 821 4131 Cor.
854 4076 930 4126 ιιι,
961 4058 1078 4127 17).

190 4129 429 4185 Nonnulli
458 4140 578 4185 sunt
609 4129 774 4199 (Cap.
796 4130 897 4202 28)
927 4132 1015 4202 qui
1047 4131 1300 4184 dementia
1341 4133 1479 4200 capti
1505 4133 1681 4187 dicunt

132 4203 243 4266 quod
277 4219 337 4255 ea:
365 4219 469 4255 una
492 4204 668 4255 anima
698 4203 851 4272 primi
881 4202 1102 4254 hominis
1128 4202 1327 4265 Adam,
1355 4204 1531 4257 anima
1564 4204 1684 4259 Era:

132 4272 333 4344 mulieris
358 4284 623 4344 assumpta
660 4276 743 4325 sit.
771 4272 1032 4326 Nonnulli
1076 4273 1261 4338 etiam,
1295 4275 1427 4342 quod
1465 4290 1527 4328 ea:
1571 4276 1682 4330 solo

132 4343 291 4406 Adam,
321 4362 428 4397 cum
457 4343 665 4398 seminis
678 4346 851 4417 jactu,
883 4345 937 4417 in
964 4359 1135 4398 onmes
1162 4346 1248 4417 qui
1271 4360 1331 4396 ea:
1350 4347 1541 4417 eonati
1565 4350 1680 4417 fue-

132 4423 228 4535 γιιὶιι
268 4418 449 4470 animi:
490 4416 807 4469 transmissa:
853 4416 990 4481 sint;
1029 4422 1077 4467 et
1128 4416 1252 4482 alii,
1280 4416 1419 4484 quod
1461 4432 1527 4471 ea:
1568 4416 1683 4472 Eva

132 4498 174 4534 IO
196 4501 241 4535 α.
269 4497 369 4535 CIC.

130 4497 241 4546 tota,
269 4497 369 4541 etc.

191 4554 421 4611 Dominus
446 4559 615 4611 solum
646 4556 901 4611 hominem
923 4557 1205 4612 secundum
1232 4556 1507 4624 imaginem
1534 4576 1681 4613 suam

130 4628 555 4699 etsimilimdinem
604 4629 723 4695 fecit
768 4628 1090 4699 (σωκ-25),
1134 4629 1263 4681 sicut
1303 4626 1507 4698 Moyses
1536 4630 1681 4684 docet

128 4696 192 4747 ita
218 4699 374 4751 dicens
404 4716 422 4753 :
448 4699 514 4753 Et
547 4700 677 4753 dixit
702 4696 842 4754 Deus
873 4696 891 4753 ὲ
914 4696 1194 4751 Faciamus
1216 4696 1473 4752 hominem
1501 4716 1682 4756 secun-

124 4768 230 4819 dum
245 4769 515 4845 imaginem
532 4781 579 4823 et
598 4771 995 4845 similitudinem
1020 4780 1248 4845 nostram
1267 4768 1477 4845 (Cenes:
1501 4786 1540 4836 ι,
1562 4772 1678 4845 26),

126 4847 212 4912 etc.
245 4840 306 4894 Et
337 4840 495 4910 paulo
531 4852 649 4910 post
679 4842 841 4911 (Cap.
870 4841 970 4912 28)
1005 4858 1020 4895 :
1056 4840 1206 4908 Quod
1236 4849 1406 4895 autem
1442 4841 1579 4897 Deus
1609 4840 1682 4898 est

123 4911 194 4973 qui
226 4912 406 4979 format
437 4929 498 4965 ea
528 4928 644 4981 qua:
669 4914 723 4966 in
763 4922 963 4966 uterum
1004 4913 1202 4965 semina
1218 4913 1520 4981 jaciuntur,
1550 4916 1681 4969 sicut

123 4982 252 5033 etiam
288 4984 488 5037 diversa
518 4984 735 5051 vivificat
760 4999 879 5053 (quia
899 4984 962 5037 ab
987 4984 1225 5053 agricolis
1244 4992 1483 5037 seruntur
1506 4985 1561 5037 in
1583 4996 1683 5040 ter-

123 5067 230 5115 ram,
259 5056 395 5109 testis
432 5064 507 5108 est
536 5054 713 5108 beatus
736 5052 835 5108 Job
878 5071 993 5109 cum
1024 5052 1104 5107 ait
1144 5056 1212 5107 ad
1256 5053 1461 5108 Deum:
1493 5054 1682 5112 Manus

121 5132 211 5197 tua:
230 5127 454 5193 fecerunt
484 5142 585 5197 me,
618 5135 666 5179 et
686 5126 1060 5197 plasmaverunt
1086 5142 1164 5179 me
1193 5124 1345 5197 (Job.
1380 5142 1432 5190 χ,
1462 5126 1552 5194 8).

178 5192 448 5267 Propterea
493 5192 726 5251 Christus
757 5198 925 5266 factus
957 5206 1029 5252 est
1068 5192 1219 5251 homo
1249 5195 1413 5267 (Cap.
1443 5192 1568 5268 27⁷),
1602 5208 1680 5267 ut,

119 5266 338 5352 damnato
368 5270 434 5352 in.
452 5284 611 5321 carne
634 5266 1375 5352 peccatonrelinqueret-nobis
1396 5266 1682 5352 exemplum

114 5340 526 5403 quemadmodum
557 5339 772 5409 quisque
800 5340 978 5393 debeat
1006 5339 1297 5393 carnalibus
1326 5339 1578 5409 superatis
1606 5343 1682 5396 vi-

114 5408 308 5481 tiisnon
336 5410 478 5463 ultra
507 5408 706 5464 diaboli
736 5410 961 5480 fallaciis
991 5410 1175 5481 decipi.
1532 5444 1535 5447 ν

171 5479 315 5543 Quod
343 5492 519 5535 autem
561 5484 803 5535 mortales
853 5479 1131 5536 secundum
1171 5497 1355 5552 corpus
1381 5484 1541 5537 creati
1561 5492 1681 5537 sunt

110 5550 259 5633 Adam
284 5563 332 5607 et
364 5552 475 5606 Eva
499 5552 658 5677 (ϐακέ).
683 5552 800 5677 ΞΒέ
821 5563 877 5607 ut
903 5554 1034 5614 dixi,
1063 5555 1205 5635 testis
1233 5550 1542 5625 estMoyses,
1563 5571 1679 5608 cum

110 5624 216 5674 dicit
248 5622 469 5677 (Grues.
504 5640 561 5677 ιι.
649 5625 665 5677 ι
698 5642 710 5675 :
794 5634 814 5676 't
846 5627 1095 5677 plantavit
1127 5622 1267 5677 Deus
1302 5627 1604 5677 paradisum
1624 5628 1679 5677 in

110 5572 259 5603 uuam
284 5572 332 5607 et
364 5572 475 5606 nua
499 5572 603 5622 (ea
644 5594 658 5605 .
684 5572 755 5608 zu
787 5595 800 5615 ,
821 5572 877 5607 ut
903 5572 1034 5614 am,
1066 5572 1205 5606 tesus
1233 5572 1542 5625 estmoyses,
1563 5572 1679 5608 cum

109 5624 216 5696 dicit
248 5622 469 5696 (Cenes.
504 5640 561 5691 ιι,
595 5572 665 5695 ἔ)
698 5642 710 5675 :
746 5572 814 5677 ἐι
845 5625 1095 5693 plantavit
1127 5622 1267 5683 Deus
1302 5627 1604 5696 paradisum
1624 5628 1679 5679 in

108 5691 264 5747 tidem
285 5696 356 5748 ad
388 5691 676 5761 Orientem,
700 5705 747 5750 et
764 5691 934 5765 posuit
963 5697 1033 5749 ibi
1063 5691 1337 5761 hominem,
1366 5713 1515 5765 quem
1538 5698 1681 5766 plas-

108 5768 265 5833 mm't,
298 5777 349 5819 et
381 5768 626 5832 produxit
674 5768 844 5821 adhuc
888 5768 950 5821 de
979 5777 1117 5822 terra
1145 5783 1293 5825 omne
1323 5768 1519 5839 lignum
1560 5770 1677 5826 uul-

319 5860 595 5918 ΡΔτιιοιη
644 5859 927 5919 XLVIII.

1708 1760 1757 1819 B

1706 4526 1760 4585 D

1770 440 1893 515 vitae
1920 440 1975 493 in
2008 438 2194 515 medio
2213 440 2471 515 paradisi,
2503 449 2557 495 et
2589 442 2788 510 lignum
2817 444 2882 515 ad
2917 438 3356 515 cognoscendum

1770 511 1970 587 bonum
2010 518 2065 587 et
2094 510 2313 587 malum.
2348 510 2642 587 Numquam
2687 530 2802 568 vero
2848 510 3215 587 Deus'lignum
3246 521 3363 576 vita!

1770 582 1823 635 in
1852 580 2101 652 paradiso
2132 583 2432 647 plantasset,
2469 582 2723 652 siquidem
2758 588 2924 638 Adam
2947 580 3257 644 immortalis
3278 608 3363 646 sea

1771 653 1996 705 cundum
2025 668 2230 705 carnem
2261 664 2458 706 creatus
2488 655 2686 721 fuisset,
2721 666 2823 710 etc.

1846 722 2027 798 Multis
2045 724 2200 798 igitur
2222 726 2429 798 testibus
2452 725 2615 777 edocti
2648 724 2803 798 (Cap.
2826 727 2915 798 54)
2946 730 3084 798 quod
3099 748 3236 786 mors
3262 734 3361 787 ista

1773 795 2053 848 communis
2067 792 2215 872 mala
2254 812 2353 847 non
2380 795 2469 872 sit,
2494 800 2620 872 jam
2641 792 2792 872 longe
2820 792 2988 853 valere
3012 802 3247 856 dicamus
3273 822 3363 872 qus

1774 876 1985 940 mortem
2017 866 2205 917 malunt
2234 866 2520 940 appellant.
2556 866 2790 940 Dicimus
2809 938 2813 940 ἢ
2832 879 2997 923 autem
3025 876 3161 940 quod
3188 876 3243 928 in
3272 866 3363 930 bo-

1775 953 1895 989 num
1920 935 2060 1013 Deus
2100 937 2336 1000 prwstitit
2371 938 2534 1013 primo
2561 939 2757 990 homini
2784 938 2947 993 Adam
2976 935 3192 997 sudores
3223 949 3364 1013 pari-

1776 1017 1851 1061 ter
1877 1024 1936 1060 ac
1964 1006 2183 1073 labores,
2211 1023 2338 1073 quos
2360 1008 2423 1060 de
2445 1017 2581 1060 terra
2600 1018 2878 1077 pateretur.

1848 1078 1986 1146 Quid
2022 1078 2208 1145 plura?
2236 1077 2385 1149 nulla
2413 1079 2495 1132 via
2537 1090 2621 1131 est
2663 1079 2962 1149 Pelagianis
3014 1087 3362 1149 postmodum

1778 1150 1926 1225 trita,
1959 1150 2139 1225 nullus
2183 1148 2455 1225 adhibitus
2497 1150 2691 1225 modus
2723 1148 3107 1218 prmmunieitdi
3137 1159 3363 1225 erroris,

1778 1220 1923 1293 nulla
1948 1220 2083 1293 ratio
2112 1219 2376 1293 facienda:
2407 1218 2685 1274 catholicis
2730 1225 2930 1289 peccati
2973 1226 3247 1293 originalis
3270 1218 3364 1283 de;

1778 1291 2081 1346 fensoribus
2104 1291 2408 1355 calumnias,
2436 1305 2593 1359 quam
2626 1307 2730 1346 non
2758 1291 3186 1361 prmformaverit
3213 1300 3367 1355 Rufi-

1778 1378 1900 1428 nus,
1932 1372 1989 1416 ut
2016 1362 2066 1416 in
2100 1376 2221 1416 eum
2252 1362 2449 1416 mentis
2478 1361 2665 1416 oculos
2696 1365 3018 1432 Augustinus
3068 1366 3367 1427 intendisse

1778 1433 1947 1509 videri
1976 1434 2171 1509 possit,
2197 1441 2586 1509 eum‘recenset
2613 1433 2804 1501 quibus
2852 1437 3067 1509 artibus
3093 1434 3368 1509 Pelagiani

1778 1505 2016 1576 {olerent
2047 1506 2272 1576 illudere
2300 1504 2688 1576 simpliciorum
2742 1516 2952 1576 mentes
3001 1508 3159 1576 (Lib.
3195 1504 3248 1565 .6
3295 1513 3363 1565 ad

1780 1575 1952 1657 Bonif.
1988 1592 2115 1717 )cap.
2148 1572 2211 1640 2;
2259 1585 2305 1628 et
2346 1575 2437 1628 lib.
2465 1589 2502 1629 ιι
2529 1574 2731 1629 advers.
2780 1573 2896 1631 Jul.
2921 1572 3038 1648 cap.
3072 1581 3124 1649 1,
3167 1592 3215 1635 et
3239 1584 3369 1638 alibi

1780 1662 1973 1717 passim
2020 1687 2032 1699 .

1817 1662 1973 1700 αδδιηι
1995 1662 2032 1700 1.

1780 1664 2074 1793 paﬁhiilét
2104 1717 2231 1771 illud
2286 1717 2455 1793 ausim
2508 1718 2739 1793 addere,
2783 1720 2926 1793 quod
2976 1734 3098 1793 mea
3149 1724 3367 1793 quidem

1784 1789 2049 1843 sententia
2078 1802 2192 1842 rem
2225 1788 2461 1851 conﬁcit,
2509 1789 2752 1843 libellum
2797 1789 3023 1855 Juliani,
3058 1791 3137 1846 sin
3166 1788 3369 1851 'minus

1783 1860 1929 1913 omni
1984 1874 2051 1913 ex
2095 1868 2283 1927 parte,
2312 1860 2499 1914 saltem
2548 1874 2609 1913 ea
2648 1875 2750 1984 (qua
2781 1870 3057 1929 peccatum
3106 1866 3369 1933 originale

1783 1940 2009 1984 spectat.
2042 1946 2107 1984 ex
2129 1929 2417 1983 Rutlniauo
2450 1945 2583 1984 nene
2613 1946 2641 1984 a
2718 1932 2937 1984 verbum
2966 1931 3134 1984 fuisse
3162 1939 3369 1984 exseri-

1783 1940 2009 1999 spectat,
2042 1946 2107 1984 ex
2129 1929 2417 1983 Rutlniauo
2450 1945 2583 1994 pene
2613 1929 2679 1984 ad
2718 1932 2937 1986 verbum
2966 1931 3134 1989 fuisse
3162 1929 3371 1992 eiscri-

1783 2010 1950 2075 ptum.
1985 2002 2185 2055 Eadem
2213 2010 2362 2055 certe
2384 1999 2686 2075 aderuntur
2709 2002 2999 2069 Scripturae
3024 2006 3327 2061 testimonia
3351 2026 3367 2075 ;

1783 2072 1973 2127 eadem
2007 2081 2320 2141 argumenta
2351 2072 2539 2125 eodem
2567 2074 2726 2127 modo
2761 2083 3073 2141 tractantur,
3108 2086 3164 2131 ut
3191 2072 3367 2134 Ruﬁni

1782 2144 1920 2216 liber
1970 2144 2191 2197 hmresis
2239 2141 2580 2216 Caelestiana:
2625 2145 2743 2198 tons
2784 2145 3033 2216 quidam,
3069 2158 3124 2202 et
3168 2148 3385 2207 Juliani'

1782 2214 1932 2273 velut
1950 2213 2422 2268 armamentarium
2446 2214 2550 2267 dici
2575 2224 2759 2281 queat.
2807 2213 2835 2276 λ

1846 2284 2113 2354 Adjungo,
2148 2285 2472 2353 singularius
2502 2285 2755 2354 quiddam
2807 2301 2834 2337 a
2886 2289 3160 2343 nonnullis
3214 2292 3372 2348 Pela-

1782 2353 1957 2422 gianis
1994 2353 2211 2428 dicebat
2236 2353 2566 2428 Augustinus
2608 2359 2775 2411 asseri
2808 2356 3001 2428 (Serm.
3034 2360 3065 2412 7
3094 2361 3157 2415 de
3191 2361 3373 2420 Verbis

1788 2428 1965 2493 Apost.
1996 2444 2113 2494 cap.
2139 2426 2233 2497 6),
2276 2442 2465 2481 omnes
2496 2426 2740 2481 homines
2764 2443 2792 2481 a
2819 2426 2937 2483 Deo
2960 2430 3183 2497 perinde
3228 2450 3371 2491 nunc

1784 2497 2112 2571 immortales
2139 2498 2329 2560 condi,
2373 2513 2433 2571 ac
2464 2499 2589 2551 olim
2626 2500 2887 2552 Adamum
2916 2518 2927 2552 :
2963 2500 3098 2565 Quia
3142 2521 3234 2571 pro
3264 2524 3373 2562 me-

1782 2568 1896 2621 ritis
1921 2569 2026 2622 suis
2058 2585 2231 2622 omnes
2259 2570 2565 2631 moriuntur,
2600 2585 2689 2622 nec
2710 2579 2839 2623 esset
2861 2587 3016 2631 mors.
3046 2568 3150 2627 nisi
3164 2578 3371 2633 veniens

1785 2640 1847 2693 de
1874 2651 2102 2708 peccato.
2137 2639 2292 2703 Illud,
2327 2640 2410 2693 vel
2457 2639 2617 2693 aliine
2661 2642 2956 2709 quidpiam,
2990 2642 3184 2699 Marius
3232 2649 3375 2703 Mer—

1784 2719 1934 2763 cator
1960 2710 2127 2764 refert
2154 2711 2414 2779 scriptum
2453 2725 2483 2763 a
2527 2711 2741 2765 Juliano
2772 2714 2826 2765 in
2872 2714 3097 2779 epistola
3126 2718 3190 2769 ad
3219 2734 3374 2775 sum-

1787 2797 1929 2852 mum
1964 2780 2291 2850 pontiﬁcem,
2323 2797 2442 2835 cum
2472 2782 2636 2835 vellet
2666 2782 2856 2837 fucatis
2903 2784 3368 2852 interpretationi-

1784 2850 1885 2907 bus
1914 2868 2067 2907 suum
2086 2852 2152 2907 de
2172 2852 2361 2905 Adami
2392 2853 2718 2907 mortalitate
2737 2868 2979 2908 errorem
3004 2850 3367 2917 dissimulare.

1786 2922 2012 3002 [latinus
2041 2924 2297 3002 idipsum,
2324 2924 2538 3002 et_quod
2569 2924 2897 2991 Augustinus
2915 2928 3122 3002 retulit,
3156 2935 3371 3002 etquod

1784 2994 2028 3049 Julianus
2076 2995 2319 3062 scripsit,
2374 2995 2531 3063 longe
2583 3006 2709 3049 ante
2754 3007 2931 3051 motas
2975 2998 3028 3051 in
3074 2994 3373 3063 Occidente

1787 3065 2089 3121 istiusmodi
2121 3066 2450 3133 quaestiones
2479 3066 2680 3120 docuit.

1856 3136 1948 3191 llis
1976 3138 2273 3191 rationibus
2320 3136 2458 3190 forte
2485 3136 2791 3191 movebitur
2828 3137 3021 3207 aliquis
3062 3142 3112 3194 in
3156 3155 3373 3201 contra-

1786 3207 1925 3261 rium
1951 3207 2463 3283 ,_dubitabitqu_e‘an
2510 3207 2688 3283 Ruﬁni
2737 3208 2869 3262 liber
2912 3224 2978 3263 eo
3028 3220 3269 3283 tempore
3299 3220 3373 3273 sit

1787 3280 2128 3347 coascriptus
2158 3294 2263 3343 quo
2294 3278 2554 3341 diximus,
2588 3279 2638 3331 id
2671 3289 2772 3344 est,
2806 3290 2930 3333 ante
2958 3278 3269 3341 ventilatam
3315 3290 3371 3344 in

1786 3349 2076 3404 Occidente
2107 3350 2304 3417 Pelagii
2335 3349 2618 3415 haeresim;
2672 3364 2737 3402 an
2770 3359 2951 3418 postea
2976 3393 2990 3415 ,
3021 3368 3141 3408 cum
3174 3360 3371 3415 animis

1782 3419 1894 3497 jam
1935 3421 2089 3497 longa
2137 3420 2497 3497 disputatione
2539 3420 2775 3497 eruditis
2800 3465 2824 3497 ,_
2856 3425 3105 3497 potuerit
3137 3427 3372 3497 scriptor

1786 3491 1977 3560 aliquis
2008 3507 2197 3563 omnes
2227 3492 2382 3545 unius
2414 3492 2581 3560 partis
2629 3493 2890 3563 versutias
2936 3496 3222 3563 complecti
3250 3491 3372 3555 ser-

1787 3577 1965 3617 mone.
2006 3562 2204 3616 Verum
2256 3563 2603 3616 indubitatam
2650 3561 2771 3616 libri
2814 3571 3024 3618 aetatem
3063 3561 3372 3629 ostendere

1786 3632 1913 3688 hinc
1936 3634 2057 3688 licet
2084 3676 2097 3698 ,
2129 3634 2271 3703 quod
2301 3636 2531 3700 scriptus
2556 3634 2625 3688 sit
2650 3648 2755 3686 non
2790 3642 2994 3689 tantum
3024 3646 3150 3692 ante
3180 3640 3375 3698 Nesto-

1788 3705 1850 3757 rii
1878 3716 1927 3756 et
1958 3706 2267 3776 Eutychetis
2291 3716 2556 3776 tempora,
2584 3706 2819 3773 alioquin
2840 3706 2982 3760 inter
3003 3715 3371 3769 enumeranda

1784 3776 1851 3828 de
1882 3775 2246 3831 lncarhatiooe
2278 3775 2438 3831 Verbi
2480 3791 2639 3844 prava
2666 3776 2913 3844 dogmata
2946 3783 3369 3846 praetermissum

1788 3861 1892 3899 non
1917 3847 2105 3901 fuisset
2127 3848 2402 3916 utriusque
2425 3848 2660 3901 haeretici
2686 3859 2903 3915 nomen,
2919 3852 3373 3916 quemadmodum

1787 3934 1885 3971 nec
1914 3919 2124 3971 Photini
2154 3933 2385 3981 errores,
2418 3932 2517 3972 nec
2546 3916 2885 3986 Apollinarii,
2912 3935 3013 3974 nec
3044 3924 3368 3983 Arianorum

1785 3991 1974 4043 omissi
2013 4000 2175 4049 sunt;
2224 3990 2317 4043 sed
2346 3991 2507 4043 etiam
2536 3996 2660 4042 ante
2690 3997 2838 4042 ortas
2886 3994 3259 4051 contentiones
3300 4000 3370 4055 de

1784 4062 1956 4127 gratia
1998 4060 2195 4114 Christi
2226 4078 2238 4113 :
2281 4060 2542 4129 siquidem
2580 4068 2785 4116 tantum
2821 4070 3197 4130 argumentum
3229 4069 3370 4124 inta-

1785 4140 1927 4186 ctum
1964 4149 2066 4185 non
2093 4132 2333 4185 abiisset.

1860 4203 2093 4256 Pertinet
2149 4203 2309 4269 igitur
2356 4201 2419 4254 ad
2470 4210 2681 4269 tempus
2731 4200 2861 4255 illud
2905 4217 3008 4270 quo
3038 4205 3365 4267 Arianorum

1785 4285 1947 4342 atque
1990 4274 2247 4353 (trigonis
2281 4273 2607 4341 questiones
2624 4270 3085 4353 “agitabanturin
3123 4276 3365 4353 Oriente,

1786 4354 1930 4399 tctus
1960 4342 2103 4399 enini
2134 4346 2183 4396 in
2216 4344 2280 4396 iis
2308 4353 2576 4397 versatur.
2624 4342 2925 4397 Fervebant
2962 4347 3065 4400 illm
3091 4362 3219 4403 vero
3250 4342 3371 4405 mal

1786 4417 1929 4470 xime
1958 4416 2289 4485 temporibus
2318 4414 2516 4477 Siricii,
2544 4422 2603 4468 ut
2631 4413 2783 4485 facile
2807 4415 3122 4485 intelligitur
3148 4435 3214 4473 ex
3239 4423 3370 4477 seri-

1789 4488 1892 4558 ptis
1939 4483 2155 4542 Patrum
2208 4497 2332 4540 tunc
2376 4486 2578 4558 editis,
2616 4483 2813 4558 quibus
2841 4483 3129 4558 aliud—fere
3160 4495 3367 4549 nullum

1791 4556 2171 4635 argumentum
2208 4567 2506 4635 tractatur._
2528 4556 2666 4623 Quid
2715 4556 2857 4625 quod
2888 4558 3154 4635 mercator
3183 4566 3366 4635 tradit,

1789 4627 1914 4685 tunc
1946 4630 2207 4700 temporis
2252 4638 2403 4683 natas
2433 4627 3026 4700 fuissecontroversias
3064 4631 3131 4686 de
3161 4627 3367 4689 moria;

1788 4702 1936 4757 litate
1962 4698 2112 4763 sua,
2139 4701 2415 4772 baptismo
2436 4698 2805 4772 parvulorum,
2836 4709 3059 4772 peccato
3094 4704 3365 4772 originali,

1785 4772 2011 4841 aliisque
2040 4772 2308 4839 dogmatis
2335 4786 2364 4825 a
2392 4770 2586 4824 Ruﬁno
2623 4779 2729 4823 tam
2754 4770 2968 4825 curiose
2998 4770 3361 4841 pem-aetatis.

1861 4840 1976 4904 lam
2003 4858 2155 4908 vero,
2187 4842 2326 4911 quod
2360 4843 2572 4896 tertium
2602 4840 3045 4910 conjiciebamus,
3080 4844 3146 4897 ab
3175 4845 3365 4901 eodem

1786 4928 2005 4970 auctore
2026 4914 2363 4982 conscriptos
2379 4914 2537 4967 etiam
2561 4911 2841 4966 duodecim
2862 4913 3362 4983 anathematismos,

1787 5002 1923 5056 quos
1953 5002 2018 5042 ex
2050 4985 2235 5040 codice
2280 4984 2595 5039 Mercatoris
2639 4983 2908 5056 (edidimus
2936 5025 2950 5047 ,
2992 4987 3078 5038 vix
3109 4986 3198 5039 ille
3229 4988 3365 5043 forte

1785 5055 2130 5122 dubitaverit,
2162 5058 2249 5123 qui
2279 5056 2439 5123 paulo
2464 5055 2718 5110 attentius
2744 5055 3184 5121 eonsideraverit,
3216 5072 3365 5113 com-

1784 5130 1987 5199 positos
2010 5129 2195 5193 fuisse,
2221 5137 2277 5184 et
2297 5129 2364 5182 ab
2386 5128 2603 5199 homine
2623 5125 2967 5191 Ctelestiano,
2998 5135 3052 5180 et
3078 5126 3145 5181 de
3172 5128 3361 5183 iisdem

1784 5200 2172 5269 quaestionibus
2195 5242 2209 5265 ,
2258 5210 2310 5254 et
2357 5198 2542 5253 eadem
2576 5204 2895 5269 tempestate
2920 5238 2933 5259 ,
2978 5204 3033 5250 et
3068 5212 3105 5269 a
3128 5202 3361 5268 quodam

1786 5267 2011 5338 Rutino,
2052 5286 2227 5340 eoque
2257 5269 2396 5340 apud
2427 5268 2852 5340 Hierosolymam
2890 5282 2954 5320 ac
2996 5267 3363 5327 Bethleemum

1785 5353 1999 5397 versato
2024 5384 2040 5409 ,
2072 5339 2345 5397 eteadem
2373 5356 2495 5394 eum
2529 5339 2852 5407 Hieronymo
2883 5340 2998 5392 sive
3028 5343 3270 5407 sapiente
3295 5345 3365 5400 de

1783 5416 1990 5483 origine
2014 5416 2335 5477 animarum,
2363 5421 2497 5483 etc.,
2523 5411 2634 5464 sive
2659 5412 2817 5483 etiam
2841 5421 3119 5483 peccante,
3144 5416 3210 5469 de
3241 5432 3367 5483 ρρς-

1784 5481 2055 5540 catoribus
2085 5484 2329 5539 ﬁdelibus
2364 5498 2457 5550 per
2488 5482 2663 5547 ignem
2696 5481 2962 5533 salvaudis
2986 5522 2999 5545 ,
3033 5493 3137 5536 etc.
3160 5525 3174 5545 ,
3211 5481 3270 5541 ut
3298 5504 3365 5543 ex

1784 5557 1849 5613 iis
1877 5565 2087 5612 constat
2112 5572 2230 5625 qua:
2257 5553 2627 5625 annotavimus
2658 5552 2731 5625 ad
2753 5553 3254 5612 auathetnatismos.

2392 5622 2618 5677 CAPUT
2666 5623 2752 5677 1V.

1856 5698 1934 5752 De
1963 5697 2208 5768 Pelagio,
2247 5714 2276 5747 a
2305 5712 2403 5762 quo
2450 5694 2654 5749 luerisis
2692 5694 2979 5764 Pelagiana
3019 5696 3157 5751 dicta
3196 5711 3289 5754 est.

1857 5770 2104 5840 Pelagius
2126 5808 2141 5835 ,
2170 5769 2259 5838 qui
2288 5768 2481 5838 dogma
2522 5769 2758 5827 nominis
2788 5769 2871 5821 sui
2919 5776 3104 5825 contra
3134 5771 3363 5839 gratiam

2804 5862 2843 5921 9
