3898 6276
146 345 229 401 ἓ97
508 337 952 397 DISSERTATIU
991 340 1030 394 ί.
1081 326 1168 396 DE
1206 338 1433 396 PRIMIS
1471 335 1919 405 AUCTORIBUS,
1963 337 2140 407 ETC.,
2182 339 2494 399 ll/ERESIS
2531 340 2967 401 PELAGIANIE.

3256 344 3365 401 290

146 472 255 514 usus
277 455 465 510 fuisset
486 452 1072 527 hereticotouomodo
1098 452 1416 527 id‘accidcre
1434 454 1694 527 potuisset
1720 456 1773 515 Α
1798 453 1967 527 adhuc
2001 452 2384 527 Valentiniano,
2418 456 2470 510 id
2498 466 2598 525 est,
2643 457 2826 526 paucis
2856 465 2981 511 ante
3026 456 3179 513 anuis
3205 472 3367 527 quam

142 533 240 585 sine
264 535 337 582 tot
360 535 670 581 sanctorum
694 524 1080 579 monachorum
1114 523 1693 593 Vincentiique,Julia-

144 615 250 657 num
275 597 525 666 alioquin
546 595 898 659 exsecrantis,
941 594 1197 666 querela?

200 664 461 726 Deinde’si
486 682 591 737 qua
614 666 885 736 Pelagiani
902 666 1107 720 erroris
1131 664 1293 735 fuligo
1316 665 1696 722 Lirinensibus

145 740 362 803 adhaesit,
406 745 468 791 ut
496 736 727 791 adhaesit
750 750 903 802 sane,
930 751 990 791 ea
1015 744 1165 790 certe
1190 752 1296 791 non
1350 752 1416 791 ex
1467 737 1690 806 Juliani,

147 812 226 869 sed
250 826 309 865 ex
338 807 584 863 Cassiani
612 808 893 872 societate,
908 817 963 877 et
991 807 1177 861 multis
1205 806 1419 877 quidem
1450 819 1576 862 ante
1601 822 1699 860 an;

147 884 235 946 nis.
256 888 312 936 ut
348 893 418 935 ex
451 878 877 935 Commonitorio
903 876 1171 932 Vincentii
1192 876 1483 947 calligitur,
1516 877 1696 933 afﬂata

145 964 232 1010 εει.

204 1022 436 1092 Denique
457 1018 714 1083 Eaustus,
735 1033 856 1092 cum
897 1016 1065 1073 libros
1092 1017 1160 1073 de
1189 1018 1371 1092 Gratia
1414 1027 1471 1073 et
1497 1018 1699 1074 Libero

149 1088 378 1157 Arbitrio,
412 1092 572 1161 longe
602 1098 723 1158 post
748 1088 862 1144 haec
893 1098 1159 1158 tempora,
1189 1090 1359 1161 factus
1386 1091 1696 1161 episcopus,

150 1164 481 1234 scripserit,si
504 1159 822 1234 Societatetn
842 1161 1044 1234 erroris
1068 1175 1189 1213 cum
1213 1159 1432 1215 Juliano
1460 1159 1696 1225 fecisset,

182 1229 389 1289 uoinodo
433 1232 639 1302 peccati
691 1229 965 1302 originalis
1010 1239 1425 1302 oppugnatores,
1472 1245 1699 1299 quorum

182 1252 389 1289 1101110αο
433 1252 639 1302 peccati
691 1252 965 1299 Ol'lglllillls
1010 1252 1425 1301 oppugnatores,
1472 1252 1699 1299 qllUI'UIll

150 1252 315 1360 fllaciam
365 1315 489 1357 tunc
539 1299 799 1368 temporis
845 1300 1117 1355 Julianum
1150 1301 1375 1362 sciebat,
1406 1302 1701 1356 insectatus

153 1376 311 1442 fuisset
353 1383 458 1427 tam
488 1372 793 1427 vehementi
833 1372 1076 1442 oratione
1104 1386 1259 1440 quam
1291 1371 1395 1425 ista
1436 1378 1518 1424 est
1550 1369 1698 1442 (Lib.

156 1448 204 1500 de
226 1440 358 1500 Crat.
382 1454 427 1498 et
458 1442 574 1501 Lib.
609 1442 732 1496 Arb.
767 1457 813 1495 c.
845 1440 943 1511 2)?
976 1440 1082 1496 Sed
1118 1442 1340 1511 forsitan
1380 1440 1701 1507 dicas,’Cum

157 1519 244 1571 haec
270 1515 494 1579 disseris,
521 1514 730 1581 nuptias
751 1510 996 1565 damnare
1015 1510 1451 1582 deprehenderis?
1481 1511 1603 1565 Non
1630 1512 1704 1565 ita

157 1586 490 1651 est,ordinatia
517 1582 766 1652 nuptialis
793 1597 855 1636 ex
882 1581 1229 1636 benedictione
1257 1584 1427 1650 coepit,
1444 1584 1704 1652 generatio

159 1656 467 1713 rarruntionis
495 1669 559 1707 ex
580 1652 981 1721 transgressione
1018 1653 1185 1719 capit,
1212 1652 1565 1708 immaculatos
1592 1653 1705 1706 tho-

156 1744 224 1781 ros
246 1743 353 1779 caro
396 1724 743 1778 maledictioni
772 1723 994 1777 addicta:
1028 1722 1326 1785 maculavit,
1358 1735 1404 1777 et
1453 1723 1704 1792 superbia:

159 1800 339 1864 spiritus
363 1794 645 1866 simplicem
666 1795 888 1866 corrupit
930 1792 1193 1866 a/fectunt,
1217 1803 1263 1848 et
1282 1795 1413 1848 sicut
1437 1794 1704 1847 immorta-

155 1868 289 1921 litatis
313 1864 651 1937 privilegium,
674 1865 747 1917 ita
774 1864 965 1937 donum
996 1864 1217 1937 perdidit
1237 1865 1704 1937 puritatis;nanin

156 1934 380 2006 querelam
400 1934 609 1990 vocatur
637 1935 886 2006 nuptialis
916 1935 1103 2006 gratia,
1129 1934 1217 1988 sed
1238 1934 1482 1989 abscmna
1510 1936 1706 2003 passio-

159 2004 224 2061 nis
248 2008 462 2080 injuria;
489 2022 591 2080 non
619 2004 807 2080 aurum
830 2006 887 2059 iss
913 2004 1116 2080 culpam
1136 2007 1291 2080 venit,
1321 2007 1408 2080 sed
1455 2006 1707 2080 quidquid

158 2096 266 2132 auro
292 2076 472 2131 ’obrisa
516 2076 869 2131 adulterinum
912 2078 1054 2144 fraus
1096 2077 1381 2145 iniquitatis
1409 2077 1702 2143 admiscuit,

157 2151 266 2229 sicut
292 2146 485 2219 Pelagii
513 2145 877 2229 spiritumaad
922 2147 1136 2229 meliora
1164 2148 1338 2229 studia
1365 2163 1399 2229 ιζ
1424 2146 1553 2229 ρρειξΔ
1584 2162 1707 2229 can-

154 2221 311 2286 ditum,
328 2217 654 2288 corruptione
671 2218 915 2288 pestifera
927 2218 1165 2288 nequitia:
1179 2228 1360 2271 auctor
1384 2217 1577 2286 infecit,
1597 2228 1704 2273 etc.

211 2290 413 2346 Poterat
438 2287 582 2343 farte
606 2287 917 2356 Viguerius,
936 2287 1139 2343 ut’erat
1164 2288 1216 2341 in
1234 2289 1416 2356 paucis
1441 2288 1704 2358 eruditus,

154 2360 235 2415 has
256 2361 485 2414 rationes
506 2375 617 2413 non
650 2367 855 2413 tantum
885 2359 1096 2415 solvere
1116 2358 1168 2412 vi
1190 2358 1412 2429 ingenii,
1428 2360 1521 2413 sed
1547 2360 1707 2413 etiam

151 2445 355 2502 arguere
375 2429 689 2486 testimonio
718 2430 802 2483 sui
833 2428 975 2484 illius
1000 2428 1201 2486 codicis
1229 2428 1317 2499 qui
1345 2429 1469 2499 jure
1491 2429 1709 2485 deside-

153 2514 300 2556 Μυῒ.

208 2572 282 2627 Ad
311 2586 507 2627 annum
539 2570 645 2626 444
665 2569 872 2627 referre
896 2570 1075 2626 solent
1100 2570 1339 2626 historici
1365 2570 1415 2624 id
1448 2570 1589 2639 quod
1613 2570 1708 2626 ha-

152 2644 227 2698 bet
246 2652 424 2699 auctor
452 2642 573 2698 libri
601 2642 671 2696 de
698 2641 1151 2697 l’romissionibus
1179 2651 1234 2697 et
1262 2640 1709 2696 Pradictionihus

154 2714 233 2769 Dei
263 2714 432 2785 (Part.
456 2729 494 2767 tt
516 2729 631 2785 cap:
653 2710 1022 2781 6),Prospero
1050 2713 1234 2767 tributi
1261 2730 1274 2766 :
1310 2710 1376 2785 In
1404 2712 1559 2765 Italia
1580 2727 1708 2785 qua:

147 2802 237 2855 que
265 2782 419 2855 nobis
438 2782 926 2855 apudCampaniam
949 2785 1258 2849 constitutis,
1274 2782 1420 2855 Adum_
1432 2782 1710 2855 ρειπωιὺίιὶ

149 2851 195 2909 et
226 2851 501 2923 apostolico
528 2851 1082 2908 honore’nominandus
1100 2870 1235 2923 papa
1260 2852 1364 2906 Leo
1392 2851 1708 2923 Manichaee

149 2922 464 2989 subverteret,
495 2932 542 2979 et
568 2933 844 2979 contereret
876 2925 1188 2997 Pelagianos
1219 2932 1265 2979 et
1284 2926 1507 2978 maxime
1528 2922 1707 2979 Julia-

152 3012 281 3058 num,
305 3007 407 3051 etc.

211 3068 356 3121 Anno
384 3065 509 3135 M7,
534 3077 751 3121 sanctus
774 3066 881 3121 Leo
904 3066 1120 3121 modum
1143 3066 1473 3136 praescripsit
1494 3080 1598 3135 quo
1623 3080 1709 3121 re-

152 3137 361 3205 cipiendi
395 3136 573 3193 forent
597 3139 686 3209 qui
720 3154 753 3209 a7
780 3138 1060 3209 Pelagiana
1112 3135 1210 3192 seu
1239 3135 1564 3209 Caelestiana
1592 3137 1703 3209 hae-

1732 1830 1781 1891 B

1797 526 2063 591 imperare
2088 525 2380 581 desineret.

1867 593 2200 667 Gennadium
2245 605 2463 652 accusat
2512 597 2794 667 Viguerius
2840 597 3091 653 immanis
3136 601 3368 665 erroris,

1796 664 2059 739 siquidem
2089 665 2333 739 Julianus
2364 668 2432 722 ad
2475 664 2714 735 tempora
2751 669 2917 723 sancti
2950 668 3216 738 Fulgentii
3244 664 3370 739 per;

1796 736 2049 810 venerit:
2079 737 2219 806 quod
2250 739 2626 810 confeglurum
2667 754 2727 793 se
2771 740 3000 808 spondet
3046 736 3205 794 certis
3246 736 3373 810 pro-

1798 805 2123 881 bationihus,
2144 817 2258 881 tam
2302 824 2368 881 ex
2397 807 2679 881 Fulgentio
2705 805 2863 881 quam
2890 825 2958 865 ex
2985 811 3107 865 aliis
3132 805 3369 881 scripto-

1797 877 1968 939 ribus,
2001 877 2265 945 simulque
2288 880 2440 949 plura
2467 879 2518 933 id
2540 879 2779 949 generis,
2806 894 2925 950 quae
2953 883 3150 937 multos
3179 877 3372 951 latent,

1797 958 2146 1002 asserturum.

1873 1016 2128 1087 Intelligit
2183 1024 2361 1073 autem
2408 1018 2499 1092 vir
2541 1020 2783 1075 eruditus
2833 1021 3053 1077 nomine
3101 1022 3379 1092 Fulgentii

1802 1086 1970 1141 libros
1994 1086 2129 1155 quos
2157 1097 2377 1143 sanctus
2406 1090 2497 1145 ille
2521 1092 2807 1158 episcopus
2836 1092 3092 1147 adversus
3116 1086 3373 1148 Faustum

1802 1158 2039 1233 scripsit.
2087 1173 2330 1233 quosque
2376 1160 2525 1233 apud
2563 1177 2623 1216 se
2674 1161 2862 1215 habuit
2902 1163 2958 1233 in
3011 1166 3380 1233 manuscripto

1801 1229 1988 1301 codice
2015 1244 2135 1283 cunt
2163 1230 2394 1301 viveret.
2424 1229 2528 1286 Sed
2553 1233 2787 1301 aportuit
2814 1232 3052 1301 codicem
3078 1248 3199 1288 esse
3228 1229 3381 1290 men-

1802 1299 2023 1374 d_os_um;
2058 1300 2523 1374 namPulggntius
2556 1299 2713 1356 natus
2735 1310 2818 1374 est
2846 1317 2971 1374 anu.
3002 1300 3107 1358 464
3138 1303 3285 1374 (Vita
3311 1306 3376 1360 S.

1803 1367 1961 1441 Fulg.
2004 1386 2129 1441 cap.
2180 1367 2681 1441 lii),'rﬂuspensem
2738 1372 3035 1427 Ecclesiam
3084 1367 3376 1439 regendam

1802 1440 2039 1514 suscepit
2056 1440 2306 1514 ann.504
2326 1440 2477 1512 (Cap.
2499 1442 2612 1514 17),
2644 1442 2813 1514 lib_ros
2838 1443 3095 1514 adversus
3117 1443 3380 1501 Faustum

1804 1509 2051 1586 absolvit__
2074 1513 2233 1586 paulo
2256 1519 2400 1586 ante
2425 1509 2668 1586 'tnortem
2696 1512 2737 1565 Τ
2742 1513 3073 1586 rasamuntli,
3114 1529 3382 1586 suumque

1803 1581 1872 1650 ab
1901 1580 2091 1636 exsilio
2119 1582 2169 1635 in
2201 1580 2439 1636 Africam
2466 1582 2722 1645 reditum,
2744 1583 2837 1650 qui
2868 1583 3091 1650 contigit
3117 1599 3243 1639 ann.
3271 1580 3382 1641 εἰεί

1805 1648 2137 1727 (Ca_p._28_);
2167 1652 2278 1727 fato
2320 1651 2659 1727 functusest
2687 1648 2813 1727 anu.
2844 1652 2948 1727 529
2972 1648 3293 1727 (Cap.30);
3325 1667 3381 1712 et

1807 1720 2037 1790 proinde
2063 1721 2310 1777 ﬂoruisse
2338 1722 2443 1777 dici
2477 1723 2637 1778 debet
2664 1723 2839 1778 medio
2875 1720 3016 1778 inter
3047 1720 3382 1783 nativitatem

1808 1801 1861 1845 et
1891 1793 2094 1846 obitum
2130 1803 2391 1860 tempore,
2417 1793 2467 1847 id
2490 1803 2592 1859 est,
2625 1795 2764 1848 circa
2788 1809 2985 1848 annum
3013 1796 3141 1850 480.

1881 1862 2003 1935 Htec
2028 1878 2148 1935 cum
2189 1872 2339 1935 certo
2381 1873 2649 1930 constent,
2686 1880 2867 1935 quer
2895 1864 2960 1919 ad
2992 1881 3111 1935 quae
3138 1874 3383 1935 tempora

1807 1932 2080 2002 Fulgentii
2111 1933 2422 2004 perveniSse
2465 1936 2674 1990 dicatur
2703 1932 2978 1990 'Julianus.
3009 1932 3093 1993 Ἀιι
3125 1937 3191 1991 ad
3238 1932 3376 1993 teut-

1808 2019 1937 2073 pora
1970 2005 2270 2071 morientis,
2288 2014 2377 2058 aut
2397 2006 2554 2059 etiam
2578 2006 2863 2061 scribentis
2883 2017 3067 2061 contra
3092 2007 3386 2065 Faustum?

1809 2074 1892 2131 An
1923 2075 1989 2129 ad
2019 2075 2280 2139 ﬂorentis,
2312 2087 2403 2129 aut
2434 2077 2738 2130 nascentis?
2780 2076 2840 2132 Si
2886 2077 2953 2131 ad
2996 2089 3234 2139 tempora
3265 2096 3381 2136 mo-

1808 2147 2026 2211 rientis;
2056 2161 2183 2216 ergo
2210 2146 2452 2201 Julianus
2484 2147 2837 2213 protraxisset
2868 2148 3031 2201 vitam
3055 2146 3123 2203 ad
3152 2148 3255 2203 145
3285 2166 3385 2205 an-

1809 2231 1973 2282 num;
2014 2226 2091 2271 tot
2121 2218 2264 2271 enim
2296 2219 2419 2271 anni
2449 2216 2786 2272 intercedunt
2814 2218 2952 2273 inter
2978 2227 3154 2273 ortum
3185 2219 3385 2275 Juliani

1808 2296 1863 2342 et
1895 2288 2097 2342 obitum
2119 2288 2411 2357 Fulgentii,
2436 2302 2554 2342 cunt
2588 2288 2682 2344 ille
2704 2300 2858 2343 natus
2885 2290 2955 2343 sit
2981 2306 3105 2345 ann.
3138 2290 3263 2356 386,
3288 2305 3383 2347 aut

1808 2360 1968 2413 etiam
1996 2360 2167 2428 prius,
2201 2362 2299 2413 iste
2325 2358 2518 2413 abierit
2536 2373 2661 2412 anu.
2687 2359 2813 2414 529.

1878 2428 1935 2484 Si
1967 2430 2033 2483 ad
2066 2439 2306 2496 tempora
2338 2428 2654 2495 scribentis;
2701 2432 3118 2493 ergo'Julianus
3162 2434 3383 2491 vixisset

1809 2498 1876 2553 ad
1908 2514 2107 2554 annum
2132 2500 2255 2555 156.
2286 2498 2342 2555 Si
2370 2500 2435 2571 ad
2474 2508 2717 2569 tempora
2758 2500 3031 2566 ﬂorentis;
3062 2518 3189 2571 ergo
3214 2504 3383 2560 Julia-

1810 2584 1914 2624 nus
1936 2570 2254 2625 centenario
2285 2570 2455 2638 major
2482 2572 2696 2633 obierit,
2719 2580 2777 2624 ut
2800 2571 3094 2629 rationibus
3120 2570 3380 2631 annorum

1809 2650 2048 2713 constat.
2096 2640 2277 2713 Siad_
2296 2651 2537 2713 tempora
2566 2642 2867 2713 nascentis;
2897 2657 3025 2713 ergo
3055 2660 3159 2699 non
3187 2646 3381 2701 imma-

1811 2710 1953 2765 niter
1996 2711 2198 2766 erravit
2238 2710 2567 2775 Gennadius,
2620 2712 2712 2765 sed
2758 2712 2824 2765 ad
2873 2710 3138 2769 summum
3190 2730 3384 2772 novem

1810 2782 1987 2835 annis.
2021 2781 2206 2838 Potest
2234 2782 2375 2837 enim
2406 2781 2652 2836 Julianus
2697 2781 2804 2837 dici
2846 2798 2951 2837 uno
2980 2794 3101 2840 ante
3146 2785 3387 2843 Valenti-

1812 2853 2028 2907 nianum
2066 2867 2207 2908 anno
2240 2861 2505 2913 mortuus,
2536 2852 2585 2904 id
2616 2861 2718 2919 εει,
2750 2869 2873 2907 ann.
2906 2853 3033 2918 455,
3076 2870 3196 2910 cum
3228 2867 3388 2914 natus

1811 2923 1884 2998 sit
1922 2922 2231 2998 Fulgentius
2258 2938 2385 2998 ann.
2410 2920 2763 2998 M4._Verum
2807 2923 2861 2998 in
2893 2923 2994 2998 hac
3030 2936 3180 2998 parte
3212 2928 3389 2998 major

1811 2994 2109 3057 Gennadio,
2140 3010 2295 3063 quam
2328 2993 2627 3063 Fulgentio,
2656 3004 2747 3048 aut
2776 2995 2931 3050 alteri
2958 2993 3179 3064 aqualis
3206 2993 3383 3054 tet-itis

1813 3066 2087 3134 scriptori,
2116 3064 2581 3135 ﬁdesadhibenda
2618 3074 2721 3130 est,
2750 3067 2947 3135 quippe
2977 3067 3219 3123 viciniori
3246 3078 3298 3124 et
3324 3085 3387 3125 ea

1812 3136 2067 3191 scribenti
2100 3153 2217 3205 qum
2247 3134 2367 3189 fere
2397 3136 2620 3189 haberet
2643 3134 3000 3193 anteoculos.

153 3201 327 3280 τέεῇᾳά
368 3209 525 3262 fidem
555 3201 880 3280 catholicam
910 3201 1316 3280 rqlireutpsic
1332 3208 1476 3262 enim
1520 3207 1710 3263 scribit
1735 3201 1784 3267 C
1816 3277 1856 3280 __
1887 3201 2267 3280 Videtur‘ergo
2292 3207 2489 3280 viiisse
2516 3205 2765 3280 Julianus
2794 3210 2983 3262 saltem
3011 3208 3079 3265 68
3100 3226 3289 3280 annos,
3315 3214 3385 3269 58

153 3278 211 3332 ad
236 3278 463 3335 Nicetatn
484 3278 886 3349 Aquileiensem
917 3278 1115 3349 (Epist.
1143 3278 1259 3347 86):
1283 3277 1534 3331 Damnent
1555 3295 1709 3345 aper-

156 3350 211 3402 tis
237 3351 633 3420 professionibus
660 3353 771 3405 suis
798 3350 1001 3418 superbi
1030 3352 1216 3420 erraris
1242 3349 1711 3420 auctares,etquid—

154 3422 261 3487 quid
285 3418 331 3474 in
352 3422 589 3475 doctrina
619 3437 792 3475 eorum
818 3422 1119 3475 uniuersalis
1157 3418 1390 3473 Ecclesia
1418 3418 1704 3486 exhorruit,

156 3492 472 3562 detestentur;
498 3494 773 3561 omniaque
793 3493 995 3546 decreta
1021 3490 1315 3562 synodalia,
1343 3490 1553 3562 quaead
1574 3492 1708 3543 exci-

154 3560 327 3633 sionem
348 3563 501 3633 hujus
530 3560 781 3618 hareseos
799 3560 1094 3631 apostolica:
1117 3562 1251 3614 sedis
1277 3561 1559 3613 auctoritas
1579 3576 1705 3633 can-

161 3632 372 3695 ﬁrmavit,
402 3632 645 3701 amplecti
664 3650 737 3701 se,
771 3640 816 3687 et
846 3634 898 3686 in
930 3633 1161 3686 omnibus
1191 3632 1497 3702 approbare,
1545 3632 1707 3701 plenis

155 3710 198 3751 et
222 3704 398 3770 apertis
419 3718 481 3756 ac
506 3706 720 3771 propria
750 3720 909 3757 manu
929 3704 1233 3771 subscriptis
1259 3701 1706 3772 protestatianibus

152 3772 453 3841 eloquuntur.
484 3774 642 3828 Nihil
675 3776 729 3829 in
750 3774 914 3829 verbis
937 3790 1110 3828 eorum
1138 3773 1427 3838 obscurum,
1460 3773 1591 3825 nihil
1618 3775 1704 3824 in-

152 3845 361 3896 veniatur
408 3844 745 3915 ambiguum;
774 3847 1017 3915 quoniam
1044 3844 1279 3915 novimus
1317 3842 1450 3915 hanc
1493 3844 1706 3896 istorum

149 3928 248 3965 esse
264 3912 562 3987 versutiam;
579 3927 633 3969 ut
655 3918 708 3970 in
728 3912 1044 3987 quacumque
1060 3912 1311 3987 particula
1341 3912 1597 3987 dogmatis
1616 3930 1706 3987 ex-

149 3986 381 4055 secrandi,
410 4002 513 4055 qua
539 4003 593 4041 se
615 4004 646 4040 a
672 3984 1030 4041 damnatorum
1063 3984 1309 4039 societate
1354 3984 1703 4048 discreverim,

154 4053 271 4102 nihil
286 4056 375 4109 sibi
400 4053 637 4111 sensuum
652 4074 865 4112 suorum
894 4058 1179 4112 existiment
1206 4070 1315 4109 esse
1340 4071 1443 4107 non
1468 4056 1704 4119 salvum;

151 4135 347 4201 cumque
379 4142 548 4201 omnes
571 4129 892 4201 deﬁnitiones
914 4144 1031 4183 suas
1060 4127 1127 4179 ad
1156 4125 1460 4201 subrependi
1481 4125 1707 4201 [acilit‘af

151 4199 243 4242 tem
269 4193 545 4268 improbare
579 4193 645 4268 se
662 4200 922 4268 simulent.
949 4208 1107 4268 (atque
1152 4193 1424 4268 deponere,
1483 4196 1577 4250 hac
1615 4195 1705 4249 tibi

150 4268 249 4336 tota
275 4273 374 4315 arte
396 4262 638 4336 fallendi,
665 4266 766 4319 nisi
790 4262 1167 4336 intelligantur,
1189 4262 1465 4335 excipiant.
1489 4274 1596 4336 etc.

149 4400 159 4408 .
213 4333 511 4408 annulum,
538 4343 631 4408 aut
660 4333 1022 4408 praecedente,
1055 4333 1405 4408 mortuus'est
1432 4335 1699 4402 Julianus,

148 4403 195 4453 in
224 4403 431 4476 ignobili
455 4405 652 4474 oppido
692 4406 913 4471 Siciliae,
951 4421 1078 4461 cum
1120 4406 1173 4459 in
1209 4419 1274 4460 eo
1304 4415 1427 4474 post
1456 4420 1706 4476 peragra-

146 4478 251 4546 tum
292 4474 692 4546 orbem,ginstar
734 4476 938 4546 fugitivi
969 4478 1123 4539 Cain,
1154 4476 1504 4543 consedisset,
1552 4474 1607 4531 et
1631 4491 1703 4532 ex

146 4544 385 4616 episcopo
427 4544 813 4616 ludimagister'
840 4562 1036 4616 pueros
1066 4546 1372 4614 aliquandiu
1408 4546 1701 4603 docuisset.

146 4610 351 4686 Deloco
376 4615 542 4686 alium
561 4610 665 4671 non
697 4610 868 4671 habeo
895 4628 1086 4673 teatem
1115 4610 1273 4686 quam
1301 4617 1603 4684 Vignerium
1633 4619 1704 4674 ita

142 4684 448 4758 scribentem
477 4683 578 4756 (In
598 4688 746 4758 prtef.
770 4690 955 4756 saepius
973 4688 1086 4758 cit.)
1116 4683 1145 4739 ε’
1168 4686 1307 4758 ijit
1335 4683 1458 4742 sane
1486 4688 1554 4741 ad
1575 4690 1706 4743 beati

141 4748 397 4828 fulgentii
421 4748 671 4825 tempora,
698 4748 785 4828 qui
812 4748 923 4811 eum
942 4748 1161 4813 alterum
1180 4756 1331 4826 Cain,
1354 4758 1450 4812 hoc
1470 4769 1566 4823 est,
1588 4776 1708 4828 pro-

138 4823 328 4892 fugum,
357 4823 571 4897 etqomni
602 4823 720 4881 loco
742 4839 994 4882 extorrem
1034 4828 1280 4897 appellat.
1314 4823 1544 4897 Denique
1582 4823 1706 4883 obiit

135 4897 184 4969 in
210 4895 437 4969 ignobili
480 4895 676 4969 Sicilia
710 4900 816 4953 vico
855 4900 992 4968 apud
1031 4895 1341 4969 Pelagianos
1384 4915 1446 4953 ex
1462 4895 1706 4969 lepiscapo

137 4964 495 5036 ludimagister.
523 4966 730 5021 Mortuo
758 4964 1009 5022 tumulum
1051 4964 1326 5036 posuerunt
1346 4984 1461 5022 cum
1499 4964 1594 5023 hac
1619 4964 1705 5024 in~

136 5035 420 5103 scriptione,
452 5052 733 5109 qua:_nono
768 5039 955 5093 stacqu
982 5035 1151 5093 adhuc
1187 5039 1490 5109 legebatur:
1523 5039 1617 5094 Htc
1649 5056 1703 5094 IN

136 5116 264 5157 race
293 5117 532 5165 ontnscrr
559 5107 814 5164 Juusnus
840 5124 1113 5166 EPISCOPUS
1138 5107 1488 5165 att-rumices.

200 5174 276 5250 De
300 5184 563 5250 lctttpot'g,
592 5180 892 5250 hagghabet
912 5180 1221 5236 Gennadius
1242 5180 1391 5250 (Lib.
1417 5182 1480 5234 de
1503 5180 1701 5250 Script.

318 5239 436 5313 cap.
475 5242 571 5321 45)
606 5261 620 5296 :
650 5242 767 5321 llic
799 5248 1040 5321 Julianus
1087 5239 1439 5320 eleembsynis,
1484 5239 1707 5321 tempore

128 5317 279 5394 fatuis
300 5325 347 5367 et
363 5315 634 5394 angustiqa,
657 5313 999 5394 indigentibus
1018 5322 1248 5394 omnibus
1271 5313 1374 5394 suis
1394 5313 1704 5394 p'rarogittis,

128 5338 279 5381 [ama
300 5338 346 5367 ει
363 5338 634 5384 angustus,
657 5338 999 5387 mutgenswus
1018 5338 1248 5367 υιηηιυαε
1271 5338 1374 5374 suis
1394 5338 1546 5383 prora
1585 5338 1704 5389 (ιω,

126 5386 315 5438 multas
355 5379 695 5467 miserationis
735 5387 916 5467 specie,
945 5382 1193 5467 nobilium
1205 5383 1489 5467 principue'
1492 5338 1706 5467 reiigt‘q-

124 5469 317 5521 sarum,
350 5454 566 5508 itliciens
593 5449 775 5509 haeresi
798 5449 910 5510 sua!
935 5455 1159 5509 sociauit.
1195 5449 1419 5507 Moritur
1468 5449 1703 5506 Valenti-

122 5526 279 5597 γύαρο
309 5524 599 5597 Constantii
625 5525 737 5594 filia
767 5527 1092 5597 imperatore.

189 5593 273 5650 Ex
307 5594 417 5650 hoc
445 5591 751 5650 testimonio
778 5591 1105 5651 concludere
1144 5591 1268 5649 licet
1313 5592 1511 5648 abiisse
1536 5592 1711 5648 Julia-

118 5680 270 5731 num,
311 5679 423 5719 non
453 5674 658 5720 tantum
689 5674 815 5720 ante
843 5680 971 5720 ann.
1011 5666 1141 5729 455,
1171 5679 1277 5731 quo
1302 5663 1706 5719 Valentinianus

119 5748 337 5792 occtsus
378 5744 481 5805 est,
528 5738 623 5791 sed
652 5735 794 5791 circa
821 5736 947 5792 455.
982 5736 1071 5793 Sic
1112 5736 1255 5790 enim
1304 5734 1703 5803 interpretanda

116 5818 244 5879 puto
297 5806 574 5863 Gennadii
617 5807 812 5875 verba,
861 5808 1011 5876 quasi
1041 5804 1378 5866 scripsisset.
1421 5805 1704 5875 imperante

410 5903 683 5963 ΡΑσι-κοι..
730 5900 1015 5989 XLVIII.

1816 3277 2483 3352 Ecclesiam_turbavisse,
2535 3286 2589 3352 et
2636 3276 2848 3352 tandem
2896 3280 3090 3335 misere
3138 3276 3382 3352 periisse,

1812 3346 2374 3423 homoinquietus_ac
2407 3347 2691 3423 superbus,
2741 3346 3169 3423 indignussané,
3218 3346 3389 3423 inquit

1811 3418 2105 3491 Lirinensis
2136 3418 2235 3489 (In
2268 3418 2572 3491 Commonit.
2611 3434 2727 3488 cap.
2772 3418 2898 3491 40),
2929 3421 3017 3491 qui
3047 3423 3178 3475 inter
3222 3418 3391 3480 unitas

1809 3489 1939 3557 ﬁde,
1973 3500 2019 3543 et
2057 3488 2345 3560 exatquatas
2382 3488 2703 3561 humilitate,
2750 3488 2991 3544 divinitus
3029 3495 3388 3561 respiceretur,

1809 3561 1934 3632 dum
1962 3559 2291 3627 viveret,quo
2321 3561 2459 3632 mala
2485 3559 2685 3614 nullum
2707 3562 2935 3632 acerbius
2961 3559 3174 3632 cogitari
3203 3559 3390 3632 potest.

1808 3629 1961 3705 Unde
1993 3641 2114 3705 post
2154 3631 2454 3705 expositam
2495 3631 2743 3705 apostoli
2772 3629 3107 3705 sententiam
3136 3652 3147 3687 :
3181 3629 3241 3690 Si
3270 3639 3393 3705 quis

1808 3699 2027 3775 ignorat,
2052 3699 2372 3771 ignorabitur
2401 3701 2454 3775 (ι
2484 3699 2603 3755 Car.
2636 3717 2743 3767 xw,
2770 3702 2883 3775 58),
2919 3703 2986 3758 de
3022 3719 3201 3759 rerum
3230 3699 3392 3775 spiri-

1809 3774 2032 3826 tualium
2075 3775 2330 3841 magistro
2356 3772 2446 3840 qui
2490 3786 2616 3826 suas
2654 3774 2936 3842 opiniones
2961 3778 3171 3829 caeteris
3195 3772 3394 3843 praele-

1808 3852 1913 3904 rat,
1963 3852 2017 3897 et.
2066 3844 2131 3897 ab
2183 3845 2555 3898 universorum
2607 3842 2858 3898 sensibus
2903 3846 3140 3910 recedat,
3189 3842 3238 3901 id
3270 3848 3385 3899 ait:

1806 3912 1972 3967 Juxta
1998 3915 2330 3984 apostolicam
2373 3913 2815 3967 camminationem
2850 3913 3136 3984 Pelagiana
3162 3918 3239 3970 illi
3269 3932 3387 3983 prav

1808 3985 2000 4037 venisse
2025 3983 2276 4038 cernimus
2300 3983 2537 4048 Juliano,
2570 3984 2657 4055 qui
2681 4000 2735 4037 se
2764 3983 3075 4053 collegarum
3105 3988 3274 4040 sensui
3301 3999 3390 4040 aut

1809 4056 2136 4124 incorporare
2156 4056 2395 4125 neglexit,
2428 4063 2515 4108 aut
2541 4070 2880 4125 excarparare
2905 4058 3247 4125 praesumpsit.
3292 4080 3295 4083 ν

1883 4125 1957 4181 De
1985 4127 2200 4195 scriptis
2224 4124 2259 4180 ’a
2286 4125 2495 4180 Juliano
2525 4124 2723 4179 dictum
2745 4132 2829 4179 est
2848 4136 3026 4181 antea.

2402 4215 2629 4272 CAPUT
2666 4217 2756 4270 νη

2152 4309 2226 4364 De
2254 4308 2489 4362 Anniana
2516 4308 2733 4362 diacono
2763 4307 3044 4364 Celedensi.

1878 4403 2147 4458 Hactenus
2187 4403 2326 4456 inter
2364 4401 2679 4457 defensores
2709 4401 2928 4457 haeresis
2968 4401 3270 4472 Pelagiana:
3300 4422 3386 4461 re-

1808 4474 2116 4529 censuimus
2140 4473 2443 4527 Annianum
2466 4473 2769 4541 quemdam,
2792 4473 3014 4543 ejusque
3043 4482 3151 4528 tum
3177 4475 3227 4529 in
3254 4492 3389 4544 prte-

1813 4544 2015 4600 fatione
2060 4543 2458 4615 meminimus,_
2474 4553 2582 4615 tum
2616 4545 2874 4615 inelogio
2906 4544 3129 4615 Pelagii.
3170 4543 3383 4603 Praeivit

1812 4616 1966 4671 nobis
1990 4615 2350 4687 (Hieronymus
2378 4611 2579 4685 (Epist.
2623 4613 2714 4683 20,
2746 4611 2879 4687 inter
2896 4611 3226 4687 _Augustin.),
3257 4619 3383 4672 dum

1814 4686 2135 4742 rescriberet
2160 4688 2335 4753 Alipio
2358 4693 2414 4738 et
2439 4686 2759 4754 Augustino.
2792 4685 3153 4741 Aiebat'enim
3184 4703 3198 4741 :
3232 4688 3393 4752 Qua:-

1812 4759 1926 4810 ritis
1952 4767 2123 4810 utrum
2160 4757 2505 4821 rescripserim
2531 4764 2709 4810 contra
2739 4757 2889 4809 libras
2916 4756 3138 4811 Anniaui
3166 4763 3391 4825 pseudo-

1812 4828 2015 4881 diaconi
2041 4825 2349 4896 Celedensis,
2374 4827 2461 4896 qui
2487 4828 2832 4896 capiosissime
2855 4828 3101 4897 pascitur,
3125 4838 3179 4879 ut
3199 4827 3390 4882 alienae

1813 4897 2143 4968 blasphemia:
2170 4899 2321 4950 verba
2351 4898 2533 4968 friuola
2556 4898 2894 4951 subministret
2916 4912 2934 4950 :
2953 4898 3126 4968 sciatis
3145 4915 3221 4950 me
3246 4902 3387 4968 ipsos

1812 4969 1967 5021 libros
1986 4969 2040 5021 in
2059 4967 2317 5021 schedulis
2337 4969 2573 5022 missos'a
2598 4977 2773 5021 sancta
2800 4968 2957 5037 fratre
2988 4967 3207 5021 Eusebio
3238 4986 3385 5036 pres—

1812 5038 1986 5108 bytero
2010 5040 2309 5108 suscepisse,
2333 5055 2434 5092 non
2456 5048 2571 5091 ante
2591 5039 2808 5091 multum
2828 5040 3085 5105 temporis,
3107 5046 3155 5090 et
3180 5040 3382 5106 exinde,

1809 5107 1889 5163 uel
1919 5107 2270 5179 ingruentibus
2299 5109 2504 5179 morbis,
2528 5110 2601 5179 rel
2624 5108 2930 5179 dormitione
2958 5117 3145 5161 sanctte
3169 5117 3216 5160 et
3243 5125 3389 5163 vene,

1810 5177 1990 5250 rabilis
2017 5179 2140 5246 ﬁlia:
2160 5188 2335 5232 uestra:
2364 5177 2649 5244 Eustachii,
2677 5180 2747 5250 ita
2773 5177 3014 5250 doluisse,
3041 5189 3092 5250 ut
3120 5195 3393 5250 propemo—

1813 5249 1939 5321 dﬁum
1966 5251 2360 5303 contemnendas
2384 5259 2636 5321 putarem.
2669 5248 2696 5301 1
2705 5248 2941 5321 neodem
2977 5249 3110 5301 enim
3137 5248 3245 5321 luta
3275 5250 3391 5303 ha:-

1810 5320 1953 5391 sitat,
1985 5328 2053 5379 et.
2082 5323 2307 5391 exceptis
2353 5318 2515 5391 verbis
2568 5319 2782 5391 tinnulis
2836 5326 2987 5391 atque
3033 5318 3388 5387 emendicatis,

1812 5390 1945 5455 nihil
1986 5390 2128 5455 aliud
2161 5388 2482 5455 loquituruT
2484 5404 2629 5441 amen
2664 5389 2882 5441 multum
2911 5389 3101 5455 egimus
3130 5397 3217 5453 ut,
3262 5391 3388 5443 dum

1812 5451 2043 5526 epistolas
2063 5466 2191 5526 mete
2212 5451 2515 5521 respondere
2542 5460 2775 5526 conatur,
2798 5451 3023 5521 apertius
3054 5475 3106 5511 se
3132 5451 3392 5526 proderet,

1809 5520 2250 5600 «blasphemia;
2298 5520 2703 5600 sugg-omnibus
2719 5529 3075 5600 _patefa_ceret.
3128 5520 3391 5600 Quidquid

1812 5590 1945 5664 enim
1975 5593 2030 5645 in
2056 5592 2147 5664 illa
2175 5589 2452 5664 misergbili
2480 5593 2677 5661 synodo
2706 5589 3064 5664 Diaspolitana
3108 5589 3299 5655 dixisse
3335 5620 3389 5655 se

1811 5661 2052 5744 denegat,
2081 5663 2139 5715 in
2165 5660 2262 5743 hoc
2305 5658 2472 5731 Opere
2498 5658 2787 5744 proﬁtetur,
2833 5658 2924 5719 nec
2953 5669 3148 5744 grande
3176 5684 3248 5725 est
3274 5673 3392 5725 ine-

1809 5732 2051 5804 ptissimis
2077 5732 2258 5786 nteniis
2298 5733 2624 5801 respondere.
2674 5735 2734 5789 Si
2764 5747 2932 5791 autem
2953 5732 3212 5794 'Dominus
3240 5743 3391 5795 vitam

1810 5802 2061 5867 tribuerit,
2107 5811 2153 5855 et
2196 5804 2514 5859 notariorum
2564 5804 2887 5862 habuerimus
2940 5812 3158 5879 capiant,
3214 5815 3387 5878 paucis

2773 5900 2842 5959 10
