3898 6276
126 308 215 369 505

510 299 965 362 DISSERTATIO
1004 298 1044 355 I.
1090 298 1179 355 DE
1220 292 1452 354 PRIMIS
1491 290 1946 356 AUCTORIBUS,
1996 290 2169 355 ETC.,
2216 284 2533 344 IIERESIS
2576 284 3013 342 PELAGIANJE.

3292 286 3398 344 306

128 427 199 483 liis
236 432 347 477 octo
400 418 658 492 prioribus
701 418 754 470 in
803 414 1144 492 M_attltieuin._
1172 411 1329 492 'I:om..
1378 411 1400 466 l
1452 406 1701 464 editionis
1726 412 1779 469 Α
1806 404 2057 492 debuerit.
2083 416 2271 488 auctor
2300 404 2690 492 dici'p‘erfecms
2713 399 3121 492 Peltjtgiamt‘snet
3151 401 3400 492 paruissi-

129 482 579 557 Commetniianae,
607 497 661 543 et
686 496 818 542 tom.
852 484 895 539 ll
926 484 1177 557 editionis
1198 482 1420 537 Latinas.

188 553 593 622 Observandum
627 559 768 614 inter
791 557 1040 611 homilias
1065 553 1699 625 Chrysostomi,quarum

130 638 365 707 antiquus
388 634 657 702 interpres
678 629 870 707 dicitur
896 628 1132 707 ignotus,
1157 622 1335 707 plures
1358 639 1506 707 esse,
1523 622 1567 707 si
1596 638 1702 707 non

131 691 480 769 iere‘omnes,
506 691 624 772 quas
654 702 771 756 sine
800 691 1124 772 temEritatis
1146 691 1276 772 vitio
1306 694 1515 772 possint
1545 691 1704 772 tribui

132 763 389 844 hnniano,
430 763 637 831 duabus
664 771 969 842 praesertim
1010 771 1077 844 de
1093 768 1282 844 causis
1296 763 1316 834 ;’
1345 768 1535 844 aliera,
1559 763 1706 844 quod

133 836 275 909 simili
302 836 599 905 Latinitate
627 836 748 899 cum
780 844 847 898 iis
873 856 993 912 quas
1018 839 1605 912 indubitatuinhahent
1630 836 1706 912 in:

135 907 412 988 terpretem
439 918 743 974 Annianum
769 907 1316 988 videanturdonataa;
1342 910 1531 988 altera,
1561 907 1705 976 quod

135 981 236 1064 ejus
262 988 871 1064 penesintargumenti
888 1025 904 1051 ,
928 983 1247 1064 quodnlicet.
1269 983 1338 1063 in_
1354 981 1553 1064 bonum
1587 994 1712 1064 sen-

136 1048 237 1121 sum
261 1048 290 1116 5
316 1060 604 1117 catholicis
637 1048 986 1117 iractareiur,
1014 1072 1040 1107 a
1073 1053 1372 1123 Pelagianis
1400 1062 1581 1105 tamen
1615 1048 1712 1104 de-

139 1134 358 1206 torqueri
390 1132 601 1187 solebat
631 1130 687 1185 in
712 1144 824 1185 suae
857 1126 1082 1182 haeresis
1115 1123 1496 1194 patrocinium.

716 1220 946 1278 CAPUT
986 1219 1126 1274 VIII.

272 1316 356 1373 De
392 1326 602 1372 auctore
633 1316 783 1440 libriT
784 1314 1135 1397 Quintianum
1162 1310 1279 1367 novi
1308 1326 1371 1365 ac
1394 1310 1571 1365 veteris

788 1397 1072 1440 estamentt.

788 1397 1072 1440 estamentt.

198 1480 364 1536 ‘I'omo
389 1489 583 1550 quarto
610 1479 847 1548 Operum
877 1475 1158 1550 Augusiini
1189 1474 1458 1550 reperitur
1487 1470 1717 1550 liber_de

143 1543 524 1621 Quaestionibus
571 1543 771 1605 veteris
800 1558 855 1603 et
887 1543 1010 1621 novi
1040 1544 1530 1621 Tesgtatnentitqui
1552 1543 1716 1621 vulgo

144 1613 387 1685 Freditur,
419 1624 616 1677 dicitur
654 1633 803 1675 certe
858 1634 885 1671 a
933 1619 1191 1674 Jansenio
1228 1616 1431 1686 lprensi
1475 1613 1616 1685 (Lib.
1644 1614 1719 1686 de

146 1694 275 1748 Har.
312 1692 504 1763 Pelag.
536 1692 727 1763 ubique
762 1690 999 1762 passim),
1034 1685 1525 1763 plenuserroribus
1564 1685 1719 1739 Pela-

144 1766 297 1835 gianis
328 1782 341 1816 :
373 1759 542 1834 quare
588 1759 808 1818 maximi
836 1759 960 1835 est
988 1759 1245 1835 momenti
1290 1759 1713 1835 aduremquam

145 1829 357 1905 Egimus,
390 1829 555 1890 immo
584 1831 975 1905 necessarium,
999 1832 1287 1905 explorare
1302 1829 1624 1905 diligentius
1645 1842 1711 1881 an

147 1898 222 1962 rEs
255 1898 428 1961 ita—se
472 1906 687 1961 habeat.
733 1903 793 1959 Si
819 1903 961 1957 enim
997 1898 1273 1972 popularis
1301 1900 1392 1972 illa
1416 1898 1713 1954 credulitas

202 1976 510 2031 obabilitate
534 1992 638 2031 non
666 1984 835 2039 caret,
857 1974 962 2030 dici
982 1970 1145 2029 debet
1171 1970 1394 2027 haeresis
1416 1986 1537 2042 quas
1569 1979 1716 2040 post-

146 2053 348 2105 modum
380 2063 409 2100 a
440 2048 655 2117 Pelagio
686 2064 879 2101 nomen
913 2051 1139 2118 accepit,
1170 2048 1279 2115 jam
1315 2048 1438 2102 inde
1468 2046 1537 2101 ab
1575 2061 1718 2100 anno

145 2118 345 2175 circiter
373 2118 480 2172 575
510 2120 694 2172 Romae
723 2118 978 2187 viguisse,
1014 2120 1288 2187 aliumque
1320 2128 1595 2185 parentem
1627 2120 1723 2171 ha-

146 2192 316 2245 buisse
344 2205 506 2259 quam
546 2189 899 2244 Theodorum
944 2190 1421 2259 MopsueStenum;
1455 2200 1616 2259 atque
1650 2189 1724 2242 ita

148 2260 266 2315 falso
293 2258 576 2329 scripserit
608 2262 873 2315 Mercator
890 2258 1081 2332 (Prwf.
1112 2261 1164 2313 in
1185 2258 1569 2332 lib._Subnot.),
1592 2259 1727 2332 hanc

439 2342 592 2385 recta:
632 2332 755 2399 ﬁdei
794 2330 1148 2399 qutestion‘em,
1197 2348 1227 2383 a
1266 2330 1457 2399 Ruﬁno
1502 2331 1726 2395 quodam

149 2401 295 2474 Syro,
327 2400 550 2456 Romam
579 2400 890 2474 temporibus
918 2402 1174 2457 Anastasii
1200 2403 1421 2468 primum
1449 2402 1721 2474 invectam.

149 2471 413 2543 Siquidem
440 2474 630 2528 scribit
657 2484 845 2527 auctor
866 2473 1265 2541 Quaestionum.
1291 2486 1357 2526 ea
1386 2487 1445 2525 se
1477 2474 1527 2525 in
1560 2471 1723 2536 urbe,

147 2543 300 2615 longe
326 2553 454 2600 ante
484 2546 599 2600 haec
622 2554 886 2613 tempora,
921 2544 1067 2614 Opus
1096 2543 1356 2615 edidisse.

208 2612 342 2687 Sunt
369 2616 459 2687 qui
489 2612 810 2687 tribuautid
833 2612 1003 2687 tutum
1030 2615 1221 2684 Operis
1246 2614 1447 2687 Hilario
1460 2612 1725 2687 diacono,

145 2686 290 2753 cujus
318 2684 481 2742 etiam
513 2686 760 2742 feruntur
790 2700 911 2741 esse
940 2684 1328 2742 Commentarii
1362 2687 1413 2738 in
1460 2684 1727 2748 Epistolas

145 2756 289 2813 Pauli
336 2758 622 2814 Ambrosio
663 2758 928 2827 suppositi
962 2777 975 2811 :
1018 2757 1231 2811 videtur
1252 2756 1396 2811 enim
1440 2764 1728 2827 utrumque

142 2829 289 2896 Opus
316 2830 511 2882 eodem
541 2825 784 2897 tempore
808 2830 1069 2897 scriptum
1088 2868 1102 2891 ,
1143 2828 1336 2883 eodem
1368 2826 1508 2896 stylo
1540 2825 1730 2897 simili-

144 2916 245 2965 que
272 2900 549 2962 doctrina;
579 2896 757 2967 immo,
792 2900 837 2953 si
869 2915 972 2969 qua
998 2897 1133 2953 ﬁdes
1174 2899 1352 2953 danda
1380 2905 1526 2969 esset
1556 2896 1729 2969 Lova-

144 2970 444 3038 mensibus,
500 2971 853 3038 Bellarmino,
888 2967 957 3025 'et
1002 2969 1209 3038 lprensi
1251 2968 1537 3031 Jansenio,
1584 2967 1727 3022 idem

147 3028 409 3102 Pelagiani
429 3028 659 3088 errores
685 3035 740 3088 in
779 3028 1010 3101 utroque
1029 3028 1328 3090 'scaterent.

216 3100 327 3171 Ego
356 3104 574 3173 quidem
608 3121 713 3159 non
761 3100 971 3160 inlicior
996 3105 1122 3172 quin
1150 3103 1488 3171 Quaesﬁones
1514 3102 1725 3173 ipsique

1742 1797 1792 1858 B

1804 493 1917 530 mus
1959 476 2358 546 Pelagianorum
2410 471 2713 544 interpres:
2768 472 2895 524 adeo
2951 481 3006 524 ut
3033 471 3403 546 Ain_trad_cnda

1805 540 2183 620 Pelagianiimi
2220 548 2511 620 sinceritate
2547 540 2717 617 ipsum
2746 542 3081 620 superaverit
3099 540 3371 620 Pelagium
3381 584 3401 611 ,

1805 611 2131 687 omniumque
2176 611 2578 673 accuratissime
2606 611 2849 688 mysteria
2897 611 3186 688 Pelagiana
3231 611 3402 688 expli-

1807 693 1989 745 cuerit.
2020 685 2288 755 Alterum,
2311 704 2376 743 an
2404 706 2565 744 unum
2593 685 2853 759 sit'Opns,
2878 685 3019 753 quod
3050 697 3156 737 nuo
3184 685 3404 759 nomine

1807 762 2179 827 Quaestionum
2230 761 2551 830 appellatur.
2598 756 2976 826 Postremum,
3007 770 3037 808 a
3068 768 3178 823 quo
3202 756 3274 809 sit
3303 770 3404 809 au-

1808 843 1978 899 ctore,
2008 849 2115 904 quo
2147 841 2410 902 tempore,
2436 841 2491 888 et
2521 832 2611 886 ubi
2644 832 2924 901 scriptum.

1806 949 1835 1013 §
1857 948 1897 999 Ι.
1933 949 2009 999 Au
2033 948 2259 1013 volumen
2301 946 2631 1013 Quaestionum
2653 948 2845 1013 ve_te_ris
2858 953 2916 1013 et
2938 949 3049 997 novi
3093 940 3406 997 TeStamenti

2119 1010 2404 1073 inquinetur
2430 1009 2678 1059 erroribus
2696 1007 3087 1072 Pelagianorum.
3288 1042 3291 1043 ν

1883 1120 2019 1175 Sunt
2045 1118 2137 1189 qui
2178 1118 2478 1189 altirment,
2509 1118 2655 1189 iique
2695 1133 2793 1172 nec
2826 1118 3010 1189 pauci,
3052 1132 3152 1173 nec
3195 1115 3400 1187 ignoti,

1814 1187 2200 1253 Lovanienses,
2227 1188 2605 1253 Bellarminus,
2627 1187 2916 1243 Jansenius
2945 1188 3199 1257 lprensis,
3227 1198 3281 1241 et
3309 1188 3405 1241 alii

1814 1262 2078 1318 librorum
2108 1275 2385 1315 censores.
2415 1260 2672 1314 Erasmus
2707 1270 2884 1315 tamen
2916 1261 2965 1313 Ill
2998 1274 3221 1314 censura
3242 1300 3253 1314 .
3279 1272 3403 1312 cum

1816 1334 2044 1404 plurima
2086 1330 2596 1404 tibjiceret‘auctori
2643 1330 2867 1404 hujusce
2884 1330 3108 1404 _0peris,
3130 1329 3335 1404 quibus
3352 1328 3408 1384 ei

1816 1399 2221 1470 detraheret,“
2250 1402 2377 1471 quid
2406 1402 2664 1456 hactenus
2690 1401 3012 1456 obtinuisset
3043 1400 3191 1457 ﬁdei.
3214 1399 3281 1454 de
3301 1399 3409 1471 Pe:

1819 1469 2143 1546 Iagianismo
2187 1469 2346 1546 nihil,
2372 1473 2596 1546 omnino
2639 1472 2804 1546 dixit,
2838 1473 3079 1546 dicturus
3126 1472 3329 1540 utique,
3358 1469 3407 1524 si

1817 1541 1947 1617 quid
1977 1546 2243 1615 ejusmodi
2265 1544 2579 1617 videresibi
2602 1543 2748 1617 visus
2780 1542 2984 1617 fuisset.
3012 1541 3143 1617 Nam
3172 1556 3280 1611 quo
3312 1555 3408 1594 va-

1819 1612 2021 1674 lidiore
2042 1625 2360 1686 argumento
2389 1616 2629 1670 elliceret
2659 1615 2709 1668 id
2746 1613 2887 1684 quod
2930 1612 3161 1686 maxime
3184 1623 3409 1666 conten-

1819 1690 2011 1755 debat,
2044 1683 2239 1747 librum
2287 1687 2654 1753 Quaestionum
2701 1683 2804 1741 non
2851 1699 2973 1739 esse
3012 1683 3343 1755 elaboratum
3375 1696 3410 1755 a

1820 1753 2021 1830 Pelagii
2074 1759 2406 1829 haeresisque
2434 1757 2733 1830 Pelagianae
2777 1756 3045 1810 domitore
3070 1753 3409 1830 Augustino?

1890 1826 2116 1887 Erasmo
2142 1826 2410 1885 assentior
2437 1827 2537 1882 hac
2566 1829 2617 1882 in
2653 1838 2826 1897 parte,
2852 1837 2961 1881 tum
2994 1826 3411 1897 quiaiouaestio-

1818 1920 1945 1958 num
1969 1911 2156 1957 auctor
2178 1910 2362 1970 aperte
2384 1896 2837 1970 convellitomnia
2868 1896 3088 1952 haeresis
3110 1896 3411 1970 Pelagiana:

1816 1968 2340 2038 fundanientaptum
2380 1972 2521 2041 quod
2572 1968 2780 2040 objecta
2812 1969 2864 2022 in
2896 1968 3258 2041 contrarium,
3291 1980 3413 2041 par-

1819 2047 1914 2099 tim
1945 2044 2191 2114 ambigua
2216 2043 2344 2105 sint,
2376 2038 2569 2112 partim
2597 2038 3105 2114 supposita,part_im
3133 2052 3240 2093 non
3278 2038 3414 2114 satis

1818 2126 1909 2171 aut
1956 2106 2184 2169 ﬁdeliier
2229 2106 2424 2178 allata,
2473 2123 2566 2167 aut
2618 2106 2831 2167 erudite
2882 2106 3186 2173 intellecta,
3230 2106 3413 2162 omnia

1817 2197 1967 2312 ferte
1994 2195 2122 2240 tunc
2152 2185 2412 2255 temporis
2438 2199 2467 2239 a
2493 2183 2743 2239 Patribus
2791 2180 3153 2238 communiter
3177 2178 3284 2235 dici
3314 2193 3409 2234 so-

1842 2274 1855 2312 t
1888 2275 1938 2309 :1.

1842 2259 1938 2312 ita.

1892 2329 1960 2382 Et
1990 2341 2120 2383 vero
2152 2326 2375 2382 hmresis
2411 2326 2926 2397 PelagianaLprout
2951 2340 2982 2379 a
3012 2324 3287 2397 veteribus
3314 2336 3414 2377 ex-

1819 2399 1991 2468 posita
2028 2410 2138 2466 est,
2171 2408 2223 2452 et
2253 2414 2281 2451 a
2311 2397 2530 2451 Zosimo
2549 2395 2829 2467 'pontiiice
2867 2395 3115 2468 damnata
3136 2438 3150 2461 ,
3177 2396 3416 2465 quinque

1818 2467 2157 2541 dogmatibus
2169 2469 2545 2523 continebatur
2562 2486 2574 2522 :
2588 2467 2738 2534 Quod
2751 2467 3102 2541 Adamusgsive
3118 2483 3223 2541 non
3239 2480 3414 2541 pecca-

1817 2536 1916 2605 ret',
1939 2544 2213 2595 moriturus
2244 2542 2555 2607 esset;quod
2582 2550 2792 2612 peccato
2805 2554 2900 2592 suo
2916 2537 3128 2612 solisibi
3152 2536 3414 2612 nocuerii,

1819 2620 1997 2665 etnon
2028 2612 2279 2682 posteris;
2306 2606 2447 2682 quod
2493 2606 2653 2682 possit
2699 2608 2854 2682 homo
2883 2625 2975 2682 per
3013 2608 3227 2682 liberum
3274 2606 3416 2682 arbi-

1821 2683 2008 2751 trium,
2028 2677 2287 2752 lamquam
2319 2677 2409 2748 per
2436 2677 2611 2735 se'sibi
2637 2680 2906 2751 suﬂiceret,
2927 2680 3141 2752 implere
3166 2677 3305 2752 quod
3331 2692 3416 2752 ve-

1821 2754 1911 2819 lit;
1935 2747 2009 2807 vel
2040 2747 2191 2806 etiam
2228 2747 2373 2824 quod
2404 2753 2601 2824 meritis
2642 2747 2857 2824 operum
2887 2767 2919 2824 ᾳ
2944 2748 3052 2824 Deo
3092 2747 3259 2821 gratia
3298 2747 3416 2824 uni:

1820 2816 2002 2894 cuique
2031 2825 2211 2893 detur;
2236 2816 2374 2894 quod
2404 2823 2561 2877 libido
2592 2824 2657 2894 sit
2674 2816 2927 2875 'naturale
2958 2816 3142 2894 bonum
3162 2836 3181 2885 ;
3201 2828 3249 2873 et
3276 2816 3417 2894 quod

1821 2890 2022 2966 parvuli
2051 2911 2152 2948 non
2181 2890 2385 2947 trahant
2406 2893 2659 2966 originale
2689 2901 2972 2964 peccatum.
2996 2892 3060 2945 At
3086 2898 3271 2966 contra
3300 2890 3418 2966 huic

1822 2960 2059 3036 quinque
2090 2968 2159 3020 ita
2202 2967 2364 3036 sentit
2389 2960 2760 3030 Quaestionum
2792 2974 3002 3029 auctor,
3043 2973 3108 3036 ut
3130 2960 3415 3036 integerri-

1824 3033 1942 3090 mus
1969 3033 2196 3106 quisque
2223 3035 2541 3096 catholicus.
2570 3036 2761 3089 saltem
2792 3048 2905 3088 suae
2944 3041 3035 3088 aut
3060 3033 3253 3106 vicinae
3283 3042 3415 3085 acta-

1830 3110 1917 3173 tis,
1952 3105 2073 3177 puta
2104 3107 2548 3178 Chrysostomus,
2579 3106 2968 3177 HierOnymus,
2998 3115 3056 3178 et
3080 3105 3192 3159 alii.

150 3170 523 3248 commentarii
557 3175 826 3248 nonnullis
867 3170 1140 3248 erroribus
1169 3170 1461 3248 {ludentum
1484 3170 1721 3248 Pelagia.
1752 3170 1798 3235 C
1903 3170 1969 3232 Εἰ
1999 3190 2187 3232 contra
2218 3170 2457 3248 primum
2488 3178 2729 3247 quidem,
2745 3170 2823 3248 de
2848 3173 3419 3248 mortalitateAdami.

152 3241 230 3315 nis
258 3243 396 3299 inﬁci
425 3246 517 3301 vix
558 3246 843 3302 assentiar.
874 3247 1003 3300 Nam
1041 3260 1159 3315 quae
1186 3245 1253 3299 ad
1295 3246 1345 3299 id
1392 3241 1723 3313 probandum

149 3311 321 3368 aﬂ‘erri
367 3317 577 3381 solent,
600 3332 692 3384 ea,
722 3319 808 3373 vel
835 3318 1015 3372 alieno
1059 3311 1226 3371 sensu
1258 3311 1609 3386 accipiuntur,
1642 3316 1726 3370 vel

151 3397 313 3449 perse
340 3396 469 3441 sunt
495 3390 759 3458 ambigua,
780 3390 862 3443 vel
894 3390 1081 3442 saltem
1108 3403 1219 3442 non
1253 3388 1436 3455 procul
1469 3388 1729 3441 recedunt

150 3467 178 3526 a
210 3459 469 3526 sententia
515 3458 769 3525 Patrum,
799 3461 957 3513 etiam
989 3458 1205 3513 illorum
1235 3472 1369 3526 quos
1398 3458 1727 3525 Augustinus

147 3522 345 3605 iandat,
380 3529 543 3605 velut
569 3529 719 3605 fidei
741 3522 1022 3605 catholicae
1073 3522 1381 3605 magistros:
1406 3522 1562 3605 Qua:
1594 3543 1727 3583 vero

149 3594 341 3667 faciunt
368 3599 433 3653 ad
464 3601 811 3655 refellendam
864 3604 1001 3654 hanc
1052 3594 1299 3654 erro'rum
1332 3594 1723 3667 ohjeCtionem,

149 3664 275 3742 adeo
285 3680 469 3738 aperta
482 3680 630 3737 sunt,
646 3672 891 3742 adeoque
919 3673 1085 3736 clara,
1097 3679 1155 3725 ut
1166 3664 1413 3724 sul‘ﬁciat'
1430 3685 1565 3738 pene
1579 3664 1725 3724 solus

149 3738 417 3812 oculorum
461 3756 653 3796 sensus
679 3743 745 3797 ad
775 3738 1053 3812 utriusque
1093 3742 1273 3810 operis
1302 3750 1580 3812 auctorem
1626 3742 1724 3795 ah-

147 3808 475 3883 solvendum.
505 3812 601 3867 Est
628 3815 788 3883 igitur
808 3808 987 3883 operai
1017 3808 1337 3882 pretium,et
1364 3811 1503 3865 hunc
1530 3811 1725 3883 librum

146 3877 525 3947 thionum,
555 3893 611 3938 et
639 3877 893 3955 praefatos
920 3877 1369 3955 Coninmientarios,
1395 3882 1724 3952 diligentiori

146 3963 265 4032 cura
286 3955 391 4032 _ad_
420 3953 654 4009 examen
701 3970 915 4032 vocare,
948 3955 1042 4010 sed
1088 3953 1426 4022 Quaestiones
1459 3957 1722 4023 primum,

147 4018 332 4076 deinde
352 4025 807 4083 Commentarios.

215 4090 379 4165 liabet
405 4109 585 4151 autem
615 4098 982 4163 Quiazstionum
1010 4096 1296 4163 volumen,
1328 4105 1486 4165 prout
1519 4096 1722 4150 editum

147 4172 225 4216 est
253 4178 281 4215 a
310 4164 736 4223 Lovaniensibus
778 4171 828 4222 in
882 4168 1180 4237 appendice
1210 4164 1341 4221 tomi
1370 4167 1544 4237 quarti
1583 4165 1725 4235 Ope-

145 4248 262 4307 rum
306 4238 627 4307 Augustini,
679 4250 859 4307 partes
912 4242 1133 4292 omnino
1189 4247 1449 4306 quatuor,
1496 4253 1721 4305 quarum

146 4306 308 4370 prima
358 4310 739 4432 complectitur
766 4310 1115 4379 quadraginta
1161 4318 1366 4377 septem
1398 4310 1723 4377 quaastiOnes

146 4388 207 4427 ex
247 4389 425 4431 vetere
521 4390 846 4432 estatnento.
895 4380 1173 4432 Secunda-
1222 4380 1603 4432 auinuuaainta
1654 4394 1722 4432 ex

145 4388 207 4427 ex
247 4389 425 4449 vet_ere
474 4380 846 4435 Testamento.
895 4380 1173 4447 Secunda,
1222 4380 1603 4449 quinquaginta
1654 4394 1722 4433 ex

142 4458 296 4499 novo.
323 4447 502 4503 Tertia
536 4451 751 4519 triginta
790 4466 856 4506 ex
885 4460 1112 4520 utroque
1144 4447 1373 4505 mixtim.

142 4524 363 4592 utr_oque
391 4522 598 4590 pariter
625 4526 903 4592 sexaginta
933 4522 1188 4591 quinque.

210 4587 338 4668 Tres
364 4587 575 4668 priores
620 4587 797 4668 partes
840 4587 1007 4668 videri
1041 4587 1269 4668 possunt
1293 4608 1422 4668 esse
1434 4593 1610 4668 instar
1639 4594 1721 4668 in-

142 4660 269 4726 tegri
305 4662 586 4728 cujusdam
633 4660 844 4730 Operis.
878 4662 934 4717 In
966 4660 1156 4732 quarta
1198 4663 1333 4717 nihil
1376 4663 1518 4717 aliud
1550 4666 1722 4718 conti-

138 4737 292 4803 netur
316 4746 473 4800 quam
514 4733 703 4800 prima:
733 4743 788 4788 et
816 4733 1068 4787 secundae
1100 4734 1418 4802 interpolata
1448 4736 1717 4803 repetitio.

136 4795 467 4882 Neque'vero
494 4795 595 4858 luit
619 4803 791 4882 posita
822 4806 875 4858 in
902 4804 1137 4882 editione
1158 4795 1390 4882 Onperum
1416 4795 1592 4882 san'cti
1612 4806 1721 4882 Au-

133 4876 325 4950 gustini
348 4913 363 4936 ,
406 4889 570 4950 quam
616 4876 842 4930 Basileae
873 4877 1149 4950 accuravit
1186 4876 1471 4950 Erasinus;
1500 4876 1594 4930 sed
1625 4878 1721 4930 ad-

133 4939 239 4993 dita
270 4951 351 4997 est
388 4939 575 5015 multis
619 4958 741 5015 post
788 4947 944 4999 annis
985 4961 1014 4999 a
1053 4945 1256 5000 Jacnbo
1303 4946 1618 5007 Hauneraeo,
1651 4962 1715 5002 es

134 5014 536 5091 ξιειιξδμεεὶξηο,Δ
567 5014 631 5070 ut
668 5016 779 5083 ait,
819 5015 1395 5091 codicebibliothecae
1426 5016 1713 5091 Victorinae

133 5076 444 5159 Parisiensis
476 5076 691 5159 :A'imtuo
746 5076 942 5155 scripta
984 5086 1198 5141 videtur
1229 5087 1296 5159 ab
1341 5088 1578 5151 homine,
1620 5090 1711 5159 qui

130 5162 252 5230 cum
292 5154 410 5221 plus
437 5156 532 5230 otii
566 5157 820 5230 haberet,
852 5154 1012 5230 quam
1037 5159 1121 5211 vel
1151 5158 1467 5230 eruditionis
1495 5161 1579 5213 vel
1627 5154 1713 5228 ju-

130 5174 252 5233 cum
292 5174 410 5221 pius
437 5174 532 5209 om
566 5174 820 5224 naneret,
889 5174 1012 5211 nam
1037 5174 1121 5211 vet
1151 5174 1467 5212 eruditionis
1495 5174 1579 5213 vet
1627 5176 1713 5228 μι-

128 5219 254 5303 dicti
268 5264 291 5303 ,'
320 5234 437 5291 post
468 5226 664 5279 lectum
677 5228 835 5303 aliud
852 5174 1286 5303 ?)pus_,vo_luerit
1316 5228 1713 5303 forteexperiri

124 5294 251 5359 quid
279 5294 389 5367 ipse
416 5306 601 5363 posset
624 5296 825 5351 addere
844 5315 858 5348 :
877 5294 933 5350 et
952 5300 1154 5352 addidit
1184 5314 1313 5353 Sane
1341 5294 1587 5367 plurima,
1614 5301 1710 5356 sed

123 5375 299 5431 neque
329 5364 503 5430 bona,
548 5382 722 5429 neque
764 5367 905 5420 bono
932 5380 1204 5421 sermone.
1246 5364 1421 5433 Quare
1452 5379 1562 5424 tota
1596 5371 1710 5425 haec

123 5445 247 5498 pars
294 5437 750 5504 praetermittenda
802 5439 996 5491 merito
1036 5446 1153 5499 est,
1186 5447 1453 5505 tamquam
1496 5454 1581 5492 res
1624 5440 1710 5492 vel

120 5505 338 5576 nullius,
360 5508 444 5562 vel
474 5508 623 5575 parvi
659 5508 847 5573 pretii;
874 5506 1017 5576 quod
1047 5508 1215 5562 miror
1234 5524 1263 5560 a
1284 5507 1710 5564 Lovaniensibus

118 5586 225 5625 non
263 5574 425 5632 fuisse
454 5574 913 5633 animadversum.

189 5644 271 5701 De
300 5652 481 5731 priore
513 5652 673 5731 igitur
692 5650 873 5731 Opere
895 5649 1117 5731 veniunt
1144 5648 1209 5703 ad
1235 5664 1460 5730 eXnmen
1494 5651 1709 5715 potissi-

114 5730 264 5789 mum
296 5720 391 5789 tria
418 5736 431 5770 :
466 5720 725 5789 primum,
754 5735 821 5773 an
856 5722 907 5774 id
943 5728 1112 5775 totum
1133 5762 1145 5781 ,
1173 5720 1558 5789 cujuscumque
1591 5732 1709 5777 tan-

114 5786 243 5843 dem
271 5788 372 5848 sit.
404 5786 485 5845 ita
506 5800 713 5848 scateat
760 5792 1036 5847 erroribus
1064 5786 1293 5859 Pelagii,
1326 5801 1382 5847 ut
1421 5786 1706 5860 propterea

1424 4450 1623 4516 Quarta
1653 4465 1722 4504 ex

1746 4558 1801 4619 D

1829 3250 2153 3316 Qus-:srtons
2182 3245 2253 3303 vi.
2280 3247 2488 3302 Dictum
2506 3245 2637 3302 Ἁάιε
2662 3256 2708 3301 et
2735 3245 2861 3301 Eva:
2887 3257 2961 3301 est
2984 3262 3001 3299 :
3028 3246 3141 3313 Qua
3163 3247 3248 3299 die
3276 3262 3419 3298 man-

1828 3322 2156 3385 ducaveritis,
2205 3331 2366 3375 morte
2421 3320 2739 3381 moriemini;
2778 3327 2825 3371 et
2872 3319 3047 3386 utique
3088 3332 3190 3370 non
3237 3317 3416 3369 statim

1830 3393 2016 3444 mortui
2050 3400 2200 3457 sunt,
2230 3391 2318 3444 sed
2364 3403 2475 3458 post
2515 3391 2727 3461 longum
2767 3389 3008 3461 temporis
3045 3388 3371 3461 interval-lum
3400 3402 3420 3439 :

1829 3463 1919 3514 sed
1948 3464 2068 3532 quia
2102 3465 2217 3533 jam
2258 3477 2401 3532 spem
2445 3459 2850 3533 immortalitatis
2898 3459 3421 3533 amiserant,_fu_tur_a

1831 3528 1970 3612 monrs'
1998 3528 2221 3603 praesens
2249 3528 2389 3585 dicta
2403 3542 2510 3612 “est,
2542 3533 2663 3612 quia
2683 3530 2810 3612 _htec
2839 3532 2987 3612 carpit
3015 3532 3069 3583 in
3097 3546 3187 3612 spe
3213 3528 3419 3612 haberi.

1900 3600 2225 3668 Quisnoms
2245 3618 2362 3683 _x1x.
2390 3601 2529 3683 Deus
2556 3600 2813 3683 hominem
2855 3602 3004 3683 fecit,
3043 3600 3423 3683 quinquamdiu

1829 3689 1932 3726 non
1960 3685 2212 3745 peccaret,
2237 3673 2623 3727 immortalitate
2652 3675 2862 3742 vigeret,
2891 3682 2944 3725 ut
2972 3673 3081 3743 ipse
3105 3672 3201 3725 sibi
3244 3680 3423 3724 auctor

1830 3753 1959 3797 esset
1986 3746 2054 3798 ad
2082 3746 2237 3798 vitam
2254 3786 2268 3809 ,
2294 3754 2386 3797 aut
2405 3745 2473 3797 ad
2503 3754 2750 3808 mortem;
2773 3754 2825 3796 ut
2851 3745 3144 3797 custodiens
3170 3759 3225 3796 se
3244 3760 3275 3794 a
3303 3756 3423 3812 pec-

1829 3825 1966 3882 cato,
1988 3817 2162 3870 labore
2186 3832 2280 3869 suo
2303 3816 2546 3888 gauderet
2566 3831 2671 3869 esse
2696 3830 2748 3867 se
2768 3815 3107 3888 immortalem
3126 3812 3424 3884 ;negligens

1828 3902 1945 4010 1'an
1979 3890 2167 3958 factus,
2191 3886 2421 3958 ipse'sibi
2452 3889 2731 3956 imputaret
2755 3886 2879 3956 quia
2906 3894 3124 3955 coeperat
3145 3900 3255 3938 esse
3280 3899 3425 3938 mor-

1831 3968 1884 4009 ta
1908 3974 1971 4010 is.

1831 3959 1971 4011 talis.

1900 4028 2219 4095 QUES'I‘IONE
2250 4044 2431 4082 xxxiv.
2468 4026 2589 4080 Vita
2620 4036 2667 4081 et
2694 4044 2833 4081 mors
2865 4028 2936 4080 sic
2961 4044 2994 4080 a
3014 4025 3125 4080 Deo
3161 4034 3265 4092 est,
3301 4026 3423 4095 quia

1831 4100 1989 4169 legem
2034 4100 2197 4157 dedit.
2222 4116 2337 4169 qua:
2367 4100 2686 4153 servantibus
2713 4099 2951 4169 servitum
2995 4096 3269 4169 promittit,
3297 4112 3422 4169 con-

1830 4166 2163 4238 teinptoribus
2192 4166 2309 4223 vero
2338 4178 2582 4233 mortem,
2609 4169 2698 4221 sed
2727 4168 2872 4221 illam
2897 4183 3008 4235 qua:
3035 4168 3259 4221 secunda
3289 4166 3422 4220 dici-

1830 4248 1929 4311 tur.
1956 4240 2093 4292 Dum
2119 4241 2255 4293 enim
2278 4256 2687 4309 unumquemque
2706 4238 2973 4311 adjudicat
2993 4239 3117 4304 quid
3143 4246 3418 4311 mereatur,

1828 4310 1889 4362 ab
1920 4312 2029 4381 ipso
2051 4320 2143 4377 est,
2166 4313 2268 4365 sive
2294 4308 2550 4363 absolutio
2577 4312 2644 4362 ad
2668 4308 2845 4377 vitam,
2866 4313 2970 4363 sive
2997 4321 3167 4381 reatus
3186 4308 3255 4362 ad
3280 4323 3422 4381 mor-

1830 4379 1949 4436 tem.
2005 4381 2124 4435 Non
2152 4398 2271 4452 ergo
2301 4383 2533 4435 inventor
2572 4381 2749 4435 mortis
2793 4390 2899 4446 est,
2937 4381 3026 4435 sed
3064 4380 3267 4452 judex,
3296 4379 3419 4447 quia

1828 4454 2009 4505 mortis
2051 4451 2227 4507 auctor
2272 4461 2537 4522 peccatum
2567 4462 2660 4506 est.
2693 4454 2967 4516 Quomodo
2994 4467 3115 4522 ergo
3142 4451 3283 4522 Deus
3323 4467 3419 4520 po-

1826 4531 1959 4576 terat
2009 4525 2178 4594 facere
2224 4534 2467 4589 mortem,
2514 4525 2603 4594 qui
2651 4524 2810 4579 nescit
2864 4521 3113 4592 peccare?
3158 4521 3262 4577 Sed
3300 4537 3419 4575 cum

1825 4596 2047 4663 peccatis
2074 4596 2332 4661 retribuit,
2361 4597 2424 4649 ab
2454 4597 2565 4663 ipso
2596 4596 2732 4649 dicta
2759 4605 2829 4649 est
2860 4610 2967 4649 esse
2991 4610 3148 4649 mors.
3174 4609 3290 4646 cum
3313 4608 3419 4646 non

1825 4680 1889 4716 ea:
1913 4667 2025 4735 ipso
2054 4667 2139 4722 sit.
2168 4668 2257 4719 sed
2283 4682 2345 4720 ea:
2370 4667 2466 4719 hoc
2493 4669 2578 4735 qui
2615 4667 2859 4729 peccavit.

1895 4734 2215 4801 Quasnam
2259 4752 2401 4791 cxvn.
2434 4734 2620 4791 Martis
2665 4746 2849 4790 auctor
2889 4736 2980 4806 qui
3025 4744 3102 4789 est
3146 4734 3412 4799 diabolus,

1823 4809 2064 4876 quoniam
2117 4824 2352 4877 peccasse
2394 4808 2449 4860 in
2485 4816 2650 4861 morte
2697 4807 2986 4862 Salvatoris
3033 4807 3265 4877 inventus
3307 4813 3413 4877 est,

1821 4874 2127 4950 sanguinem
2166 4881 2277 4947 ejus
2320 4894 2437 4950 cum
2490 4879 2720 4931 omnium
2768 4887 3017 4950 nostrum
3047 4876 3218 4929 amisit
3246 4890 3263 4927 :
3290 4874 3418 4944 quia

1821 4948 1953 5001 sicut
1985 4964 2076 5017 per
2104 4964 2265 5001 unum
2282 4948 2449 5000 Adam
2486 4959 2774 5017 peccantem
2800 4964 2973 5001 omnes
3001 4948 3055 4999 in
3086 4954 3249 4999 morte
3276 4955 3415 4997 tene-

1822 5018 1924 5079 bat.
1952 5021 2025 5072 ita
2056 5036 2145 5087 per
2174 5036 2333 5072 unum
2360 5034 2465 5072 non
2494 5033 2782 5087 peccantem
2812 5033 2984 5071 omnes
3008 5020 3196 5071 amisit.

1892 5090 2089 5144 Contra
2117 5090 2412 5144 secundum
2440 5086 2588 5155 vero,
2621 5090 2762 5151 quod
2797 5096 3016 5154 peccato
3051 5102 3150 5141 suo
3177 5086 3414 5140 Adamus

1823 5162 2053 5228 posteris
2100 5177 2206 5215 non
2248 5163 2512 5215 nocuerit.
2560 5161 2887 5227 Quaesumus
2920 5173 3081 5213 xnvn.
3113 5156 3415 5228 Promiscue

1819 5231 2067 5302 propheta
2094 5234 2295 5287 locutus
2320 5241 2417 5298 est,
2446 5239 2501 5284 ut
2527 5233 2663 5285 dono
2684 5230 2779 5285 Dei
2806 5230 3037 5299 indigere
3057 5227 3370 5299 signiﬁcaret
3391 5249 3412 5292 ί

1820 5312 1874 5353 ut
1899 5305 2003 5356 sive
2030 5313 2343 5373 peccatores,
2371 5305 2475 5357 sive
2489 5304 2644 5374 justi,
2672 5302 2766 5356 Dei
2794 5302 3205 5374 misericordiam
3233 5314 3409 5374 exspe-

1820 5382 1984 5426 ctasse
2011 5370 2337 5427 noscerentur
2364 5390 2382 5427 :
2411 5370 2699 5445 peccatores
2729 5381 2935 5445 propter
2961 5370 3146 5445 delicta
3176 5371 3408 5437 propria,

1819 5453 1875 5491 ut
1914 5445 1978 5494 de
2018 5445 2253 5509 faucibus
2296 5443 2473 5498 mortis
2516 5446 2863 5513 eriperentur;
2892 5443 3014 5513 iusti
3049 5456 3167 5495 vero
3195 5450 3410 5510 paterno

1814 5513 2035 5565 absoluti
2076 5523 2303 5577 peccato,
2339 5514 2506 5566 deleta
2546 5512 2798 5568 sententia
2836 5514 2961 5567 data
2994 5512 3048 5566 in
3084 5512 3281 5579 Adam,
3314 5526 3406 5581 per

1812 5597 1967 5649 quam
1996 5584 2167 5636 cuncti
2194 5584 2515 5637 tenebantur.

1884 5654 2207 5726 QUBSTIONE
2240 5668 2428 5708 xxcut.
2445 5652 2698 5708 Diabolus
2723 5664 2961 5726 superato
2990 5654 3193 5708 homine
3222 5652 3405 5706 trium-

1811 5725 2009 5799 phavit,
2030 5727 2111 5775 hic
2136 5725 2295 5777 victus
2324 5741 2482 5799 gen_us
2507 5742 2656 5799 suum
2681 5725 2896 5799 subjecit
2929 5736 3157 5799 peccato.

1882 5793 2203 5861 QUESTIONE
2233 5793 2361 5849 cui.
2390 5793 2460 5851 Et
2495 5797 2725 5863 sequitur
2746 5793 2940 5852 {Ecce
2972 5796 3107 5851 enim
3135 5797 3189 5851 in
3217 5794 3403 5864 iniqui-

3420 867 3432 935 l

3420 978 3450 1025 is

3434 5722 3447 5781 l
