3898 6276
241 289 367 352 315

651 290 1100 353 DISSERTATIO
1138 293 1175 351 ι.
1220 291 1308 353 DE
1349 287 1582 355 PRI‘MIS
1618 292 2079 367 AUCTOBIBUS,
2119 297 2294 369 ιτα,
2339 263 2658 363 ΙιᾸΞΒΕΒΙὲ
2697 294 3135 364 ΡΕιΑοιΑΝιε.

2233 188 2294 203 ’.υ
3160 190 3199 200 .-

3427 292 3528 364 Sil

243 415 435 500 stituti
475 426 611 500 ‘sttnt
662 414 786 482 Dei,
836 412 1636 500 cohaeredelshautem_£hristj.
1680 415 1843 500 ΔΩιιοά
1872 415 1921 475 Α
1950 418 2108 500 [lique
2131 419 2447 500 Deum‘nova
2467 424 2603 500 dona
2626 425 2830 500 dedisse
2849 426 3154 489 hominibus,
3179 443 3293 500 cum
3313 443 3529 500 regnum

241 487 661 558 admirabiliter
675 489 894 558 exponit
918 496 1102 542 auctor
1125 483 1340 558 (Quiest.
1370 488 1490 556 1‘23)
1521 505 1534 541 :
1567 486 1846 556 Postquam

243 557 584 630 glariﬁcatus
630 569 706 613 est
735 554 952 630 (Iesus),
995 554 1218 621 implevit
1269 557 1405 613 Deus
1435 554 1762 630 promissum,
1793 569 1848 612 ut

243 622 519 695 Spiritum
556 622 789 685 sanctum
819 622 1102 697 effunderet
1140 631 1193 683 in
1239 630 1353 684 illos
1397 622 1482 697 qui
1522 629 1734 683 credunt
1792 630 1846 683 in

241 697 564 765 Christum;
594 702 760 756 ethoc
789 710 864 755 est
895 699 1148 756 heredem
1179 701 1290 769 ﬁeri
1319 703 1432 756 vita:
1461 709 1684 763 wternw,
1718 699 1845 767 Spi-

240 771 417 824 ritum
449 782 685 844 sanctum
725 774 982 844 accipere;
1026 783 1078 825 ut
1118 773 1236 839 quia
1263 773 1470 843 spiritus
1492 781 1710 844 wternus
1746 779 1842 838 est,

239 851 504 897 cternam
544 843 725 898 habeat
762 842 942 904 vitam,
981 844 1068 913 qui
1113 842 1295 908 accipit
1343 860 1455 896 eum
1495 842 1727 911 :pignus
1767 853 1841 898 est

238 914 388 966 enim
414 914 835 969 immortalitatis.
869 915 970 978 Qui
997 913 1131 968 enim
1152 915 1335 981 accipit
1360 931 1493 979 eum,
1523 923 1570 967 et
1601 923 1769 968 manet
1789 915 1843 968 in

238 986 364 1053 ejus
409 987 703 1045 dilectione.
733 995 992 1040 transacta
1032 985 1126 1038 hac
1166 985 1287 1043 vita.
1322 987 1484 1056 pergit
1515 986 1567 1038 in
1596 985 1746 1039 calas
1771 986 1842 1038 ad

238 1070 362 1128 eum
389 1061 544 1128 cujus
572 1058 811 1126 spiritum
837 1056 984 1110 habet
1013 1072 1031 1110 :
1059 1057 1396 1124 incongruum
1426 1066 1495 1108 est
1517 1056 1648 1128 enim
1676 1068 1727 1106 ut
1751 1058 1841 1126 qui

237 1125 369 1179 hinc
413 1125 522 1182 eicit
565 1125 756 1183 habens
797 1127 1051 1198 Spiritum
1075 1139 1324 1188 sanctum,
1371 1128 1512 1191 apud
1549 1127 1738 1198 inferos
1767 1137 1839 1180 te-

238 1207 454 1252 neatur.
491 1199 709 1270 Signum
754 1196 993 1254 est'enim
1019 1199 1073 1252 in
1120 1199 1322 1252 homine
1361 1197 1582 1270 victoriae
1624 1196 1834 1270 Christi,

235 1283 345 1336 qua
373 1271 499 1324 eicit
523 1268 736 1326 mortem
764 1270 978 1340 spiritus
1001 1270 1133 1341 ejus,
1165 1281 1221 1323 ut
1249 1270 1302 1322 in
1328 1285 1425 1338 quo
1450 1268 1603 1341 fuerit
1627 1269 1836 1341 spiritus

237 1341 380 1409 ejus.
418 1344 482 1395 ab
510 1342 691 1410 inferis
718 1338 873 1396 ten—eri
900 1356 1003 1394 non
1023 1338 1226 1404 possit;
1266 1356 1324 1394 ac
1369 1338 1457 1410 per
1481 1338 1578 1391 hoc
1618 1340 1669 1391 iu
1697 1349 1832 1392 vete-

233 1410 386 1464 ribus
435 1414 630 1467 sanctis
655 1429 753 1468 non
793 1412 867 1466 ita
911 1411 1007 1481 fuit
1036 1410 1262 1478 Spiritus
1290 1421 1493 1464 sanctus
1537 1411 1665 1462 sicut
1696 1426 1833 1464 nunc

233 1491 309 1533 est
338 1482 399 1536 in
429 1483 692 1552 ﬁdelibus,
718 1485 836 1554 quia
865 1493 1102 1537 exeuntes
1130 1483 1194 1537 de
1234 1481 1419 1537 saeculo
1458 1481 1599 1550 apud
1642 1481 1832 1548 inferos

235 1560 414 1618 erant,
450 1565 556 1610 etc.

306 1622 471 1688 Quod
503 1625 548 1679 si
579 1640 700 1681 cum
731 1625 938 1680 Adamo
975 1625 1072 1678 fuit
1105 1623 1338 1694 Spiritus
1372 1630 1607 1687 sanctus,
1650 1634 1707 1679 ut
1744 1639 1830 1680 re-

233 1706 367 1766 yera
404 1694 530 1766 fuit,
560 1697 607 1752 si
641 1697 915 1752 credimus
943 1695 1170 1758 auctori,
1204 1696 1442 1750 Adamus
1473 1703 1623 1750 certe
1655 1711 1827 1766 neque

1950 485 2081 543 Filii
2105 493 2185 544 sui
2214 493 2461 547 dedicavit
2488 495 2540 547 in
2571 495 2733 551 nobis.
2770 495 3050 552 Postremo
3083 485 3217 550 nova
3247 485 3526 556 haecvdona

1947 559 2091 615 aliud
2124 561 2252 616 nihil
2284 579 2402 618 esse
2431 581 2589 634 quant
2619 567 2761 634 quod
2809 568 2886 622 ait
2925 568 3269 636 Evangelista
3313 585 3328 625 :
3363 571 3527 636 Quot-

1945 641 2068 752 Ἐιρι
2097 643 2265 716 autem
2293 647 2586 706 receperunt
2626 653 2763 705 eum,
2795 638 2934 694 dedit
2962 642 3036 694 eis
3061 647 3355 711 potestatem
3387 641 3524 710 ﬁlios

2001 719 2040 752 et
2075 704 2180 752 ﬁeri
2211 704 2390 752 Hann-
2424 722 2457 752 l,
2493 706 2603 752 49L

2001 704 2046 775 ri
2071 704 2182 768 ﬁeri
2211 704 2463 775 (Joath,
2493 706 2604 774 12).

2016 773 2168 851 Quod
2215 773 2278 829 ad
2315 773 2528 851 tertium
2566 773 2731 844 caput
2763 782 3020 847 pertinet,
3068 795 3173 851 non
3221 788 3304 836 est
3340 793 3523 851 operte

1943 845 2176 919 pretium
2213 848 2514 902 accuratius
2553 845 2902 919 respondere.
2940 845 3092 918 Quod
3139 853 3283 908 enim
3332 845 3399 907 ab
3427 865 3523 908 aue

1943 917 2343 998 ctorc_dic_tnm.
2372 919 2484 974 sive
2514 920 2583 974 dc
2608 917 2773 998 _Eva,_
2793 917 2973 998 quoad
3005 935 3188 998 partus
3232 924 3473 978 dolorem
3501 935 3518 989 ;

1942 987 2053 1041 sive
2090 987 2157 1040 de
2189 989 2415 1063 Adamn.
2452 992 2624 1063 quoad
2663 987 3066 1063 agricolationis
3110 995 3349 1049 laborem
3393 987 3520 1062 pec;

1941 1066 2061 1133 cato
2091 1071 2331 1133 auctum,
2365 1060 2492 1115 illud
2523 1060 2798 1129 acceptum
2833 1076 2937 1131 est,
2973 1068 3162 1133 partim
3197 1081 3261 1122 ex
3293 1060 3518 1121 vocibus

1942 1127 2203 1210 llebraiis,
2235 1147 2456 1200 quarum
2492 1149 2606 1210 una_
2639 1127 2744 1190 non
2777 1127 2936 1191 modo
2960 1127 3225 1208 signiﬁcat
3267 1138 3518 1210 multipli-

1938 1213 2073 1280 c_ar_e,
2105 1201 2199 1255 sed
2233 1213 2529 1280 et_augere;
2559 1206 2726 1258 altera
2756 1201 3034 1280 pertinere
3059 1210 3250 1264 dicitur
3288 1210 3358 1264 ab
3387 1201 3515 1265 e'ru-

1936 1268 2064 1324 ditis
2096 1280 2207 1351 tum
2249 1273 2316 1327 ad
2354 1268 2684 1351 conceptus,
2723 1268 2831 1331 tum
2876 1279 2943 1334 ad
2976 1281 3190 1334 dolores
3227 1297 3240 1334 :
3287 1290 3514 1351 augetur

1936 1354 2065 1420 fero
2105 1344 2154 1396 id
2189 1355 2412 1420 tantum,
2447 1349 2589 1414 quod
2623 1349 2979 1417 aliquantum,
3008 1359 3101 1404 aut
3124 1351 3235 1420 jam
3283 1344 3386 1418 est:
3419 1359 3513 1406 aut

1936 1409 2169 1468 futurum
2200 1414 2332 1469 alias
2359 1409 2522 1480 esset,
2555 1409 2744 1486 partim
2772 1435 2836 1473 ex
2864 1409 3142 1476 communi
3161 1409 3390 1482 quadam
3422 1437 3510 1476 veo

1935 1491 2106 1537 terum
2127 1488 2442 1563 Asententia,
2474 1502 2633 1563 quam
2683 1492 2886 1563 scripto
2919 1492 3153 1563 tradidit
3181 1492 3508 1563 Chrysosto-

1931 1565 2071 1608 mus.
2119 1555 2255 1610 Cum
2305 1558 2443 1611 enim
2477 1555 3045 1617 mandatam-dixisset
3077 1555 3508 1618 Adamo'custo-

1931 1623 2074 1702 diam
2099 1628 2466 1702 et_cultioneiﬂn
2491 1631 2742 1695 paradisi.
2767 1646 2982 1686 causam
3009 1633 3244 1688 subdidit
3274 1633 3502 1702 (Homil.

1933 1693 2000 1748 14
2045 1697 2098 1772 in
2141 1697 2352 1769 Genes.)
2385 1718 2395 1751 :
2425 1693 2647 1755 “Sirenim
2677 1702 2865 1755 laboris
2903 1705 3067 1756 omnis
3096 1693 3499 1772 fuisset‘expers,

230 1762 453 1849 iustitia
500 1769 718 1861 carugtn
744 1782 918 1850 neque
971 1769 1137 1861 gratia
1185 1765 1490 1861 habituali;
1543 1762 1824 1861 utramque
1855 1801 1900 1861 Β
1928 1769 2243 1861 protinusex
2261 1762 2424 1861 multo
2447 1772 2550 1852 otio
2576 1772 2634 1861 in
2649 1773 2906 1861 ignaviam
2929 1762 3198 1861 prolapsus
3220 1762 3374 1861 esset;-
3392 1762 3499 1861 etc:

233 1835 386 1890 enim
421 1838 476 1891 in
517 1853 585 1894 eo
626 1835 859 1908 Spiritus
888 1835 1106 1892 sanctus
1132 1851 1386 1906 operatus
1413 1844 1496 1908 est
1545 1855 1556 1888 :
1604 1853 1708 1908 non
1739 1835 1825 1893 est

236 1912 425 1978 tamen
464 1919 720 1978 operatus
765 1909 1108 1975 adoptionem
1161 1910 1214 1962 in
1254 1909 1420 1962 tilium
1454 1907 1571 1968 Dei,
1605 1907 1674 1962 de
1719 1924 1825 1978 qua

232 1975 540 2052 loquuntur
581 1979 768 2037 Patres
816 1980 1074 2052 (sigforte
1123 1979 1474 2052 Athanasium
1526 1975 1822 2047 excipias);

232 2061 363 2123 tiam
394 2050 614 2123 ratione
632 2049 863 2123 quadam
890 2050 1254 2106 distinxerunt
1285 2051 1400 2104 haec
1426 2049 1556 2123 duo,
1588 2065 1708 2119 quae
1733 2065 1821 2106 so-

232 2115 348 2191 lent
379 2115 667 2187 confundi:
698 2137 821 2178 esse
867 2123 1140 2176 hominem
1185 2129 1397 2191 gratum
1436 2120 1568 2178 Deo.
1605 2115 1666 2176 et
1700 2137 1822 2177 esse

232 2185 407 2243 ﬁlium
437 2185 752 2262 adoptivum
788 2193 912 2257 Dei;
946 2194 1112 2247 immo
1147 2185 1291 2246 inter
1319 2191 1485 2262 ﬁlium
1525 2191 1637 2258 Dei,
1677 2194 1820 2262 quod

229 2262 531 2334 specialem
551 2261 851 2334 quamdam
897 2262 1241 2318 dilectionem
1269 2261 1555 2333 signiﬁcat,
1588 2272 1642 2316 et
1679 2261 1821 2318 inter

228 2328 402 2404 ﬁlium
429 2328 768 2403 adoptivum,
797 2334 938 2402 quod
970 2343 1167 2404 praeter
1195 2328 1536 2389 dilectionem
1565 2335 1654 2403 jus
1687 2334 1819 2389 illud

227 2399 383 2474 dicit,
415 2405 488 2460 ab
526 2399 760 2461 auctore
785 2399 1150 2474 Quaesﬁonum
1194 2420 1320 2459 mox
1348 2399 1670 2472 expositum.
1711 2405 1820 2460 Cu-

227 2471 378 2547 riose
411 2476 458 2530 si
492 2477 708 2547 quidem
750 2471 828 2532 illi
867 2477 1218 2547 adverterunt
1252 2484 1377 2547 ante
1412 2471 1684 2530 Christum
1717 2492 1815 2529 ne-

226 2543 437 2600 minem
473 2543 683 2614 justum
727 2557 821 2603 aut
859 2548 1026 2602 ﬁlium
1078 2546 1177 2604 Dei
1222 2546 1530 2615 adoptivum
1572 2549 1622 2600 in
1669 2547 1815 2601 Scri-

225 2622 388 2688 plura
435 2617 665 2686 dictum,
699 2628 792 2674 aut
838 2619 933 2675 Dei
965 2619 1246 2688 templum,
1279 2633 1346 2672 ne
1393 2618 1563 2686 ipsum
1595 2618 1812 2687 quidem

222 2683 527 2755 Adamum,
552 2683 670 2746 cum
712 2691 974 2746 innocens
1003 2683 1166 2755 lor—et;
1203 2683 1296 2744 sed
1338 2683 1428 2742 vel
1467 2683 1630 2741 ﬁliuni
1661 2689 1814 2744 dum-

225 2764 495 2832 taxat2ut
512 2775 631 2816 cum
655 2761 820 2817 Israel
843 2762 1042 2816 dicitur
1062 2762 1201 2827 ﬁlius
1223 2761 1589 2832 primoqenitus
1613 2757 1809 2832 (Exod,

225 2841 311 2900 ly.
339 2827 476 2896 22);
509 2833 592 2888 vel
622 2849 854 2899 servum,
887 2833 1016 2888 licet
1035 2827 1240 2900 justum
1271 2840 1327 2885 et
1359 2840 1623 2884 sanctum.
1657 2829 1812 2897 Quod

223 2897 303 2954 de
353 2904 656 2961 excellente
702 2897 934 2974 quadam
983 2897 1222 2974 ﬁlietate,
1253 2900 1656 2974 intelligendum
1706 2910 1808 2966 est,

223 2983 407 3040 eaque
437 2975 508 3028 ad
543 2972 775 3046 singulas
805 2989 1063 3043 personas
1091 2973 1425 3046 pertinente,
1448 2988 1552 3046 non
1583 2972 1709 3046 item
1742 2975 1809 3028 ad

223 3053 448 3109 gentem
493 3043 675 3111 totam,
711 3063 778 3101 ne
813 3046 1004 3102 Patres
1033 3045 1319 3100 videantur
1352 3043 1689 3098 scholasticis
1731 3055 1810 3098 te-

227 3125 380 3188 mere
419 3115 607 3188 locuti,
633 3129 689 3174 et
713 3120 814 3188 ipsi
846 3131 1062 3187 quoque
1079 3116 1350 3188 Apostolo
1389 3130 1652 3188 pugnasse
1681 3117 1808 3188 ado-

1928 1841 2227 1914 Consentit/
2247 1843 2574 1914 Augustinus
2616 1841 2752 1914 (Lib.
2801 1861 2895 1898 vm
2929 1841 3014 1898 'de
3061 1841 3248 1900 Cenes.
3289 1845 3356 1898 ad
3396 1845 3498 1900 litt.

1927 1924 2040 1988 cap.
2071 1910 2125 1980 9)
2154 1913 2331 1988 :_Qnid
2362 1910 2740 1976 abhorret,'ait,
2772 1916 2815 1967 si
2839 1915 3102 1968 credamus
3125 1914 3404 1988 hominem,
3429 1917 3502 1969 ita

1925 1983 1978 2030 in
2023 1983 2262 2056 paradiso
2300 1987 2649 2044 constitutum,
2697 1995 2748 2038 ut
2779 1997 3070 2054 aperaretur
3101 1987 3498 2056 agriculturam,

1926 2066 2030 2129 non
2053 2053 2224 2107 labore
2258 2056 2446 2116 servili,
2481 2056 2569 2108 sed
2602 2053 2819 2129 honesta
2840 2053 3324 2129 animivolu'ptate?

1994 2123 2252 2188 Quartum
2303 2133 2462 2193 caput
2517 2127 2707 2180 merito
2754 2127 3023 2181 contemni
3073 2123 3284 2193 potest,
3333 2136 3500 2193 atque

1923 2193 2083 2247 etiam
2112 2194 2308 2260 debet;
2343 2213 2462 2249 nam
2496 2196 2704 2249 duobus
2735 2213 2800 2251 ex
2841 2198 2975 2253 locis
3013 2209 3346 2267 assumptum
3377 2206 3495 2262 est,

1923 2279 2148 2340 quorum
2175 2268 2310 2320 alter
2336 2279 2417 2340 est
2446 2269 2498 2340 in
2523 2282 2582 2321 ea
2616 2277 2764 2337 parte
2791 2268 3156 2335 Quaestionum
3183 2283 3342 2340 quam
3372 2283 3498 2337 sup-

1923 2337 2212 2400 posititiam
2265 2339 2644 2406 probavimus;
2697 2341 2835 2393 alter
2884 2337 3217 2408 supponitur
3247 2340 3492 2406 auctori,

1922 2422 2040 2460 cum
2087 2408 2158 2461 sit
2197 2409 2624 2462 adversariorum
2661 2425 2796 2479 quos
2839 2411 3131 2480 impugnat.
3183 2410 3248 2465 Et
3291 2420 3354 2466 ut
3399 2425 3495 2464 sua

1920 2489 2193 2533 constaret
2223 2480 2433 2546 utrique
2466 2482 2581 2533 loco
2612 2481 2904 2535 auctoritas
2927 2526 2939 2545 ,
2976 2482 3109 2535 nihil
3139 2481 3241 2536 nisi
3271 2495 3366 2549 per
3391 2481 3490 2534 itii-

1919 2563 2078 2614 quum
2127 2551 2492 2618 prasjudicium
2533 2552 2780 2606 concludi
2826 2560 3041 2620 posset,
3083 2568 3196 2604 cum
3240 2552 3494 2605 naturalis

1906 2620 2130 2690 justitia:
2163 2635 2263 2673 vox
2305 2620 2628 2675 catholicum
2659 2623 2825 2688 possit
2853 2624 2958 2690 pati
2987 2636 3204 2676 sensum
3225 2663 3242 2687 ,
3274 2637 3378 2689 quo
3411 2621 3491 2674 ni-

1917 2689 2112 2744 mirum
2154 2691 2486 2759 Augustinus
2515 2692 2650 2745 dixit
2679 2694 2698 2758 (
2723 2691 2834 2745 Lib.
2855 2689 2918 2746 ’tv
2950 2701 3086 2746 cant.
3117 2689 3228 2745 Jul.
3267 2708 3380 2758 cap.
3415 2691 3491 2761 ὅ)

1917 2761 2039 2814 vitia
2087 2778 2299 2831 quoque
2349 2762 2463 2829 ipsa
2509 2763 2748 2814 bonitatis
2793 2763 3077 2830 perhibere
3121 2761 3487 2816 testimonium

1916 2835 2198 2898 naturalis,
2247 2832 2296 2884 id
2341 2841 2458 2896 est,
2498 2847 2618 2901 qua:
2659 2834 2953 2886 secundum
2996 2842 3239 2887 naturam
3279 2843 3400 2898 est;
3432 2839 3488 2887 et

1915 2913 2104 2957 auctor
2133 2904 2439 2972 appendicis
2480 2909 2543 2955 ad
2586 2903 2672 2970 cpi
2708 2904 2868 2956 tolam
2908 2903 3181 2959 Ctelestiui
3232 2919 3324 2971 pro
3373 2907 3486 2956 Au.

1913 2976 2126 3041 gnstino
2148 3019 2161 3041 ,
2193 2976 2244 3028 in
2277 2972 2715 3044 praevaricatione
2745 2976 2870 3028 Adae
2901 2989 3088 3028 omnes
3117 2975 3363 3028 homines
3391 2990 3485 3027 na-

1915 3047 2130 3099 turalem
2169 3047 2554 3117 possibilitatem
2594 3054 2649 3098 et
2675 3045 3033 3099 innocentiam
3064 3045 3359 3114 perdidisse
3379 3085 3393 3107 ,
3428 3045 3480 3098 id

1911 3123 2027 3179 est,
2077 3121 2124 3168 in
2169 3119 2374 3184 origine
2427 3125 2722 3183 acceptam.
2777 3117 2841 3169 Et
2882 3126 3027 3171 certe
3066 3125 3292 3180 auctor,
3333 3129 3485 3184 qua:-

223 3182 455 3259 ptionem
476 3173 705 3257 ﬁliorum
727 3173 1256 3259 israe'litis'tribu'enti
1286 3173 1562 3259 (Roinftx,
1590 3185 1668 3259 4).
1698 3187 1808 3259 Ex-
1834 3173 2084 3257 Qstiohe
2114 3189 2201 3250 80,
2235 3173 2299 3242 ei:
2334 3202 2434 3254 qua
2463 3173 2666 3259 otiosus
2698 3187 2807 3259 ille,
2839 3202 2996 3255 quem
3027 3173 3289 3259 diximus,
3320 3173 3486 3259 initer-

224 3255 734 3327 cellenti,inquam,
762 3259 1001 3322 ﬁlietate,
1032 3273 1140 3328 qua,
1160 3257 1395 3326 Spiritus
1424 3255 1667 3323 sanctus,
1691 3258 1804 3327 jam

225 3329 480 3408 ιιρη-ριαιιξ
521 3331 808 3408 ἐνέργειαγῑὶ
827 3329 920 3385 sed
959 3327 1224 3408 _oi'icmdiﬁc
1273 3329 1716 3408 communicatur.
1747 3341 1805 3408 ut

223 3395 299 3449 ait
327 3395 710 3474 Nazianzenus
739 3401 914 3474 (Orat.
942 3399 1071 3474 _M);
1111 3414 1215 3474 qua
1247 3415 1350 3453 non
1370 3399 1496 3474 _jam
1530 3399 1664 3474 odor
1683 3400 1804 3474 bal-

223 3469 360 3522 sami
387 3471 440 3524 in
470 3486 599 3526 vasa
624 3469 832 3533 sancta,
859 3472 954 3526 sed
980 3475 1092 3540 ipsa
1115 3470 1419 3524 substantia
1445 3471 1580 3540 sacri
1605 3470 1805 3525 deﬂuat

224 3541 514 3614 unguenti,
558 3553 615 3597 ut
644 3543 882 3614 loquitur
907 3538 1238 3611 Augustinus
1278 3541 1471 3610 (Serm.
1508 3538 1666 3614 1355);
1701 3559 1800 3614 qua

222 3608 390 3665 homo
430 3611 546 3680 jam
574 3629 680 3668 non
710 3608 908 3668 charus
960 3608 1166 3666 tantum
1210 3608 1505 3681 gratusque
1551 3611 1682 3676 Deo,
1713 3608 1804 3681 qui

223 3688 399 3736 status
424 3683 626 3756 divinae
646 3687 858 3756 gratiae,
885 3685 978 3739 sed
1009 3683 1148 3738 ﬁlius
1174 3684 1479 3756 adOptivus,
1513 3682 1567 3756 in
1582 3682 1804 3756 _Christo

223 3753 464 3824 naturali
516 3753 1069 3820 ﬁlio,'constituatur;
1101 3770 1260 3824 quam
1313 3753 1383 3807 ob
1421 3753 1802 3808 excellentiam

223 3821 339 3888 ipse
369 3825 540 3880 etiam
586 3827 823 3883 Joannes
869 3821 1134 3892 Baptista,
1156 3840 1265 3895 quo
1311 3825 1481 3894 major
1531 3841 1634 3878 non
1682 3841 1805 3879 sur-

222 3895 363 3948 rexit
411 3897 558 3952 inter
599 3907 759 3954 natos
805 3899 1110 3960 mulierum,
1157 3896 1333 3950 minor
1368 3898 1439 3949 sit
1480 3896 1701 3950 minimo
1748 3899 1803 3951 in

222 3978 396 4034 regno
435 3969 720 4036 caelorum,
752 3971 797 4024 si
829 3969 1102 4026 credimus
1141 3967 1344 4037 Cyrillo
1382 3966 1518 4038 (Lib.
1562 3983 1633 4020 xu
1669 3967 1802 4021 The-

224 4038 368 4090 sauri
400 4040 447 4104 );
501 4055 605 4107 qua
654 4039 869 4096 tandem
927 4039 1194 4094 tribuatur
1248 4038 1480 4099 sanctis,
1530 4038 1639 4106 jam
1697 4055 1803 4092 non

226 4107 448 4181 pignus,
474 4110 570 4181 sed
601 4111 760 4165 arrha
790 4120 1027 4181 paternae
1065 4108 1428 4181 fraternaeque
1459 4107 1669 4181 gloriae,
1699 4109 1808 4178 spi-

223 4177 358 4233 ritus
389 4179 646 4237 nimirum
683 4177 808 4238 vitai
844 4194 898 4238 et
944 4179 1397 4242 immortalitatis;
1435 4195 1538 4248 qua
1577 4177 1806 4245 denique

223 4263 331 4321 non
363 4252 665 4321 accipiatur
690 4253 900 4321 spiritus
928 4250 1176 4305 servitutis
1203 4251 1383 4304 iterum
1413 4250 1466 4302 in
1486 4250 1688 4321 timore,
1720 4253 1808 4304 sed

223 4319 802 4458 Egimuswﬁdo‘igonis,
843 4325 897 4378 in
945 4337 1045 4393 quo
1087 4323 1366 4376 clamamus
1405 4336 1422 4372 :
1459 4319 1600 4373 Abba
1650 4320 1810 4374 Pater

296 4408 400 4444 om.
429 4407 550 4457 vui,
585 4397 694 4457 15).

294 4394 1023 4521 ἕῗέιιῖἕιιιιξὶζίὶωἱιιθιὶοηίε
1049 4471 1212 4532 caput
1237 4463 1393 4529 longe
1417 4460 1626 4514 facilius
1648 4475 1805 4530 quam

1912 3260 2121 3324 polator
2149 3275 2243 3313 sua
2273 3259 2383 3312 l'erc
2409 3257 2584 3310 omnia
2612 3257 2927 3325 descripsit,
2962 3259 3074 3310 haec
3101 3257 3260 3311 habet
3286 3256 3443 3308 verba
3469 3273 3484 3308 :

1909 3329 2015 3382 Hic
2041 3333 2085 3384 si
2114 3331 2409 3398 resipiscat,
2441 3336 2488 3380 et
2505 3331 2927 3398 juxtultaturam
2967 3343 3115 3380 suam
3153 3327 3374 3398 sentiat,
3416 3326 3485 3379 ad

1910 3395 2292 3456 Creatorem'se
2330 3395 2589 3468 conferens
2611 3437 2625 3461 ,
2659 3395 2830 3451 Filius
2862 3397 2960 3451 Dei
2990 3402 3124 3462 erit;
3156 3398 3316 3468 quasi
3335 3396 3484 3450 dice-

1909 3481 2027 3527 ret:
2059 3473 2114 3527 Si
2145 3466 2500 3524 idololatriam
2543 3469 2862 3533 detestetur,
2895 3480 2942 3522 et
2971 3469 3144 3521 credat
3187 3468 3240 3520 in
3283 3466 3448 3520 Deum
3468 3506 3484 3532 ,

1907 3546 1994 3614 qui
2020 3544 2134 3614 fecit
2167 3543 2348 3596 caelum
2374 3551 2420 3594 et
2449 3550 2637 3614 terram
2651 3557 2736 3614 _,_a
2766 3550 2936 3614 quo_et
2966 3556 3020 3592 se
3049 3539 3245 3614 factum
3274 3546 3488 3614 natura~

1909 3608 2029 3668 liter
2051 3615 2206 3667 sentit
2235 3616 2249 3679 (
2273 3614 2407 3683 Aug.
2440 3610 2528 3664 lib.
2554 3611 2617 3663 de
2642 3608 2840 3666 Nat.‘et
2863 3609 3013 3664 Grat.
3038 3626 3154 3679 cap.
3179 3608 3250 3680 2)
3272 3649 3287 3676 ,
3323 3608 3486 3664 Filius

1908 3685 2006 3744 Dei
2043 3685 2174 3748 erit,
2207 3695 2314 3739 etc.

1904 3800 1931 3863 §
1961 3800 2021 3851 V.
2058 3799 2131 3848 Au
2173 3811 2297 3848 unus
2337 3798 2402 3847 sit
2438 3798 2589 3863 totius
2617 3797 3159 3863 OperisQnaestionum
3201 3801 3387 3859 auctor,
3433 3799 3489 3845 et

2518 3862 2655 3922 cujus
2689 3860 2864 3908 aetatis.

1981 3968 2286 4033 liejecitnus
2313 3964 2490 4018 statim
2518 3964 2697 4028 initio,
2731 3964 2874 4017 velut
2900 3963 3293 4033 supposititiam
3317 4002 3332 4025 ,
3364 3974 3487 4028 par-

1909 4049 2016 4094 tetn
2059 4039 2238 4098 illam,
2290 4050 2410 4103 quae
2451 4034 2608 4103 vulgo
2649 4034 2884 4088 secunda
2921 4032 3140 4095 dicitur,
3189 4045 3415 4103 quasque
3455 4045 3487 4085 a

1909 4109 2110 4165 Iacobo
2139 4101 2418 4162 Hemerteo
2448 4101 2656 4173 adjecta
2689 4113 2771 4157 est
2798 4121 2809 4155 :
2838 4103 2906 4157 de
2935 4103 3048 4156 sola
3095 4103 3257 4171 igitur
3299 4101 3486 4173 priore

1912 4179 2230 4248 inquirimus
2251 4222 2264 4244 ,
2305 4193 2422 4244 qua:
2453 4171 2649 4248 et'ipsa
2686 4175 3029 4248 triplexest,
3063 4184 3120 4226 ut
3150 4171 3487 4226 Ostendimus

1913 4245 2064 4304 initio
2085 4289 2099 4313 ,
2132 4264 2200 4301 an
2231 4263 2392 4300 unum
2427 4247 2786 4314 eumdemque
2821 4245 3014 4298 haheat
3053 4254 3330 4297 auctorem
3362 4257 3377 4305 ;
3413 4256 3482 4314 an

1917 4338 2043 4376 vero
2086 4312 2270 4385 primae
2317 4318 2470 4382 dure,
2517 4332 2635 4385 qum
2681 4312 2820 4369 verae
2861 4315 3185 4382 quaestiones
3224 4321 3385 4385 sunt,
3418 4312 3488 4366 ab

1915 4393 2020 4446 alio
2061 4383 2221 4459 quam
2265 4389 2456 4454 tertia,
2505 4383 2624 4453 quae
2667 4385 3018 4459 concionibus
3064 4383 3488 4453 tractatibuSque

1918 4456 2093 4531 magis
2113 4460 2437 4522 continetur,
2473 4467 2691 4511 auctore
2721 4458 2932 4531 scripta
2959 4456 3085 4531 sint.

226 4533 792 4611 praecedensdiluitur
810 4555 822 4588 :
842 4550 941 4590 nec
964 4525 1267 4611 enitn'adid
1295 4525 1812 4611 pienstandum'opus
1839 4555 1888 4611 ι)
1935 4603 1966 4611 __
1989 4525 2274 4611 auctorem
2308 4543 2471 4610 unum
2495 4543 2604 4609 non
2633 4541 2751 4581 esse
2773 4569 2786 4589 ,
2806 4527 2941 4611 _hinc
2967 4525 3158 4581 conﬁci
3187 4539 3346 4611 posse
3371 4539 3492 4611 cre-

225 4613 306 4658 est
335 4605 442 4658 nisi
475 4606 660 4660 videre
691 4616 897 4662 tantum
926 4607 1045 4675 quis
1075 4605 1235 4658 fuerit
1263 4604 1500 4657 auctoris
1528 4617 1728 4675 scopus
1757 4614 1810 4657 et

225 4675 552 4742 quibuscum
602 4686 867 4746 pugnaret
909 4673 1240 4745 {pugnabat
1275 4689 1404 4746 vero
1447 4689 1569 4746 cum
1600 4673 1680 4746 iis
1720 4676 1812 4742 qui

224 4747 478 4816 putabant
506 4745 867 4817 perfectionem
906 4748 1034 4801 Atla:
1070 4745 1349 4817 instaurari
1384 4745 1725 4808 credentibus,
1757 4754 1812 4796 ut

224 4817 334 4870 lucc
362 4816 676 4871 instauratio
719 4818 848 4872 nihil
890 4820 1026 4872 ultra
1071 4817 1192 4869 doni
1235 4816 1416 4868 habeat
1443 4830 1597 4885 quam
1646 4817 1814 4879 fuerat

223 4895 534 4942 consecutus
560 4889 746 4942 Adam.
779 4889 1046 4943 Putabant
1073 4886 1240 4956 igitur
1279 4885 1472 4954 spiritu
1500 4885 1813 4956 adoptionis

224 4958 495 5012 donatum
527 4962 756 5026 primum
789 4959 1083 5023 hominem,
1107 4955 1241 5012 cum
1280 4971 1311 5009 a
1346 4957 1453 5010 Deo
1484 4955 1664 5019 ﬁeret;
1691 4956 1813 5023 opi-

226 5025 566 5099 nionemque
606 5045 673 5085 ex
727 5045 795 5085 eo
841 5031 1126 5099 probatum
1176 5028 1348 5090 ibant,
1395 5027 1546 5099 quod
1568 5025 1808 5079 Adamus

224 5096 493 5170 conditus
520 5101 593 5154 sit
620 5096 912 5168 perlectus,
948 5099 1197 5170 quodque
1234 5096 1586 5170 sanctiﬁcatio
1624 5108 1810 5170 nostra

225 5170 362 5224 nihil
411 5169 562 5241 aiiud
610 5164 684 5226 sit
725 5164 905 5241 quam
937 5164 1144 5241 reditus
1181 5168 1247 5222 ad
1297 5168 1589 5241 pristinum
1621 5164 1813 5241 Adami

223 5250 455 5296 statum.
487 5237 762 5296 Adversus
787 5257 884 5296 eos
909 5240 988 5294 sic
1016 5241 1255 5307 disputat
1285 5257 1299 5293 :
1336 5239 1591 5308 primum,
1626 5247 1685 5290 ut
1704 5237 1813 5308 ali—

222 5315 345 5377 quis
375 5312 688 5381 appelletur
718 5311 1018 5380 perl‘ectus,
1051 5306 1166 5381 non
1198 5306 1500 5381 esse—opus
1532 5318 1590 5360 ut
1616 5306 1816 5381 nullius

223 5395 390 5453 egeat,
415 5377 558 5436 aiias
587 5377 836 5451 perfectus
867 5382 994 5450 {oret
1037 5391 1091 5434 ut
1126 5377 1284 5433 Deus.
1321 5378 1523 5453 Deinde
1551 5377 1813 5430 Adamum

225 5449 390 5522 posse
419 5454 528 5508 dici
564 5449 873 5520 perlectum
891 5454 946 5505 in
972 5467 1068 5505 suo
1093 5466 1294 5522 genere,
1328 5461 1384 5503 ut
1413 5449 1515 5504 alia
1543 5462 1815 5522 quaecum-

221 5519 349 5593 que,
382 5525 488 5580 etsi
521 5519 655 5580 nihil
699 5525 894 5578 habeat
923 5524 1061 5575 ultra
1090 5519 1353 5593 naturam,
1374 5529 1418 5593 et
1459 5519 1816 5590 perfectionem

219 5591 476 5660 hominis,
525 5593 828 5664 cuiusmodi
873 5603 976 5657 est,
1028 5591 1211 5666 habere
1243 5591 1512 5666 Spiritum
1559 5599 1812 5666 sanctum,

222 5667 474 5737 nihilque
511 5661 657 5720 aliud
688 5668 824 5720 sciat
849 5679 1008 5737 quain
1047 5663 1186 5737 quod
1225 5661 1486 5737 discendo
1514 5662 1816 5737 cognoscit.

222 5731 424 5792 Postea
469 5731 898 5793 sanctiﬁcatione
939 5734 1127 5790 ﬁdeles
1166 5749 1272 5787 non
1320 5733 1597 5785 instaurari
1634 5731 1812 5797 modo,

224 5823 420 5864 verum
454 5818 510 5864 et
536 5808 818 5870 meliorari,
857 5806 998 5871 quod
1038 5804 1282 5871 pluribus
1316 5802 1678 5870 prosequitur.
1711 5801 1818 5856 Dc-

1917 4602 2114 4657 diderit
2155 4600 2296 4654 forte
2335 4599 2637 4668 quispiam,
2678 4597 2819 4666 quod
2867 4597 3050 4666 prima;
3094 4599 3261 4665 partis
3299 4605 3493 4668 auctor

1915 4674 2195 4740 scripsisse
2222 4685 2279 4724 se
2309 4665 2986 4740 dicat'treccntiscircuer
3013 4668 3166 4722 annis
3198 4675 3316 4735 post
3347 4665 3491 4721 exci-

1915 4737 2060 4798 dium
2105 4741 2600 4811 Hierosolymorum
2645 4754 2673 4792 a
2721 4737 3046 4806 VeSpasiano
3073 4755 3087 4803 ;
3113 4747 3317 4811 auctor
3357 4750 3490 4811 vero

1918 4816 2085 4869 tertiae
2117 4806 2609 4866 testetur'scribere
2638 4824 2696 4862 se
2727 4820 2882 4864 sexto
2906 4849 2919 4870 ,
2952 4819 3008 4862 ut
3037 4808 3252 4876 quidem
3294 4806 3492 4875 legitur

1918 4888 1968 4938 in
2003 4882 2233 4952 vulgatis
2261 4881 2536 4935 codicibus
2558 4926 2571 4946 ,
2605 4879 2785 4933 mundi
2830 4879 3131 4952 millesimo.
3179 4878 3492 4952 Commergo

1921 4945 2190 5009 excidium
2240 4945 2732 5021 Hierosolymorum
2779 4950 3064 5021 contigerit
3112 4962 3238 5000 ann.
3289 4945 3492 5021 Christi

1915 5028 2012 5090 70,
2055 5035 2108 5079 et
2148 5033 2333 5077 sextus
2369 5015 2683 5076 millesimus
2723 5020 2906 5074 mundi
2931 5015 3152 5082 'annus,
3196 5015 3489 5090 secundum

1915 5088 2365 5162 computationem
2426 5093 2698 5160 vulgarem
2753 5091 3069 5162 Graecorum
3104 5128 3120 5153 ,
3178 5088 3249 5141 sit
3304 5101 3483 5162 annos

1916 5158 2114 5222 Christi
2176 5163 2309 5225 459.
2366 5158 2586 5218 necesse
2642 5170 2725 5215 est
2778 5162 2918 5216 inter
2969 5158 3246 5227 utriusque
3298 5158 3492 5226 Operis

1918 5247 2126 5291 aetatem
2159 5249 2328 5288 annos
2354 5234 2422 5289 89
2453 5232 2829 5287 interﬁuxisse.

1991 5306 2128 5374 Quid
2169 5305 2310 5374 quod
2353 5307 2402 5356 in
2446 5303 2623 5374 priore
2659 5303 2836 5370 Opere
2871 5301 2959 5353 vix
2999 5298 3289 5368 quidquam
3333 5311 3488 5374 repe-

1922 5369 2056 5433 ritiir
2096 5369 2514 5444 reprehensione
2544 5369 2773 5444 dignum
2798 5414 2816 5444 ,_
2846 5379 3206 5444 praeterquam
3235 5369 3377 5437 quod
3406 5369 3492 5422 di-

1918 5451 2054 5503 citur
2091 5442 2170 5500 de
2196 5445 2386 5511 Jephtc
2429 5443 2585 5514 (quis
2625 5443 2765 5495 enim
2805 5442 3074 5514 inculpata
3111 5448 3332 5494 accuset
3358 5454 3493 5514 eum

1922 5529 2187 5584 tamquam
2221 5509 2577 5568 facinorosum
2604 5522 2764 5579 atque
2789 5509 3108 5584 sceleratum
3126 5549 3143 5577 ,
3169 5525 3328 5578 quem
3357 5509 3495 5584 Pau-

1921 5591 2002 5644 lus
2035 5583 2324 5654 laudat‘i);
2358 5586 2410 5637 in
2439 5583 2934 5654 posterioreniulta
2978 5591 3138 5654 sunt,
3180 5592 3233 5632 et
3275 5583 3496 5654 omnino

1920 5658 2090 5718 falsa,
2127 5670 2181 5710 ut
2211 5650 2328 5723 qua:
2361 5650 2628 5722 pertinent
2655 5653 2719 5707 ad
2753 5651 3281 5718 Melchisedechum;
3314 5661 3368 5723 et
3398 5650 3495 5715 im-

1923 5739 2186 5795 portuna,
2230 5722 2289 5780 ut
2329 5726 2657 5791 conciones;
2705 5733 2760 5780 et
2802 5725 3123 5790 temeraria,
3164 5730 3224 5776 ut
3260 5722 3496 5795 deﬁnitio

1923 5792 2118 5854 futurae
2148 5798 2318 5852 aetatis
2351 5797 2529 5851 mundi
2556 5837 2570 5862 ,
2621 5796 3078 5866 reprehensioque
3116 5795 3342 5849 canonis
3370 5792 3493 5846 Mis-
