3948 6274
415 299 513 363 δέ)
853 307 942 364 Al)
984 308 1262 371 PARTEM
1299 311 1566 372 PRIMAM
1603 307 1889 372 Ol’EltUlll
1927 315 1999 372 Μ.
2040 309 2476 374 MERCATORIS
2515 317 2857 376 APPENDIX
2893 317 3224 378 SECUNDA.

3459 392 3466 398 ι
3555 315 3664 377 320

413 430 841 504 lerretnlinitum
857 432 1213 504 sit,exempla
1237 432 1478 502 proferre
1499 431 1983 502 promptissimum:
2015 432 2062 490 Α
2092 429 2253 504 modo
2292 431 2530 504 animum
2560 432 2649 489 vel
2676 433 2866 489 leviter
2893 435 3158 490 advertat.
3193 434 3485 504 Utrolnque
3515 447 3666 492 certe

413 503 520 560 duo
549 505 1034 574 impraesentiarum
1065 503 1356 560 suiﬂciunt.

482 573 685 640 Quaest.
710 573 846 642 Quid
873 583 973 643 est,
994 585 1051 630 ut
1071 593 1185 630 cum
1209 575 1286 629 vir
1311 584 1359 629 et
1388 574 1573 628 mulier
1590 589 1692 626 una
1717 573 1820 626 sint
1841 587 1982 639 caro,

412 645 488 718 vir
506 647 674 713 imago
697 643 793 699 Dei
813 647 880 700 sit
901 656 952 700 et
983 662 1087 702 non
1114 645 1338 718 femina?
1361 643 1530 718 Unius
1549 643 1852 718 substantia:
1875 644 1990 718 qui-_

412 715 528 770 dem
549 727 668 770 sunt
692 718 771 770 vir
794 726 843 772 et
886 717 1072 772 mulier
1091 714 1125 784 ,⁷
1151 727 1200 772 et
1244 717 1300 770 in
1329 717 1506 770 anima
1534 722 1580 768 et
1609 715 1662 768 in
1687 729 1840 767 carne
1860 729 1878 778 ;
1896 714 1988 768 sed

411 786 575 858 gradu
598 789 860 858 major_est
886 787 981 855 vir,
1012 789 1135 858 quia
1180 802 1244 842 ex
1276 803 1335 841 eo
1365 787 1680 858 estifemina,
1703 784 1988 858 sicut__dicit

413 853 720 926 Apostolus:
749 856 916 925 Caput
955 853 1184 913 mulieris
1223 859 1302 912 vir
1343 858 1388 924 (I
1418 853 1538 913 Cor.
1589 871 1648 922 tt,
1691 856 1768 925 5).
1821 853 1991 926 causa

412 922 547 999 enim
575 922 960 999 majorem—fecit
979 929 1163 995 virum,
1187 944 1290 983 non
1305 922 1602 999 substantia
1621 922 1843 999 (Quaest.
1867 922 1985 995 24).

481 995 787 1055 Comment.
819 1000 1060 1064 Quamvis
1087 1016 1194 1054 una
1230 998 1515 1054 substantia
1541 999 1607 1051 sit
1628 1006 1676 1050 et
1701 997 1776 1050 vir
1797 1005 1847 1050 et
1876 1012 1990 1049 mu-

411 1065 528 1140 lier,
563 1079 728 1125 tamen
748 1071 870 1140 quia
913 1071 990 1124 vir
1034 1078 1188 1140 caput
1215 1079 1288 1124 est
1327 1068 1576 1130 mulieris,
1603 1067 1987 1140 anteponendas

410 1139 656 1206 traditur,
691 1139 878 1211 ut’per
902 1157 1115 1211 causam
1154 1149 1201 1196 et
1243 1142 1493 1211 rationem
1536 1141 1707 1209 major
1748 1139 1836 1203 sit,
1884 1153 1988 1211 non

411 1227 502 1280 per
522 1208 881 1267 substantiam.
917 1209 1146 1280 Inferior
1173 1227 1293 1280 ergo
1320 1209 1504 1264 mulier
1541 1208 1648 1262 viro
1693 1217 1784 1274 est,
1823 1208 1990 1278 portio

409 1282 544 1334 enim
567 1285 677 1353 ejus
708 1293 804 1348 est,
835 1284 956 1352 quia
985 1279 1128 1353 origo
1172 1279 1403 1335 mulieris
1427 1281 1503 1353 vir
1541 1289 1614 1334 est
1628 1295 1655 1353 _:
1685 1294 1825 1353 eatea
1853 1279 1989 1332 enim

408 1361 506 1476 ἷεὲ
535 1347 609 1476 ac)
624 1371 713 1424 per
752 1347 857 1409 hoc'
884 1347 1103 1408 obnoxia
1131 1353 1327 1408 videtur
1379 1351 1562 1405 mulier
1589 1351 1698 1404 viro
1734 1347 1826 1422 (In
1854 1365 1901 1402 c.
1927 1365 1985 1415 ιι,

503 1439 580 1476 or.

503 1439 580 1476 or.

478 1424 678 1560 65:33:.
716 1493 854 1548 Hinc
873 1505 948 1549 est
979 1495 1110 1549 unde
1134 1492 1333 1548 Paulus
1359 1492 1625 1564 apostolus
1649 1508 1668 1547 :
1709 1491 1774 1545 In
1803 1509 1990 1562 magna

407 1573 594 1632 autem,
630 1565 825 1636 inquit,
855 1567 1006 1620 domo
1052 1581 1155 1619 non
1199 1565 1379 1636 solum
1410 1575 1534 1636 su_nt
1579 1578 1723 1636 vasaA
1745 1578 1905 1636 aurea
1941 1573 1990 1636 et

407 1632 788 1707 argenteaL'sed
811 1645 858 1690 et
885 1637 1054 1707 lignea
1080 1635 1336 1707 eti/ictilia
1361 1635 1428 1706 (Il
1449 1633 1584 1707 Tim.
1615 1648 1674 1700 tt,
1697 1633 1810 1707 20).
1841 1632 1990 1688 Istud

406 1715 614 1775 propter
643 1705 978 1777 Hymenceum
999 1717 1045 1760 et
1075 1705 1391 1760 Philrethum
1416 1705 1607 1777 posuit.
1647 1705 1734 1773 qui
1764 1721 1878 1758 cum
1905 1721 1988 1758 es-

2091 500 2370 576 difﬁdentia
2411 517 2507 576 pro
2552 504 2927 576 incredulitate
2972 507 3226 574 ponitur;
3257 500 3476 560 verbum
3527 523 3667 576 prte-

2088 572 2353 645 varicandi
2403 575 2576 630 activa
2630 572 3012 645 terminatione
3065 576 3293 631 barbare
3340 572 3665 645 usurpatur;

2088 641 2554 718 verbttm‘quoqtte
2583 643 2909 712 meliorandi,
2935 657 2987 702 et
3004 647 3114 718 alia
3140 647 3390 718 plurima,
3414 641 3534 715 qua:
3559 641 3667 718 etsi

2091 711 2398 788 insolen_tia,
2423 711 2673 771 videntur
2705 711 2901 772 tamen
2927 717 3014 773 vel
3059 711 3385 788 familiaria,
3421 711 3502 774 vel
3531 717 3669 775 alie-

2089 791 2233 837 ctata
2259 783 2329 838 ab
2351 795 2590 843 auctore.

2160 852 2349 910 Sentio
2370 858 2568 928 opponi
2590 872 2752 928 posse
2779 858 2924 914 duo:
2953 860 3180 916 alterum
3207 860 3467 917 adversus
3493 861 3669 918 ratio-

2090 940 2216 980 nem
2246 927 2511 1002 temporis
2532 930 2914 1002 constitutam;
2945 932 3193 996 alterum,
3231 947 3340 1002 quo
3381 931 3671 989 diversitas

2089 997 2369 1073 sententia:
2399 998 2673 1073 probetur.
2703 999 2834 1073 Nam
2864 1013 3051 1057 auctor
3095 997 3269 1058 tertiae
3299 1005 3467 1073 partis
3505 1006 3672 1070 Quae-

2088 1067 2322 1138 stionum
2346 1069 2588 1124 scribere
2614 1084 2674 1125 se
2697 1070 2772 1126 ait
2799 1087 2941 1126 anno
2959 1073 3143 1128 mundi
3167 1067 3321 1128 sexto
3348 1067 3666 1138 millesimo,

2089 1137 2178 1206 qui
2209 1136 2407 1193 Christi
2433 1139 2534 1197 ‘59
2558 1143 2850 1196 secundum
2871 1141 3120 1198 Graecos:
3144 1145 3309 1198 distat
3332 1146 3489 1206 igitur
3509 1136 3671 1200 annis

2089 1207 2355 1281 octoginta
2385 1218 2440 1281 _et
2465 1211 2697 1281 amplius
2738 1213 2806 1266 ab
2845 1223 3003 1268 astate
3047 1216 3281 1269 auctoris
3321 1207 3671 1270 Commenta-

2090 1279 2329 1356 riorum,
2340 1279 2828 1356 viventeparnaso,
2850 1283 3157 1339 scribentis.
3186 1285 3386 1340 Deinde
3407 1285 3666 1356 quaestio-

2089 1363 2158 1421 ne
2179 1347 2289 1421 109
2311 1348 2697 1407 Melchisedech
2720 1353 2920 1408 dicitur
2946 1369 3048 1408 non
3071 1369 3192 1410 esse
3209 1357 3389 1421 homo,
3419 1347 3670 1411 asses-itur

2090 1419 2144 1472 in
2165 1416 2555 1494 Commentariis
2583 1423 2652 1475 ad
2677 1440 2791 1490 cap.
2824 1440 2859 1479 ιι
2891 1422 3061 1494 Epist.
3095 1430 3162 1479 ad
3192 1416 3460 1481 Hebraeos.

2167 1488 2382 1571 Verum.
2411 1493 2552 1562 quod
2582 1488 2817 1571 pertinet
2843 1494 2910 1550 ad
2939 1488 3359 1571 tempus._lacil_e
3384 1499 3484 1551 luit
3508 1512 3668 1552 erro-

2090 1573 2204 1613 rem
2243 1565 2296 1614 in
2327 1578 2583 1618 numeros
2622 1565 2880 1637 irrepere,
2929 1567 3267 1633 transpositis
3317 1569 3528 1631 litteris,
3562 1583 3668 1637 po-

2092 1637 2308 1705 testque
2331 1642 2579 1702 suspecta
2605 1633 2773 1705 videri
2813 1637 3141 1705 computatio
3186 1653 3448 1693 annorum
3480 1633 3670 1693 mundi

2091 1715 2253 1777 more
2265 1701 2573 1777 Graecorum
2597 1703 2736 1760 facta
2760 1706 2828 1760 ab
2855 1701 3072 1762 homine
3091 1708 3304 1763 Latino.
3318 1708 3512 1777 Quidni
3535 1725 3672 1776 ergo

407 1772 516 1857 sent
538 1772 881 1870 ezq.Ec:clJesin,
912 1793 1147 1870 perverse
1185 1777 1260 1870 dg
1284 1776 1982 1870 resurrectionesentiebant,
2015 1809 2063 1870 B
2093 1785 2192 1870 Pro
2223 1772 2258 1826 6
2286 1775 2854 1870 millesimqlscriptum
2885 1777 3045 1870 fuerit
3065 1772 3437 1870 millesimo,
3460 1789 3515 1860 et
3545 1772 3673 1833 mil-

405 1847 534 1898 sicut
551 1848 710 1917 aliqui
731 1848 792 1900 de
812 1845 1192 1902 Corinthiorum
1211 1845 1446 1901 Ecclesia
1466 1846 1881 1917 resurrectionem
1896 1863 1985 1900 ne-

405 1917 616 1990 gabant.
649 1917 753 1990 Sed
778 1917 913 1990 hanc
941 1919 1150 1990 domum
1177 1933 1430 1990 magnam
1477 1916 1796 1990 {ovatianus
1834 1934 1986 1990 mun-

408 1985 836 2059 dum_siguificat
883 1985 1293 2059 intelligendum,
1339 2004 1440 2042 non
1489 1985 1813 2059 Ecclesium;
1841 2004 1904 2041 ne
1929 1989 1984 2044 in

405 2073 507 2112 una
533 2056 785 2123 Ecclesia,
803 2058 968 2114 malos
993 2056 1107 2114 cum
1123 2060 1288 2123 bonis,
1314 2059 1530 2112 mundos
1551 2073 1664 2111 cum
1684 2058 1979 2114 immundis.

405 2139 622 2210 cogatur
668 2146 914 2195 asserere,
962 2131 1101 2198 quod
1136 2131 1291 2200 facile
1337 2138 1460 2199 puto
1501 2129 1736 2182 convelli.
1782 2126 1850 2210 in
1880 2147 1983 2184 una

406 2214 540 2251 enim
570 2204 722 2254 domo
738 2215 909 2255 omnes
938 2201 1030 2254 sub
1061 2217 1164 2254 uno
1183 2209 1304 2254 sunt
1322 2201 1526 2253 nomine
1545 2214 1563 2251 .'
1589 2213 1818 2268 quamvis
1849 2203 1984 2254 enim

405 2270 635 2324 moribus
664 2271 844 2325 diversi
889 2281 1030 2336 sunt,
1062 2287 1164 2325 uno
1205 2280 1373 2324 tamen
1416 2270 1612 2323 domini
1646 2269 1730 2322 sui
1779 2273 1984 2327 nomine

406 2347 671 2413 censentur
697 2352 744 2396 et
780 2343 1116 2413 professione.
1169 2340 1400 2395 Mundus
1440 2350 1608 2413 autem
1647 2338 1731 2392 hic
1769 2341 1984 2396 diversae

405 2411 734 2478 professionis
782 2411 1007 2466 continet
1054 2413 1304 2478 homines,
1348 2413 1422 2465 ita
1447 2420 1502 2464 ut
1541 2411 1772 2482 dispares
1821 2413 1983 2482 proﬁ-

405 2488 610 2552 teantur
650 2499 703 2538 se
733 2483 918 2537 habere
945 2493 991 2537 et
1017 2483 1137 2538 deos
1172 2492 1219 2537 et
1257 2483 1513 2552 domitura.
1551 2480 1706 2535 Vides
1731 2497 1848 2552 ergo
1878 2480 1982 2538 non

404 2551 500 2605 hoc
525 2554 747 2624 potuisse
766 2553 868 2607 dici
887 2553 952 2607 de
971 2554 1181 2617 mundo,
1205 2555 1294 2607 sed
1315 2553 1378 2606 de
1404 2550 1658 2619 Ecclesia,
1682 2552 1735 2606 in
1758 2550 1860 2619 qua
1887 2557 1982 2608 sub

403 2624 771 2749 :3;)degentes
817 2626 1020 2679 nomine
1057 2625 1244 2679 diversi
1271 2633 1392 2679 sunt
1419 2634 1558 2693 actu,
1605 2634 1712 2679 etc.
1755 2625 1978 2694 (Quint.

471 2695 776 2841 Eilmment.
797 2766 1123 2841 Significavit
1145 2768 1198 2820 in
1235 2764 1469 2841 Ecclesia
1495 2765 1724 2819 diversos
1750 2781 1856 2841 esse
1884 2765 1980 2820 Ito-

401 2835 584 2907 mines,
615 2835 1044 2907 quosdam'bonos
1073 2846 1122 2892 et
1144 2853 1370 2892 summos
1414 2838 1565 2904 viros,
1587 2852 1714 2907 quos
1755 2837 1808 2888 in
1851 2853 1980 2892 auro

399 2903 744 2979 intelligi‘vult
763 2925 782 2974 ;
801 2911 1051 2977 quosdam
1093 2911 1248 2962 bonos
1279 2917 1496 2973 tantum,
1525 2903 1742 2979 quosﬂin
1768 2920 1979 2979 argento

405 2974 634 3050 designat
656 2992 676 3031 :
705 2974 836 3050 alios
866 2995 982 3032 vero
1004 2995 1112 3050 non
1135 2979 1314 3039 bonos.
1346 2994 1472 3050 quos
1499 2974 1620 3031 vasa
1647 2978 1816 3050 lignea
1832 2974 1894 3032 'et
1914 2980 1979 3047 [i-

401 3047 546 3121 cﬁtilia
575 3048 834 3118 appellat:
874 3049 1011 3121 quo_d
1058 3050 1190 3121 nulli
1231 3047 1525 3121 ambiguum
1565 3056 1708 3117 puto.
1761 3047 1896 3102 Nam
1924 3051 1978 3104 in

400 3114 787 3174 Corinthiorum
826 3114 922 3175 hoc
944 3117 1180 3174 Ecclesia
1210 3114 1389 3188 probai
1431 3114 1668 3189 frequens
1694 3134 1858 3173 sermo
1887 3121 1978 3174 ob-

2112 1843 2315 1923 esimus
2343 1860 2439 1923 pro
2463 1846 2772 1923 millenario
2795 1849 3040 1917 positus?
3065 1849 3155 1906 Sic
3179 1851 3510 1923 enimomnia
3533 1863 3672 1923 con-

2085 1913 2355 1988 ciliantur
2372 1915 2515 1988 l'a_cili
2543 1913 2914 1986 negotio.cttm
2937 1929 3131 1988 quarto
3153 1921 3336 1974 mundi
3354 1919 3672 1974 milleuario

2085 1985 2381 2065 secundum
2412 1985 2631 2065 Latinos
2657 1985 3025 2065 scriberentur
3051 1993 3399 2065 quiastiones.
3425 1990 3498 2065 Ea
3531 2005 3672 2044 con-

2082 2059 2291 2124 jectura
2323 2067 2471 2111 tanto
2503 2059 2829 2124 probabilior
2851 2071 2934 2114 est
2961 2059 3162 2130 quanto
3206 2062 3354 2130 plura
3384 2061 3666 2127 adjuncta,

2084 2139 2216 2198 quia
2236 2131 2506 2194 prosecuti
2530 2145 2714 2183 sumus
2743 2138 2924 2196 antea,
2955 2131 3128 2198 ipsam
3168 2131 3510 2187 conﬁrmant.

2158 2195 2454 2270 Diversitas
2516 2202 2834 2270 sententiae,
2888 2195 2990 2270 qua
3042 2211 3230 2256 auctor
3292 2201 3670 2269 Quaestionum

2085 2265 2309 2342 (Quaest.
2337 2269 2438 2324 109
2462 2276 2514 2322 in
2543 2265 2828 2342 Comment.
2856 2265 2923 2323 ad
2944 2287 2990 2325 c.
3022 2286 3094 2326 vn
3118 2272 3186 2325 ad
3223 2265 3402 2342 Hebr.)
3439 2271 3666 2326 Melchi-

2083 2337 2374 2409 sedechum
2406 2351 2564 2409 negat
2603 2339 2768 2394 fuisse
2793 2340 3067 2396 hominem
3095 2385 3109 2406 ,
3143 2337 3666 2408 afﬁrmat'Hilarius,

2084 2407 2342 2476 majorem
2383 2407 2595 2465 crearet
2636 2410 3028 2476 difﬁcultatem,
3057 2413 3158 2467 nisi
3188 2422 3478 2478 constaret,
3509 2407 3668 2466 HilaQ

2052 2523 2054 2526 .
2083 2479 2221 2552 rium
2248 2482 2299 2552 in
2325 2479 2700 2552 Epistolamad
2725 2481 2978 2537 Hebraeos
2995 2483 3126 2537 nihil
3149 2483 3454 2552 scripsisse,
3471 2498 3669 2552 quem-

2081 2547 2385 2622 admodum
2423 2566 2523 2622 uec
2572 2551 2956 2622 Hieronymum
2991 2594 3008 2618 ,
3060 2569 3160 2608 nec
3200 2547 3513 2619 Pelagium,
3557 2569 3666 2610 nec

2083 2619 2248 2694 ullum
2279 2620 2440 2676 alium
2471 2619 2791 2694 Latinorum
2827 2623 3072 2691 ejusdem
3125 2625 3298 2679 astatis
3348 2624 3449 2694 (rei
3497 2639 3666 2680 causa

2082 2689 2323 2764 eruditos
2365 2707 2470 2747 non
2503 2694 2676 2760 latet).
2729 2689 3013 2762 Supplevit
3058 2694 3221 2761 igitur
3267 2689 3464 2764 aliquis
3509 2709 3666 2749 com-

2083 2761 2343 2816 mentaria
2374 2765 2566 2831 quibus
2594 2764 2778 2835 decem
2806 2761 2980 2831 priora
3014 2765 3273 2835 Epistolas
3299 2761 3472 2835 capita
3492 2781 3666 2834 expo-

2083 2845 2306 2916 nuntur,
2337 2836 2526 2916 partim
2549 2850 2615 2889 ex
2638 2833 3263 2916 Chrysostornm'partim
3292 2833 3664 2916 ex'_Hi_ert_iriv-

2081 2915 2202 2975 mo;
2250 2915 2304 2975 ut
2365 2906 2558 2959 mirutn
2623 2905 2822 2960 nemini
2865 2905 3035 2960 videri
3082 2906 3307 2975 debeat,
3346 2907 3390 2961 si
3422 2907 3488 2960 de
3525 2905 3666 2961 Μέι.

2081 2971 2403 3046 cbisedccho
2451 2975 2553 3029 hoc
2595 2976 2648 3030 in
2696 2991 2861 3044 Opere
2904 2976 3152 3045 legantur
3195 2971 3480 3046 pugnantia
3511 2992 3664 3046 qna:-

2080 3043 2367 3118 stionihus,
2399 3061 2532 3115 quas
2564 3043 2924 3118 Hieronymus
2949 3043 3010 3101 ea
3043 3050 3154 3115 ipsa
3184 3043 3408 3118 epistola
3433 3043 3660 3117 refellit,

2083 3115 2226 3187 unde
2250 3115 2462 3187 additor
2491 3115 2866 3172 mutuatus'est
2892 3119 3003 3187 ipsa
3026 3117 3185 3172 etiam
3218 3115 3403 3173 verba.

395 3189 654 3271 iurganlis
679 3191 1112 3271 Apostolipnun'c
1140 3185 1309 3271 autem
1336 3192 1388 3271 in
1418 3185 1652 3271 Ecclesia
1676 3202 1853 3243 nostra
1879 3209 1974 3261 pa-
2007 3191 2052 3255 C
2093 3267 2125 3271 Α
2153 3185 2233 3267 Es
2265 3186 2347 3241 his
2395 3203 2515 3271 quae
2544 3187 2814 3271 disputata
2856 3185 2984 3271 stitit
3013 3188 3280 3271 hactenus
3301 3201 3663 3271 utroituepo-

399 3260 630 3333 lgmest,
658 3273 706 3316 et
732 3263 785 3316 in
812 3261 1002 3332 templo
1037 3261 1434 3333 Hierosolymis,
1465 3262 1518 3314 in
1543 3276 1645 3333 quo
1689 3270 1842 3333 typus
1868 3260 1978 3316 erat

398 3326 705 3404 Ecclesia,
731 3326 1017 3404 manifestis
1083 3326 1376 3388 lectionibus
1420 3326 1757 3404 approbatur.
1814 3332 1979 3388 Erant

394 3401 530 3471 enim
571 3402 644 3456 ibi
672 3401 976 3468 Sadductei,
1001 3421 1064 3459 ea:
1089 3419 1304 3470 quorum
1328 3401 1505 3456 radice
1530 3410 1640 3456 erat
1663 3401 1978 3471 Hymenteus

393 3480 441 3522 ct
471 3469 740 3536 Philistus,
762 3476 826 3529 de
855 3491 1074 3541 quorum
1099 3469 1255 3544 prava
1280 3474 1532 3528 sententia
1561 3489 1678 3526 cum
1698 3469 1976 3540 Apostolus

391 3551 536 3616 esset
549 3543 752 3616 loc_utus
770 3587 786 3612 ,
817 3546 991 3600 statim
1018 3543 1112 3616 hoc
1155 3545 1404 3616 subjecit,
1433 3555 1488 3598 ut
1517 3559 1616 3616 non
1663 3553 1790 3598 esset
1819 3547 1978 3598 mira-

392 3611 492 3664 bile
518 3613 572 3665 in
605 3611 838 3668 Ecclesia
879 3615 1040 3669 videri
1079 3611 1313 3669 homines
1333 3614 1722 3679 dissentientes;
1763 3631 1880 3667 nam
1925 3623 1976 3670 et

392 3681 446 3734 in
476 3681 860 3738 Corinthiorum
914 3685 1166 3751 Ecclesia,
1213 3688 1276 3739 de
1303 3702 1402 3754 qua
1428 3685 1558 3748 dixi,
1585 3684 1794 3754 quidam
1830 3697 1974 3741 erant

392 3754 478 3819 qui
503 3754 857 3825 dissentientes
880 3758 1301 3810 resurrectionem
1340 3756 1614 3825 negabant.
1646 3756 1876 3825 Insanus
1896 3766 1976 3811 ta-

392 3839 506 3876 men
534 3823 765 3880 Novatus
786 3868 801 3890 ,
830 3835 886 3880 ut
916 3827 1078 3881 errori
1117 3843 1210 3881 suo
1233 3823 1559 3888 blandiatur,
1601 3824 1752 3878 aliter
1771 3824 1868 3879 hoc
1895 3828 1973 3880 in~

392 3893 726 3968 telligendum
755 3897 937 3964 tradit,
979 3906 1033 3951 ut
1056 3897 1234 3968 domus
1261 3913 1449 3968 magna
1479 3905 1610 3950 totus
1655 3897 1878 3968 mundus
1901 3898 1974 3951 si-

392 3913 499 3946 tcm
537 3913 726 3949 enaum
755 3913 937 3964 traait,
979 3913 1033 3951 ut
1056 3913 1234 3950 aomus
1261 3913 1449 3968 magna
1479 3913 1610 3950 totus
1655 3913 1878 3950 muuaus
1901 3915 1972 3951 si-

389 3913 626 4034 gnifiqcari
653 3969 914 4031 credatur,
946 3969 1066 4034 quia
1092 3967 1239 4022 habet
1277 3969 1540 4022 hominum
1583 3967 1926 4022 diversitatem
1951 3985 1972 4034 ,'

387 4049 508 4108 cum,
525 4046 717 4091 constet
755 4037 1055 4108 Apostolum
1081 4039 1316 4104 exemplo
1352 4053 1502 4092 usum
1525 4039 1704 4108 domus
1733 4037 1902 4091 divitis
1923 4049 1972 4094 et

387 4107 640 4186 apulenti,
666 4125 780 4178 qua
806 4107 1044 4180 quamvis
1086 4111 1294 4180 copiosa
1323 4110 1420 4176 sit,
1463 4107 1612 4190 habet
1652 4118 1819 4161 tamen
1848 4125 1971 4165 vasa

385 4172 555 4243 lignea
599 4189 647 4232 et
684 4181 886 4244 lictilia.
941 4180 1056 4234 Hoc
1100 4182 1250 4236 modo
1267 4191 1314 4235 et
1355 4179 1611 4244 Ecclesia,
1659 4195 1969 4244 quamquam

385 4192 555 4243 ugnea
599 4192 647 4232 et
684 4192 886 4244 μειιιια.
941 4192 1056 4234 Hoc
1100 4192 1250 4236 modo
1267 4192 1314 4235 et
1355 4192 1611 4244 Ecclesia,
1659 4195 1968 4249 quamquam

384 4256 563 4301 sancta
587 4251 811 4316 dicatur,
842 4250 991 4304 habet
1016 4259 1187 4306 tamen
1211 4270 1255 4306 ei
1279 4252 1484 4306 vitiosos
1501 4260 1546 4304 et
1567 4266 1726 4321 prava
1751 4251 1968 4304 sentien-

385 4321 458 4368 tes
481 4357 496 4380 ,
519 4322 653 4373 sicut
670 4322 904 4388 superius
935 4323 1230 4376 memoravi.
1267 4321 1406 4389 Quos
1444 4319 1754 4375 contumelia
1785 4321 1966 4390 dignos

383 4390 626 4463 ostendit,
676 4406 779 4463 non
827 4401 995 4445 tamen
1051 4394 1308 4463 perituros
1331 4434 1344 4458 ,
1397 4392 1486 4446 sed
1531 4392 1825 4463 purgandos
1875 4409 1967 4463 per

382 4456 570 4524 ignem,
598 4461 723 4532 _q_uia
750 4463 926 4532 domui
953 4478 1016 4532 ea:
1039 4456 1217 4532 aliqua
1260 4456 1406 4531 parte
1435 4456 1707 4516 necessarii
1731 4471 1846 4514 sunt
1873 4456 1964 4532 (In

379 4541 496 4600 cap.
530 4543 567 4600 ll
597 4527 638 4584 ll
673 4532 751 4583 Ad
784 4531 1034 4600 Timoth.)

449 4595 644 4671 Iisdem
674 4615 820 4671 saepe
848 4595 1030 4656 verbis
1083 4615 1216 4656 usus
1263 4612 1346 4658 est
1387 4601 1441 4656 in
1489 4611 1716 4670 utroque
1765 4616 1950 4670 opere,

375 4669 518 4742 quod
544 4684 665 4725 cum
687 4671 740 4742 in
756 4669 1028 4742 exemplo
1047 4674 1226 4742 priore
1249 4672 1316 4727 de
1346 4673 1576 4728 muliere
1594 4669 1836 4740 apertum
1857 4677 1948 4742 sit,

375 4735 573 4796 frustra
621 4735 1087 4812 referantur'alia,
1132 4759 1250 4814 qua:
1298 4743 1495 4815 legenti
1554 4735 1861 4810 occurrent,
1901 4735 1950 4799 si

2081 3258 2311 3329 steriore
2339 3261 2534 3329 capite.
2560 3259 2847 3324 concludo,
2877 3259 3161 3326 Hilarium,
3193 3260 3280 3328 qui
3313 3275 3378 3315 ex
3411 3258 3662 3316 Sardinia

2081 3327 2361 3400 oriundus,
2384 3327 2544 3400 solet
2594 3331 2860 3384 nominari
2889 3331 3166 3400 diaconus,
3214 3330 3412 3400 quique
3441 3329 3660 3385 Lucife-

2080 3398 2262 3452 riauus
2306 3399 2468 3470 vulgo
2493 3400 2660 3463 audit,
2693 3401 2975 3470 scripsisse
3021 3399 3128 3455 duo
3156 3398 3270 3455 haec
3305 3398 3488 3469 opera,
3517 3415 3659 3470 quo-

2080 3484 2196 3522 rum
2226 3483 2452 3525 examen
2483 3481 2592 3525 tum
2625 3471 2747 3536 hoc,
2773 3481 2879 3525 tum
2922 3471 3263 3538 praecedente
3287 3472 3462 3537 capite
3501 3471 3660 3524 insti-

2079 3546 2251 3593 tutum
2279 3550 2383 3596 est.
2415 3540 2619 3596 Deinde
2647 3545 2818 3596 ipsum
2847 3542 3115 3596 immerito
3144 3542 3442 3596 traductum
3473 3541 3659 3596 alieno

2077 3612 2317 3682 nomine,
2358 3612 2451 3682 qui
2481 3627 2636 3666 suum
2667 3612 2826 3668 habet
2856 3614 2922 3665 ab
2953 3613 3254 3682 Augustino
3297 3613 3463 3667 semel
3488 3621 3658 3680 atque

2078 3681 2268 3753 iterum
2314 3681 2664 3750 appellatum.
2697 3681 3201 3753 Deindeimmerito
3225 3697 3443 3753 quoque
3468 3691 3658 3750 postu-

2073 3751 2240 3806 latum
2261 3753 2377 3808 sive
2407 3753 2724 3824 Pelagianae,
2755 3754 2874 3808 sive
2894 3751 3496 3815 Coelestianae‘haaresis,
3523 3765 3652 3824 cuin

2075 3825 2284 3894 utrique
2313 3821 2591 3879 manifesie
2636 3833 2861 3894 pugnet,
2891 3832 2944 3878 et
2991 3826 3141 3878 testis
3187 3823 3487 3894 catliolicze
3520 3821 3652 3877 lidei

2111 3893 2245 3948 uoad
2292 3904 2564 3964 peccatqu
2611 3893 2873 3964 originale
2911 3895 2980 3948 ab
3030 3895 3329 3964 Augustino
3373 3893 3647 3947 laudetur.

2119 3963 2500 4033 eiude’neque
2527 3963 2747 4034 Pelagii,
2797 3979 2969 4033 neque
3007 3963 3246 4020 leestii
3296 3965 3652 4031 interpretem

2071 4035 2179 4092 dici
2209 4051 2390 4105 posse,
2415 4051 2536 4090 cum
2566 4045 2850 4105 utrumque
2878 4044 3052 4105 aetate
3078 4034 3304 4105 multum
3353 4047 3655 4105 praeesse-

2069 4109 2162 4172 rit,
2210 4103 2551 4177 senseritque
2595 4121 2715 4161 cum
2757 4103 2870 4160 sua:
2913 4104 3089 4177 aetatis
3113 4103 3362 4177 Patribus
3403 4103 3654 4177 apprime

2052 4177 2370 4233 .catholicis.
2403 4174 2602 4232 Deinde
2633 4187 2793 4231 tanta;
2822 4175 3153 4230 auctoritatis
3182 4190 3303 4230 esse
3350 4175 3416 4228 ad
3444 4189 3532 4227 res
3560 4174 3651 4228 sui

2070 4250 2346 4318 temporis,
2378 4250 2428 4302 id
2451 4257 2554 4312 est,
2583 4250 2756 4317 quarti
2786 4247 2967 4318 saeculi
2992 4245 3321 4318 inclinantis,
3347 4243 3646 4318 testatidas,

2066 4313 2278 4389 quanta:
2309 4318 2537 4389 quilibet
2573 4313 2878 4386 alius'apud
2910 4315 3152 4389 Latinos,
3179 4317 3224 4369 si
3250 4314 3387 4389 forte
3415 4313 3650 4369 Ambro-

2065 4385 2202 4445 sium
2229 4385 2486 4460 excipias.
2512 4385 2876 4455 Postremum,
2903 4401 3032 4460 vere
3058 4387 3257 4440 dixisse
3287 4385 3646 4460 Mercatoreni

2065 4475 2095 4516 a
2135 4455 2422 4516 Theodoro
2448 4461 2790 4529 Mopsuestia:
2830 4459 3100 4529 episcopo‘
3121 4464 3294 4529 ortam
3325 4470 3445 4529 esse
3473 4455 3648 4529 haere-

1982 4561 2037 4621 n
2065 4531 2189 4621 ξίιιξρ
2219 4531 2305 4586 cui
2337 4523 3645 4621 lactucis:natura}:5131893221“:an-

2063 4595 2465 4726 lestiodnomen.
2497 4599 2652 4668 Quod
2675 4595 2784 4655 'luit
2812 4595 2913 4654 hoc
2944 4608 3170 4668 utroque
3195 4598 3375 4666 capite
3420 4595 3643 4650 demon-

2063 4681 2209 4726 stran
2251 4687 2360 4726 um.

2057 4681 2360 4729 strandum.

1524 4959 2303 5046 DISSERTATIO
2377 4962 2493 5042 ΙΙ.

727 5099 812 5153 ΒΕ
843 5099 1113 5154 SYNODIS
1146 5101 1400 5155 HABITIS
1437 5101 1501 5154 IN
1535 5101 1740 5154 CAUSA
1773 5097 2268 5151 PELAGIANORUM
2300 5095 2580 5149 VIVENTE
2611 5094 2856 5147 SANCTU
2892 5090 3256 5144 AUGUSTINO

371 5203 446 5267 In
477 5202 612 5269 hac
641 5207 837 5272 verba
865 5209 1052 5272 Marii
1093 5209 1466 5270 Mercatoris
1500 5227 1515 5267 :
1551 5206 1699 5271 Non
1741 5205 1941 5266 solum
1975 5202 2406 5283 imperialibus
2445 5201 2684 5283 legibus
2714 5248 2730 5279 ,
2776 5200 2886 5283 sed
2921 5192 3640 5283 etiamsacerdotalibus

839 5289 1098 5350 statutis
1131 5287 1398 5368 depositi
1425 5296 1609 5366 atque
1646 5285 2044 5346 exauctorati
2060 5279 2242 5358 sunt,
2270 5290 2393 5345 etc.
2433 5279 2842 5364 (commouit.
2879 5297 3019 5360 cap.
3050 5279 3140 5354 3.)

436 5429 550 5502 Etsi
581 5429 843 5502 Mercator
870 5432 1160 5502 propositis
1201 5428 1618 5502 Commonitorii
1645 5428 1828 5502 verbis
1867 5427 1937 5482 de
2041 5425 2374 5502 lagianorum
2407 5469 2421 5493 ,
2451 5424 2625 5502 donec
2666 5431 2969 5479 moreretur
2990 5417 3482 5502 A3893linu§tﬁut
3503 5429 3636 5502 0919⁸

363 5516 473 5556 una
503 5498 708 5556 Zosimi
738 5498 1011 5568 tractoria,
1040 5505 1126 5558 vel
1151 5505 1314 5558 etiam
1335 5505 1406 5557 de
1432 5498 1934 5555 lnnocentiidecre-

365 5583 444 5638 to,
476 5585 781 5628 sermonem
807 5573 1014 5636 iecerit.
1044 5589 1151 5629 non
1181 5575 1286 5630 erit
1330 5581 1513 5628 tamen
1540 5571 1776 5626 alienum
1803 5583 1832 5621 a
1855 5582 1940 5622 ra-

2042 5487 2227 5552 cil'tum
2280 5487 2614 5566 Ephesinum
2657 5503 2961 5565 cogeretur.
3018 5487 3145 5544 Fuit
3191 5487 3637 5566 vero_te.mporis

2044 5569 2186 5622 illius
2213 5557 2442 5637 spatium
2473 5581 2580 5621 non
2617 5557 2890 5637 amplius,
2931 5574 3090 5637 quam
3119 5557 3490 5637 novemdecim
3532 5571 3635 5611 an-

367 5626 536 5706 tione,
569 5626 668 5697 nec
699 5626 1156 5712 parum—."credoi,
1188 5626 1536 5700 conducibile
1559 5641 1627 5698 ad
1660 5640 1941 5695 historiam
2047 5626 2262 5712 norum;
2291 5639 2485 5708 quibus
2515 5626 2739 5692 hzeresi's
2781 5626 2979 5702 Pelagii
3016 5627 3363 5712 leestiique
3395 5626 3510 5682 visa
3537 5638 3628 5682 est

367 5713 705 5782 Pelagianam
733 5755 748 5780 ,
782 5729 1067 5771 recensere
1107 5717 1340 5771 breviter
1364 5713 1556 5784 viginti
1595 5723 1826 5783 quatuor
1849 5724 1945 5784 sy-

366 5784 540 5841 nodos
560 5798 680 5843 qua
705 5802 735 5841 tt
765 5785 1039 5842 veteribus
1063 5788 1262 5842 habitae
1290 5782 1539 5841 dicuntur
1566 5782 1626 5838 iu
1652 5798 1815 5840 causa
1846 5782 1918 5837 Pe

2047 5703 2470 5783 aliquid‘viriunt
2495 5718 2588 5763 aut
2611 5720 2883 5783 exercere,
2913 5713 3005 5757 aut
3032 5703 3285 5783 retinere.
3367 5767 3379 5780 υ

2121 5779 2400 5834 Mirahitur
2449 5780 2585 5834 lorte
2613 5777 2875 5845 quispiam
2900 5817 2915 5840 ,
2971 5777 3128 5828 toties
3157 5777 3472 5826 convenisse
3501 5783 3622 5822 tan-
