3898 6276
216 361 326 428 381

779 360 1091 422 DISSERT.
1133 360 1200 418 ll.
1244 360 1334 417 DE
1372 359 1666 419 SYNODIS
1707 357 1978 420 HABITIS
2016 359 2081 417 IN
2121 359 2348 419 CAUSA
2386 359 2947 421 PELAGIANOBUM.

3389 318 3502 421 at

218 487 336 536 tam
369 474 765 552 multitudinem
785 477 1183 552 episcoporum,
1198 484 1307 531 tam
1326 477 1526 552 exiguo
1546 485 1815 548 tempore,
1845 483 1895 542 Α
1924 492 2039 545 cap.
2062 475 2153 546 55)
2182 495 2195 531 :
2221 475 2334 533 Ista
2360 480 2569 552 haeresis
2590 495 2707 534 cum
2727 478 2979 547 plurimos
3000 479 3298 552 decepisset,
3325 488 3377 535 et
3395 482 3507 552 fra-

220 560 277 606 ct
317 549 389 605 ad
420 552 577 604 unius
605 558 765 605 secta:
792 550 1118 605 excisionein
1143 589 1160 615 ,
1210 564 1311 604 nec
1350 549 1587 619 potuisse
1640 560 1818 606 tamen

221 620 420 678 infelix
451 635 671 692 germen
700 631 848 675 tanto
871 620 1149 692 molimine
1192 621 1450 674 radicitus
1480 620 1659 675 evelli.
1710 620 1819 677 Sed

224 701 282 747 ut
316 690 573 761 impietas
599 694 690 746 illa
717 692 818 745 fuit
845 690 1085 746 omnium
1118 690 1228 745 fere
1260 693 1522 746 haeresum
1557 694 1823 759 pernicio-

224 765 446 820 sissima
473 805 486 824 ,
532 773 589 817 ut
635 779 754 834 quae
796 761 1198 817 fundamentum
1244 764 1553 834 christiana}
1605 763 1821 832 pietatis

224 834 540 889 convellere
569 833 878 900 ten’taverit,
908 834 1186 887 hominum
1218 834 1427 888 scilicet
1456 833 1556 886 sub
1587 834 1694 889 Deo
1722 834 1823 888 huo

192 887 558 985 [utilitate—mi;
587 887 655 958 ita
684 887 826 985 nulla
858 887 1180 985 obstinatius
1209 904 1409 985 restitit
1437 887 1717 967 Ecclesiae,
1751 887 1824 959 si-

226 977 452 1045 quidem
478 985 683 1030 naturte
714 976 879 1045 ipsius
908 976 1277 1043 libertatisque
1308 975 1556 1029 humanae
1577 991 1702 1031 arce
1730 990 1819 1031 oc-

227 1056 445 1115 cupata,
475 1062 540 1101 ex
571 1062 631 1102 ea
661 1063 722 1103 se
754 1047 1101 1116 pertinaciter
1130 1045 1467 1101 defenderet.

826 1140 848 1194 l
885 1138 1223 1206 SYNODUS,

228 1230 307 1289 Ab
339 1234 553 1287 Aurelio
574 1234 817 1305 adversus
850 1232 1137 1305 Caelestium
1167 1232 1343 1305 habita
1379 1232 1689 1305 Carthggine
1714 1232 1826 1286 Ho-

301 1306 453 1358 norio
483 1320 534 1358 ix
568 1314 613 1356 et
645 1303 929 1358 Theodosio
961 1319 992 1357 v
1033 1302 1144 1357 AA.
1186 1301 1288 1358 CC.
1324 1319 1491 1357 mense
1518 1301 1823 1370 Februario,

301 1392 442 1428 anno
470 1374 662 1429 Christi
692 1376 817 1429 412.

301 1472 437 1527 Post
463 1471 860 1541 deprehensam
890 1471 941 1523 in
962 1468 1154 1541 Africa
1184 1468 1524 1539 Pelagianam
1554 1468 1823 1541 haeresim,

230 1541 417 1597 habita
449 1540 802 1614 estsynodus
830 1540 1160 1614 Carthagine
1181 1541 1249 1594 ab
1293 1543 1511 1595 Aurelio
1550 1540 1825 1614 episcopo,

232 1614 286 1670 in
316 1628 480 1667 causa
509 1611 773 1677 Cailestii,
804 1617 892 1682 qui
926 1612 991 1665 ad
1024 1612 1477 1681 presbyteratum,
1506 1614 1701 1682 partim
1730 1611 1829 1666 do-

234 1686 425 1739 ctrinae
456 1683 618 1749 fama,
655 1688 845 1752 partim
879 1684 1059 1753 specie
1100 1683 1333 1750 pietatis,
1364 1684 1458 1737 sed
1488 1684 1827 1751 potissimum

235 1769 465 1826 suorum»
488 1757 712 1821 artibus,
744 1756 1035 1823 subrepere
1078 1754 1317 1826 tentabat
1355 1754 1595 1826 (August.
1642 1755 1731 1826 lib.
1764 1756 1829 1826 de

236 1825 393 1898 Pecc.
428 1824 576 1898 Orig.
602 1842 716 1894 cap.
736 1828 847 1898 2st
872 1823 1215 1898 seqq.)._llte_c
1237 1823 1476 1878 omnium
1504 1826 1672 1898 prima
1693 1825 1823 1898 fuit,

235 1894 558 1965 videturque
587 1897 863 1955 Ecclesiae.
909 1894 977 1950 de
1005 1894 1224 1949 infando
1261 1910 1451 1951 errore
1485 1895 1825 1965 triumphare

237 1968 587 2032 addiscentis,
611 1967 765 2038 quasi
799 1967 1182 2022 rudimentum.

306 2039 587 2107 Temporis
618 2036 756 2092 ratio
782 2038 938 2092 facile
978 2045 1190 2092 constat
1229 2036 1440 2093 duobus
1465 2046 1707 2093 veterum
1743 2049 1824 2094 te-

239 2110 510 2165 stimoniis
538 2111 677 2165 inter
705 2124 764 2165 se
786 2108 998 2164 collatis
1018 2150 1033 2175 ,
1075 2107 1291 2162 Patrum
1323 2107 1824 2179 Carthaginensium

239 2190 293 2236 et
312 2180 619 2248 Augustini.

308 2252 656 2321 Scripsernnt
682 2253 757 2306 illi
790 2267 917 2306 ann.
944 2252 1069 2321 416,
1096 2257 1161 2310 ad
1189 2265 1432 2310 sanctum
1453 2251 1825 2307 Innocentium

238 2323 289 2378 in
314 2325 427 2396 lirgc
455 2323 618 2396 verba
644 2322 837 2395 (Epist.
856 2325 982 2396 175,
1009 2328 1149 2396 apud
1172 2324 1417 2396 August.)
1434 2323 1589 2377 :Cum
1607 2341 1669 2377 ex
1691 2339 1829 2377 more

238 2397 303 2447 ad
343 2393 801 2464 Carthagiiieiisem
849 2393 1130 2451 Ecclesium
1173 2393 1464 2450 solemniter
1509 2396 1824 2459 veniremus,

240 2475 389 2539 atque
414 2482 479 2519 ex
523 2467 735 2519 diversis
782 2468 952 2539 causis
983 2479 1289 2539 congregata
1324 2483 1386 2520 ea:
1413 2466 1572 2539 nobis
1602 2467 1827 2539 synodus

240 2537 541 2598 haberetur,
572 2537 949 2607 compresbyter
980 2536 1150 2594 noster
1173 2536 1412 2593 'Orosius
1457 2536 1599 2589 nobis
1632 2537 1829 2590 litteras

241 2617 542 2678 sanctorum,
566 2608 782 2678 fratrum
810 2618 856 2661 et
901 2611 1324 2663 consacerdotum
1364 2616 1650 2661 nostrorum
1688 2607 1830 2662 dedit

243 2677 416 2731 Erotis
444 2689 488 2731 et
522 2677 730 2749 Lazari,
756 2695 972 2748 quarum
1002 2680 1219 2749 formam
1247 2681 1324 2733 his
1350 2678 1702 2749 constituimus
1722 2694 1828 2731 esse

243 2749 581 2803 subdendani.
614 2748 713 2822 His
744 2766 861 2822 ergo
895 2748 1034 2804 lectis
1056 2750 1329 2822 Pelagium
1356 2762 1403 2822 et
1429 2748 1712 2822 Caelestino:
1736 2764 1831 2822 au-

245 2830 413 2871 ctores
443 2821 623 2886 nefarii
648 2820 857 2890 prorsus
883 2830 929 2873 et
972 2822 1032 2874 ab
1064 2820 1296 2874 omnibus
1319 2820 1462 2873 nobis
1490 2820 1829 2873 anathemati-

246 2890 404 2942 ωηάὶ
431 2891 614 2944 erroris
635 2893 940 2945 advertimus
964 2908 983 2946 :
1021 2896 1157 2946 unde
1185 2894 1378 2960 factum
1407 2900 1479 2944 est
1506 2933 1519 2955 ,
1554 2897 1610 2942 ut
1650 2906 1826 2944 recen-

243 2960 465 3033 sendum
502 2972 776 3030 peteremus
824 2962 843 3033 [
858 2963 948 3033 _A|.
990 2960 1324 3033 putaremus]
1361 2962 1481 3029 quid
1513 2970 1632 3033 ante
1659 2964 1830 3033 ferme

242 3031 639 3104 quinquennium
664 3049 815 3104 super
826 3030 1058 3087 _Cieles'tii
1084 3035 1286 3087 nomine
1308 3030 1405 3086 'Iiic
1430 3074 1444 3093 ,
1480 3032 1621 3101 apud
1646 3030 1828 3085 Eccle-

242 3100 381 3177 sium
401 3100 875 3177 Carthaginiensem,
905 3106 1056 3177 [aerii
1086 3107 1358 3177 agitatum,
1390 3114 1497 3160 etc.

311 3172 617 3243 Scripsitet
642 3176 740 3228 iste
767 3175 856 3229 lib.
892 3176 958 3228 de
989 3172 1139 3230 Gesti
1171 3176 1383 3229 Palzest.
1416 3189 1534 3243 cap.
1571 3174 1656 3239 11,
1687 3174 1823 3228 allo-

1926 556 2045 621 tres,
2068 564 2192 617 quos
2212 565 2313 603 non
2334 550 2623 617 deceperat,
2649 552 2991 621 conturbaret,
3019 549 3279 605 Caelestius
3293 549 3506 621 quidam

1927 619 2055 695 talia
2079 621 2299 674 sentiens
2327 621 2394 673 ad
2419 621 2670 688 iudicium
2693 619 3109 693 Carthaginensis
3133 619 3374 678 Ecclesia
3389 639 3507 695 per-

1923 688 2129 756 ductus,
2158 705 2517 747 EPISCOPOBUI
2539 695 2786 747 sententia
2815 688 3179 748 condemnatus
3198 703 3290 750 est.

1996 760 2214 836 Orosius
2246 762 2397 836 (cap.
2423 764 2457 836 5
2491 762 2727 836 apolog.)
2762 781 2774 817 :
2816 762 3049 836 Exposui
3077 780 3279 820 coronte
3302 774 3504 835 vestras,

1924 834 2150 909 ut_potui
2176 877 2191 901 ,
2236 833 2532 909 Calestiupi
2567 833 2794 909 jam'ad
2838 833 3085 890 honorem
3133 833 3509 909 presbyteratus

1923 902 2266 973 subrepentem
2291 905 2431 977 apud
2453 902 2834 977 Carthaginem,
2864 921 3107 963 PLUIIIIS
3134 902 3405 965 episcopis
3422 925 3512 967 su-

1924 988 2255 1049 oicmrinus,
2283 976 2839 1049 proditum,_auditum,
2861 979 3164 1049 convictum,
3195 981 3507 1049 confessum,

1925 1044 2331 1121 detestatumque
2352 1045 2702 1121 abﬁcclesia,
2747 1064 2812 1102 ea:
2860 1048 3038 1120 Africa
3071 1044 3391 1121 profugisse.
3443 1044 3511 1106 Et

1928 1116 2089 1188 paulo
2109 1128 2258 1184 post:
2284 1115 2398 1186 Ego
2418 1117 2559 1171 illico
2583 1129 2879 1188 prosecutus
2898 1115 3032 1175 sum.
3059 1115 3256 1174 Hoc'in
3276 1121 3519 1177 Caelestia

1926 1184 2200 1241 AFRICANA
2222 1184 2454 1242 manus
2500 1184 2750 1242 detestata
2778 1199 2869 1243 est.

2001 1256 2199 1333 Nerius
2222 1258 2486 1333 Mercator
2516 1256 2606 1327 (lii
2632 1256 2937 1333 Commonit.
2962 1276 3078 1333 cap.
3107 1260 3161 1331 1)
3187 1278 3199 1315 :
3230 1261 3306 1315 De
3325 1263 3511 1332 quibus

1928 1328 2159 1404 omnibus
2190 1328 2432 1404 capitulis
2472 1330 2837 1400 suprascriptis
2882 1328 3254 1404 exemplaribus
3289 1328 3514 1404 sgnoda-

1928 1394 2057 1449 lium
2082 1394 2337 1469 gestoi'itni
2362 1399 2567 1454 Pareas
2595 1417 2661 1453 ET
2691 1394 2924 1456 eiuscori
2946 1394 3168 1469 regionis
3195 1394 3338 1457 illini
3365 1406 3517 1459 resti-

1930 1467 2098 1543 terant
2139 1467 2371 1543 Caelestio
2395 1511 2410 1533 ,
2446 1482 2507 1543 et
2538 1476 2803 1541 jusserunt
2834 1484 2886 1525 ut
2912 1467 3089 1525 eadizm
3130 1475 3513 1543 condemnaret,

1930 1539 2049 1607 quia
2078 1550 2245 1594 essent
2278 1540 2508 1595 hwretici
2528 1539 2727 1595 sensus.

2003 1608 2590 1685 Prgzdestinatiaimtor
2621 1611 2868 1685 (Hieresi
2892 1612 2997 1683 88)
3032 1631 3045 1667 :
3080 1613 3285 1669 Restitit
3334 1617 3379 1669 ei
3404 1617 3519 1685 qui-

1931 1679 2051 1753 dam
2073 1680 2325 1753 Paulinus
2348 1682 2593 1737 diaconus
2620 1679 2855 1753 defensor
2877 1694 2925 1737 et
2949 1679 3251 1752 procurator
3272 1679 3518 1743 Ecclesiae

1936 1750 2363 1824 Mediolanensis,
2405 1755 2551 1824 eique
2586 1770 2639 1808 IN
2668 1750 2956 1810 convenre
2977 1770 3328 1812 SACBRDOTDI
3354 1760 3515 1812 multa

1931 1823 2156 1898 capitula
2187 1826 2367 1898 objecit
2390 1833 2571 1898 contra
2590 1825 2745 1894 ﬁdem
2772 1826 3097 1895 catholicam,
3121 1843 3233 1898 qua:
3253 1828 3514 1884 Caelestius

1931 1892 2176 1967 damnare
2200 1892 2441 1967 neglexit.

2002 1965 2078 2019 Ex
2114 1967 2192 2019 his
2214 1965 2444 2033 quatuor
2474 1967 2817 2034 testimoniis,
2845 1978 2898 2023 et
2922 1970 3217 2036 praesertim
3246 1984 3312 2024 ex
3335 1978 3513 2037 poste-

1929 2034 2171 2108 rioribus
2189 2037 2359 2091 tribus
2381 2078 2397 2104 ,
2430 2052 2611 2107 posset
2641 2039 2834 2108 aliquis
2863 2034 3127 2108 sti—spicari
3176 2053 3280 2093 non
3312 2034 3519 2095 inedio-

1936 2120 2083 2161 crem
2104 2107 2268 2162 fuisse
2292 2109 2491 2182 hancce
2516 2107 2801 2180 synodum,
2825 2107 2989 2164 immo
3015 2126 3115 2182 nec
3134 2109 3523 2182 Carthaginem

1930 2189 2044 2251 sem
2081 2189 2305 2244 tantum,
2339 2180 2455 2244 sed,
2485 2190 2539 2233 ut
2568 2182 2640 2234 ait
2666 2183 2909 2246 Orosius,
2959 2180 3286 2249 Africanam,
3334 2180 3384 2236 id
3415 2191 3519 2251 est,

1930 2248 2014 2322 vel
2041 2264 2120 2322 ex,
2144 2260 2253 2304 tota
2290 2251 2513 2306 dioecesi
2541 2251 2758 2316 Africa-,
2783 2255 2864 2307 vel
2913 2268 2977 2307 ex
3031 2248 3281 2321 pluribus
3301 2248 3524 2322 proviné

1930 2318 2044 2384 ciis,
2080 2320 2341 2386 siqui-lem
2375 2322 2440 2376 ad
2470 2338 2611 2388 eam,
2643 2324 2782 2391 quod
2810 2323 3002 2379 scribit
3022 2318 3318 2385 Mercator.—
3334 2324 3524 2379 Patres

1931 2399 1985 2445 et
2005 2392 2240 2459 episcoiii
2266 2395 2645 2459 convenerint;
2679 2394 2894 2449 Patrum
2918 2393 3059 2448 enim
3085 2398 3302 2449 nomine
3326 2394 3525 2462 prima-

1937 2467 2018 2534 tes
2059 2464 2449 2529 provinciarum
2472 2506 2485 2530 ,
2517 2464 2631 2520 sive
2657 2480 2815 2520 senes
2844 2464 3129 2534 appellari,
3172 2470 3270 2519 etsi
3298 2464 3523 2521 dubium

1932 2529 2077 2605 forte
2095 2544 2256 2605 esset,
2289 2535 2513 2605 intelligi
2539 2550 2716 2603 posset
2740 2552 2806 2590 ex
2836 2529 3048 2591 actione
3080 2529 3252 2604 prima
3276 2538 3525 2590 collatio-

1934 2603 2016 2675 nis
2042 2603 2653 2675 Carthagiiien~isnuiii.
2690 2605 2781 2660 46.
2834 2605 2931 2661 Ubi
2976 2603 3228 2661 Aurelius
3274 2607 3523 2662 ineinitiit

1932 2671 2150 2746 fatrum
2177 2685 2223 2728 et
2245 2671 2476 2746 'fratrum
2494 2693 2725 2741 suarum,
2746 2692 2867 2732 cum
2891 2678 2959 2732 de
2981 2677 3272 2733 universali
3295 2676 3525 2732 concilio

1934 2742 2192 2818 Ecclesiie
2223 2742 2507 2802 catholica:
2530 2759 2733 2814 septem
2762 2750 2983 2818 legatos,
3022 2750 3111 2818 qui
3139 2748 3417 2803 collatioui
3444 2750 3526 2803 iii-

1936 2817 2149 2881 tersiiit,
2203 2818 2433 2890 eligente
2477 2819 2729 2888 loquitur.
2779 2819 2911 2873 Hinc
2957 2817 3134 2890 autem
3180 2820 3526 2890 adjuvaretnr

1934 2894 2225 2961 utcumque
2247 2889 2427 2961 opinio
2455 2890 2788 2961 credentium
2819 2908 2847 2943 a
2878 2889 3125 2961 Patribus
3167 2889 3388 2961 prapter
3408 2892 3525 2945 col-

1935 2957 2191 3031 lationem
2222 2960 2423 3031 coactis
2456 2958 2832 3031 Carthaginem
2877 2959 3116 3014 habitiim
3151 2957 3217 3015 de
3266 2957 3521 3016 Calestio

1928 3026 2208 3096 judicium,
2241 3030 2342 3084 nisi
2365 3032 2592 3086 evidens
2623 3026 3025 3085 incontrarium
3059 3031 3197 3085 ratio
3225 3031 3448 3087 faceret.

2006 3105 2291 3155 Accusavit
2340 3100 2652 3159 C(elestium
2698 3102 2987 3168 Paulinus,
3032 3118 3191 3172 quem
3237 3104 3525 3161 diaconum

1934 3168 2248 3244 simpliciter
2278 3174 2608 3244 Augustinus
2638 3190 2653 3238 ;
2705 3173 2968 3227 Mercator
3007 3168 3292 3229 diaconum
3323 3187 3527 3232 Sancta!

280 3258 414 3298 nens
440 3242 720 3301 Aurelium
753 3262 766 3297 :
803 3244 927 3299 Ηωε
948 3247 1019 3297 ita
1047 3246 1240 3317 objecta
1262 3256 1400 3309 sunt,
1429 3242 1661 3301 utetiam
1690 3248 1833 3317 apud
1859 3255 1908 3321 ρ
1940 3242 2214 3321 memoriie
2240 3242 2510 3299 Ambrosii
2559 3244 2974 3299 Mediolanensis
3001 3245 3239 3313 episcopi
3263 3263 3277 3310 ;
3311 3245 3528 3302 Praede-

244 3259 609 3370 Earthaainem
635 3333 668 3369 a
685 3318 954 3370 sanctitate
982 3326 1068 3369 tua
1089 3360 1103 3370 .
1132 3326 1175 3370 et
1203 3318 1265 3369 ab
1292 3318 1407 3370 aliis
1438 3324 1601 3370 tecum
1638 3318 1833 3370 evisco—
1938 3321 2120 3365 sllltall
2150 3325 2337 3368 auctor
2365 3315 2648 3369 diaconum
2673 3313 3016 3370 defensorem
3039 3326 3094 3370 et
3117 3327 3528 3370 procuratorem

285 3316 609 3388 arthaginem
635 3333 668 3369 a
685 3318 954 3370 sanctitate
982 3326 1068 3369 tua
1085 3316 1115 3388 ,ί
1132 3326 1175 3371 et
1203 3318 1265 3369 ab
1292 3318 1407 3370 aliis
1438 3324 1617 3388 tecum
1638 3318 1833 3386 episco-

246 3388 321 3455 pis
346 3385 639 3441 dicerentur
679 3389 855 3441 audita
881 3396 1031 3457 atque
1057 3387 1301 3440 damnata
1326 3404 1344 3453 ;
1376 3388 1460 3439 ubi
1492 3385 1701 3457 quidem
1723 3426 1739 3452 ,
1777 3397 1834 3443 ut

246 3458 445 3529 recolis,
478 3459 588 3529 ipse
618 3475 721 3512 non
748 3459 847 3529 fui,
879 3461 967 3512 sed
1000 3468 1196 3526 postea,
1219 3476 1332 3512 cum
1350 3459 1594 3511 venissem
1612 3457 1832 3512 Cartha-

247 3528 432 3600 ginem,
460 3528 641 3583 eadem
666 3528 808 3600 gesta
836 3530 1085 3582 recensui.

317 3599 394 3653 Ex
422 3600 617 3669 quibus
645 3600 932 3654 manifesta
960 3609 1083 3653 stitit
1115 3599 1213 3654 tria
1252 3618 1262 3652 :
1301 3600 1354 3654 1⁸
1386 3600 1529 3655 Duas
1555 3600 1606 3654 in
1637 3600 1833 3657 eadem

248 3684 410 3741 causa
438 3680 791 3741 congregatas
819 3672 979 3726 fuisse
1007 3670 1333 3739 Carthagine
1362 3671 1632 3741 synodos;
1658 3682 1710 3727 et
1740 3687 1832 3740 po-

248 3740 527 3795 steriorem
554 3740 807 3812 quidem,
839 3758 903 3797 ex
956 3757 1059 3811 qua
1108 3742 1245 3795 datae
1287 3740 1411 3797 sunt
1455 3743 1520 3796 ad
1563 3758 1831 3798 summum

249 3813 552 3936 gantiﬁcem
580 3816 794 3877 litterae,
823 3812 1056 3868 coivisse
1084 3813 1299 3867 circiter
1327 3829 1567 3868 mensem
1587 3814 1835 3883 Septem-

287 3898 439 3936 rem:
491 3894 618 3936 tunc
658 3882 800 3936 enim
833 3885 1093 3936 temnoris
1140 3884 1434 3936 cogendam
1478 3885 1828 3936 nrmciniebat

287 3898 439 3945 rem;
491 3894 618 3939 tunc
658 3882 800 3938 enim
833 3885 1093 3952 temporis
1140 3884 1434 3953 cogendam
1476 3882 1828 3953 praecipiebat

249 3966 416 4008 canon
446 3953 711 4010 Nicaanus.
741 3955 932 4009 Coacta
968 3970 1095 4009 vero
1128 3955 1228 4010 luit
1256 3955 1320 4008 de
1346 3971 1486 4009 more
1525 3964 1571 4008 et
1591 3955 1837 4010 solemni-

251 4032 342 4095 t_er,
370 4025 423 4077 id
445 4036 549 4091 est,
582 4042 646 4081 ex
678 4028 902 4081 canonis
943 4026 1278 4095 praescripto.
1302 4024 1367 4077 2°
1386 4027 1527 4081 Inter
1548 4026 1681 4081 duas
1706 4028 1835 4082 istas

253 4092 699 4169 Carthaginenses
711 4092 1066 4169 synodos—non
1088 4095 1359 4169 effluxisse
1388 4096 1829 4169 quinquennium,

252 4165 342 4239 sed
372 4166 532 4239 ferme
557 4165 994 4238 quinquennium;
1020 4169 1081 4223 3°
1112 4167 1279 4237 priori
1308 4167 1516 4239 synodo
1537 4165 1647 4223 non
1672 4171 1838 4224 inter-

253 4234 414 4308 fuisSe
442 4234 822 4308 Augustinum.

322 4306 510 4381 Habita
535 4306 626 4364 est
656 4310 814 4381 igitur
845 4308 995 4379 prior
1036 4309 1122 4364 illa
1152 4308 1425 4381 synodus,
1480 4325 1584 4365 non
1618 4311 1836 4381 quidem

254 4378 436 4449 statim
461 4390 582 4448 post
610 4380 953 4435 collationem
983 4395 1105 4435 cum
1140 4378 1430 4434 Donatistis
1482 4378 1751 4449 peractam
1781 4398 1836 4439 γι

256 4447 368 4521 idus
408 4447 577 4521 Junii,
610 4450 752 4521 quod
796 4451 1112 4520 quibusdam
1159 4450 1358 4516 visum,
1391 4447 1623 4521 alioquin
1664 4454 1835 4508 inter-

254 4519 437 4592 fuisset
465 4519 825 4591 Augustinus,
850 4522 940 4592 qui
984 4537 1173 4592 magna
1202 4536 1324 4590 pars
1354 4519 1660 4577 collationis
1693 4523 1832 4591 fuit;

253 4590 343 4645 sed
372 4603 496 4664 post
520 4590 756 4664 mensem
786 4590 1156 4662 Septembrem
1178 4636 1192 4659 ,
1222 4606 1301 4664 ne,
1324 4594 1368 4645 si
1394 4595 1687 4649 collocetur
1714 4590 1838 4664 pro-

253 4674 316 4729 pc
360 4662 664 4734 collationis
705 4672 957 4733 tempus,
1004 4674 1061 4719 et
1104 4673 1231 4718 ante
1272 4662 1644 4732 Septembrem
1669 4706 1685 4732 ,
1715 4662 1839 4734 ‘jam

252 4746 355 4805 non
376 4729 547 4805 ferme
562 4729 1007 4805 quinquennium,
1022 4734 1114 4789 sed
1132 4729 1408 4804 plusquam
1423 4729 1842 4805 quinquennium

252 4800 388 4857 inter
415 4800 603 4875 ambas
641 4800 876 4875 synodos
913 4800 1185 4860 efﬂuxisse
1218 4800 1485 4860 faienduin
1514 4800 1603 4859 sil.
1652 4807 1706 4862 Si
1750 4823 1846 4862 au-

254 4880 356 4944 trem
381 4873 646 4929 referatur
669 4873 735 4929 ad
767 4876 940 4944 ipsum
973 4891 1210 4930 mensem
1232 4876 1626 4944 Septembrem,
1670 4878 1843 4933 faten-

252 4943 373 4997 dum
421 4948 626 5015 pariter
652 4943 1021 5001 intercessisse
1063 4948 1482 5015 quinquennium
1507 4955 1674 5001 totum
1705 4949 1847 5004 inter

253 5016 513 5091 synodum
531 5016 666 5091 banc
678 5032 913 5088 priorem
932 5028 985 5072 et
999 5018 1205 5091 litteras
1222 5033 1251 5071 a
1266 5020 1566 5091 posteriore
1589 5022 1841 5091 scriptas.

321 5086 510 5159 Restat
541 5086 700 5156 igitur
725 5099 781 5141 ut
815 5100 931 5157 post
962 5089 1200 5159 reliquos
1227 5104 1353 5143 ann.
1385 5089 1483 5143 Ml
1521 5086 1755 5158 menses,
1788 5101 1845 5146 et

253 5155 315 5229 ad
348 5155 864 5228 initium’sequentis
888 5158 995 5213 412
1014 5202 1028 5226 ,
1062 5155 1335 5229 rejiciatur
1360 5201 1374 5225 ,
1403 5167 1464 5214 ut
1499 5161 1708 5215 dicatur
1733 5155 1847 5216 col-

256 5225 387 5282 lecta
419 5229 505 5292 de.
536 5225 685 5284 more
708 5268 724 5294 ,
754 5231 857 5284 hoc
900 5241 985 5283 est
1011 5225 1027 5297 ,
1059 5225 1353 5284 secundum
1378 5245 1641 5286 canonem
1673 5232 1845 5287 Nicae-

256 5312 400 5360 num.
431 5311 556 5354 ante
574 5298 1082 5370 Quadragesimam;
1106 5304 1183 5372 sic
1208 5303 1351 5356 enim
1381 5301 1547 5372 liquet
1572 5304 1845 5371 quomodo

254 5378 313 5441 et
334 5373 667 5441 Augustinus
697 5386 803 5426 non
841 5371 1167 5437 interfuerit,
1197 5387 1318 5426 cum
1349 5387 1466 5441 pom
1496 5374 1844 5429 collationem

255 5440 319 5513 ad
343 5440 471 5495 sues
502 5442 780 5510 profectus
802 5443 1178 5511 Carthaginem
1205 5458 1309 5497 non
1331 5440 1575 5510 redierit,
1597 5443 1699 5498 nisi
1721 5453 1845 5513 post

255 5509 387 5566 festa
412 5509 715 5585 paschalia,
744 5521 801 5568 et
828 5509 1452 5585 ferme'qutnquentiium
1483 5509 1671 5569 ambas
1704 5509 1845 5571 inter

256 5583 495 5656 synodos
520 5582 739 5640 ﬂuxerit
761 5626 777 5651 ,
810 5582 1072 5656 siquidem
1100 5582 1212 5640 tres
1240 5596 1330 5640 aut
1358 5598 1587 5656 quatuor
1629 5600 1846 5643 menses

256 5650 537 5739 implendo
568 5650 937 5739 quinquennio
967 5655 1256 5739 defuerint.

325 5725 467 5793 Quot
495 5725 735 5798 episcopi
764 5731 1137 5796 convenerint,
1187 5728 1448 5784 incertum
1477 5737 1596 5783 est:
1646 5742 1847 5785 conve-

257 5796 402 5852 nisse
424 5796 609 5865 plures
641 5796 827 5854 scribit
856 5798 1184 5869 Augustinus
1211 5842 1225 5864 ,
1273 5814 1383 5855 non
1437 5808 1638 5855 tantum
1666 5800 1848 5857 verbis

256 5878 382 5924 mox
409 5869 615 5934 relatis,
646 5871 739 5926 sed
773 5870 858 5927 his
879 5885 1091 5939 quoque
1133 5869 1268 5939 (Lib.
1296 5871 1359 5927 de
1387 5869 1529 5926 Gest.
1564 5888 1681 5941 cap.
1713 5871 1773 5927 11
1802 5880 1850 5925 et

1938 3312 2120 3386 stitiati
2135 3315 2648 3386 auctordiaconum
2673 3313 3016 3370 defensorem
3039 3326 3094 3370 et
3117 3312 3528 3386 prccuratorem

1938 3381 2197 3438 Ecclesia:
2225 3385 2636 3439 Mediolaitensis
2664 3387 2927 3440 nominat.

2009 3451 2227 3528 Objecta
2259 3455 2655 3528 suntcapitu‘la
2688 3456 2774 3511 illa
2804 3472 2935 3528 sex,
2982 3472 3103 3528 qua:
3131 3466 3377 3528 recenset
3403 3473 3528 3516 cum

1935 3522 2248 3598 Augustino
2280 3522 2711 3598 (Lib.deGest.
2742 3543 2858 3598 cap.
2896 3522 3074 3591 “(et
3120 3527 3212 3583 lib.
3263 3531 3327 3583 de
3372 3528 3528 3587 Pecc.

1940 3529 2236 3593 Augustino
2324 3529 2440 3581 Lib.
2477 3529 2540 3580 de
2568 3529 2711 3581 Gest.
2742 3543 2858 3598 cap.
2896 3529 2983 3591 ll,
3027 3538 3074 3582 et
3120 3529 3212 3583 lib.
3263 3531 3327 3583 de
3372 3529 3528 3587 Pecc.

1940 3594 2089 3674 Qrig:
2113 3611 2159 3649 c.
2182 3597 2255 3674 _H
2340 3610 2393 3653 et
2422 3597 2589 3674 Mario
2617 3597 2915 3674 Mereatore
2943 3599 3113 3674 (Cap.
3148 3598 3482 3674 1_Qquimoii.
3508 3603 3530 3674 )

1938 3664 2311 3741 Prii-destinati
2336 3678 2526 3723 aui-tor
2557 3669 2610 3723 in
2642 3676 2754 3724 haec
2786 3664 3203 3741 verbalHteresi
3233 3670 3337 3741 88)
3371 3690 3383 3724 :
3419 3664 3528 3726 Obl

1938 3736 2164 3792 tulerunt
2191 3746 2236 3792 ei
2259 3739 2425 3812 libros
2446 3757 2586 3805 suos,
2621 3742 2710 3795 ubi
2735 3740 2937 3795 dicebat
2972 3736 3139 3812 ipsam
3172 3743 3266 3796 sibi
3304 3736 3529 3799 hominis

1938 3818 2174 3862 naturam
2198 3811 2275 3884 ad
2298 3813 2659 3883 perfectionem
2688 3829 2836 3884 posse
2874 3811 3100 3883 suﬁiCere
3124 3829 3143 3878 ;
3166 3813 3260 3867 hoc
3284 3824 3380 3879 est,
3414 3825 3529 3868 tam

1939 3886 2047 3932 tam
2073 3889 2234 3955 potest
2256 3881 2409 3936 homo
2434 3897 2667 3955 exercere
2684 3881 2982 3955 justitiam,
3012 3894 3066 3937 ut
3088 3886 3240 3939 etiam
3270 3887 3380 3939 sine
3406 3902 3528 3954 pec-

1936 3960 2051 4027 cato
2079 3952 2239 4020 possit
2264 3954 2462 4027 βεδε,ᾼεὶ
2482 3955 2640 4021 velit;
2669 3952 2840 4007 Adam
2877 3955 3146 4008 mortalem
3173 3955 3363 4024 factum
3392 3952 3412 4018 ,⁷
3437 3956 3529 4027 qui

1940 4023 2043 4094 sive
2072 4032 2321 4094 peccaret,
2366 4025 2470 4078 sive
2496 4041 2597 4079 non
2629 4034 2881 4094 peccaret,
2912 4034 3041 4079 esset
3088 4027 3406 4092 moriturus;
3448 4023 3529 4081 sic

1943 4092 2025 4166 lea:
2044 4093 2179 4147 misit
2203 4093 2273 4146 ad
2297 4111 2509 4166 regnum
2533 4092 2660 4150 sicut
2686 4095 3002 4166 Evangelia;
3034 4097 3254 4166 infantes
3279 4098 3330 4148 in
3350 4101 3531 4150 remis-

1939 4163 2136 4216 sionem
2163 4163 2489 4233 peccatorum
2516 4163 2853 4237 baptizandos
2889 4181 3016 4237 esse.
3065 4163 3192 4218 Ideo
3232 4168 3532 4237 conﬁtemur

1941 4245 2157 4309 prapter
2188 4237 2422 4306 regulam
2466 4234 2775 4309 universalis
2795 4234 3042 4309 Ecclesiae
3066 4278 3081 4302 ,
3124 4236 3260 4309 nihil
3311 4240 3532 4309 obfuisse

1939 4306 2112 4374 generi
2137 4305 2367 4379 humano
2393 4316 2653 4377 peccatum
2694 4306 2841 4361 Adte.
2874 4306 3073 4379 (Omnia
3114 4305 3221 4379 han:
3252 4305 3531 4379 oppositio-

1940 4390 2066 4450 nam
2086 4392 2273 4450 genera
2299 4377 2368 4450 ad
2400 4379 2752 4431 damnandum
2774 4378 3143 4450 objiciebantur
3170 4377 3420 4433 Caelestio.

2012 4447 2128 4501 Non
2157 4447 2399 4503 interfuit
2426 4452 2779 4519 Augustinus,
2805 4447 2898 4504 sed
2934 4449 3023 4503 ubi
3049 4452 3274 4518 primum
3305 4451 3545 4504 Cartha-

1942 4517 2119 4589 ginem
2157 4520 2325 4592 venit,
2357 4517 2665 4592 recognovit
2693 4534 2832 4588 acta,
2862 4517 3089 4592 quorum
3139 4521 3269 4576 nihil
3320 4522 3385 4574 ad
3434 4536 3532 4576 nos

1946 4589 2284 4662 transmisit,
2331 4589 2522 4661 prtetei
2557 4589 2914 4662 fragmentum
2945 4602 3000 4647 et
3038 4601 3245 4662 partem
3294 4592 3459 4647 libelli
3500 4607 3532 4649 a

1947 4660 2204 4733 Coalestio
2230 4661 2417 4716 Romae
2438 4663 2592 4729 editi,
2616 4660 2888 4733 gestisque
2899 4660 3529 4733 ecclesiasticiSallegati.

2024 4732 2192 4805 Quod
2216 4744 2463 4805 superest
2500 4743 2743 4805 actorum
2785 4732 2924 4805 apud
2955 4734 3306 4805 Augustinum
3355 4737 3423 4787 ita
3471 4750 3532 4790 se

1951 4804 2112 4859 habet
2142 4803 2280 4875 (Lib.
2311 4806 2375 4857 de
2402 4804 2554 4859 Pecc.
2578 4803 2726 4875 Orig.
2748 4821 2803 4875 7c.
2822 4803 2873 4860 ’5
2893 4813 2939 4858 et
2964 4804 3054 4874 4):
3087 4803 3165 4858 De
3184 4806 3339 4875 gestis
3376 4804 3535 4858 eccle-

1949 4874 2167 4928 siasticis
2197 4874 2688 4946 Cat'thagiuensibus
2734 4874 2843 4930 luet:
2882 4879 2992 4945 eius
3037 4874 3352 4947 (le’estii)
3384 4875 3535 4929 verba

1949 4946 2335 5014 descripsimus.

2024 5016 2270 5071 Aurelius
2300 5017 2583 5087 episcopus
2610 5016 2747 5072 dixit
2778 5036 2790 5071 :
2823 5016 3099 5088 Sequentia
3128 5019 3423 5071 recitantur.
3468 5015 3535 5071 Et

1950 5088 2231 5143 recitatum
2259 5097 2379 5143 est:
2415 5090 2566 5156 Quod
2607 5099 2870 5160 peccatum
2912 5090 3039 5143 Ada:
3067 5089 3166 5157 ipsi
3205 5088 3301 5141 soli
3350 5088 3533 5158 obfuit,

1950 5169 1995 5213 et
2022 5176 2121 5213 non
2142 5161 2317 5230 generi
2341 5161 2584 5213 humano.
2622 5162 2688 5213 Et
2738 5177 2858 5214 cum
2890 5163 3170 5214 recitatum
3197 5169 3364 5230 esset,
3410 5161 3535 5214 ϐαξ-

1951 5228 2291 5302 Ιθδιὶυεῖιὶχίι
2324 5248 2337 5283 :
2370 5230 2493 5285 Dixi
2508 5232 2572 5284 de
2598 5231 2808 5285 traduce
2837 5233 3027 5302 peccati
3051 5245 3132 5284 me
3168 5228 3379 5302 dubium
3403 5246 3534 5301 esse,

1949 5301 2023 5355 ita
2051 5311 2240 5367 tamen,
2283 5312 2336 5375 ut
2366 5304 2449 5375 cui
2475 5303 2682 5375 donavit
2716 5301 3098 5375 Deusigratiam
3136 5301 3335 5375 peritiie
3360 5318 3538 5375 ,_co_n-

1948 5375 2186 5443 sentiam,
2217 5373 2341 5442 quia
2366 5372 2566 5428 diversa
2590 5374 2653 5427 ab
2671 5376 2747 5427 eis
2769 5371 2967 5437 audivi,
2985 5375 3069 5441 qui
3098 5371 3270 5443 utique
3287 5373 3341 5426 in
3358 5371 3536 5427 Eccle-

1949 5442 2305 5516 sia_catholica
2335 5446 2595 5516 constituti
2619 5454 2742 5516 sunt
2771 5444 3071 5516 presbyteri.

2025 5514 2277 5587 Paulinus
2316 5514 2575 5587 diaconus
2609 5515 2747 5587 dixit
2772 5514 2792 5567 ἐ
2843 5514 2939 5569 Dic
2972 5516 3115 5571 nobis
3162 5516 3371 5570 nomina
3398 5516 3540 5587 ipso-

1952 5601 2085 5639 rum.
2116 5583 2400 5657 leestius
2428 5584 2566 5639 dixit
2595 5603 2606 5637 :
2638 5584 2862 5657 Sanctus
2890 5590 3149 5657 presbyter
3176 5587 3396 5656 Ruﬁnus
3418 5583 3539 5641 ’Βο-

1952 5672 2069 5730 inte,
2113 5657 2202 5730 qui
2229 5655 2418 5708 mansit
2446 5671 2563 5730 cum
2589 5666 2764 5730 sancto
2796 5655 3155 5730 Pammachio.
3212 5655 3323 5730 Ego
3364 5658 3540 5713 audivi

1953 5728 2101 5781 illum
2130 5726 2379 5781 dicentem
2401 5728 2522 5797 quia
2541 5727 2731 5782 tradux
2760 5729 2950 5797 peccati
2971 5746 3074 5783 non
3103 5731 3188 5784 sit.

2025 5797 2284 5869 Paulinus
2312 5796 2569 5855 diaconus
2595 5799 2730 5855 dixit
2761 5796 2774 5853 ὲ
2822 5797 2915 5854 Est
2942 5801 3130 5869 aliquis
3169 5801 3326 5855 alius.
3354 5798 3536 5857 Ctele-

1956 5868 2090 5924 stius
2110 5868 2244 5925 dixit
2273 5880 2288 5927 :
2319 5871 2501 5925 Audivi
2530 5879 2575 5926 et
2595 5871 2768 5940 plures
2795 5870 2980 5927 dicere.
3007 5868 3260 5930 Paulinus
3281 5871 3537 5929 diaconus
