3900 6268
520 341 624 400 821

945 317 1038 372 AD
1073 317 1360 376 PARTEM
1399 316 1661 374 PRIM—AM
1700 317 1986 376 OPERUM
2028 318 2097 374 Μ.
2140 314 2578 373 MERCATORIS
2617 315 2961 374 APPENDIX
2998 314 3334 375 SECUNDA.

3647 327 3734 384 328

510 442 651 494 mitts
676 435 764 492 hic
789 433 1005 494 libellus
1027 437 1350 493 auctoritate
1374 452 1492 502 sua,
1510 437 1561 491 id
1585 445 1689 498 est.
1716 446 1863 508 tanta
1891 446 2090 508 quanta
2117 438 2167 497 Α
2197 435 2271 508 dit
2302 435 2480 508 (Isaia:
2502 433 2720 499 vinclo,
2753 433 3033 487 secundum
3062 431 3262 508 LXX).
3288 428 3535 502 Synodus
3575 434 3695 494 dixit
3721 461 3733 498 ε

507 518 685 580 potest
709 509 940 563 esseviri
964 508 1031 562 ab
1056 521 1280 580 utroque
1311 508 1432 580 ﬁdei
1462 509 1736 578 magistro,
1760 507 2086 579 Hieronymo

505 578 558 636 et
588 579 911 649 Augustino,
937 580 1005 634 de
1033 579 1315 635 catholicis
1337 578 1675 650 dogmatibus
1697 580 1898 646 edocti,
1923 578 2084 634 rebus

505 651 620 707 suis
660 650 1120 707 incommodabat.
1455 701 1461 708 .

1068 722 1134 777 Ill
1171 722 1399 778 SYNOD
1409 721 1514 788 US,

503 814 580 871 Ab
628 814 846 886 Eulogio
898 815 1200 872 Caesariensi
1241 816 1481 868 adversus
1527 813 1803 886 Pelagium
1822 812 2086 886 _Diospoli

573 882 786 942 collecti}
808 927 824 951 ,
850 886 1084 941 Honorio
1109 903 1140 940 x
1165 895 1213 940 et
1248 886 1535 940 Theodosio
1558 901 1606 940 vr
1628 882 1738 939 AA.
1765 882 1866 939 CC.
1908 886 1991 938 die
2012 883 2083 939 20

574 956 884 1025 Decembris,
941 974 1076 1011 anno
1099 956 1287 1012 Christi
1309 957 1434 1012 415.
1847 976 1850 980 ’

567 1067 698 1126 Cum
727 1076 992 1126 metueret
1017 1068 1256 1125 Joannes
1283 1085 1352 1126 ne
1380 1069 1426 1125 si
1447 1084 1611 1125 causa
1639 1068 1862 1139 Pelagii,
1887 1076 2081 1124 uterat

497 1150 756 1196 statutum
789 1142 839 1195 in
860 1141 1178 1211 presbyterii
1202 1152 1494 1205 conventu,
1525 1139 1872 1211 Romzr‘apud
1895 1141 2078 1211 sedem

496 1211 846 1280 apostolicam
866 1209 1140 1277 ageretur
1155 1252 1172 1277 ,
1220 1212 1661 1281 Carthaginensis
1703 1209 1964 1265 Ecclesiae
1991 1210 2080 1278 ju-

495 1281 692 1336 dicium
724 1282 792 1338 de
820 1282 1076 1338 Calestio
1102 1284 1439 1346 probaretur.
1473 1291 1528 1335 et
1571 1290 1716 1335 artes
1745 1281 1944 1350 Pelagii
1980 1296 2075 1346 pa-

496 1361 690 1420 terent,
724 1352 995 1422 ferretque
1025 1353 1172 1406 vafer
1221 1353 1381 1407 homo
1411 1353 1623 1422 dignam
1657 1351 1770 1406 suis
1797 1351 2080 1405 erroribus

493 1425 837 1488 sententiam,
869 1423 1237 1491 prmjudicium
1283 1423 1460 1478 facere
1502 1422 1702 1486 voluit,
1740 1437 1848 1489 quo
1881 1423 2076 1475 suutmi

492 1494 760 1563 pontillcis
796 1497 1034 1548 animum
1066 1503 1385 1563 occuparet;
1439 1493 1745 1561 coactisque
1783 1507 1877 1560 per
1912 1492 2077 1546 Eulo-

490 1566 634 1635 gium
675 1565 934 1619 Ctesareaa
988 1565 1298 1634 episcopum
1358 1572 1414 1619 et
1459 1563 1749 1632 provincia:
1787 1564 2072 1635 primatem

491 1632 758 1705 episcopis
809 1632 1047 1704 aliquot,
1097 1636 1291 1704 quibus
1340 1635 1777 1702 facile,propter
1803 1632 2071 1705 inscitiam

491 1704 979 1772 Latiniseruiouis,
1011 1705 1161 1759 illudi
1195 1717 1373 1774 posset
1396 1705 1465 1759 ab
1487 1708 1781 1772 interprete
1811 1704 2069 1773 maligno,

489 1777 752 1846 synodum
790 1775 1089 1831 habendam
1118 1775 1257 1830 fecit.

557 1847 740 1902 Liddae
769 1848 950 1917 igitur,
979 1862 1098 1917 quas
1119 1854 1205 1900 est
1236 1845 1527 1913 Diospolis,
1562 1846 1612 1899 in
1655 1845 1789 1900 urbe
1829 1844 2070 1917 Palaesti-

488 1933 571 1972 me
619 1915 1011 1981 Caesariensis,'
1045 1919 1453 1987 quatuordecim
1483 1917 1761 1985 episcopi,
1809 1915 2067 1985 Eulogius

487 1987 837 2043 Ctesarieusis
857 2030 872 2051 ,
901 1990 1137 2044 Joannes
1175 1989 1714 2056 l-lierosolymitanus,
1753 1989 2063 2041 Ammonia-

487 2074 608 2130 nus,
639 2059 968 2130 Porphyrius
997 2059 1276 2120 Gazensis,
1306 2057 1819 2130 Euthonius[Epist.
1843 2057 2060 2130 Lucidn.

488 2129 854 2202 Eleutheriusj
895 2130 1362 2202 Hierichuntinus,
1410 2130 1742 2202 Porphyrius
1772 2130 1941 2202 alter,
1981 2129 2067 2182 Fi-

487 2199 606 2264 tlus.
637 2199 909 2265 Zosimtis,
939 2200 1208 2256 Zobainus
1259 2200 1818 2269 Eleutheropolitauus
1838 2242 1851 2263 ,
1900 2199 2062 2270 Nym-

486 2272 718 2341 phidius,
750 2271 1121 2336 Chroniacius,
1153 2271 1398 2335 Jovinus,
1435 2271 1776 2326 Eleutherius
1811 2271 2064 2325 Sebaste-

485 2357 608 2407 nus,
648 2353 703 2399 et
729 2343 1028 2398 Cleniacius
1057 2352 1444 2398 convenerunt.

558 2413 746 2468 Habita
777 2423 860 2469 est
898 2413 1136 2484 synodus
1177 2429 1303 2467 ann.
1342 2412 1722 2484 ChrisliiMS,
1765 2412 2060 2484 Innocentii

485 2486 679 2540 summi
707 2478 969 2553 pontiﬁcis
999 2485 1097 2543 15.
1127 2485 1364 2540 Honorio
1395 2501 1426 2538 x
1458 2493 1511 2539 et
1532 2482 1839 2538 Theodosio
1866 2499 1916 2536 vi
1943 2478 2067 2537 AA.’

484 2554 627 2621 CC.,
660 2558 748 2613 die
775 2557 847 2612 20
876 2557 1077 2611 mensis
1127 2556 1465 2618 Decembris,
1511 2562 1569 2608 tit
1616 2554 1954 2608 concluditur
1995 2569 2058 2608 ex

484 2627 713 2698 epiSIola
735 2627 950 2683 Luciani
981 2627 1302 2698 presbyteri,
1326 2627 1393 2681 de
1415 2625 1751 2680 revelatione
1777 2626 1918 2680 beati
1938 2625 2058 2680 Ste-

485 2697 668 2769 phani,
701 2697 842 2754 hunc
869 2698 922 2753 in
957 2697 1171 2753 modum
1191 2715 1202 2750 :

559 2769 655 2839 Die
678 2769 992 2834 Parasceve,
1019 2771 1188 2838 inquit
1218 2768 1484 2824 Lucianus
1509 2766 1598 2839 (In
1626 2766 1906 2839 appendice
1935 2776 2057 2820 tom.

486 2851 518 2895 x
543 2837 767 2910 Operam
794 2837 1107 2911 Augustini),
1137 2841 1248 2911 hoc?
1267 2849 1372 2906 est,
1401 2837 1536 2911 ieria
1575 2837 1746 2903 sexta,
1771 2853 1855 2911 _iu
1893 2853 2061 2911 nonas

486 2909 833 2978 Decembris,
878 2909 1163 2965 consulatu
1211 2910 1434 2964 llonorii
1475 2910 1658 2965 decies
1686 2919 1741 2964 et
1768 2909 2062 2964 Theodosii

486 2984 665 3035 sexies
685 2981 1066 3050 Augustorum,
1091 2980 1223 3034 hora
1253 2981 1408 3035 tertia
1443 2983 1636 3045 noctis,
1671 2981 1823 3050 quasi
1853 2981 1904 3034 in
1937 2995 2059 3034 ecs-

487 3052 585 3104 Iasi
614 3050 835 3106 cll‘ectus
857 3093 872 3118 ,
905 3052 1011 3105 vidi
1043 3053 1247 3115 virum,
1287 3062 1392 3106 etc.
1429 3052 1509 3106 Ad
1539 3052 1694 3105 aliam
1727 3052 2058 3106 Parasceven

488 3120 746 3176 Dominus
769 3121 1026 3178 Gamaliel
1043 3122 1229 3177 eadem
1253 3123 1598 3177 similitudine
1628 3123 1872 3191 apparuit
1903 3121 2056 3188 mihi,

2096 1820 2145 1880 B

2196 505 2364 559 Plane
2393 507 2560 560 aliena
2583 522 2682 558 non
2711 514 2825 557 sunt
2852 520 2963 572 qua:
2984 504 3266 574 respondit.

2260 577 2504 647 Synodus
2552 575 2726 648 dixit:
2767 575 2995 648 Legatur
3029 573 3189 648 uliudA
3219 573 3518 648 capitulum.
3583 577 3646 636 Et
3671 582 3734 639 le.

2189 645 2336 703 ctum
2359 656 2443 702 est
2473 648 2524 700 iii
2551 647 2741 701 eodem
2770 645 2928 708 libro,
2947 645 3151 700 dixisse
3168 645 3436 715 Pelagium
3455 661 3632 704 omnes
3651 668 3732 706 vo-

2189 718 2398 788 luntate
2436 717 2651 787 propria
2689 719 2822 788 regi.
2853 717 2970 784 Quo
3003 715 3140 770 lecto
3173 716 3418 788 Pelagius
3444 722 3730 788 respondit:

2189 787 2257 842 Et
2285 789 2383 842 hoc
2411 785 2521 843 dixi
2538 785 2991 858 proptervliberum
3020 785 3319 853 arbitrium,
3335 787 3418 840 cui
3440 785 3573 843 Deus
3595 793 3731 855 adiu-

2188 869 2268 912 tor
2293 869 2363 914 est
2395 859 2780 935 eligentt‘bona;
2824 861 2976 935 (tome
3001 873 3117 935 vero
3145 874 3380 935 peceans,
3409 858 3513 928 ipse
3531 860 3734 935 in_culpa

2185 938 2260 1005 est
2283 931 2429 1005 quasi
2467 926 2619 983 liberi
2659 930 2878 1005 arbitrii.
2900 1001 2911 1005 _
2938 926 3187 1005 Episcopi
3229 926 3483 1005 dixerunt
3509 947 3520 981 :
3577 926 3734 1005 Neque

2183 999 2284 1054 hoc
2295 998 2528 1055 alienum
2553 1008 2627 1053 est
2653 1000 2714 1052 ab
2734 1000 3074 1054 ecclesiastica
3098 998 3349 1053 doctrina.

2256 1070 2387 1143 Item
2421 1073 2709 1143 recitatum
2724 1070 2994 1143 est,_quod
3021 1069 3073 1123 in
3098 1069 3232 1124 libro
3260 1069 3628 1143 suo_Pelagius
3647 1081 3733 1143 po:

2181 1143 2310 1206 suit,
2343 1142 2394 1195 in
2424 1141 2514 1196 die
2551 1141 2737 1210 judicii
2780 1141 2975 1208 iniquis
3003 1149 3059 1194 et
3097 1140 3470 1208 peccatoribus
3499 1157 3600 1197 non
3627 1140 3732 1203 esse

2221 1212 2548 1274 arcendum,
2605 1212 2700 1266 sed
2752 1212 2968 1267 aeternis
3025 1225 3118 1265 eos
3165 1210 3376 1280 ignibus
3426 1215 3730 1271 exurendos.

2231 1283 2481 1352 espondit
2511 1282 2755 1351 Pelagius
2785 1301 2798 1336 :
2833 1282 2949 1336 Hoc
2966 1281 3242 1354 secundum
3268 1280 3592 1352 Evangelium
3616 1286 3729 1354 dixi,

2179 1355 2266 1406 ubi
2296 1350 2482 1407 dicitur
2500 1353 2564 1408 de
2587 1350 2938 1422 peccatoribus
2963 1369 2980 1406 :
3010 1350 3108 1406 Isti
3157 1352 3300 1406 ibunt
3348 1350 3429 1406 in'
3451 1350 3733 1422 supplicium

2177 1434 2454 1507 teter-nunt,
2483 1426 2621 1507 justi
2663 1433 2832 1507 autem
2860 1425 2914 1477 in
2943 1425 3108 1507 uitani‘
3123 1431 3364 1506 aeternam
3387 1423 3596 1507 (Matth.
3620 1442 3728 1495 xxv,

2177 1495 2294 1565 46).
2357 1494 2422 1547 Ει
2450 1493 2503 1548 si
2529 1495 2642 1565 quis
2678 1495 2826 1548 aliter
2851 1496 3032 1557 credit,
3065 1493 3355 1564 Origenista
3384 1493 3480 1547 est.
3521 1494 3630 1562 Quo
3649 1493 3731 1552 au;

2177 1564 2311 1648 dite,
2331 1564 2604 1648 catholica
2637 1567 2903 1648 sententia
2935 1565 3217 1648 episcopis.
3229 1565 3452 1648 placuit.

2252 1636 2454 1691 Deinde
2476 1636 2749 1705 obiectum
2781 1645 2864 1690 est
2889 1645 2944 1690 et
2967 1635 3099 1690 illud
3129 1635 3340 1704 Pelagio
3360 1675 3375 1700 ,
3399 1643 3660 1704 tamquam
3685 1639 3730 1694 in

2175 1721 2276 1760 suo
2304 1707 2439 1761 libro
2469 1707 2768 1774 scripserit,
2802 1706 3000 1760 malum
3032 1720 3131 1759 nec
3172 1707 3222 1760 in
3255 1705 3628 1775 cogitationem
3652 1725 3731 1763 ve-

2178 1779 2314 1832 nire.
2357 1778 2604 1846 Pelagius
2635 1777 2948 1848 reSpondit:
2988 1775 3105 1830 Hoc
3131 1792 3231 1829 non
3263 1775 3334 1830 ita
3359 1778 3732 1848 posuimus,sed

2172 1848 2394 1920 diximus
2424 1845 2603 1903 debere
2630 1847 2831 1902 studere
2870 1848 3205 1920 christianum
3227 1887 3258 1920 ,_
3280 1845 3524 1901 ne'ntale
3548 1850 3730 1920 cogitet.

2172 1919 2341 1984 Quam
2379 1921 2785 1989 responsionem
2812 1918 3047 1989 episcopi
3073 1918 3468 1989 approbarunt.

2243 1987 2546 2045 Recitatum
2575 1999 2658 2044 est
2685 2001 2739 2044 et
2764 1987 3085 2058 aliud,quod
3110 1989 3162 2042 in
3187 2003 3285 2043 suo
3304 1987 3490 2043 libello
3511 1989 3728 2059 scripsit,

2170 2076 2392 2129 regnum
2425 2061 2682 2115 caelorum
2727 2062 2890 2116 etiam
2939 2061 2990 2113 in
3027 2061 3192 2129 veteri
3238 2059 3584 2115 Testamento
3625 2076 3732 2129 pro-

2171 2128 2414 2187 missum.
2467 2131 2764 2196 Restiondit
2803 2131 3048 2200 Pelagius
3079 2148 3092 2183 :
3126 2128 3240 2184 Hoc
3265 2138 3313 2184 et
3340 2146 3433 2198 per
3457 2128 3731 2199 Scriptum

2169 2203 2375 2274 probari
2407 2202 2645 2274 possibile
2667 2217 2810 2268 esse;
2845 2200 3094 2274 hatretici_
3099 2211 3266 2254 autem
3304 2201 3635 2274 inAinjuriam
3659 2218 3731 2256 ve-

2168 2274 2284 2326 teris
2319 2269 2628 2354 testamenti
2669 2274 2764 2327 hoc
2793 2280 2998 2354 negant.
3045 2269 3159 2354 Ego
3191 2287 3306 2354 vero
3358 2269 3730 2354 Scripturar'um

2166 2344 2519 2397 auctoritatem
2547 2354 2750 2398 secutus
2785 2340 2914 2409 didi,
2955 2340 3203 2413 quoniam
3247 2343 3302 2395 in
3347 2342 3603 2413 praphetar
3629 2340 3729 2396 Da-

2167 2415 2314 2487 niele
2338 2417 2679 2487 scriptumest
2707 2430 2726 2469 :
2753 2413 2819 2487 Et
2844 2412 3094 2485 accipient
3123 2413 3284 2467 sancti
3307 2412 3526 2487 regnum
3553 2412 3729 2468 altissi-

2163 2487 2236 2538 mi
2258 2486 2420 2554 (Dan.
2444 2485 2543 2540 vti.
2575 2485 2690 2554 ΞΩ).
2741 2485 2856 2552 Qua
2887 2492 3104 2555 accepta
3155 2485 3532 2555 responsione,
3563 2497 3730 2555 syno-

2165 2553 2274 2627 dus
2299 2556 2434 2610 dixit
2459 2574 2471 2609 :
2526 2555 2712 2627 Neque
2751 2557 2846 2610 hoc
2867 2554 3184 2627 alienumth
3212 2570 3246 2627 _a
3273 2554 3377 2627 ﬁde
3399 2553 3666 2627 catholica.

2238 2625 2367 2680 Post
2394 2627 2507 2682 haec
2537 2623 2807 2697 obiectum
2830 2634 2934 2693 est,
2962 2625 3106 2696 quod
3136 2625 3384 2697 Pelagius
3409 2624 3546 2679 dixit
3574 2623 3624 2678 in
3650 2639 3730 2679 eo-

2165 2698 2283 2752 dem
2313 2698 2452 2753 libro
2473 2713 2570 2753 suo
2586 2695 2618 2765 ,’
2651 2712 2807 2766 posse
2845 2695 3113 2752 hominem
3139 2739 3154 2761 ,
3207 2696 3251 2750 si
3300 2695 3451 2759 velit,
3480 2708 3600 2766 esse
3623 2697 3731 2750 sine

2165 2778 2414 2838 peccato;
2458 2781 2514 2824 et
2541 2764 2685 2838 quod
2723 2768 2964 2823 scribens
2991 2768 3058 2822 ad
3079 2765 3292 2822 viduam
3321 2764 3620 2838 adulatorie
3655 2765 3730 2838 di-

2164 2835 2270 2896 xit:
2321 2835 2732 2909 Inveniat—apud
2770 2848 2822 2894 te
2859 2839 3052 2908 pietas,
3087 2853 3204 2908 qua:
3241 2852 3504 2909 nusquam
3538 2835 3733 2909 invenit

2163 2910 2372 2975 locum;
2426 2907 2664 2965 inveniat
2684 2910 2879 2978 ubique
2907 2910 3189 2978 peregrina
3221 2909 3275 2962 in
3303 2917 3354 2962 te
3380 2908 3558 2962 locum
3587 2907 3732 2976 iusti-

2163 2982 2272 3045 tia;
2325 2982 2522 3036 veritas
2560 2996 2716 3048 quam
2760 2981 2869 3048 jam
2916 2994 3075 3034 nemo
3108 2978 3414 3048 cognoscit,
3447 2978 3734 3034 domestica

2163 2996 2272 3045 tta;
2325 2996 2522 3036 veritas
2599 2996 2716 3034 nam
2760 2996 2869 3048 iam
2916 2996 3075 3034 nemo
3108 2996 3414 3048 cognoscit,
3447 2996 3734 3034 aomesuca

2162 3053 2258 3105 tibi
2283 3062 2337 3106 et
2364 3052 2530 3105 amica
2560 2996 2680 3104 gat:
2708 3058 2763 3104 et
2793 3051 2878 3103 lex
2920 3050 3035 3114 Dei,
3064 3048 3274 3118 quatab
3301 3048 3737 3118 omnibusiprope

2165 3122 2472 3176 hominibus
2499 3125 2883 3184 contemnitur,
2908 3135 2937 3173 a
2971 3128 3023 3173 te
3043 3117 3157 3172 sala
3190 3117 3506 3174 honoratur.
3553 3117 3626 3172 Et
3648 3117 3736 3176 ite-

487 3203 592 3248 etc.
645 3193 699 3247 In
732 3194 884 3249 tertia
912 3193 1072 3262 igitur
1109 3195 1428 3261 septimana,
1472 3188 1777 3248 eadem'die
1818 3201 1874 3246 et
1904 3195 2054 3258 hora,
2085 3193 2131 3257 C
2163 3208 2282 3248 rum
2305 3193 2371 3246 ad
2402 3193 2606 3261 ipsam:
2661 3192 2705 3246 Ο
2732 3200 2785 3246 te
2809 3191 3016 3246 felicem
3046 3197 3103 3262 et
3127 3190 3366 3262 beatam,
3416 3188 3464 3242 si
3511 3188 3734 3262 iustitia,

486 3263 629 3318 venit
655 3265 994 3334 supradictus
1025 3265 1127 3329 vir,
1148 3273 1253 3319 etc.
1308 3265 1727 3335 Expergelactus
1753 3264 1962 3332 perrexi
1990 3264 2057 3316 ad

487 3335 780 3405 civitatem,
810 3336 876 3389 ad
907 3344 1149 3390 sanctum
1183 3335 1443 3390 Joannem
1474 3339 1806 3405 episcopum,
1855 3345 1909 3389 et
1935 3350 2059 3387 cum

488 3403 566 3460 illi
591 3403 790 3471 omnia,
823 3421 941 3475 qua:
971 3407 1233 3468 videram,
1259 3403 1680 3472 renuntiassem,
1728 3422 1848 3459 cum
1875 3405 2058 3459 audis-

487 3485 590 3547 set,
615 3477 940 3547 lacrymatus
972 3488 1055 3531 est
1082 3492 1191 3545 prie
1220 3479 1440 3547 gaudio,
1463 3488 1518 3532 et
1545 3477 1701 3541 dixit,
1726 3486 1833 3531 etc.
1887 3475 2057 3539 Vade,

490 3543 612 3600 iode
632 3545 685 3600 in
712 3543 936 3617 acervo,
969 3547 1058 3617 qui
1083 3543 1171 3600 est
1201 3543 1251 3601 in
1281 3548 1397 3616 ipso
1417 3562 1574 3615 agro,
1609 3556 1663 3601 et
1685 3547 1727 3617 si
1771 3547 2056 3611 inveneris,

487 3617 733 3670 renuntia
767 3616 928 3682 mihi;
978 3616 1032 3673 et
1063 3618 1133 3670 ita
1165 3631 1253 3670 me
1290 3617 1512 3682 dimisit,
1550 3626 1654 3671 etc.
1687 3616 2060 3671 Convertimus

488 3686 553 3740 ad
577 3699 1002 3755 monumentum,
1029 3698 1082 3742 et
1108 3687 1372 3743 fodientes
1399 3688 1699 3741 invenimus
1717 3695 1826 3740 tres
1851 3689 2058 3748 thecas,

489 3766 617 3829 etc,
652 3757 842 3813 Statim
875 3774 1002 3829 ergo
1040 3759 1338 3813 renuntiavi
1361 3759 1636 3828 episeopo,
1669 3771 1790 3811 cum
1821 3766 1967 3829 esset
2008 3757 2060 3809 in

489 3826 687 3900 Lidda,
709 3844 829 3899 qua:
849 3826 958 3884 est'
978 3829 1245 3898 Diospolis
1268 3871 1282 3896 ,
1313 3826 1577 3900 synodum
1605 3843 1802 3900 agens:
1852 3828 1941 3900 qui
1976 3840 2061 3900 as-

490 3895 921 3970 sumpsit—secum
946 3900 1082 3954 duos
1105 3895 1240 3954 alios
1263 3895 1568 3970 episcopos,
1604 3897 1967 3952 Eleutlierinm
1991 3895 2060 3970 de

489 3967 735 4037 SebaSte,
767 3982 819 4026 et
843 3971 1216 4026 Eleutheriuui
1242 3967 1310 4026 de
1340 3967 1577 4035 Jericho,
1608 3980 1662 4024 et
1695 3977 1958 4024 venerunt
1993 3967 2060 4020 ad

490 4039 689 4111 locum,
729 4051 832 4097 etc.
890 4041 1023 4097 Cum
1050 4042 1278 4110 psalmis
1293 4051 1348 4096 et
1374 4041 1588 4111 hymnis
1616 4049 1957 4111 portaverunt
1981 4053 2062 4092 rc-

490 4110 682 4182 liquias
721 4112 864 4168 beati
917 4109 1174 4182 Stephani
1219 4112 1273 4166 in
1305 4109 1546 4166 sanctam
1580 4109 2060 4182 EcclesiamASion.

490 4179 598 4238 etc.
643 4183 938 4238 Trauslatse
971 4179 1098 4239 sunt
1135 4183 1373 4252 reliquiae
1405 4182 1651 4252 Martyris
1697 4196 1788 4235 vni
1817 4179 1927 4234 Ital.
1967 4181 2062 4236 Ja-

491 4253 686 4308 nuarii.
742 4254 1007 4309 Hactenus
1037 4253 1326 4310 Lucianus.

564 4323 642 4377 Ex
668 4323 747 4394 his
770 4334 979 4394 tempus
998 4324 1232 4393 concilii,
1288 4327 1452 4379 immo
1484 4322 1597 4378 fere
1626 4323 1738 4377 dics
1765 4321 2064 4392 deprehen-

491 4393 652 4448 ditur.
703 4393 835 4448 Nam
869 4393 1037 4461 prima
1069 4395 1328 4450 revelatio
1355 4395 1491 4450 facta
1524 4402 1609 4448 est
1629 4393 1716 4448 die
1759 4394 1794 4448 3
1841 4395 2064 4448 Decem-

492 4464 631 4520 bris:
690 4466 958 4533 posterior
976 4465 1063 4519 die
1094 4466 1192 4530 10;
1219 4469 1373 4519 tertia
1401 4465 1631 4534 denique
1660 4464 1744 4518 die
1768 4465 1856 4517 l7.
1901 4463 2064 4518 Joan-

493 4550 590 4608 nes
623 4536 1019 4608 Hierosolymis
1041 4545 1158 4608 erat
1196 4536 1290 4608 die
1339 4535 1404 4590 18
1426 4579 1439 4601 ,
1474 4549 1594 4608 cum
1645 4551 1773 4608 eum
1797 4534 2064 4608 Lucianus

493 4605 643 4660 adiit.
676 4607 768 4660 Die
793 4604 974 4662 l9'aut
994 4606 1067 4660 20
1098 4605 1227 4661 fodit
1254 4607 1543 4668 Lucianus,
1575 4606 1915 4673 inventisque
1944 4604 2068 4658 reli-

493 4679 634 4746 quiis
682 4677 906 4732 Liddam
952 4678 1210 4746 perrexit,
1254 4676 1344 4730 ubi
1391 4687 1504 4731 erat
1533 4676 1768 4731 JOannes
1800 4675 2066 4746 synodum

493 4762 678 4818 agens,
727 4758 781 4804 et
805 4749 947 4803 unde
971 4748 1128 4801 rediit
1150 4757 1273 4801 ante
1302 4749 1443 4802 diem
1470 4748 1562 4802 ‘25.
1615 4748 1840 4818 Neci-sse
1867 4755 1950 4801 est
1972 4747 2070 4816 igi-

497 4827 582 4873 tur
609 4817 669 4874 ut
692 4819 980 4874 concilium
1005 4821 1075 4871 sit
1106 4818 1342 4872 habitutn
1372 4833 1401 4870 a
1430 4819 1596 4873 dicio
1617 4819 1682 4871 ad
1711 4817 1803 4874 25.

569 4890 908 4976 Augustinus
936 4905 1056 4943 cum
1089 4900 1206 4943 acta
1255 4890 1414 4971 hujus
1458 4890 1808 4976 eonc‘iliidie‘
1833 4888 2068 4976 expetita

495 4959 824 5032 accepisset,
855 4962 1046 5032 librum
1078 4960 1401 5027 conscripsit
1449 4959 1518 5013 de
1556 4960 1733 5014 Gestis
1773 4960 2070 5013 Palaestinis

496 5034 561 5088 ad
591 5031 863 5088 Aurelium
905 5031 1408 5100 Carthaginensem,
1446 5046 1512 5084 ex
1544 5045 1649 5099 quo
1686 5038 1894 5097 sumpta
1920 5038 2069 5096 sunt,

497 5120 638 5174 quae,
671 5103 859 5160 recisis
888 5099 1172 5171 Augustini
1202 5102 1640 5174 Commentariis,
1661 5099 2042 5174 subjiciuntur.

567 5175 700 5231 Cum
737 5174 978 5246 synodus
1021 5174 1311 5246 Diospolim
1344 5173 1726 5246 convenisset,
1766 5171 1981 5240 Pelagio
2017 5172 2071 5246 i_n

496 5242 814 5301 consessum
844 5247 1080 5306 inducto,
1131 5244 1273 5298 inter
1297 5257 1390 5307 ea,
1439 5259 1558 5312 quae
1587 5243 1768 5297 libello
1790 5252 1914 5296 sunt
1933 5242 2072 5312 reci.

499 5325 609 5370 tata
629 5359 644 5380 ,
666 5317 935 5385 objectum
968 5316 1181 5385 Pelagio
1231 5314 1360 5370 illud
1407 5312 1501 5367 fuit
1531 5313 1759 5383 primum
1781 5354 1793 5371 .
1820 5311 1976 5385 quod
2018 5313 2071 5368 in

497 5387 639 5444 libro
664 5384 761 5441 suo
785 5386 1012 5456 quodam
1045 5384 1254 5451 scribit,
1288 5401 1392 5439 non
1445 5400 1619 5456 posse,
1641 5397 1767 5456 esse
1789 5384 1903 5436 sine
1942 5397 2070 5456 pec-

497 5469 644 5526 cato,
678 5457 780 5512 nisi
804 5453 892 5527 Qui
937 5457 1068 5527 legis
1094 5458 1371 5512 scientiam
1403 5455 1685 5527 habuerit._
1736 5453 1852 5527 Quo
1880 5455 2076 5527 recita-

498 5536 556 5584 to
585 5523 1029 5602 synodus—dixit?
1062 5527 1143 5602 Tu
1186 5527 1282 5602 hoc
1316 5526 1557 5602 edidisti,
1591 5523 1930 5602 PelagiimA}
1984 5523 2076 5602 ille

499 5593 809 5671 respondit:
847 5599 959 5671 Ego
985 5599 1188 5668 quidem
1219 5599 1328 5652 dixi
1345 5639 1359 5663 ,
1387 5597 1475 5651 sed
1503 5613 1604 5650 non
1623 5593 1758 5671 sicut
1782 5593 1858 5671 illi
1885 5594 2075 5671 intelli-

500 5664 662 5745 gunt;
705 5687 806 5745 non
841 5664 1076 5745 diicijnon
1123 5686 1270 5745 posse
1297 5683 1518 5745 peccare
1545 5668 1632 5745 qui
1663 5665 1920 5745 scientiam
1950 5664 2078 5736 legis

505 5737 755 5809 imbuerit,
789 5739 876 5797 sed
896 5740 1133 5811 adjuvari
1169 5757 1257 5809 per
1290 5737 1412 5811 legis
1447 5737 1714 5811 scientiam
1729 5737 1806 5811 ad
1836 5752 1934 5811 non
1963 5753 2078 5811 pec-

501 5807 748 5880 sandum,
777 5814 909 5869 sicut
935 5807 1177 5879 scriptum
1209 5821 1282 5866 est
1306 5807 1546 5878 {Legem
1569 5809 1619 5860 in
1648 5808 1962 5878 adjutorium
1991 5807 2080 5862 de-

2161 3279 2281 3335 quze
2307 3265 2359 3335 in
2389 3259 2527 3317 coelo
2555 3271 2760 3335 tantum
2789 3276 2911 3335 esse
2940 3260 3209 3335 credenda
3246 3269 3352 3335 est,
3373 3259 3549 3335 _apud
3577 3270 3734 3335 tesc-

2162 3329 2269 3389 lam
2302 3334 2610 3388 inveniatur
2646 3333 2698 3388 in
2732 3332 2910 3387 terris.
2964 3331 3032 3384 Et
3059 3333 3110 3384 in
3138 3330 3245 3385 alio
3274 3330 3341 3385 ad
3373 3331 3549 3399 ipsam
3583 3329 3731 3398 libro,

2163 3415 2286 3476 post
2313 3405 2614 3459 orationem
2650 3404 2856 3476 Domini
2899 3410 2956 3458 et
2981 3401 3273 3476 Salvatoris
3298 3402 3466 3476 nostri
3494 3445 3510 3468 ,
3532 3400 3730 3476 _docens

2200 3476 2610 3532 uemadmodum
2657 3474 2888 3530 debeant
2934 3471 3104 3528 sancti
3142 3486 3338 3538 orare,
3373 3471 3482 3526 ait:
3530 3471 3626 3527 Ille
3670 3473 3728 3526 ad

2200 3495 2610 3532 uemaumouum
2657 3495 2888 3530 aeneam.
2934 3495 3104 3528 sattcu
3142 3495 3338 3538 orare,
3373 3495 3482 3526 all:
3530 3495 3626 3527 sue
3670 3495 3704 3526 at

2159 3495 2331 3602 Deum
2361 3547 2520 3616 digne
2548 3545 2728 3601 elevat
2751 3559 2960 3606 manus.
2994 3543 3084 3616 ille
3107 3543 3405 3616 orationem
3439 3542 3577 3616 bona
3611 3557 3704 3616 con

2162 3619 2384 3672 scientia
2411 3613 2656 3684 elfundit,
2687 3616 2776 3686 qui
2835 3621 3011 3684 potest
3051 3613 3264 3668 dicere:
3315 3613 3396 3668 'l'u
3429 3613 3593 3686 nosti,
3639 3613 3710 3686 Do

2161 3689 2327 3751 mine,
2353 3700 2510 3756 quam
2540 3684 2740 3742 sanctae
2774 3694 2828 3740 et
2860 3686 3172 3756 innocentes
3197 3693 3252 3738 et
3285 3684 3646 3756 mundarsint
3669 3684 3728 3738 ab

2161 3758 2309 3812 omni
2341 3754 2539 3810 malitia
2564 3766 2619 3811 et
2657 3757 2937 3825 iniquitate
2970 3763 3025 3809 et
3054 3755 3237 3824 rapina
3259 3796 3274 3821 ,
3299 3769 3435 3824 quas
3462 3754 3529 3810 ad
3556 3763 3607 3810 te
3641 3769 3727 3808 ex-

2164 3827 2325 3883 tendo
2353 3842 2579 3892 manus;
2609 3827 3062 3897 quemadmodum
3094 3826 3234 3894 iusta
3263 3836 3316 3897 et
3346 3825 3549 3880 munda
3572 3825 3726 3897 Alabia.

2163 3908 2216 3953 et
2235 3901 2301 3952 ab
2324 3900 2467 3952 omni
2496 3895 2776 3953 mendacio
2797 3897 2987 3961 libera,
3012 3897 3206 3966 quibus
3236 3895 3404 3951 olfero
3428 3897 3526 3951 tibi
3554 3895 3737 3966 depre»

2163 3973 2461 4035 cationem,
2491 3979 2552 4023 ut
2595 3967 2726 4022 mihi
2765 3965 3094 4023 miserearis.
3146 3966 3226 4021 Ad
3269 3967 3369 4021 hoc
3414 3965 3730 4034 respondens

2163 4039 2410 4110 Pelagius
2427 4041 2500 4094 ait
2520 4058 2530 4091 :
2565 4039 2723 4093 Posse
2747 4039 2949 4110 quidem
2970 4038 3355 4110 hominemsine
3372 4047 3580 4110 peegato
3609 4051 3722 4110 esse,

2164 4120 2211 4164 et
2240 4100 2336 4164 ΒΞὶ
2355 4111 2598 4164 mandata
2619 4100 2890 4174 custodire,
2915 4110 2958 4162 si
2979 4100 3114 4172 velit,
3136 4100 3382 4161 diximus:
3434 4106 3587 4161 Hanc
3609 4107 3730 4160 enim

2164 4183 2549 4252 possibilitatem
2593 4181 2728 4252 Deus
2772 4181 2851 4234 illi
2874 4180 3056 4252 dedit.
3091 4178 3236 4252 _Non
3280 4188 3456 4252 autem
3500 4177 3727 4239 diximus,

2165 4249 2300 4323 quod
2322 4253 2605 4306 inveniatur
2625 4251 2811 4321 aliquis
2830 4249 2895 4323 ab
2916 4250 3135 4323 infantia
3164 4265 3321 4323 usque
3347 4250 3417 4302 ad
3438 4255 3730 4323 senectutem

2165 4320 2255 4393 qui
2284 4339 2558 4390 numquam
2584 4320 2858 4393 peccaverit
2874 4339 2897 4393 ί
2928 4320 3016 4374 sed
3036 4321 3277 4388 quoniam
3304 4335 3343 4393 Aa
3374 4320 3595 4393 peccatis
3623 4333 3731 4370 con-

2166 4390 2337 4448 i-ersus
2363 4394 2568 4464 proprio
2587 4390 2768 4445 labore
2793 4401 2838 4464 et
2861 4391 2959 4464 Dei
2980 4393 3147 4462 gratia
3179 4390 3351 4464 possit
3366 4406 3477 4444 esse
3496 4391 3728 4464 sinepec-

2168 4475 2302 4525 cato,
2346 4457 2632 4518 nec'tanten
2664 4479 2752 4529 per
2798 4463 2894 4515 Iwc
2945 4457 2999 4515 in
3039 4457 3297 4531 posterum
3333 4457 3729 4531 inconvertibilis.

2093 4563 2144 4623 Β
2173 4535 2392 4602 Reliqua
2436 4549 2552 4623 vero
2581 4527 2700 4623 qua!
2728 4527 3082 4623 subjecerunt)
3116 4531 3352 4623 neque'in
3378 4530 3522 4623 libris
3565 4527 3733 4623 nostris

2171 4601 2311 4674 sunt,
2345 4621 2502 4675 neque
2522 4601 2648 4657 talia
2682 4601 2926 4664 umquam
2957 4601 3224 4675 dia:imus._
3252 4601 3345 4675 His
3377 4611 3559 4656 autem
3579 4613 3732 4675 _syuo-

2172 4677 2273 4730 dus
2299 4672 2469 4729 dixit:
2512 4675 2762 4738 Quoniam
2794 4689 2946 4743 negas
2960 4673 3103 4743 _talia
3124 4672 3411 4740 scripsisse,
3443 4673 3723 4743 anathema-

2171 4746 2438 4800 tizasillos
2463 4746 2550 4814 qui
2596 4746 2668 4798 sic
2703 4741 2909 4798 tenent?
2956 4741 3201 4814 Pelagius
3245 4743 3552 4811 reSpondit:
3610 4741 3734 4814 Ana-

2173 4817 2445 4871 thematizo
2475 4811 2620 4884 quasi
2648 4815 2852 4879 stultos,
2887 4829 2988 4866 non
3013 4811 3154 4883 quasi
3185 4813 3472 4884 haereticos,
3500 4811 3733 4884 siquidem

2173 4903 2275 4940 non
2313 4896 2383 4940 est
2420 4883 2931 4955 dogmatEpisc0pi
2969 4883 3261 4939 dixerunt:
3314 4883 3470 4938 Nunc
3513 4883 3732 4953 quoniam

2173 4954 2615 5011 anathematizauit
2639 4954 2884 5026 Pelagius
2923 4956 3171 5008 insertum
3191 4955 3583 5026 stultiloquium,
3614 4959 3732 5004 recte

2175 5028 2505 5098 respondens,
2531 5023 2788 5081 hominem
2811 5042 2927 5098 cum
2945 5026 3203 5098 adjtttorio
3225 5023 3319 5098 Dei
3341 5035 3386 5078 et
3415 5025 3581 5098 gratia
3604 5034 3732 5092 posse

2177 5093 2284 5153 esse
2314 5101 2422 5152 sine
2453 5110 2678 5166 peccato,
2707 5093 3021 5168 respondeat
3031 5107 3078 5168 _et
3104 5097 3172 5148 ad
3205 5095 3312 5148 alia
3339 5093 3585 5168 capitula.

2248 5161 2463 5223 Deinde
2477 5167 2686 5236 objecta
2717 5161 2840 5220 sunt
2866 5166 3100 5234 Pelagio,
3126 5182 3244 5236 qua:
3269 5168 3320 5220 in
3352 5161 3593 5219 dectrina
3623 5161 3730 5216 εω-

2177 5240 2321 5295 lestii
2352 5235 2599 5304 discipuli
2631 5238 2746 5304 ejus
2774 5237 3082 5292 referuntur
3113 5235 3362 5291 inventa:
3411 5235 3579 5290 Adam
3606 5247 3733 5286 mor-

2179 5311 2337 5365 talem
2364 5310 2580 5373 factum,
2612 5308 2703 5378 qui
2735 5310 2852 5362 sive
2883 5318 3160 5377 peccaret,
3192 5309 3306 5361 sive
3349 5322 3454 5378 non
3482 5311 3730 5376 peccaret,

2180 5391 2424 5434 mortuus
2445 5377 2643 5444 esset;’
2673 5381 2923 5448 quoniam
2964 5386 3242 5448 peccatum
3287 5377 3415 5433 Adae
3448 5378 3615 5448 ipsum
3657 5387 3735 5448 so-

2184 5452 2292 5506 lum
2337 5451 2537 5506 laeserit
2556 5491 2571 5515 ,
2594 5443 2649 5505 et
2681 5443 2785 5504 non
2811 5443 2982 5519 genus
3012 5448 3333 5514 humanum;
3385 5443 3628 5519 quoniam
3658 5443 3733 5497 lex

2184 5525 2262 5577 sic
2289 5523 2465 5577 mittat
2491 5520 2558 5576 ad
2583 5516 2848 5591 regnum,
2879 5520 3328 5591 quetnadmodum
3366 5516 3692 5591 E’vangclium
3716 5525 3732 5576 ;

2185 5594 2437 5662 quoniam
2466 5601 2590 5647 ante
2620 5587 2904 5646 adventum
2925 5589 3124 5644 Christi
3153 5590 3350 5645 fuerint
3377 5589 3612 5662 homines
3631 5587 3734 5643 sine

2185 5659 2440 5733 peccato;
2498 5664 2749 5733 quoniam
2781 5662 3018 5733 infantes
3055 5676 3228 5730 nuper
3262 5662 3388 5733 nati
3409 5662 3461 5715 in
3491 5659 3580 5713 illo
3609 5663 3734 5710 statu

2186 5731 2312 5798 sint,
2345 5735 2396 5787 in
2428 5731 2531 5804 quo
2559 5735 2729 5789 Adam
2769 5731 2870 5787 fuit
2905 5739 3029 5787 ante
3064 5731 3551 5804 praevaricationem
3576 5744 3588 5790 ς
3618 5737 3735 5792 αιιο·

2188 5805 2330 5859 niam
2354 5803 2529 5873 neque
2569 5819 2666 5874 per
2695 5804 3143 5858 resurrectionem
3171 5803 3372 5858 Christi
3405 5813 3560 5857 omne
3586 5804 3737 5869 genus
