3900 6268
154 196 245 257 329

692 189 1001 253 DISSERT.
1041 192 1107 252 Il.
1151 193 1241 252 DE
1279 177 1568 254 SYNODIS
1604 191 1874 253 HABITIS
1909 191 1978 251 ΙΝ
2012 189 2240 252 CAUSA
2278 191 2838 253 PELAGIANORUM.

3289 199 3394 258 350

154 314 440 384 humanum
464 315 753 384 resurgat,
781 310 911 365 Hinc
939 311 1013 384 ita
1045 311 1258 384 objecta
1286 322 1430 377 sunt,
1464 322 1522 367 ut
1549 313 1709 369 etiam
1739 315 1793 374 Α
1817 313 2048 369 cundum
2067 313 2462 368 necessitatem.
2487 313 2542 368 In
2566 312 2775 368 decimo
2791 317 3048 384 capitulo,
3071 329 3177 369 non
3193 330 3313 372 esse
3337 319 3397 372 li-

153 381 274 451 apud
302 377 674 453 Carthaginem
706 381 775 437 ab
803 383 1023 437 Aurelio
1050 377 1247 439 et'aliis
1278 385 1610 453 coepiscopis
1637 385 1714 440 di-

153 452 649 525 cerentur_audita.
699 454 1183 525 atquedamnata.
1250 452 1452 510 Deinde
1501 452 1710 525 objecta

154 535 262 580 sunt
289 535 339 578 et
367 522 470 577 alia
499 525 742 594 qumdam
773 522 1040 593 capitula,
1074 522 1589 582 commemoratione
1619 544 1713 582 no-

156 595 301 650 minis
335 595 616 664 Augustini
650 596 992 665 interpOSita,
1017 612 1135 664 quae
1165 598 1214 652 ei
1244 597 1310 652 de
1338 598 1520 653 Sietlia
1550 598 1712 654 missa

153 666 360 733 fuerant,
389 681 511 738 cum
545 667 616 720 ibi
638 667 832 738 fratres
860 667 1112 722 catholici
1135 667 1440 738 hujusmodi
1465 669 1714 737 quaestio-

155 738 296 793 nibus
323 737 684 811 turbarentur.
720 737 822 792 Ista
856 749 1037 794 autem
1067 737 1227 811 sunt:
1254 755 1411 811 posse
1443 741 1710 796 hominem

156 811 260 864 sine
299 819 537 878 peccato,
571 810 617 863 si
653 811 802 878 velit,
836 824 989 876 esse;
1047 810 1298 877 infantes,
1339 813 1438 866 etsi
1482 827 1588 866 non
1621 813 1712 868 ba-

157 883 428 952 ptizantur,
472 879 673 935 habere
701 882 866 952 vitam
904 891 1200 948 aeternam;
1253 882 1448 938 divites
1481 884 1716 952 baptiza-

157 960 248 1024 tos,
277 951 371 1024 nisi
397 951 650 1006 omnibus
669 951 1072 1024 abrenuntient,
1104 953 1150 1008 si
1171 954 1297 1024 quid
1321 953 1448 1009 boni
1471 956 1571 1009 visi
1599 954 1716 1011 fue-

154 1023 248 1078 rint
270 1022 470 1095 facere,
503 1038 612 1077 non
653 1024 896 1095 reputari
939 1023 1079 1090 illis,
1135 1022 1308 1094 neque
1351 1041 1573 1095 regnum
1620 1027 1712 1082 Dei

156 1108 294 1162 posse
325 1107 414 1166 eos
441 1093 662 1166 habere.
719 1093 800 1148 Ad
840 1096 955 1150 haec
995 1095 1095 1149 sibi
1124 1093 1332 1165 objecta
1364 1093 1613 1166 Pelagius
1643 1097 1714 1152 ita

155 1164 410 1233 respondit
442 1181 456 1219 :
488 1163 650 1218 Posse
684 1166 890 1234 quidem
925 1163 1323 1220 hontinemsine
1369 1163 1581 1234 peccdto
1609 1185 1715 1224 esse

157 1237 324 1308 dictum
352 1237 722 1308 est‘superius.
789 1235 868 1290 De
889 1252 947 1308 eo
984 1245 1157 1290 autem
1191 1239 1328 1308 quod
1369 1240 1557 1308 fuerint
1598 1250 1714 1294 ante

156 1307 394 1359 adventum
423 1303 629 1360 Domini
649 1306 882 1378 homines
906 1307 1014 1362 sine
1036 1303 1263 1376 peccato,
1287 1303 1502 1363 dicimus
1527 1319 1573 1363 et
1599 1327 1710 1378 nos,

155 1379 369 1446 quoniam
396 1381 814 1449 anteradventum
835 1377 1028 1433 Christi
1052 1381 1285 1434 vixerunt
1307 1381 1516 1449 quidam
1541 1392 1714 1435 sancte

156 1457 197 1520 et
208 1449 331 1516 juste
343 1448 622 1503 secundum
651 1450 1042 1520 Scripturarum
1057 1448 1352 1504 sanctarum
1367 1453 1708 1506 traditionem.

157 1519 348 1588 Reliqua
377 1535 489 1573 vero
518 1531 565 1572 et
604 1522 883 1574 secundum
927 1521 1159 1590 ipsorum
1187 1523 1526 1577 testimonium
1565 1540 1596 1575 a
1636 1540 1715 1577 me

160 1591 274 1642 dicta
303 1607 401 1644 non
432 1601 574 1655 sunt,
603 1608 696 1662 pro
726 1592 908 1661 quibus
935 1608 1026 1662 ego
1056 1593 1352 1662 satisfacere
1391 1611 1493 1647 non
1527 1593 1713 1661 debeo;

253 1670 408 1757 tqmen
437 1663 505 1744 ad
523 1663 1138 1757 satisfactionem‘saqctte
1172 1664 1377 1757 sgnoldi.
1412 1665 1713 1757 anatbetga-
1743 1696 1792 1757 Β

158 1733 476 1807 tizoillosqui
507 1735 581 1807 sic
608 1742 818 1807 tenent,
856 1742 956 1807 aut,
983 1733 1266 1807 aliquando;
1291 1744 1578 1804 tenuerunt.
1609 1735 1710 1807 Sy-

157 1802 303 1857 nodus
329 1803 461 1878 dixit
490 1804 618 1878 :_Ad
646 1806 753 1859 lucc
795 1805 1045 1878 prcedicta
1073 1805 1302 1876 capitula
1324 1802 1713 1878 isu/ﬂcienter'et

157 1883 266 1927 recte
303 1875 555 1943 satisfecit
602 1891 823 1943 praesens
863 1875 1145 1948 Pelagius,
1186 1875 1626 1932 anathematizauit
1654 1895 1711 1932 ea

156 1960 250 2015 quae
271 1960 361 1998 non
380 1955 528 2000 erant
555 1949 690 2014 ejus.

215 2015 456 2089 Deinceps
491 2018 766 2089 objectum
804 2031 888 2075 εει
932 2017 1151 2089 Pelagio
1179 2019 1320 2088 quod
1376 2019 1582 2075 diceret
1614 2021 1714 2077 Ec-

158 2085 345 2161 clesiam
371 2085 461 2161 hic
486 2085 614 2144 esse
639 2090 756 2146 sine
783 2089 992 2145 macula
1033 2085 1088 2144 ei
1113 2085 1262 2159 ruga.
1292 2090 1589 2161 Respondit
1621 2092 1715 2148 Pe-

155 2156 298 2226 lagius
327 2157 572 2214 :Dictum
593 2170 669 2215 est
703 2178 736 2215 a
762 2160 908 2216 nobis
944 2161 1135 2215 scilicet
1163 2156 1273 2226 ita;
1299 2156 1541 2226 quoniam
1567 2163 1711 2216 lava-

157 2243 230 2304 cro
244 2229 300 2304 ab
320 2232 455 2304 omni
483 2234 693 2304 macula
731 2241 776 2287 et
814 2249 947 2304 ruga
988 2240 1244 2304 purgatur
1277 2229 1528 2301 Ecclesia,
1558 2251 1714 2301 quam

157 2300 250 2375 uelit
275 2302 341 2354 ita
367 2301 621 2375 Dominus
647 2300 966 2374 permanere.
989 2300 1076 2358 'Ad
1093 2300 1250 2374 'quod
1272 2305 1510 2375 synodus
1538 2300 1710 2360 dixit:

156 2367 252 2444 Hoc
273 2380 319 2444 et
341 2373 484 2444 nobis
505 2367 691 2444 placet.

214 2442 400 2500 Deinde
453 2442 670 2514 objecta
721 2453 852 2501 sunt
896 2446 965 2501 de
1003 2446 1141 2502 libro
1169 2444 1440 2514 Coelestii,
1501 2447 1626 2517 quid
1661 2448 1712 2503 in

157 2527 446 2584 unoquoque
494 2517 732 2587 capitulo
778 2520 1158 2588 contineatur,
1211 2519 1380 2588 magis
1422 2520 1714 2574 secundum

155 2599 368 2660 sensum,
391 2603 551 2657 quam
589 2587 885 2660 secundum
914 2589 1102 2656 verba,
1136 2587 1492 2660 quasquidem
1525 2591 1613 2644 ille
1640 2593 1715 2644 la-

156 2654 241 2732 tius
266 2654 610 2732 exsequitur;
645 2659 739 2732 sed
768 2669 894 2714 tunc
909 2654 1177 2732 subjicere
1204 2654 1407 2726 omnia,
1435 2662 1524 2732 qui
1560 2661 1716 2716 libel-

155 2726 246 2800 lum
287 2726 544 2800 adversus
583 2731 854 2799 Pelagium
903 2726 1184 2794 dederant,
1218 2745 1277 2787 se
1325 2726 1715 2800 non'potnisse

153 2795 410 2853 dixerunt.
446 2799 589 2870 Ergo
617 2803 669 2856 in
701 2795 874 2868 primo
904 2803 1142 2871 capitulo
1178 2801 1297 2856 libri
1344 2795 1581 2859 leestii
1613 2803 1717 2860 hoc

153 2870 394 2945 scriptum
437 2887 585 2945 esse,
618 2873 865 2942 quoniam
895 2870 1015 2945 plus
1060 2872 1286 2945 facimus
1318 2889 1475 2944 quam
1508 2877 1562 2928 in
1597 2875 1719 2945 lege

154 2949 200 3015 et
231 2941 528 3015 Evangelia
547 2941 757 3013 jussum
788 2941 911 2998 est.’
941 2943 1021 2998 Ad
1043 2945 1187 3015 quod
1220 2941 1468 3015 Pelagius
1493 2941 1719 3015 respon-

156 3009 255 3066 dit:
281 3009 406 3086 lloc
442 3009 593 3084 quoii
630 3023 863 3068 nostrum
900 3009 1212 3086 posuerunt;
1249 3009 1441 3070 dictitm
1483 3027 1557 3072 est
1587 3009 1719 3072 'vero

1816 385 2003 440 berum
2026 385 2328 452 arbitrium,
2350 384 2397 439 si
2420 385 2515 439 Dei
2547 385 2786 453 indigeat
2813 385 3035 451 auxilio,
3068 387 3317 455 quoniam
3343 389 3395 444 in

1816 458 2025 526 propria
2043 457 2316 511 voluntate
2330 457 2488 512 habet
2504 459 2868 527 unusquisque
2880 468 2971 512 aut
2984 459 3159 512 lacere
3173 459 3393 528 aliquid,

1815 537 1908 582 aut
1927 545 2034 584 non
2052 528 2247 583 facere.
2276 529 2330 582 In
2357 528 2676 583 duodecimo
2711 530 2966 598 capitulo,
2989 531 3269 584 victoriam
3297 548 3395 586 no~

1814 607 1982 655 stram
2017 617 2119 656 non
2149 616 2211 656 ex
2241 599 2337 654 Dei
2361 614 2481 655 esse
2517 599 2804 668 adjutorio,
2838 600 2932 654 sed
2963 616 3028 655 ex
3061 601 3231 655 libero
3253 604 3395 656 arbi-

1817 670 1941 726 trio.
1959 671 2109 740 Quod
2125 670 2319 726 inferre
2333 671 2508 726 dictus
2520 686 2596 726 est
2614 672 2695 726 his
2719 671 2924 726 verbis:
2941 670 3136 726 Nostra
3153 682 3225 726 est
3240 678 3394 727 uictov

1815 743 1913 806 ria,
1930 746 2174 811 quoniam
2196 744 2404 814 prOpria
2424 744 2684 797 voluntate
2705 759 2848 795 arma
2860 750 3197 814 suscepimus;
3218 747 3346 797 sicut
3369 763 3395 799 e

1814 817 2096 882 contrario,
2123 822 2355 867 nostrum
2383 824 2479 880 est,
2511 814 2718 882 quando
2749 814 3017 878 vincimur,
3045 817 3284 882 quoniam
3309 832 3395 867 ur-

1815 886 1949 958 mari
1970 884 2178 958 propria
2206 884 2901 958 voluntatecon(empsimus.
2944 888 3006 938 tdt
3036 886 3101 938 de
3133 887 3393 954 Apostolo

1819 954 1978 1011 Petro
2008 954 2186 1024 posuit
2213 955 2598 1021 testimonium,
2629 955 2824 1010 divina:
2863 969 2962 1012 nos
2999 969 3119 1010 esse
3163 971 3390 1011 consor-

1819 1033 1900 1080 tes
1922 1035 2148 1094 naturte,
2172 1035 2227 1080 et
2255 1026 2626 1097 syllogismum
2657 1025 2833 1080 facere
2874 1041 3026 1081 eum:
3059 1029 3314 1094 quoniam
3346 1029 3391 1084 si

1818 1097 1994 1152 anima
2023 1115 2126 1154 non
2161 1096 2339 1168 potest
2377 1111 2496 1152 esse
2528 1096 2646 1152 sine
2677 1106 2938 1168 peccato;
2990 1112 3116 1167 ergo
3155 1108 3208 1152 et
3253 1098 3392 1154 Deus

1817 1169 2059 1239 subjacet
2098 1167 2337 1238 peccato,
2363 1168 2516 1239 cujus
2549 1183 2692 1236 pars,
2728 1167 2830 1221 hoc
2865 1178 2975 1239 est,
3016 1168 3213 1233 anima,
3267 1185 3403 1236 pec"

1818 1237 1938 1294 cato
1966 1237 2198 1296 obnoxia
2249 1247 2352 1293 est.
2396 1238 2452 1293 lu
2503 1239 2710 1293 decimo
2756 1237 2926 1310 tertio
2950 1239 3184 1308 eapitulo
3236 1240 3390 1310 dicit,

1817 1313 2070 1379 quoniam
2124 1311 2509 1380 paenitentibus
2552 1310 2707 1365 venia
2749 1324 2854 1362 non
2899 1309 3055 1363 datur
3096 1309 3399 1366 secundum.

1817 1383 2040 1448 gratiam
2075 1392 2131 1436 et
2160 1380 2584 1436 misericordiam
2619 1381 2735 1443 Dei,
2761 1380 2854 1433 sed
2877 1380 3170 1435 secundum
3197 1385 3389 1437 merita

1819 1466 1872 1505 et
1896 1453 2135 1508 laborem
2192 1468 2380 1507 eorum
2406 1453 2494 1521 qui
2534 1468 2629 1521 per
2665 1451 3050 1522 paenitentiam
3083 1451 3226 1522 digni
3270 1455 3392 1509 lue-

1818 1524 1926 1576 rint
1954 1523 2344 1580 misericordia.
2381 1523 2474 1578 llis
2507 1523 2741 1578 recitatis
2772 1523 3010 1591 synodus
3040 1523 3208 1577 dixit:
3253 1522 3394 1589 Quid

1818 1596 1886 1646 ad
1907 1595 2036 1661 htec,
2068 1611 2179 1665 qua:
2202 1595 2472 1665 lectasunt
2501 1594 2759 1664 capitula,
2795 1593 2929 1665 dixit
2970 1609 3188 1661 praesens
3231 1593 3390 1650 Pela-

1817 1667 1933 1734 gius
1963 1663 2281 1720 monac/tus?
2305 1663 2418 1718 Hoc
2454 1663 2588 1719 enim
2630 1664 3092 1735 rtprobatisancta
3143 1666 3389 1734 synodus,

1818 1745 1865 1790 et
1890 1749 2067 1791 sancta
2093 1736 2191 1790 Dei
2220 1736 2472 1790 catholica
2514 1734 2768 1790 Ecclesia.
2807 1734 3055 1803 Pelagius
3085 1737 3387 1804 respondit:

1817 1806 2012 1862 lterum
2038 1809 2171 1873 dico,
2191 1809 2310 1878 quia
2343 1810 2449 1862 [nec
2487 1809 2641 1861 etiam
2681 1805 2962 1860 secundum
2991 1806 3219 1878 ipsorum
3251 1810 3394 1860 testi—

1817 1880 2045 1933 monium
2074 1895 2174 1933 non
2202 1875 2318 1950 sunt
2346 1895 2456 1931 mea
2475 1921 2488 1945 ,
2521 1895 2614 1950 pro
2644 1877 2826 1948 quibus
2847 1922 2861 1946 ,
2915 1884 2967 1929 ut
2996 1875 3137 1950 dici,
3187 1879 3394 1949 satisfa-

1814 1950 2031 2003 ctionem
2061 1967 2162 2004 non
2185 1949 2360 2003 debeo.
2386 1947 2662 2015 Quw‘vero
2685 1965 2796 2002 mea
2827 1963 2932 2002 esse
2962 1947 3227 2016 confessus
3253 1947 3387 2017 sum,

1815 2018 1924 2074 [nec
1951 2030 2088 2075 recta
2113 2037 2221 2075 esse
2249 2021 2465 2091 aﬁirmo.
2499 2020 2826 2091 Qua:_autem
2853 2018 2962 2072 dixi
2994 2035 3092 2091 non
3125 2035 3232 2072 esse
3257 2037 3391 2087 mea,

1816 2091 2098 2145 secundum
2116 2088 2375 2165 judicium
2403 2102 2596 2165 sanctte
2626 2088 2873 2165 Ecclesia:
2903 2088 3140 2165 reprobo,
3177 2091 3398 2165 anathe-

1815 2179 1900 2216 ma
1931 2165 2100 2218 dicens
2116 2161 2266 2217 omni
2296 2162 2722 2227 contrarenienti,
2743 2169 2791 2216 et
2817 2161 3186 2214 contradicenti
3207 2171 3398 2218 sancta:

1816 2235 2082 2288 catholica:
2121 2233 2362 2288 Ecclesia:
2403 2233 2690 2298 doctrinis;
2718 2248 2808 2303 ego
2851 2233 2980 2286 enim
3008 2232 3068 2303 in
3099 2231 3250 2285 artius
3277 2235 3398 2287 sub-

1815 2305 2018 2358 stantiae
2041 2304 2345 2359 Trinitatem
2385 2305 2560 2370 credo,
2585 2314 2632 2358 et
2663 2301 2832 2356 omnia
2877 2301 3158 2356 secundum
3203 2304 3398 2358 doctri-

1816 2391 1937 2428 nam
1965 2386 2152 2443 sancta:
2177 2377 2445 2430 catholica:
2467 2375 2731 2429 Ecclesiaz.
2765 2373 2827 2429 Si
2854 2374 2966 2444 quis
3000 2389 3115 2427 vero
3144 2372 3316 2429 aliena
3337 2377 3399 2430 ab

1817 2445 1914 2499 hac
1935 2448 2090 2515 sapit,
2121 2447 2393 2502 anathema
2419 2448 2505 2500 sit.
3337 2491 3346 2498 .

1887 2517 2136 2588 Synodus
2166 2517 2299 2574 dixit
2325 2536 2337 2570 :
2387 2516 2544 2571 Nunc
2575 2517 2816 2588 quoniam
2837 2515 3167 2588 satisfactum
3198 2527 3272 2588 est
3297 2533 3396 2570 no-

1817 2586 2395 2659 bis,'prosecutionibus
2445 2586 2710 2656 praesentis
2748 2586 3266 2659 Pelagiirmonachi,
3310 2588 3399 2656 qui

1817 2657 2020 2728 quidem
2039 2661 2136 2729 piis
2168 2660 2412 2714 doctrinis
2443 2660 2725 2723 consensit,
2759 2658 3018 2712 contraria
3060 2673 3175 2729 vero
3218 2657 3400 2712 Eccle-

1819 2731 1910 2783 siae
1930 2730 2054 2798 ﬁdei
2075 2732 2310 2798 reprobat
2332 2740 2379 2785 et
2402 2731 2825 2794 anathematizat,
2843 2728 3215 2782 communionis
3239 2730 3397 2782 eccle-

1817 2802 2040 2856 siastica:
2052 2818 2166 2855 eum
2181 2819 2286 2856 esse
2299 2811 2346 2855 et
2357 2801 2621 2855 catholica:
2633 2800 2956 2870 conﬁtemur.
2975 2799 3247 2870 Hactenus
3257 2807 3398 2854 aeta.

1889 2878 2228 2928 Accusarunt
2249 2872 2513 2929 Gallicani
2544 2872 2652 2926 duo
2703 2868 2960 2939 episcopi,
2986 2869 3119 2923 Eros
3144 2878 3198 2924 et
3234 2868 3401 2924 Laza-

1823 2960 1935 3010 rus,
1969 2959 2075 2998 non
2102 2959 2196 3014 per
2223 2960 2281 3000 se
2311 2944 2528 3014 quidem
2556 2953 2609 2996 et
2634 2940 2835 3014 verbo,
2853 2957 2974 3014 cum
3003 2940 3402 3014 uniusaegrittt-

1823 3014 1893 3069 do
1919 3011 2204 3084 utrumque
2231 3011 2422 3071 ade-sse
2458 3014 2711 3082 vetuerit,
2746 3012 2842 3069 sed
2865 3011 3030 3067 misso
3057 3011 3263 3076 libello,
3295 3027 3402 3081 quo

159 3083 345 3159 q‘nobis
395 3080 677 3159 secundum
715 3080 1016 3159 Apostolum
1052 3087 1114 3141 de
1158 3080 1494 3159 virginitatet
1518 3088 1580 3142 de
1619 3080 1793 3159 qua'C
1826 3087 1930 3141 duo
1961 3080 2379 3159 continebantur
2401 3080 2768 3155 objectionum
2795 3084 3178 3159 e_api_ta,_unum
3207 3080 3403 3159 adver-

161 3149 339 3230 Paulus
375 3156 502 3230 dicit
533 3175 552 3212 :
580 3149 907 3230 Praeceptum
941 3157 1046 3230 Dei
1081 3175 1182 3213 non
1207 3149 1367 3212 hitbeo
1390 3159 1435 3226 (l
1456 3149 1580 3214 Cor.
1615 3149 1713 3230 in,

159 3221 254 3300 25);
287 3224 544 3300 Synodus
566 3229 702 3283 dixit
731 3221 773 3282 ι’
799 3228 916 3283 Hoc
934 3237 982 3283 et
1004 3229 1239 3300 Ecclesia
1265 3221 1465 3300 recipit.

221 3277 772 3372 sensusensu.-
799 3277 1465 3372 iaa'gjta'as'eagaa'
1483 3303 1714 3372 ςαρίιυις.

163 3369 414 3442 capitalia:
454 3369 518 3442 ln
560 3371 721 3426 tertio
766 3369 1004 3442 capitulo
1046 3371 1330 3442 scripsisse
1372 3369 1715 3440 leestium,

164 3439 483 3515 gratiam‘Dei
512 3451 568 3496 et
591 3439 918 3515 adjutorium
943 3458 1047 3497 non
1063 3442 1130 3498 ad
1144 3439 1383 3515 singulos
1404 3454 1558 3515 actus
1579 3439 1715 3515 dari,

164 3508 250 3584 s_ed
268 3510 320 3584 _in
349 3511 523 3568 libero
545 3508 772 3584 arbitrio
802 3528 954 3582 esse,
987 3515 1074 3569 vel
1103 3515 1155 3569 in
1198 3508 1316 3584 lege
1359 3529 1422 3570 ac
1449 3508 1715 3572 doctrina;

164 3579 481 3655 Etiterum,
541 3583 638 3640 Dei
666 3585 889 3655 gratiam
941 3579 1484 3641 'secundum'merita
1535 3597 1718 3642 nostra

165 3650 287 3718 dari,
315 3655 430 3722 quia
456 3655 502 3710 si
527 3650 900 3724 peccatoribus
930 3655 1078 3711 illam
1103 3657 1216 3720 det,
1239 3655 1452 3712 videtur
1473 3672 1593 3713 esse
1616 3660 1718 3713 ini-

165 3737 304 3799 quus.
329 3725 390 3778 Et
417 3724 500 3799 his
529 3727 710 3781 verbis
740 3726 1018 3782 intulisse:
1061 3727 1350 3797 Propterea
1392 3731 1506 3797 ipsa
1550 3730 1720 3799 gratia

167 3792 215 3870 in
233 3810 347 3870 utea
375 3797 649 3870 voluntate
682 3799 852 3867 posita
889 3811 993 3862 εει,
1018 3800 1135 3854 sive
1160 3792 1352 3870 dignus
1380 3792 1584 3867 ﬁerem',
1606 3801 1721 3858 sive

167 3863 414 3941 indignus.
447 3868 506 3924 Si
526 3863 800 3938 enim'per
829 3870 1053 3939 gratiam
1078 3863 1255 3924 omnia
1286 3863 1722 3941 iacimus,quan-

168 3935 230 3989 do
264 3938 510 4009 vincimur
554 3956 583 3992 a
612 3935 855 4009 pec—calo,
878 3955 985 3995 non
1029 3955 1127 3996 nos
1173 3940 1459 4008 vincimur,
1504 3935 1598 3998 Sed
1627 3944 1721 3999 Dei

167 4006 342 4081 gratia,
371 4025 488 4081 qure-
516 4006 685 4066 voluit
714 4027 814 4066 nos
840 4006 1117 4078 adjuvare
1143 4006 1486 4081 omnimodo,
1513 4024 1569 4069 et
1612 4030 1721 4069 non

168 4078 341 4155 potuit.
403 4080 466 4134 Et
513 4082 706 4137 iterum
751 4083 962 4155 ait:VSi
1004 4084 1175 4154 gratia
1221 4084 1315 4138 Dei
1355 4078 1479 4152 est,
1510 4087 1723 4155 quando

166 4149 412 4206 vincimus
441 4162 691 4225 peccata;
722 4169 850 4224 ergo
875 4154 988 4224 ipsa
1009 4149 1096 4208 cst
1126 4155 1182 4208 in
1213 4154 1396 4224 culpa,
1445 4149 1664 4225 quando
1692 4173 1722 4212 a

169 4230 376 4288 peccato
403 4224 687 4296 vincimur,
725 4229 856 4296 quia
887 4227 1109 4296 omnino
1154 4226 1425 4280 eusmdire
1467 4224 1594 4296 nos,
1632 4236 1725 4282 aut

168 4305 270 4366 non
302 4294 496 4359 potuit,
527 4304 617 4366 aut
649 4295 839 4349 noluit.
869 4294 950 4350 Ad
982 4297 1078 4351 ista
1109 4296 1358 4366 Pelagius
1405 4294 1720 4365 restiondit:

170 4359 294 4437 {hac
318 4375 481 4437 utrum
512 4363 731 4437 questii
775 4368 876 4420 sint
901 4410 914 4430 ,
947 4368 1045 4437 ipsi
1083 4359 1301 4422 viderint
1330 4368 1418 4436 qui
1450 4359 1630 4423 dicunt
1667 4385 1724 4423 ea

170 4429 377 4508 leestii
399 4452 527 4490 esse.
550 4435 676 4508 Ego
701 4450 816 4492 vero
847 4429 1123 4508 numquam
1144 4439 1217 4492 sic
1248 4429 1408 4507 tenui,
1460 4439 1548 4493 sed
1592 4457 1723 4494 ana-

168 4500 426 4559 thematizo
467 4507 558 4582 qui
603 4500 674 4582 s'ic
711 4518 869 4582 tenet.
914 4500 1162 4580 Sy'nodus
1209 4509 1345 4582 dixit
1371 4500 1405 4562 τ’
1437 4508 1642 4582 Recipit
1682 4522 1730 4566 te

167 4585 335 4650 sancta
357 4580 583 4647 synodus
608 4580 679 4632 ita
708 4580 861 4634 verba
884 4585 1101 4650 reproba
1121 4581 1560 4637 condemnantem.

236 4645 433 4723 Deinde
465 4651 532 4704 de
571 4650 763 4723 quinto
799 4645 1034 4720 capitulo
1081 4651 1319 4706 C(Blestii
1363 4651 1581 4723 Pelagio
1632 4653 1734 4709 fuit

165 4715 427 4794 objectutn
475 4715 618 4790 quod
678 4715 916 4794 afﬁrmet
957 4737 1394 4794 unumquemque
1449 4715 1728 4779 hdminum

165 4801 352 4866 omnes
379 4789 603 4846 virtutes
629 4806 791 4866 posse
821 4793 1020 4848 habere
1049 4802 1121 4866 et
1140 4789 1338 4866 gratias
1361 4836 1376 4860 ,
1426 4803 1480 4849 et
1525 4796 1736 4851 auferat

165 4856 522 4934 diversitatem
569 4856 882 4934 gratiarum,
912 4878 1069 4932 quam
1096 4856 1386 4934 Apostolus
1426 4866 1603 4921 docet.
1635 4867 1737 4924 Pe-

164 4927 335 5009 lagius
355 4927 637 5009 respondit
661 4927 1025 5009 abietum-est
1051 4951 1082 4987 a
1110 4927 1276 5009 nobis,
1310 4935 1399 5009 sed
1440 4938 1660 5009 maligne
1686 4948 1737 4993 et

163 5003 388 5080 imperite
416 5004 885 5080 reprehenderunt.
896 5004 1023 5080 _N_on
1054 5006 1188 5080 enim
1214 5008 1498 5080 auferimus
1545 5003 1742 5080 gratia-

162 5073 688 5151 qunrdiuersitatem;
717 5077 807 5131 sed
852 5077 1072 5131 dicimus
1113 5073 1306 5151 donare
1353 5076 1519 5151 Deum
1545 5073 1615 5135 ’ρὶ
1651 5083 1742 5151 qui

160 5138 315 5220 fuerit
335 5143 520 5220 dignus
549 5138 780 5220 accipere
806 5162 981 5220 omnes
1001 5147 1218 5220 gratias,
1248 5149 1378 5204 sicut
1401 5149 1570 5205 Paulo
1614 5138 1740 5220 apo-

159 5213 538 5291 stoladonavit.
578 5213 828 5290 Synodus
855 5213 1029 5291 dixit?
1076 5216 1457 5291 AConsequenter
1497 5231 1544 5276 et
1587 5213 1745 5276 eccle—

157 5284 369 5360 siastico
393 5303 545 5363 sensu
585 5284 636 5342 ei
654 5361 661 5363 _
678 5291 788 5359 ipse
818 5290 1022 5363 sensisti
1049 5289 1112 5342 de
1138 5284 1274 5344 dono
1299 5293 1605 5362 gratiarum,
1629 5309 1742 5363 qua:

155 5365 210 5403 ιη
229 5365 422 5427 sancto
447 5360 693 5427 Apostolo
717 5362 1063 5414 continentur.

227 5422 363 5507 Post
393 5422 504 5484 haec
543 5431 597 5485 in
617 5442 821 5507 __sexto__
841 5431 1075 5507 capitulo
1103 5431 1225 5487 libri
1249 5431 1488 5490 C(elestii
1516 5436 1750 5505 positum

154 5492 578 5573 cbject_um_est,
611 5502 751 5558 tilios
790 5503 886 5558 Dei
910 5492 1024 5558 'non
1067 5518 1226 5571 posse
1259 5508 1464 5573 vocari,
1489 5492 1591 5562 nisi
1632 5523 1751 5562 om-

154 5565 386 5649 niniodo
415 5565 622 5649 absque
645 5582 879 5649 peccato
913 5565 1114 5630 fuerint
1158 5575 1354 5649 eliecti.
1397 5565 1462 5633 In,
1501 5579 1752 5649 septimo,

154 5636 494 5722 oblivionem
525 5636 580 5698 et
611 5636 986 5722 ignorantiam
1015 5661 1123 5701 non
1170 5647 1452 5722 subjacere
1492 5636 1713 5720 peccato

151 5716 423 5780 quoniam
450 5727 558 5768 non
582 5716 880 5778 secundum
903 5718 1235 5776 voluntatem
1256 5716 1534 5794 eveniuni,
1554 5722 1650 5782 sed
1673 5716 1762 5780 se-

451 5809 736 5886 Panos.
773 5808 1063 5883 XLVIII.

1822 3173 1912 3228 sus
1961 3157 2262 3228 Pelagium,
2312 3152 2539 3213 alterum
2570 3167 2757 3228 contra
2802 3154 3114 3228 lecstiutn
3157 3152 3307 3224 (Lib.
3341 3154 3404 3207 de

1821 3226 1962 3283 Gest.
1988 3225 2111 3298 cap:
2127 3230 2242 3298 55).
2269 3229 2594 3298 Excerptum
2618 3226 2747 3281 illttd
2768 3236 2849 3280 est
2871 3227 2938 3298 de
2961 3225 3168 3298 duobus
3193 3233 3398 3298 tantum

1822 3247 1962 3283 ῑιρδι.
1988 3247 2045 3281 εα
2089 3267 2103 3282 ο
2128 3247 2242 3298 00).
2269 3247 2594 3298 διοετριιηῐι
2619 3247 2747 3281 Illllu
2768 3247 2849 3280 εει
2871 3247 2938 3280 ue
2961 3247 3168 3279 αιιυυυδ
3193 3247 3398 3278 tumqu

1822 3299 2021 3370 Pelagii
2050 3247 2224 3366 fibris,
2257 3299 2735 3370 Testimoniorum,
2777 3310 2830 3370 et
2856 3296 2939 3370 Ad
2977 3295 3210 3370 _Viduatn
3239 3313 3273 3370 :_
3297 3295 3401 3370 mi:

1821 3365 2114 3440 rum'quod
2143 3365 2316 3441 neque
2338 3386 2406 3425 ex
2444 3367 2860 3441 Commentariis
2891 3368 2945 3422 in
2977 3365 3398 3441 Pautttm.‘l_stu_d

1824 3435 2014 3510 partim
2052 3458 2119 3497 ex
2149 3435 2299 3498 libris
2328 3440 2566 3496 Caelestii
2587 3482 2600 3504 ,
2634 3440 2829 3506 partim
2860 3453 2924 3493 ex
2957 3437 3185 3510 epistola
3211 3435 3401 3510 llilarii

1821 3508 1890 3567 ad
1934 3513 2312 3583 Augustinum.
2354 3512 2548 3568 Omnia
2577 3527 2670 3580 per
2714 3509 3092 3579 compendium
3135 3508 3380 3564 recensui

1823 3583 1892 3638 ita
1943 3586 2289 3654 Augustinus.
2598 3652 2624 3654 ᾉ
2771 3651 2794 3654 _
2852 3652 2860 3654 _
3145 3651 3223 3654 μμ
3374 3607 3379 3612 ”

1893 3654 1952 3710 In
1983 3651 2105 3722 hdc,
2137 3656 2306 3726 inquit
2328 3653 2466 3726 (Lib.
2493 3655 2554 3708 de
2580 3652 2725 3709 Gest.
2758 3651 2973 3707 Pala’st.
3004 3667 3117 3722 cap.
3143 3651 3257 3721 '55),
3293 3660 3405 3708 tota

1825 3726 2052 3782 haeresis
2091 3728 2194 3782 ista
2223 3728 2468 3781 consistit
2499 3744 2512 3781 :

1897 3796 1948 3851 1.
1989 3797 2160 3853 Adam
2208 3798 2490 3852 mortalem
2536 3798 2764 3861 factum,
2813 3794 2904 3864 qui
2952 3794 3068 3850 sive
3121 3803 3404 3864 peccaret.

1824 3867 1939 3924 sive
1968 3885 2075 3924 non
2101 3880 2370 3939 peccaret,
2401 3867 2689 3922 moriturus
2718 3873 2862 3920 esset
2887 3881 2901 3930 ;

1894 3940 1950 3994 2.
1991 3935 2145 4008 Quod
2193 3950 2472 4010 peccatum
2509 3940 2639 3993 Adae
2667 3939 2839 4007 ipsum
2871 3936 3044 3990 solum
3101 3935 3320 4003 laeserit,
3355 3944 3410 3989 et

1823 4025 1929 4083 non
1956 4027 2140 4083 genus,
2156 4011 2478 4075 humanum;

1895 4082 1941 4136 ὅ.
1958 4075 2146 4149 ”ρυοίί
2174 4084 2258 4138 lex
2284 4083 2361 4138 sic
2385 4083 2560 4135 mittat
2583 4079 2650 4134 ad
2671 4092 2917 4147 regnum,
2951 4075 3408 4145 quemadmodum

1823 4164 1878 4209 et
1908 4154 2297 4226 Evangelium;
2746 4221 2757 4226 _
2801 4219 2812 4226 _
3223 4218 3232 4226 .

1899 4227 1954 4279 4.
1995 4218 2146 4289 ριῖοᾱ
2181 4222 2411 4277 infantes
2443 4237 2614 4291 nuper
2650 4221 2762 4274 nati
2801 4219 2855 4274 in
2881 4218 2980 4274 illo
3017 4227 3160 4274 statu
3190 4218 3320 4284 sint,
3355 4218 3409 4273 in

1826 4310 1933 4365 quo
1965 4296 2132 4349 Adam
2164 4293 2264 4349 fuit
2289 4302 2412 4348 ante
2441 4293 2976 4365 prtevaricationem;

1898 4366 1959 4420 5.
1995 4366 2149 4434 Quod
2170 4379 2341 4435 neque
2368 4361 2465 4435 per
2508 4375 2736 4418 mortem
2781 4363 2866 4417 vel
2908 4361 3411 4433 prmvaricationem

1756 4469 1806 4531 D
1831 4436 1964 4492 Adae
2009 4452 2170 4531 omne
2197 4451 2394 4531 genus“
2414 4436 2690 4531 hominum
2721 4435 3280 4531 ΛιιιοῖξξῖξιινιἎιέςειξΞ
3319 4447 3404 4531 per

1833 4511 2288 4565 resurrectionem
2335 4508 2534 4563 Christi
2590 4520 2749 4561 omne
2789 4520 2957 4576 genus
3008 4507 3283 4560 hominum
3327 4518 3412 4558 re-

1834 4591 2159 4718 smingilOd
2202 4652 2451 4718 infantes,
2482 4649 2581 4704 etsi
2627 4664 2730 4703 no:t
2786 4647 3149 4718 baptizentur,
3185 4646 3418 4701 habeant

1838 4724 1998 4778 vitam
2029 4734 2318 4787 teternam;

1909 4796 1964 4850 7.
2004 4794 2156 4863 Quod
2186 4794 2378 4849 divites
2405 4792 2656 4860 baptizati
2683 4832 2697 4857 ,
2733 4788 2835 4844 nisi
2864 4789 3119 4844 omnibus
3145 4787 3420 4863 abrenun-

1841 4869 1998 4933 tient,
2027 4860 2070 4922 si
2098 4865 2227 4932 quid
2263 4865 2385 4918 boni
2418 4863 2519 4916 visi
2554 4863 2749 4915 fuerint
2776 4863 2973 4933 facere.
3014 4873 3122 4914 non
3155 4860 3233 4914 eis
3263 4873 3426 4927 repu-

1846 4931 2010 5004 tetur,
2045 4931 2216 5005 neque
2248 4949 2469 5005 regnum
2499 4934 2589 4988 Dei
2621 4933 2828 5005 possint
2856 4931 3086 4996 habere;

1919 5010 1973 5064 8.
1996 5001 2163 5075 Quod
2197 5001 2363 5075 gratia
2394 5001 2489 5058 Dei
2517 5013 2569 5059 et
2597 5004 2918 5074 adjutorium
2951 5018 3056 5056 non
3085 5001 3153 5075 ad
3187 5001 3428 5075 singulos

1848 5089 2000 5136 actus
2030 5073 2324 5143 delur,ised
2355 5077 2406 5130 in
2439 5074 2612 5130 libero
2644 5075 2869 5129 arbitrio
2895 5075 2998 5138 sit,
3026 5082 3079 5128 et
3107 5073 3159 5127 in
3191 5073 3308 5142 lege
3350 5080 3432 5126 at~

1849 5167 1951 5224 que
1981 5150 2254 5224 doctrina;
2279 5221 2287 5224 _
2436 5219 2445 5224 Α
2690 5217 2703 5224 _
2945 5214 2955 5224 .

1921 5223 1975 5278 9.
2018 5222 2168 5288 Quod
2202 5221 2291 5275 Dei
2315 5219 2483 5290 gratia
2504 5217 2808 5290 secundum
2826 5214 3014 5290 merita
3037 5224 3221 5290 nostra
3252 5213 3433 5290 detur,

1851 5303 1905 5350 ct
1936 5286 2216 5363 propterea
2245 5286 2361 5361 ipsa
2386 5291 2638 5363 gratiarin
2668 5288 2900 5363 hominis
2944 5286 3013 5340 sit
3045 5288 3214 5355 posita
3247 5286 3435 5341 volun~

1857 5359 1984 5426 tate.
2018 5359 2134 5438 sive
2165 5359 2356 5438 dignus
2383 5359 2501 5438 liat,
2533 5362 2645 5416 sive
2668 5359 2948 5438 indignus;
3061 5429 3070 5438 _
3171 5429 3182 5438 .
3221 5429 3232 5438 .
3401 5426 3411 5436 ι

1928 5438 2017 5492 10.
2059 5429 2348 5502 ΩιιοᾶἾίιὶἰ
2383 5433 2477 5486 Dei
2506 5449 2615 5486 non
2643 5433 2853 5501 possint
2892 5429 3097 5494 vocari,
3133 5429 3236 5482 nisi
3268 5429 3436 5481 omni.

1860 5523 1929 5563 no
1958 5508 2160 5573 absque
2191 5513 2410 5575 peccato
2441 5503 2642 5557 fuerint
2668 5502 2879 5575 elfecti;

1935 5580 2023 5633 il.
2065 5569 2217 5644 Quod
2282 5574 2514 5635 oblivio.
2561 5582 2617 5628 et
2666 5573 2966 5644 ignorantia
3017 5587 3124 5624 non
3161 5569 3437 5644 suhjaceat

1865 5642 2110 5722 peccato,
2137 5647 2386 5722 quoniam
2418 5659 2528 5722 non
2555 5645 2734 5700 evenit
2764 5642 3060 5699 secundum
3082 5642 3446 5714 voluntatem,

1865 5716 1963 5780 sed
1987 5719 2284 5779 secundum
2322 5716 2732 5784 necessitatem;

2939 5809 3018 5872 11
