3900 6268
502 235 610 290 545

927 233 1022 291 ΔΙ)
1057 229 1342 291 PARTEM
1378 231 1650 293 PRIMAM
1687 232 1971 292 OPERUM
2008 233 2080 292 M.
2119 220 2563 297 MERCATORIS
2601 235 2952 297 APPENDIX
2989 235 3331 298 SECUNDA.

3651 242 3748 305 δη

500 348 786 425 Basiliscus
811 349 1175 425 subdiaconus,
1204 366 1238 404 a
1273 358 1360 425 tua
1404 347 1717 425 beatitudine
1762 364 1876 425 cum
1925 347 2080 420 gestis
2107 349 2163 409 Α
2187 365 2302 425 mea
2323 351 2589 425 intererat,
2612 354 2686 407 sic
2714 369 2827 408 mea
2869 369 2960 425 per
3003 352 3302 422 apostolica
3337 352 3474 408 sedis
3505 353 3746 424 judicium

501 421 636 473 sedis
677 421 972 485 apostolica:
1010 421 1252 485 directus,
1281 419 1591 485 Carthagine
1633 421 1862 474 convenit
1899 419 2084 485 quarto

502 507 627 544 non.
663 490 912 546 Novemb.
954 493 1057 555 die,
1079 501 1134 545 ut
1163 493 1392 546 adessem
1419 490 1490 546 ad
1515 490 1854 560 apostolicam
1883 492 2077 561 sedem,

501 570 548 616 et
571 570 673 616 tua:
699 563 890 627 iudicio
906 563 1212 628 sanctitatis,
1243 572 1350 617 etc.

572 633 806 689 Adhibet
834 634 1047 690 tandem
1090 633 1398 704 Cappellus,
1429 634 1577 689 velut
1619 643 1872 704 quartum
1915 648 2078 703 argu-

499 714 775 776 mentumi
800 705 943 776 quod
993 705 1098 759 alia
1146 705 1409 772 firmaret,
1464 705 1850 762 auctoritatem
1911 705 2080 774 ipsius

501 790 720 845 quoque
749 775 959 831 Paulini
987 777 1221 841 diaconi,
1258 788 1316 830 ut
1362 777 1778 831 instrumentum
1821 791 1885 832 ex
1933 776 2082 832 Vati-

503 849 654 903 canis
697 849 1060 904 monumentis
1089 855 1301 903 erutum
1329 849 1688 903 instrumento
1730 847 1967 903 indidem
1992 862 2082 903 ac-

502 920 960 990 ceptorirefellat:
1006 919 1281 986 Paulinus,
1323 917 1526 989 inquit,
1558 920 1611 973 in
1668 919 1840 974 libello
1885 921 2081 990 gratias

504 991 610 1061 agit
657 989 887 1055 Zosimo,
933 991 1070 1061 quod
1117 991 1399 1060 apostolica
1444 993 1746 1045 auctoritate
1793 989 2082 1046 damnasset

504 1059 795 1134 Caelestium
840 1059 1190 1134 accusantes!
1227 1077 1476 1117 unusne
1524 1076 1764 1119 ennones
1811 1078 1936 1131 quos
1975 1063 2082 1134 ipse

503 1131 580 1205 i_lli
613 1143 668 1186 ut
711 1142 976 1205 accusator
1027 1133 1299 1205 objecerat,
1329 1147 1389 1188 se:
1441 1148 1647 1198 quoque
1699 1149 1803 1205 Non
1850 1131 2072 1205 vocn'i‘o.

507 1201 643 1275 Ium
669 1205 828 1275 verba
856 1204 1058 1274 profert
1084 1201 1280 1275 quibus
1312 1205 1563 1259 Paulinus
1584 1203 1829 1260 meminit
1858 1204 2077 1275 quidem

505 1272 704 1346 Zosimi
747 1272 1392 1331 vehementer—instantis
1441 1276 1719 1342 leestio,
1769 1284 1826 1330 ut
1868 1272 2078 1346 objecta

504 1343 787 1400 damnaret
830 1365 841 1400 :
880 1363 981 1402 nec
1035 1356 1215 1403 tamen
1252 1347 1498 1402 meminit
1539 1346 1894 1404 absolutionis
1935 1343 2078 1401 illius

504 1419 657 1483 quasi
706 1418 1020 1485 fiduciariae,
1055 1434 1174 1486 quae
1218 1418 1269 1472 in
1318 1417 1512 1474 litteris
1568 1427 1928 1484 memoratur,
1970 1431 2078 1473 non

503 1491 966 1556 praetermissurus
1009 1491 1211 1558 utique,
1243 1490 1287 1543 si
1319 1505 1423 1558 qua
1453 1490 1645 1545 fuisset
1684 1505 1779 1560 per
1807 1489 2080 1560 obreptio-

503 1572 629 1613 nem
670 1559 918 1626 obtenta,
947 1569 1002 1615 et
1045 1560 1204 1616 sedes
1253 1560 1547 1630 apostolica
1600 1559 2080 1618 deerevisset’ali-

504 1630 718 1699 quando
753 1632 802 1685 id
831 1631 974 1702 quod
1005 1631 1372 1756 postmodum,
1407 1647 1567 1688 causa
1603 1633 1816 1703 plenius
1841 1634 2076 1705 cognita,

504 1703 847 1756 correxisset.
883 1703 963 1756 Ex
1043 1704 1087 1756 is
1131 1719 1258 1756 vero
1287 1703 1448 1756 infert
1482 1714 1591 1756 tres
1630 1704 1759 1756 istas
1791 1705 2073 1756 epistolas.

502 1703 847 1774 correxisset.
883 1703 973 1774 Ex,
1005 1703 1087 1758 his
1131 1719 1258 1758 vero
1287 1703 1448 1759 infert
1482 1714 1591 1760 tres
1630 1704 1759 1759 istas
1791 1703 2073 1774 epistolas,

502 1785 622 1841 quae
678 1773 895 1829 nomine
946 1773 1149 1830 Zosimi
1201 1773 1672 1841 circumferuntur,
1725 1775 1848 1831 felle
1898 1776 2077 1845 potius

503 1847 662 1917 quam
695 1855 995 1901 atramento
1032 1846 1271 1914 scriptae,
1296 1847 1555 1902 confictas
1583 1848 1746 1903 fuisse
1775 1861 1803 1900 a
1831 1846 2078 1917 Pelagia-

503 1914 607 1989 nis,
640 1924 694 1989 ut
735 1916 1096 1989 indulgerent,
1127 1927 1237 1973 tttm
1279 1931 1395 1972 suae
1427 1918 1734 1989 indoliqute
1762 1917 1830 1973 ad
1872 1914 2076 1973 calum-

503 1986 758 2041 niandum
790 1986 965 2054 facta;
997 1997 1108 2043 tum
1146 1990 1243 2043 irae
1276 2003 1404 2059 erga
1442 1986 1709 2044 summum
1745 1990 2076 2058 pontiﬁcem,

501 2070 531 2127 a
556 2070 661 2127 quo
691 2072 750 2114 se
781 2059 1063 2125 damnatos
1085 2059 1430 2127 impatienter
1453 2061 1693 2126 ferrent;
1727 2069 1840 2115 tum
1872 2061 1995 2115 odio
2024 2061 2079 2115 in

500 2126 804 2193 Africanos,
836 2147 1064 2200 quorum
1092 2126 1268 2186 studio
1309 2132 1491 2202 urgeri
1517 2147 1576 2188 se
1601 2133 1671 2187 ita
1704 2132 1988 2202 sentirent,
2024 2139 2080 2186 ut

500 2216 676 2274 neque
715 2202 986 2272 respirare
1013 2212 1234 2273 possent
1265 2201 1543 2272 umquam,
1571 2201 1801 2274 propter
1820 2203 2077 2258 Ecclesia:

500 2273 748 2345 fulmina,
774 2288 948 2342 neque
996 2274 1204 2344 uspiam
1237 2273 1811 2345 consistere,’propter
1849 2275 2078 2344 impera-

501 2343 692 2398 toriam
735 2346 1204 2417 proscriptionem.
1248 2344 1414 2401 Infert
1450 2343 1694 2417 quoque,
1737 2353 1830 2400 aut
1883 2345 2076 2400 saltem

499 2417 837 2485 suspicatur,
866 2417 932 2471 ad
972 2416 1158 2472 iisdem
1204 2416 1504 2472 artificibus
1541 2417 1848 2472 elaboratas
1889 2425 2077 2485 postea

498 2486 631 2540 duas
652 2487 718 2541 ad
733 2487 1070 2544 Bonifacium
1096 2497 1150 2543 et
1165 2486 1518 2544 Caelestinum
1532 2488 1600 2544 de
1621 2487 2078 2558 appellationibus

499 2559 757 2630 epistolas
811 2559 1206 2623 Africanorum,
1238 2559 1430 2630 quibus
1477 2575 1573 2630 par
1617 2559 1732 2629 pari
1784 2559 2072 2625 referrent,

498 2629 664 2685 immo
695 2645 817 2702 cum
847 2629 1329 2702 usuraireddere’nt
1357 2629 1614 2701 quidquid
1641 2630 2078 2702 exprobrationis

497 2701 729 2772 exiurbe
752 2701 925 2756 Roma
953 2701 1102 2772 prius
1123 2702 1477 2772 accepissent.

571 2771 647 2826 Ita
707 2773 922 2837 quidem
960 2771 1051 2828 ’vir
1105 2771 1367 2840 eruditus,
1410 2773 1508 2829 sed
1573 2787 1734 2844 quem
1787 2772 2073 2839 Baronius,

496 2844 946 2915 quemadmodum
969 2853 1023 2900 et
1043 2845 1177 2899 alios
1196 2844 1391 2914 oppido
1419 2860 1525 2899 non
1553 2859 1776 2915 paucos,
1802 2845 2074 2900 incautum

496 2914 715 2986 abduxit
745 2917 797 2969 in
828 2929 976 2971 suam
1017 2917 1348 2985 Opinionem,
1379 2931 1480 2986 qua
1505 2914 1734 2971 credidit
1776 2915 2013 2969 libellum
2043 2931 2073 2970 a

496 2985 724 3041 Paulino
751 2987 989 3042 oblatum
1025 2987 1192 3043 fuisse
1221 2985 1459 3052 Zosimo,
1495 2987 1547 3042 in
1581 2986 1875 3056 gratiarum
1907 2987 2076 3040 actio—

498 3071 644 3123 nem,
665 3064 786 3127 post
805 3058 1085 3114 damnatos
1113 3058 1412 3128 apostolica
1442 3056 1768 3112 auctoritate
1798 3056 2070 3126 Pelagium

496 3107 1412 3198 aquacausam;{tonante
1436 3107 2075 3199 ᾖιῖιῖίίᾘιὶἔὶίἱιιὶίὲῇἓὴέῇζ
2101 3107 2150 3172 C

495 3197 597 3254 bus
624 3200 837 3256 oblatus
867 3202 956 3267 sit,
987 3216 1088 3257 nec
1137 3199 1281 3255 aliud
1325 3201 1396 3254 sit
1438 3197 1654 3266 revera,
1688 3206 1886 3268 praeter
1909 3197 2080 3252 artifi-

495 3272 696 3325 ciosmn
730 3273 1017 3342 quamdam
1045 3272 1470 3342 excusationem,
1494 3285 1590 3326 cur
1618 3269 1689 3342 ad
1717 3269 2072 3342 constitutum

495 3343 638 3397 diem
664 3340 768 3397 non
794 3343 1022 3409 affuerit,
1044 3343 1209 3398 immo
1244 3357 1345 3398 nec
1383 3341 1574 3398 adesse
1599 3341 1848 3398 debuerit
1875 3340 2079 3411 judicio

495 3413 641 3470 sedis
662 3416 990 3483 apostolicae.

566 3484 681 3538 Non
726 3486 974 3555 equidem
1029 3483 1284 3551 diffiteor,
1323 3499 1536 3540 summo
1583 3484 1825 3554 pontiﬁci
1879 3484 2080 3552 gratias

497 3554 706 3624 aliquas
735 3554 1019 3611 a’Paulino
1045 3557 1265 3621 referri;
1289 3557 1478 3610 referri
1506 3571 1644 3626 nego
1671 3557 1742 3612 ob
1771 3569 2082 3626 supremam

497 3629 818 3681 sententiam
841 3628 893 3680 in
920 3627 1234 3683 leestium
1260 3628 1418 3681 latam
1446 3642 1461 3681 :
1489 3626 1628 3697 quod
1661 3629 1893 3682 maxime
1913 3641 2080 3695 Opor-

497 3705 657 3766 teret,
693 3699 735 3751 si
768 3697 1068 3753 audiendus
1107 3698 1246 3752 foret
1285 3698 1586 3765 Duronius;
1621 3698 1716 3753 sed
1753 3699 1851 3753 hac
1883 3713 1984 3752 una
2014 3697 2081 3753 de

495 3782 683 3840 causa,
715 3771 841 3838 quia
882 3767 1156 3834 Zosimus,
1185 3770 1327 3824 inter
1353 3770 1618 3840 agendum
1649 3785 1769 3825 cum
1801 3770 2078 3840 leestio,

499 3839 710 3895 Paulini
740 3843 1070 3896 mentionem
1102 3841 1337 3906 fecisset,
1373 3839 1602 3912 eamque
1640 3849 1788 3896 tanto
1823 3839 2084 3912 honorifi-

496 3912 828 3980 centiorem,
871 3920 1073 3983 quanto
1104 3912 1476 3968 vehementius
1514 3910 1785 3967 institerat
1814 3920 1871 3966 ut
1906 3910 2081 3967 lee-

498 3984 635 4038 stius
670 3999 1028 4054 quacumque
1053 3983 1316 4039 diaconus
1356 3985 1410 4037 in
1448 3983 1633 4038 libello
1663 3985 1939 4052 objecerat
1965 3983 2082 4038 sine

498 4055 727 4108 circuitu
752 4055 1059 4121 damnaret,
1087 4056 1133 4109 si
1161 4055 1322 4110 modo
1351 4054 1652 4110 catholicus
1676 4054 1865 4122 audire
1895 4055 2080 4109 vellet.

500 4125 724 4179 Tantam
747 4127 890 4180 enim
923 4126 1195 4194 pontificis
1234 4127 1542 4182 instantiam
1586 4127 1970 4195 interpretatus
1999 4133 2085 4181 est

499 4197 786 4260 Paulinus,
835 4197 986 4252 velut
1025 4200 1306 4253 honestam
1345 4197 1636 4252 vadimonii
1680 4197 2082 4252 remissionem.

500 4268 639 4334 Quid
670 4269 814 4323 enim
848 4277 1158 4335 superesset
1184 4283 1363 4324 causm
1387 4283 1483 4323 cur
1508 4267 1713 4337 judicio
1749 4283 1807 4323 se
1843 4270 2081 4334 sisteret,

501 4353 622 4410 cum
655 4341 769 4410 jam
788 4340 995 4410 eteius
1027 4340 1161 4394 fides
1191 4341 1413 4410 probata
1442 4339 1602 4405 foret,
1629 4348 1683 4394 et
1713 4339 1926 4410 libellus
1955 4339 2086 4394 olim

501 4408 724 4463 Aurelio
773 4408 1100 4480 Carthagine
1159 4408 1372 4465 oblatus
1435 4426 1533 4481 pro
1602 4409 1906 4466 indubitato
1976 4410 2086 4466 litis

425 4523 432 4529 .
502 4481 864 4534 instrumento
889 4488 1142 4550 acceptus
1171 4481 1348 4536 esset?

578 4550 887 4624 Verum,ut
935 4566 1023 4624 res
1065 4559 1200 4624 tota,
1232 4566 1353 4622 quae
1399 4552 1547 4606 viros
1593 4551 1754 4624 etiam
1802 4551 2089 4624 diligentes

505 4620 861 4692 prmterfugit,
887 4621 1186 4677 evidentius
1225 4620 1484 4691 patescat,
1501 4622 1853 4678 exscribenda
1878 4620 2091 4680 videtur

509 4709 632 4760 pars
656 4693 843 4746 ultima
875 4693 1065 4758 libelli,
1089 4707 1192 4762 qua
1223 4695 1497 4762 negotium
1529 4693 1642 4749 fere
1671 4694 1939 4763 integrum
1959 4711 2091 4750 con-

509 4765 728 4818 tinetur.
767 4763 858 4820 Sic
888 4772 1066 4818 antem
1101 4778 1160 4820 se
1207 4765 1404 4836 habet:
1443 4764 1589 4819 Unde
1620 4781 1710 4836 oro
1749 4767 2092 4836 apostolatum

509 4842 653 4908 tuum
682 4846 738 4888 ut
766 4837 902 4890 hunc
940 4851 1108 4889 meum
1132 4835 1361 4908 libellum
1391 4837 1586 4903 suscipi
1606 4835 1812 4906 jubeas,
1843 4853 1946 4907 quo
1973 4854 2091 4908 gra-

505 4906 604 4960 tias
654 4910 874 4976 referam
922 4915 1076 4962 tantte
1122 4907 1250 4972 sedi,
1291 4914 1350 4979 et
1380 4908 1638 4979 sententiis
1665 4906 2093 4979 justissimis'pro

508 4986 652 5045 parte
697 4994 810 5048 mea
851 4979 970 5031 latis
1001 4993 1196 5048 :quem
1249 4978 1443 5032 idcirco
1474 4977 1811 5048 direxi,'quia
1856 4994 1934 5031 me
1978 4979 2094 5033 licet

506 5065 739 5102 sermone
761 5047 1044 5102 Basiliscus
1060 5047 1437 5119 subdiaconus,
1461 5067 1493 5101 a
1525 5059 1613 5102 tua
1640 5047 1955 5104 beatitudine
1979 5064 2095 5101 cum

506 5119 660 5189 gestis
699 5119 835 5174 sedis
881 5122 1180 5185 apostolica:
1219 5121 1466 5186 directus,
1501 5120 1814 5189 Carthagine
1865 5119 2096 5174 convenit

505 5200 690 5261 quarto
722 5207 973 5245 nonarum
1012 5190 1376 5246 Novembrium
1405 5191 1509 5261 die,
1542 5201 1596 5244 ut
1622 5191 1850 5244 adessem
1869 5194 1942 5261 ad
1971 5205 2097 5260 apo-

507 5260 740 5335 stolicam
782 5264 972 5327 sedem,-
1009 5271 1056 5316 et
1105 5273 1205 5317 tua:
1238 5263 1442 5335 judicio
1491 5262 1799 5335 sanctitatis.
1841 5260 1922 5314 Ad
1960 5262 2098 5335 quod

508 5333 620 5400 fuse
640 5343 933 5403 suggestum
962 5343 1033 5387 est
1062 5349 1142 5388 me
1175 5333 1468 5402 promittere
1499 5349 1601 5386 non
1638 5333 1934 5402 defuturum
1964 5333 2095 5402 fore,

508 5403 562 5476 si
584 5403 856 5476 adversum
885 5421 995 5476 me,
1014 5412 1063 5476 et
1086 5422 1186 5459 non
1215 5421 1305 5476 pro
1339 5421 1437 5464 me.
1473 5405 1650 5475 fuisset
1682 5403 1790 5458 lata
1817 5403 2094 5476 sententia.

511 5472 595 5526 Ibi
618 5483 734 5548 tunc
765 5475 920 5546 igitur
947 5475 1076 5529 nihil
1107 5472 1256 5547 agere
1290 5477 1453 5548 potui,
1474 5472 1606 5548 quia
1627 5476 1690 5539 is,
1715 5475 1800 5545 qui
1832 5475 1902 5528 ad
1929 5475 2099 5528 sedem

511 5546 851 5615 apostolicam
910 5546 1297 5614 provocaverat,
1344 5547 1532 5617 defuit,
1595 5563 1740 5616 quem
1805 5555 2102 5616 oportuerat

511 5618 687 5686 utique
715 5618 898 5670 merita
919 5634 1027 5672 suce
1056 5620 1414 5688 appellationis
1439 5629 1688 5687 astruere,
1728 5619 1948 5672 maxime
1984 5633 2100 5670 cum

514 5687 644 5740 nihil
687 5696 869 5758 agente
917 5687 1267 5758 appellatore,
1317 5690 1596 5744 secundum
1649 5690 1800 5743 etiam
1849 5689 2100 5744 humanas

516 5760 673 5824 181188.
701 5761 933 5830 superior
958 5776 1151 5829 semper
1174 5771 1245 5818 est
1268 5763 1358 5819 ille
1380 5763 1466 5830 qui
1495 5763 1628 5827 vicit,
1667 5761 1805 5830 Quid
1835 5762 1969 5818 enim
1983 5762 2103 5831 jam

2187 420 2436 496 roborari,
2469 432 2526 496 ut
2559 425 2713 484 etiam
2757 420 2897 496 apud
2946 420 3166 478 vestram
3209 420 3543 479 reverentiam
3593 444 3744 496 prava

2185 494 2297 562 ejus
2314 493 2560 549 doctrina:
2583 494 2890 563 astipulator
2910 496 3212 549 existerem?
3233 496 3296 549 de
3316 511 3414 563 quo
3445 493 3743 563 congaudere

2185 515 2297 562 ejus
2314 515 2560 549 αοσινιηίε
2583 515 2890 563 asuputator
2910 515 3174 549 exnterem
3188 515 3211 548 ί
3233 515 3296 549 ae
3316 515 3414 563 quo
3445 515 3537 549 σοη
3575 515 3739 556 quam

2184 571 2401 640 possem,
2425 566 2492 633 si,
2517 567 2774 640 damnatis
2801 566 2880 620 his
2900 581 3016 640 qua:
3044 583 3077 620 a
3098 567 3276 640 meilli
3306 566 3507 640 objecta
3535 515 3739 640 fueram,

2185 637 2450 690 meruisset
2480 637 2691 710 absolvi,
2721 653 2812 691 nec
2841 639 2986 710 prius
3014 654 3067 693 se
3095 637 3519 710 ordinariquam
3552 637 3740 710 purgari

2185 716 2462 779 pateretur.
2513 709 2579 763 Et
2623 707 2861 779 postea:
2891 707 3045 779 Hunc
3089 717 3259 779 autem
3315 707 3543 763 libellum
3580 707 3740 779 _di'rexi

2183 774 2487 848 beatitudini
2514 774 2638 845 tute,
2659 796 2750 848 per
2776 777 3140 834 Marcellinum
3180 778 3547 834 subdiaconum
3571 776 3738 836 Eccle-

2180 846 2735 922 ,ςὶίε-(ῗαῖιΙιαθὶηεηέίςς2
2753 852 2933 905 datum
2963 866 3015 906 v1
3051 851 3170 906 idus
3197 849 3500 922 Novembris

2212 989 2224 1001 .
2252 919 2330 974 Ex
2361 919 2447 1001 his
2475 919 2686 1001 constat
2711 921 3013 991 Paulinum,
3037 922 3092 1001 ς’
3116 929 3364 1001 vocatum
3395 921 3563 1001 fuisse
3589 935 3618 975 a
3645 922 3738 1001 Z_o-

2180 990 2323 1046 simo
2351 1008 2366 1047 :
2394 990 2675 1049 Basiliscus
2725 1011 2804 1048 me
2848 990 3080 1048 convenit
3106 1036 3121 1060 ,
3153 1003 3206 1048 ut
3235 995 3464 1048 adessem
3492 993 3558 1047 ad
3593 996 3741 1052 sedem

2180 1064 2541 1136 apostolicam,
2567 1076 2674 1121 etc.
2712 1065 2770 1121 2'
2809 1064 3173 1136 Rescripsisse
3200 1074 3353 1119 sexto
3384 1073 3505 1130 post
3530 1079 3741 1121 conven-

2182 1134 2382 1208 tionem
2414 1136 2509 1208 die
2561 1154 2574 1190 ι
2614 1136 2859 1208 Convenit
2885 1153 2981 1208 ime
3010 1134 3213 1208 quarto
3263 1151 3517 1189 nonarum
3561 1151 3741 1208 novem-

2182 1203 2348 1277 brium
2387 1207 2492 1277 die,
2534 1215 2639 1264 etc.
2693 1207 2755 1262 5ο
2788 1207 3012 1263 Dedisse
3040 1203 3298 1262 'libellnm
3350 1222 3506 1262 suum
3549 1221 3600 1260 vi
3642 1207 3744 1265 idus

2181 1273 2500 1350 Novembris
2528 1279 2906 1350 perferendum
2938 1279 3246 1334 Marcellino
3275 1277 3637 1350 subdiacono,
3654 1279 3744 1350 qui

2181 1347 2338 1420 simul
2365 1347 2556 1406 detulit
2586 1351 2794 1406 litteras
2830 1350 3270 1420 Carthaginensis
3309 1348 3528 1420 concilii
3564 1348 3626 1420 ad
3653 1347 3744 1403 Zo-

2180 1417 2398 1492 simum,
2425 1422 2618 1492 quibus
2641 1424 2776 1478 ratio
2804 1417 3120 1477 instituendi
3149 1437 3271 1476 cum
3302 1419 3558 1492 leestio
3580 1419 3746 1492 iudicii

2181 1489 2589 1564 continebatur,
2619 1508 2951 1564 quarumque
2978 1492 3229 1564 meminit
3259 1491 3593 1564 Augustinus
3623 1489 3744 1564 (Lib.

2181 1564 2328 1636 trod
2362 1563 2548 1636 Bonif.
2578 1561 2700 1636 cap.
2734 1567 2789 1634 5)
2817 1608 2832 1628 ,
2866 1561 3045 1618 immo
3094 1571 3150 1618 et
3195 1563 3311 1633 ipse
3359 1561 3614 1636 Paulinus
3658 1561 3748 1628 (In

2182 1631 2378 1706 libello)
2410 1631 2740 1691 his'verb'is:
2769 1631 2864 1690 Cui
2882 1636 2996 1706 jam
3025 1651 3126 1689 non
3154 1631 3374 1706 mecum,
3402 1632 3494 1706 sed
3508 1649 3625 1706 cum
3649 1637 3748 1687 uni-

2184 1721 2326 1759 versa
2360 1704 2457 1759 Dei
2486 1707 2719 1761 Ecclesia
2747 1704 2901 1761 causa
2931 1716 3036 1772 est,
3076 1707 3209 1760 sicut
3243 1704 3369 1759 data
3397 1704 3468 1758 ad
3499 1705 3747 1759 beatitudi-

2183 1792 2295 1848 nem
2325 1788 2463 1831 tuam
2494 1779 2685 1848 scripta
2714 1787 2984 1832 testantur.
3025 1776 3082 1830 4⁸
3109 1775 3405 1848 Scripsisse
3436 1785 3564 1848 ante
3593 1775 3749 1848 fugam

2180 1847 2420 1903 Caelestii
2449 1865 2515 1904 ex
2547 1845 2677 1905 urbe
2703 1849 2873 1904 Roma
2899 1865 2913 1913 ;
2947 1848 3013 1903 de
3039 1862 3106 1904 eo
3129 1845 3274 1903 enim
3312 1847 3555 1915 loquitur
3581 1845 3748 1915 (Ibid)

2181 1920 2342 1974 veluti
2371 1921 2438 1976 de
2467 1929 2732 1989 praesente
2766 1939 2778 1973 :
2815 1920 2944 1974 Cum
2981 1929 3160 1974 contra
3187 1919 3529 1989 apostolicam
3567 1926 3750 1971 senten-

2181 1991 2304 2044 tiam
2332 1988 2499 2046 venire
2525 1992 2741 2061 nititur,
2774 1999 2879 2048 etc.
2936 1989 3004 2044 In
3041 1991 3174 2044 sedis
3203 1988 3507 2058 apostolicw
3530 1996 3653 2061 cetu
3679 2005 3751 2061 cog

2182 2071 2336 2116 natur
2366 2072 2595 2118 astruere
2618 2105 2632 2129 ,
2683 2058 2789 2119 etc.
2844 2062 2900 2118 5°
2929 2062 3064 2117 Tres
3095 2061 3342 2116 attulisse
3390 2074 3584 2114 causas
3635 2058 3751 2115 irriti

2181 2134 2470 2204 vadimonii
2495 2176 2508 2199 ,
2543 2149 2738 2204 nempe
2767 2133 2912 2204 quod
2943 2133 3234 2204 appellatio
3268 2133 3494 2200 pristina
3525 2130 3752 2204 neglecta

2180 2203 2370 2260 fuisset
2416 2223 2445 2258 a
2497 2221 2589 2262 reo
2621 2223 2632 2258 :
2666 2203 2888 2270 Defuit,
2935 2203 3085 2271 quem
3129 2211 3426 2274 Oportuerat
3455 2203 3634 2255 merita
3658 2217 3752 2274 sua

2179 2276 2540 2347 appellationis
2561 2286 2823 2358 astruere;
2848 2271 3282 2358 qqodﬁcoﬁndictio
3307 2275 3451 2358 intra
3476 2271 3750 2358 secundum

2181 2346 2418 2403 mensem
2449 2363 2558 2402 non
2579 2348 2736 2419 prius
2751 2346 3044 2419 signiﬁcata
3069 2346 3229 2401 fuerit
3251 2359 3414 2419 quam
3440 2351 3754 2419 totnmtern-

2181 2432 2278 2486 pus
2323 2413 2619 2474 effluxisset
2654 2437 2665 2472 :
2699 2413 2942 2473 Con'venit
2970 2433 3022 2473 tv
3050 2413 3304 2472 nonarum
3353 2413 3751 2486 Novembrium;

2180 2485 2321 2558 quod
2353 2491 2669 2560 significatio
2710 2491 2848 2546 facta
2880 2488 3042 2544 fuerit
3065 2534 3079 2558 ,
3113 2503 3218 2544 non
3259 2489 3530 2560 scripto,
3556 2497 3613 2539 ut
3651 2485 3752 2554 lege

2180 2558 2512 2617 cautunfest
2540 2605 2553 2628 ,
2607 2562 2703 2617 sed
2732 2562 2896 2616 verbo
2925 2569 3132 2616 tantum
3159 2603 3173 2623 ,
3207 2559 3349 2630 quod
3390 2558 3601 2630 nullius
3645 2571 3750 2610 mo-

2181 2634 2345 2688 menti
2378 2652 2389 2686 :
2425 2633 2560 2701 Quia
2603 2651 2681 2688 me
2711 2633 2827 2687 licet
2857 2648 3109 2696 sermone,
3153 2629 3259 2686 etc.
3291 2629 3353 2684 6°
3387 2629 3751 2701 Deniquenon

2181 2703 2357 2773 egisse
2404 2698 2602 2773 gratias
2641 2703 2709 2760 de
2759 2705 3027 2760 sententia
3059 2698 3753 2773 condemnationisultima,

2179 2766 2297 2844 quae
2328 2766 2432 2830 lata
2461 2790 2566 2832 non
2597 2787 2681 2831 est
2707 2786 2831 2831 ante
2860 2788 3100 2831 mensem
3140 2768 3650 2844 Maiumiann._4_l_8,
3677 2766 3756 2824 sed

2180 2840 2254 2918 de
2278 2847 2360 2901 his
2392 2849 2562 2902 solum
2597 2863 2716 2918 quae
2755 2856 2871 2918 acta
2902 2847 3115 2918 fuerant
3154 2855 3279 2918 ante
3306 2843 3450 2918 diem
3551 2840 3757 2918 Novgm-

2180 2916 2290 2972 bris
2319 2933 2444 2972 ann.
2478 2919 2582 2973 M7
2615 2909 2631 2972 Ξ
2665 2933 2786 2972 nam
2823 2917 3167 2971 Marcellinus
3209 2914 3376 2968 libelli
3419 2913 3633 2966 delator
3661 2909 3756 2962 Ro-

2181 3003 2320 3041 mam
2347 2989 2552 3058 appulit
2581 2998 2706 3042 ante
2734 2990 2919 3058 tertias
2938 2985 3137 3058 Zosimi
3159 2986 3378 3058 litteras
3402 2983 3472 3036 ad
3502 2982 3688 3058 Afros;
3713 2979 3757 3033 in

2181 3058 2310 3127 ipsis
2349 3055 2490 3113 enim
2542 3058 2597 3111 fit
2626 3058 2836 3127 appulsi
2875 3055 3174 3127 Marcellini
3205 3055 3404 3127 mentio
3439 3071 3452 3104 :
3500 3055 3624 3108 ista:
3651 3065 3759 3127 vero

2182 3126 2376 3182 litterae
2405 3130 2544 3182 datae
2575 3123 2856 3182 sunt'ante
2885 3127 3044 3181 latam
3075 3141 3103 3179 a
3130 3125 3346 3179 Zosimo
3377 3137 3691 3191 supremam
3715 3123 3756 3176 in

2181 3198 2497 3254 leestium
2529 3199 2883 3262 sententiam,
2913 3206 2976 3252 ut
3000 3213 3068 3252 ex
3097 3196 3229 3265 ipsis
3256 3204 3440 3263 aperte
3469 3201 3701 3265 constat.

2256 3271 2350 3325 His
2371 3271 2619 3326 omnibus
2645 3268 3039 3324 animadversis
3063 3262 3364 3337 respondeo
3387 3263 3610 3337 tandem
3641 3262 3758 3337 Cap.

2183 3341 2348 3416 p_e_l_lo,
2381 3357 2558 3416 neque
2583 3343 2684 3416 hoc
2713 3335 3269 3416 ultimoargumehto,
3289 3350 3475 3416 “neque
3505 3335 3759 3416 prioribus

2183 3405 2304 3467 aliis
2332 3405 2535 3478 tribus,
2565 3413 2696 3467 satis
2723 3410 2920 3466 confici
2948 3405 3254 3480 suppositas
3286 3407 3506 3480 l'nisse‘a
3540 3405 3758 3474 Pelagia-

2185 3485 2266 3559 i_i_is
2290 3469 2665 3559 litteras'quas
2697 3469 3097 3559 illustrissimus
3127 3478 3410 3559 Annalium
3442 3469 3754 3559 sbriptor'ex

2185 3554 2456 3610 Vaticanis
2508 3547 2876 3610 monumentis
2906 3554 2958 3607 in
3012 3553 3184 3606 lucem
3218 3548 3425 3610 edidit,
3473 3547 3758 3618 quibusque

2185 3625 2344 3681 fidem
2377 3627 2695 3682 Mercatoris
2723 3633 2778 3681 et
2805 3623 3046 3679 Facundi
3074 3623 3367 3676 auctoritas
3394 3629 3596 3672 tantam
3627 3617 3753 3678 facit,

2184 3707 2381 3768 quanta
2405 3707 2582 3768 potest
2609 3711 2731 3753 esse
2756 3696 3016 3762 maxima,
3040 3693 3092 3748 in
3125 3693 3286 3748 rebus
3311 3689 3501 3761 procul
3532 3697 3754 3757 tempore

2185 3769 2524 3826 distantibus.

2764 3836 2814 3892 X
2852 3835 3166 3893 SYNODUS
3185 3877 3200 3902 ,

2186 3937 2231 3988 Α
2267 3933 2532 4014 Theodoto
2577 3933 3179 4014 Antiocheno‘episcopo
3219 3931 3464 4014 adversus
3511 3925 3755 4014 Pelagium

2258 4006 2467 4071 habita,
2520 4013 2574 4058 nt
2622 4005 2839 4069 videtur,
2888 3996 3192 4067 Antiochice,
3237 4001 3418 4054 iisdem
3463 3996 3754 4057 consulibus,

2257 4093 2428 4132 mense
2461 4075 2667 4130 Octobri
2696 4091 2834 4129 anno
2865 4074 3055 4129 Christi
3083 4073 3206 4127 417.

2265 4192 2533 4246 υεοίηιειῐη
2582 4189 2847 4261 synodum
2874 4187 3084 4261 ﬁliabuit
3128 4186 3438 4261 Theodotus
3468 4179 3756 4261 Antiochia:

2189 4264 2494 4333 episcopus,
2529 4271 2588 4315 ut
2603 4250 2809 4333 scribit
2840 4260 3104 4333 Mercator
3119 4258 3198 4333 .in
3223 4256 3340 4333 haec
3368 4257 3532 4312 verba
3559 4271 3572 4308 :
3601 4250 3757 4333 Adhuc

2189 4324 2342 4389 etiam
2370 4324 2746 4402 Hierosolymis
2773 4328 3350 4403 constitutu_s_Pelagius
3385 4336 3651 4403 accusatus
3677 4324 3757 4403 fuit

2191 4406 2333 4475 apud
2363 4396 2649 4475 synodum}
2694 4413 2739 4456 et
2775 4403 2938 4474 primo
2953 4400 3176 4475 quidem
3206 4396 3587 4470 tergiversando
3615 4396 3756 4448 ambi-

2193 4471 2635 4550 guisqu‘ibu‘sdam
2664 4471 3147 4550 seprofessionibus
3177 4478 3368 4550 tegens,
3401 4479 3447 4524 et
3480 4477 3756 4550 prosequens

2195 4540 2352 4602 dubia
2369 4588 2382 4608 ,
2416 4545 2490 4598 vel
2517 4540 2855 4613 respondens,
2887 4541 3032 4596 illam
3055 4552 3175 4595 tunc
3197 4540 3398 4613 videtur
3427 4543 3757 4613 episcoporum

2193 4617 2512 4674 audientiam
2535 4608 2808 4679 delusisse;
2844 4608 2939 4666 sed
2967 4612 3293 4684 postmodum
3321 4608 3583 4684 evidenter
3601 4608 3756 4684 depre-

2194 4690 2402 4751 hensus,
2423 4685 2766 4740 insistentibus
2789 4676 3196 4748 accusatoribus,
3214 4699 3246 4754 a
3265 4682 3548 4754 posteriore
3566 4676 3760 4754 synodo,

2196 4761 2276 4815 cui
2322 4744 2514 4813 sancta:
2561 4757 2819 4810 memoria:
2862 4754 3153 4808 Theodotus
3183 4744 3504 4806 'Antiochiaz
3550 4744 3755 4822 prcesedit

2197 4831 2491 4900 episcopus,
2525 4836 2674 4900 atque
2699 4826 2924 4881 detectus
2941 4843 3017 4900 ,_a
3043 4825 3231 4900 sanctis
3261 4840 3461 4900 quoque
3502 4833 3546 4876 et
3574 4830 3756 4900 venera:

2199 4882 2390 4956 bilibusr
2427 4882 2910 4969 Hierosolymorum
2944 4882 3087 4969 locis
3131 4905 3212 4966 est
3251 4882 3555 4969 deturbatus
3601 4882 3756 4969 :qupd

2198 4955 2430 5040 ejusdem
2488 4955 2957 5024 sanctivTheodoti
3007 4967 3072 5020 ad
3123 4955 3756 5040 reverendissimumutffllis

2200 5025 2380 5124 Roma:
2403 5043 2721 5124 episcopum,
2753 5052 2810 5122 et.
2826 5048 3016 5121 sancta:
3041 5037 3413 5124 recordationis
3432 5032 3630 5124 Praglii

2199 5109 2555 5183 rosolymitani
2578 5109 2810 5183 'episcOpi
2847 5111 3005 5164 missa
3037 5109 3230 5183 scripta
3256 5116 3512 5183 testantur
3526 5109 3755 5183 ,__quorlttpt

2202 5163 3022 5249 eaeiii'vp—la'rianadrdocitmentum
3059 5163 3299 5234 habemus
3329 5179 3382 5232 in
3412 5163 3634 5230 manibus
3676 5163 3756 5240 (ἔκ

2203 5254 2512 5328 Commonit.
2553 5271 2668 5328 cap.
2701 5254 2780 5328 ᾗ).
2911 5322 2930 5328 _
2970 5325 2979 5328 _
3044 5324 3052 5328 _
3240 5320 3252 5328 _
3460 5317 3472 5328 .
3567 5316 3579 5328 .

2277 5327 2404 5381 Haec
2431 5317 2667 5396 synodus
2699 5317 3008 5396 ig'notafuit
3030 5320 3329 5396 Augustino
3352 5317 3475 5396 :qui
3498 5317 3636 5396 enim
3660 5319 3756 5396 tgu-

2205 5408 2316 5453 tum
2347 5383 2747 5467 prmjudicium'
2763 5395 3019 5467 tacuisset
3058 5383 3313 5467 scribens
3336 5383 3591 5467 adversus
3613 5383 3757 5467 Julia:

2205 5458 2504 5534 num,'cur'n
2527 5467 2738 5521 curiose
2767 5466 2971 5534 singula
3005 5479 3182 5518 causa:
3210 5462 3494 5534 catholica:
3521 5458 3758 5534 momenta

2203 5519 2740 5610 cdnqiiirerct,etiis
2766 5519 3007 5590 uteretur
3036 5535 3248 5610 quoties
3265 5532 3482 5610 occasio
3519 5545 3574 5610 se
3600 5519 3758 5610 daret}

2275 5598 2373 5678 Qui
2415 5598 2610 5680 praeter
2643 5598 3347 5680 Mercatoremmentionem
3373 5603 3572 5680 l'eCerit,
3599 5598 3761 5680 salit}!!!

2205 5668 2468 5752 apdrtam,
2499 5682 2769 5752 iteminem
2798 5677 3039 5752 memini,
3066 5668 3759 5752 prasterblarianumnyqu-

2206 5740 2369 5823 rium,
2394 5740 2494 5812 nisi
2522 5753 2660 5809 forte
2683 5740 3082 5808 Antiochenam
3113 5748 3405 5806 concilium
3435 5759 3535 5818 pro
3562 5740 3760 5808 Diosptt1
