3900 6268
273 276 391 336 349

850 273 1159 347 DISSERT.
1199 274 1266 332 Il.
1306 274 1396 331 DE
1432 273 1718 345 SYNODIS
1757 272 2029 355 HABITIS
2066 272 2134 330 IN
2170 271 2397 331 CAUSA
2434 265 3003 334 PELAGIANORUM.

3455 277 3563 335 350

273 396 353 451 ad
382 394 721 469 quodomnes
764 392 1059 469 provinciae,
1088 409 1201 465 qua:
1227 392 1425 469 primas
1472 392 1617 469 sedes
1659 392 1870 469 habent,
1899 392 1954 456 Α
1980 390 2218 469 tecturus
2236 393 2812 469 _commendabatsEa
2868 410 3031 469 porro
3079 395 3363 469 disciplina
3393 398 3564 469 vlguit

273 470 349 524 de
375 464 607 521 conciliis
631 466 738 521 suis
765 464 932 529 binos,
963 472 1050 519 aut
1079 464 1297 535 quantos
1328 464 1635 537 delegerint,
1668 465 1872 537 episco-

271 550 375 613 pos
402 541 597 610 legatos
627 537 851 613 mittant,
874 546 930 591 ut
960 534 1267 610 congregato
1292 534 1537 591 conventu
1566 534 1721 608 plena
1748 553 1871 605 pos-

273 610 349 666 sit
378 627 489 665 esse
514 610 811 664 auctoritas.

351 681 733 749 Cogendarum
792 689 1025 752 tempus,
1057 680 1238 752 immo,
1271 679 1418 752 diem
1450 679 1727 752 sanciebat
1777 694 1869 739 ca-

273 769 393 810 non
425 748 535 808 75:
566 752 776 806 Placuit
804 761 858 806 ut
902 748 1009 807 dies
1039 750 1339 807 venerabilis
1381 748 1600 807 Pascha:
1626 749 1874 822 formata-

275 843 402 879 rum
446 824 825 892 subscriptione
862 823 1092 878 omnibus
1122 824 1406 889 intimetur,
1439 822 1545 877 dies
1589 840 1704 877 vero
1751 840 1873 877 con-

276 896 396 950 cilii
438 896 576 949 idem
630 904 857 967 servetur
884 896 972 967 qui
1019 895 1073 967 in
1126 893 1701 967 Hipponensiconcilio
1750 911 1872 950 con-

274 968 495 1021 stitutus
522 966 687 1031 est,id
713 974 855 1031 οδω
885 966 987 1020 kal.
1018 965 1308 1034 Septemb.,
1334 973 1436 1019 etc.

351 1040 425 1094 At
468 1039 591 1108 quia
632 1039 923 1092 molestum
958 1046 1076 1092 erat
1126 1046 1203 1091 tot
1254 1037 1537 1107 episcopos
1577 1045 1683 1092 tam
1726 1052 1872 1107 saepe

275 1109 399 1164 suis
424 1124 455 1165 e
484 1108 703 1165 sedibus
731 1120 1005 1175 emovere,
1039 1108 1279 1178 abrogati
1310 1115 1438 1163 sunt
1466 1121 1703 1164 canones
1732 1123 1871 1177 pra:-

274 1180 410 1234 dicti
449 1180 583 1251 duo,
605 1194 815 1236 canone
842 1181 911 1238 95
937 1199 949 1234 :
983 1178 1243 1246 Quoniam
1274 1184 1603 1234 constitutum
1625 1181 1793 1251 fuerat
1818 1184 1873 1235 in

275 1252 506 1307 concilio
533 1250 885 1323 Hipponensi,
933 1261 986 1305 ut
1016 1252 1234 1323 singulis
1277 1252 1426 1305 annis
1478 1250 1870 1323 contraheretur

273 1324 558 1394 concilium
582 1322 775 1392 Africae
799 1322 1123 1394 plenarium,
1140 1337 1242 1377 non
1271 1332 1466 1377 tantum
1493 1323 1575 1377 hic
1590 1324 1727 1394 apud
1748 1322 1875 1377 Car-

274 1393 567 1465 thaginem,
597 1410 769 1449 verum
798 1396 951 1449 etiam
980 1410 1066 1463 per
1093 1393 1318 1448 diversas
1350 1393 1643 1465 provincias
1666 1410 1759 1448 suo
1787 1412 1873 1449 or—

275 1458 428 1535 dine;
452 1474 503 1520 et
533 1458 628 1519 hoc
657 1466 728 1520 ita
755 1458 1010 1521 smatum
1032 1474 1129 1529 est,
1149 1472 1207 1520 ut
1227 1458 1569 1519 indiceremus
1590 1458 1872 1535 aliquando

275 1537 335 1590 in
367 1534 645 1601 Numidia,
681 1537 963 1607 aliquando
1005 1537 1060 1590 in
1086 1536 1332 1608 Bysacio.
1359 1536 1424 1591 At
1452 1537 1573 1607 quia
1600 1534 1695 1591 hoc
1726 1536 1872 1592 labo-

275 1608 477 1679 riosum
508 1608 743 1663 omnibus
780 1609 1033 1679 fratribus
1072 1609 1234 1664 visum
1281 1617 1385 1671 est,
1432 1610 1625 1679 placuit
1668 1619 1723 1661 ut
1768 1625 1873 1663 non

277 1678 515 1752 sitiultra
541 1678 831 1752 fatigandis
877 1680 1123 1750 fratribus
1171 1678 1522 1752 anniversaria
1573 1680 1868 1746 necessitas,

280 1751 600 1825 sedquoties
629 1751 853 1825 exegerit
896 1768 1077 1825 causa‘
1108 1752 1416 1825 communis,
1462 1751 1548 1825 _id_
1588 1756 1681 1814 est,
1716 1753 1870 1825 totius

278 1820 498 1895 Africa,
528 1820 883 1895 undecumque
932 1822 1001 1878 ad
1057 1822 1189 1895 hanc
1235 1820 1407 1875 sedem
1436 1822 1498 1876 de
1526 1821 1623 1895 hac
1660 1839 1714 1878 re
1738 1823 1875 1877 data:

280 1892 467 1947 littera:
524 1895 737 1966 fuerint,
791 1892 1206 1966 congregandam
1259 1909 1368 1947 esse
1416 1894 1696 1965 synodum,
1736 1895 1789 1947 in
1816 1910 1877 1949 ea

280 1965 551 2033 provincia
580 1964 668 2019 ubi
711 1964 1072 2037 opportunitas
1118 1964 1477 2036 persuaserit:
1509 1981 1680 2020 causa:
1705 1979 1876 2020 autem

282 2051 395 2105 qua:
425 2053 717 2091 communes
748 2053 851 2090 non
876 2045 1019 2105 sunt,
1048 2038 1100 2089 in
1124 2038 1230 2091 suis
1259 2037 1536 2105 provinciis
1552 2037 1875 2104 iudicentur.

354 2105 728 2180 Provinciales
756 2123 823 2164 ex
852 2107 1171 2180 praescripto
1197 2106 1402 2180 Nicmni
1450 2108 1666 2164 concilii
1697 2108 1800 2180 bisi
1822 2109 1877 2163 in

286 2184 429 2232 anno
459 2178 1031 2246 liabebantur;semel
1073 2185 1200 2233 ante
1253 2178 1720 2248 quadragesimam
1778 2179 1878 2235 Pa-

284 2248 462 2315 schaz;
495 2250 690 2305 iterum
721 2250 863 2306 circa
896 2260 1110 2315 tempus
1159 2248 1420 2304 autumni.
1450 2249 1589 2307 Vide
1614 2266 1877 2307 canonem

286 2319 321 2375 5
344 2318 626 2395 Nicmnum
664 2322 895 2378 relatum
923 2324 977 2377 in
1006 2318 1158 2377 Notis
1194 2319 1874 2395 ad_quartantsynodum,

286 2398 340 2465 et
371 2392 500 2465 inde
530 2407 800 2463 cognosce
828 2408 936 2465 quo
960 2403 1205 2464 tempore
1232 2392 1381 2465 plura
1404 2392 1630 2449 concilia
1663 2394 1881 2463 provin-

287 2462 449 2519 cialia
497 2462 687 2520 coacta
735 2462 876 2533 sint,
928 2462 1160 2534 utroque
1210 2463 1420 2519 scilicet
1474 2462 1734 2533 legitimo,
1779 2481 1878 2522 nec

286 2534 415 2601 alio,
449 2535 551 2590 nisi
583 2537 880 2593 necessitas
926 2533 1160 2606 urgeret.
1216 2533 1375 2592 Unde
1419 2536 1633 2604 quoties
1681 2545 1879 2605 praeter

288 2606 537 2678 solemne
586 2617 798 2677 tempus
842 2607 1023 2664 habita
1061 2607 1330 2678 leguntur,
1374 2607 1742 2678 investiganda
1791 2614 1881 2663 est

290 2674 498 2731 homini
545 2674 789 2734 studioso
836 2694 1036 2734 causa:
1083 2674 1182 2733 fuit
1224 2678 1368 2734 enim
1422 2674 1601 2749 aliqua
1639 2693 1876 2749 semper,

289 2760 455 2816 quam
485 2750 609 2805 sciri
638 2750 704 2805 ad
730 2750 1007 2807 historiam
1046 2750 1274 2805 confert.

373 2817 636 2876 Africana
669 2822 827 2877 modo
862 2823 915 2876 in
954 2837 1080 2886 una,
1110 2820 1270 2876 modo
1298 2822 1353 2876 in
1375 2820 1547 2875 altera
1577 2819 1875 2888 provincia,

298 2889 495 2945 ordine
522 2901 747 2965 servato,
773 2893 1256 2965 congregabantur,
1282 2900 1341 2946 ut
1364 2902 1520 2965 antea
1553 2891 1879 2965 dictuin_est

293 2972 370 3034 ett
395 2976 525 3034 _can.
554 2961 643 3034 95,
666 2961 997 3034 quamquam
1032 2962 1191 3019 nullae
1218 2972 1344 3019 sunt
1372 2961 1569 3018 habitae
1593 2972 1742 3017 extra
1770 2962 1880 3018 Nu-

288 3031 539 3105 midiam,
566 3031 1013 3090 Proéonsularem
1030 3044 1085 3091 et
1106 3034 1436 3104 Bysacenam
1466 3051 1479 3087 :
1504 3034 1627 3105 quia
1656 3034 1879 3105 reliquae

289 3103 590 3176 provinciae
634 3107 815 3161 minus
848 3113 1005 3162 erant
1051 3103 1391 3176 opportunae
1421 3103 1643 3176 propter
1672 3103 1881 3161 distan-

290 3172 448 3246 tiam,
483 3191 641 3245 quam
674 3177 967 3246 prazdictae,
997 3176 1050 3232 in
1084 3172 1258 3233 inedia
1285 3172 1467 3232 Africa
1495 3172 1633 3230 sitae.
1661 3176 1884 3232 Provin-

292 3243 463 3301 ciales
492 3243 598 3302 non
626 3243 963 3304 habebantur
1008 3247 1063 3304 in
1110 3247 1437 3314 civitatibus,
1484 3247 1573 3303 ubi
1604 3258 1759 3301 erant
1793 3263 1883 3304 se-

289 3316 478 3373 niores
523 3334 621 3373 seu
656 3320 937 3388 primates,
972 3326 1030 3375 ut
1054 3319 1377 3389 quibusdam
1406 3318 1582 3373 visum
1630 3328 1732 3384 est,
1762 3334 1886 3389 pro-

290 3394 417 3456 pter
444 3404 710 3446 canonem
759 3391 828 3447 75
855 3408 867 3444 :
896 3389 1239 3446 Scribendum
1284 3390 1353 3443 ad
1402 3390 1722 3462 singularum
1758 3408 1887 3461 qua-

288 3474 510 3527 rumque
566 3462 947 3531 provinciarum
998 3463 1260 3531 primates,
1314 3468 1370 3515 ut
1415 3459 1622 3531 quando
1649 3459 1795 3528 apud,
1832 3478 1887 3518 se

290 3532 577 3606 concilium
609 3541 943 3606 congregant,
969 3534 1123 3606 istum
1152 3533 1420 3606 diemsnon
1450 3531 1749 3606 impediant.
1776 3532 1888 3590 Sed

290 3602 865 3674 inggopportuniorib'us
889 3605 1179 3673 provinciae
1204 3603 1359 3672 locis,
1392 3602 1534 3673 quod
1563 3611 1775 3674 constat
1816 3619 1889 3659 ex

287 3671 608 3730 Milevitana
635 3676 868 3747 synodo,
890 3671 1351 3743 quemadmodum
1376 3671 1429 3729 et
1450 3673 1699 3738 Cirtensi,
1723 3690 1887 3747 quam

291 3747 475 3829 coegit
501 3746 753 3829 Silvanus
782 3747 1047 3829 Numidiae
1087 3746 1310 3829 primas,
1340 3760 1461 3829 cum
1510 3755 1689 3801 tamen
1722 3746 1884 3803 Sum-

292 3818 472 3887 mensi
502 3817 589 3873 vel
617 3817 873 3873 Zumensi
902 3817 1157 3874 Ecclesiae
1183 3824 1459 3887 praeesset.

369 3886 676 3945 Notandum
702 3904 834 3945 vero
866 3891 1087 3946 nomine
1112 3889 1327 3944 concilii
1374 3887 1601 3958 plenarii
1647 3888 1889 3959 appella-

292 3957 445 4014 visse
478 3969 689 4017 veteres
714 3962 980 4032 synodum
1008 3960 1076 4015 ad
1098 3974 1261 4031 quam
1291 3957 1481 4016 omnes
1502 3957 1741 4032 episcopi
1758 3975 1889 4017 con-

291 4032 617 4099 veniebant;
669 4031 811 4088 unde
861 4032 1062 4088 factum
1123 4039 1182 4087 ut
1220 4046 1416 4087 nomen
1467 4032 1568 4086 hoc
1619 4031 1729 4087 alio
1755 4031 1888 4088 alias

294 4113 464 4156 sensu
495 4109 832 4173 usurparent.
870 4105 1127 4158 Dixerunt
1155 4102 1301 4159 enim
1345 4102 1590 4173 plenaria
1635 4102 1886 4171 concilia,

292 4185 407 4227 non
437 4188 497 4245 ea
535 4182 743 4229 tantum
773 4190 892 4245 quae
939 4174 1101 4230 totius
1137 4173 1358 4241 Africae,
1391 4173 1489 4230 sed
1530 4176 1644 4243 ipsa
1675 4189 1890 4244 quoque

294 4243 679 4312 provincialia,
735 4243 897 4315 prout
945 4244 1199 4301 nimirum
1254 4245 1519 4315 episc0pi,
1564 4245 1648 4299 vel
1698 4259 1890 4315 omnes

295 4315 462 4385 unius
487 4314 781 4385 provinciae
823 4316 961 4385 apud
989 4317 1259 4373 seniorem
1288 4314 1469 4385 Suum,
1501 4316 1586 4371 vel
1618 4330 1683 4371 ex
1715 4314 1892 4370 omni-

294 4384 404 4440 bus
430 4384 814 4455 provinciisad
861 4384 1044 4443 locum
1099 4403 1131 4443 a
1174 4384 1587 4457 Carthaginensi
1634 4386 1890 4457 episcopo

294 4458 676 4530 constitutum,
714 4460 1203 4530 congregabantur.
1250 4456 1563 4530 lnter’cessit
1595 4457 1758 4528 igitur
1781 4456 1889 4514 dis-

295 4529 515 4601 crimen;
535 4530 751 4601 aliquod
781 4529 921 4586 inter
945 4530 1228 4585 concilium
1259 4529 1557 4598 plenarium
1587 4538 1641 4585 et
1670 4530 1888 4584 univer-

295 4599 801 4672 sslezillud'enim
843 4602 1018 4672 potuit
1059 4616 1181 4657 esse
1209 4601 1372 4656 unius
1421 4608 1626 4655 tantum
1674 4602 1892 4672 provin-

296 4669 440 4734 ciae;
474 4670 611 4725 istud
645 4672 743 4727 luit
788 4669 948 4728 totius
994 4671 1269 4739 dioecesis,
1299 4687 1623 4740 quamquam
1671 4671 1888 4727 univer-

296 4740 417 4795 sale
444 4742 620 4812 adhuc
650 4759 682 4798 a
722 4744 965 4812 plenario
1012 4744 1178 4799 totius
1228 4744 1420 4798 Africae
1468 4740 1744 4799 diversum
1793 4742 1893 4798 ali-

294 4811 519 4880 quando
544 4812 659 4868 l‘uit.
693 4811 772 4869 Ad
799 4815 931 4869 illud
960 4816 1105 4870 enim
1133 4829 1324 4869 omnes
1348 4815 1645 4884 provinciae
1693 4830 1787 4884 per
1814 4814 1894 4870 le-

293 4889 457 4951 gatos
504 4892 709 4939 tantum
760 4885 1093 4941 vocabantur
1140 4904 1154 4941 :
1197 4885 1265 4941 ad
1321 4885 1465 4941 istud
1505 4901 1697 4941 omnes
1736 4886 1895 4942 unius

295 4956 980 5028 tunii_:e,_quibuscumque
1012 4958 1247 5025 placeret
1284 4958 1493 5013 venire.
1540 4956 1799 5013 Similiter
1826 4957 1893 5012 ad

295 5026 597 5092 provinciae
630 5027 787 5083 unius
819 5026 1107 5084 concilium
1136 5046 1244 5085 non
1281 5030 1579 5098 plenarium
1626 5043 1733 5082 una
1780 5028 1895 5083 sola

297 5102 483 5149 turma
507 5099 825 5166 vocabatur,
854 5099 919 5154 ad
951 5100 1123 5169 plena:
1138 5101 1245 5155 ium
1274 5100 1467 5155 amba).
1513 5098 1668 5156 Unde
1700 5098 1899 5153 intelli-

293 5176 544 5241 gereest
571 5184 731 5240 quam
761 5170 831 5226 ob
857 5185 1074 5226 causam
1104 5172 1255 5228 nulla
1295 5172 1687 5227 catholicorum
1732 5185 1896 5241 syno-

294 5236 401 5314 dus
422 5236 676 5294 Africana
695 5241 908 5314 legatur
924 5242 1115 5314 plures
1146 5244 1433 5314 episcopos
1461 5243 1713 5314 habuisse
1732 5236 1894 5314 qiusm

292 5306 567 5383 ducentos
584 5322 637 5365 et
659 5306 845 5383 viginti
871 5306 1257 5381 ad'summu'm,
1275 5306 1394 5370 cu'm
1428 5322 1605 5369 tamen
1632 5313 1685 5367 in
1711 5306 1895 5367 A’l‘rica

292 5375 483 5462 {orent
510 5382 694 5462 plures
712 5375 1032 5462 quingentis
1063 5375 1316 5462 Ecclesiae
1348 5384 1692 5462 episcopales
1704 5384 1897 5462 _catho-

292 5448 419 5505 lica:
445 5469 459 5504 :
487 5448 699 5510 scilicet
725 5448 1081 5511 conveiiiebat
1107 5473 1173 5513 ex
1197 5448 1425 5527 singulis
1457 5448 1750 5527 provinciis
1788 5470 1895 5509 una

292 5530 509 5597 tantum
544 5535 741 5592 turma,
766 5528 818 5582 id
850 5536 954 5592 est,
976 5530 1152 5585 media
1185 5530 1295 5584 iere
1323 5544 1467 5597 pars,
1492 5543 1559 5582 ex
1586 5542 1689 5597 qua
1716 5536 1894 5581 tamen

292 5595 466 5664 aliqui
496 5597 673 5663 justas
697 5601 956 5655 haberent
978 5601 1236 5655 absentia:
1261 5595 1473 5667 causas,
1503 5599 1571 5653 de
1602 5595 1794 5667 quibus
1813 5605 1898 5653 est

292 5680 474 5722 canon
505 5668 601 5725 ⁸16.
632 5669 686 5724 Id
718 5686 849 5726 vero
874 5672 1144 5740 sapienter
1182 5673 1487 5727 institutum
1535 5669 1653 5735 fuit,
1688 5685 1757 5724 ne
1800 5685 1893 5740 pa-

290 5740 539 5796 storibus
568 5744 681 5797 suis
714 5744 917 5798 orbatae
954 5742 1213 5801 Ecclesiae
1260 5742 1443 5799 damni
1484 5741 1772 5811 quidquam
1796 5750 1891 5810 pa-

290 5817 547 5875 terentur
573 5830 587 5871 :
622 5829 774 5873 suam
801 5814 947 5875 enim
969 5816 1146 5875 vicino
1176 5817 1434 5891 episcopo
1455 5814 1755 5873 remanenti
1781 5827 1897 5886 pro-

1903 1797 1952 1857 B

1910 3178 1957 3240 ρ
1990 3176 2130 3243 inter
2149 3174 2429 3246 legendum
2457 3188 2521 3228 eo

1976 465 2117 533 apud
2144 464 2463 531 catholicos,
2495 466 2590 522 sed
2640 467 2759 521 aliis
2797 464 3037 525 moribus
3082 464 3336 524 vivebant
3386 464 3564 526 Do'na-

1976 538 2139 610 _tistaz.
2166 536 2365 610 Verum
2397 540 2495 610 ista
2529 539 2835 610 diligentius
2860 540 3174 610 aliquando,
3218 541 3263 594 si
3296 541 3437 598 Deus
3467 557 3563 595 vo-

1976 607 2152 672 luerit,
2187 608 2242 664 in
2284 608 2509 665 historia
2563 607 2824 666 Ecclesiae
2866 607 3156 679 Africanae,
3186 626 3348 682 quam
3390 613 3564 670 medi-

1974 685 2172 735 tamur.
2442 696 2465 717 ιι
2736 732 2739 739 ,
2988 728 2991 731 η

2046 750 2140 807 llis
2169 765 2330 821 porro
2360 739 2774 825 animadversis:
2802 751 3237 811 concludendum
3283 754 3415 812 illud
3453 766 3559 825 est,

1974 830 2197 891 propter
2241 823 2385 894 quod
2424 824 2649 894 digressi
2704 840 2911 891 sumus,
2965 826 3304 882 undecimam
3353 823 3563 884 scilicet

1973 893 2270 970 synodum,
2295 905 2385 949 aut
2417 893 2798 970 provincialem
2823 896 3009 963 fuisse,
3040 898 3184 970 quod
3208 900 3378 970 magis
3403 914 3559 966 reor;

1974 965 2405 1039 aut_A_lricanam
2453 968 2832 1037 particularem
2874 965 3102 1034 tantum,
3135 972 3276 1039 quod
3300 965 3413 1026 non
3463 972 3565 1025 im-

2013 1037 2253 1092 robabile
2278 1056 2290 1090 :
2312 1039 2643 1112 alterutrum
2669 1039 2812 1095 enim
2848 1042 3093 1112 sequitur
3114 1037 3180 1096 ei
3210 1042 3560 1112 inscriptione

1996 1108 2273 1164 itterarum
2312 1107 2518 1165 Zosimi
2554 1112 2748 1166 summi
2780 1107 3072 1180 pontiﬁcis.
3111 1111 3247 1179 Quid
3295 1107 3472 1168 autem
3506 1113 3561 1168 in

1974 1193 2037 1234 ea
2068 1188 2277 1255 gestum
2323 1180 2394 1255 sit
2420 1196 2491 1237 ex
2517 1181 2944 1252 praecedentibus
2991 1194 3236 1252 constat;
3292 1192 3422 1255 quot
3452 1184 3564 1254 epi—

1974 1252 2123 1321 scapi
2169 1250 2424 1307 aﬂ'uerint
2461 1250 2757 1320 incertum;
2793 1265 2975 1310 certus
3020 1263 3199 1312 tamen
3223 1250 3393 1324 locus,
3439 1250 3561 1312 cum

1976 1330 2240 1393 tempore,
2273 1324 2504 1394 praeside
2534 1333 2589 1380 et
2613 1326 2920 1382 occasione.

2547 1473 2641 1529 χιι
2680 1471 3020 1545 SYNODUS,

1977 1613 2291 1687 Carthagine
2317 1616 2381 1687 ab
2408 1616 2615 1670 Aurelio
2661 1630 2723 1669 ea:
2768 1614 3015 1687 omnibus
3050 1613 3255 1687 Africte
3291 1615 3567 1687 provinciis

2020 1685 2283 1751 collecta,
2317 1686 2553 1742 Honorio
2581 1701 2654 1741 xu
2686 1694 2733 1739 et
2765 1685 3054 1740 Theodosio
3101 1700 3194 1740 vui
3223 1685 3334 1741 AA.
3364 1685 3493 1750 CC.,

2046 1757 2279 1814 kalendis
2307 1758 2487 1826 Maiis,
2517 1773 2651 1811 anno
2678 1756 2804 1812 M8.

2051 1893 2375 1964 Carthagine
2428 1892 2608 1964 habita
2664 1900 2748 1947 est
2796 1889 3117 1964 duodecima
3158 1889 3443 1964 synodus,
3477 1889 3570 1964 _ad

1981 1980 2140 2034 quam
2170 1980 2237 2020 ex
2258 1961 2510 2019 omnibus
2537 1962 2735 2018 Africa:
2767 1961 3062 2034 provinciis
3086 1961 3327 2034 episCOpi
3367 1962 3435 2017 ab
3459 1962 3571 2017 Au-

1980 2033 2116 2093 relio
2144 2036 2323 2091 vocati
2365 2043 2755 2091 convenerunt.
2786 2034 2986 2101 Quare,
3023 2033 3148 2087 licet
3194 2047 3224 2087 a
3274 2033 3391 2087 loco
3440 2034 3571 2088 Car-

1984 2108 2318 2179 thaginensis
2350 2106 2775 2179 vulgo‘tlicatur,
2795 2107 2870 2179 ab
2896 2104 3199 2172 Augustino
3224 2111 3404 2179 tamen
3427 2104 3572 2179 Alri-

1981 2173 2115 2236 Cana
2160 2173 2713 2248 nominatur_(Epist.
2747 2173 2912 2248 215),
2953 2184 3144 2248 estque
3180 2175 3356 2245 prima
3406 2175 3572 2231 totius

1981 2249 2177 2307 Africa:
2208 2251 2452 2305 incausa
2483 2245 2784 2317 Pelagianae
2813 2245 3060 2302 haeresis.

2053 2322 2249 2377 Coacta
2272 2330 2355 2376 est
2380 2316 2717 2374 Honorio’xn
2749 2328 2804 2373 et
2832 2318 3143 2373 Theodosio
3164 2331 3279 2381 Vill,
3302 2317 3415 2373 AA.
3441 2316 3570 2385 CC.,

1981 2404 2038 2449 ut
2070 2392 2270 2448 habent
2301 2401 2442 2458 acta,
2475 2390 2527 2444 id
2574 2400 2677 2453 est,
2708 2405 2835 2444 ann.
2881 2387 3080 2443 Christi
3111 2387 3244 2455 418,
3276 2405 3378 2442 non
3412 2389 3570 2445 initio

1980 2464 2143 2530 veris,
2193 2463 2336 2533 quod
2380 2462 2547 2533 voluit
2588 2461 2773 2516 Binius
2834 2460 3123 2516 Baronium
3171 2469 3427 2533 secutus,
3473 2459 3573 2533 sed

1980 2535 2089 2592 kal.
2129 2530 2334 2590 tantum
2365 2532 2550 2598 Maiis,
2582 2547 2741 2601 quam
2773 2540 2955 2587 notam
2999 2541 3115 2586 acta
3155 2530 3471 2600 prazferunt.
3506 2532 3575 2586 Et

1980 2622 2129 2670 vero,
2160 2605 2456 2676 quomodo,
2476 2603 2690 2676 vigente
2718 2602 3085 2676 ecclesiastica
3122 2601 3572 2676 disciplina,_214

1980 2672 2219 2748 episcopi
2271 2679 2374 2749 (tot
2401 2672 2553 2749 enini
2583 2675 2891 2749 congregati
2923 2673 3208 2749 dicuntur,
3254 2686 3390 2749 quos
3430 2672 3570 2749 inter

1982 2742 2257 2812 Aurelius,
2279 2742 2288 2749 ’
2311 2746 2664 2816 Augustinus,
2696 2742 2938 2816 'Alipius,
2983 2742 3285 2816 Possidius,
3312 2743 3567 2816 Evodius,

1980 2821 2176 2890 aliique
2205 2814 2535 2874 sanctissimi
2582 2814 2876 2890 antistites)
2918 2816 3032 2890 suis
3072 2814 3142 2868 ab
3168 2814 3422 2890 Ecclesiis
3468 2814 3570 2890 sb-

1980 2883 2211 2946 fttissent
2238 2890 2471 2946 solemni
2500 2896 2743 2957 tempore
2787 2885 3088 2957 Paschalis,
3116 2883 3261 2957 quod
3307 2899 3447 2939 anno
3474 2884 3572 2957 illo

1982 2963 2171 3017 incidit
2197 2962 2251 3017 in
2278 2961 2420 3016 diem
2464 2955 2751 3027 septimum
2780 2956 3005 3025 Aprilis,
3054 2966 3109 3011 et
3137 2955 3313 3024 cujus
3343 2955 3573 3025 proinde

1980 3032 2103 3090 festi
2134 3029 2531 3089 consummatio
2557 3029 2656 3084 fuit
2685 3045 2817 3084 xvnt
2846 3027 2955 3085 kal.
2988 3027 3189 3083 Maias?

2052 3104 2165 3172 Qua
2212 3104 2497 3159 occasione
2545 3101 2959 3172 praetermittere
3009 3114 3127 3172 non,
3166 3112 3382 3172 possum
3416 3097 3567 3172 quod

2584 3116 2959 3156 taetermittere
3009 3116 3116 3153 non
3166 3116 3382 3169 possum
3419 3116 3567 3166 quoa

2528 3116 2701 3228 dicem
2724 3171 2990 3227 Alricana:
3008 3169 3282 3233 Ecclesiae,
3310 3168 3575 3238 pauloque

1990 3238 2299 3317 diligentius
2328 3243 2594 3301 versanda
2625 3242 2873 3317 _eoncilia
2898 3238 3443 3317 generalia_ej_usdem
3469 3240 3573 3317 E_(_:~

1989 3310 2191 3385 clesire,
2211 3317 2522 3381 observavi,
2551 3314 2776 3385 nullum,
2810 3310 3005 3385 praeter
3026 3313 3151 3379 duo,
3176 3310 3438 3385 habitum,
3465 3310 3574 3385 alio

1992 3380 2252 3461 tempore,
2278 3403 2435 3459 quam
2458 3380 2583 3461 post
2609 3380 2879 3455 integrum
2908 3384 3095 3461 saltem
3117 3398 3147 3437 a
3168 3381 3318 3437 festis
3343 3380 3573 3461 pascha-

1989 3456 2413 3524 libustnensem;
2437 3456 2596 3528 plura
2615 3472 2750 3513 vero
2773 3456 3090 3525 consignari
3114 3468 3310 3528 mense
3327 3457 3574 3528 Augusto

1990 3542 2042 3606 et
2056 3523 2627 3606 Septembri.Duorum
2641 3538 2844 3606 autem,
2859 3523 2976 3596 qua:
2989 3534 3213 3595 excepta
3231 3523 3394 3606 volui,
3411 3532 3574 3594 poste-

1989 3596 2392 3666 riusfomnium
2424 3598 2834 3656 celeberrimum
2874 3607 3094 3668 propter
3128 3596 3574 3668 gravissimorum

1991 3674 2327 3730 negotiorum
2357 3672 2734 3729 necessitatem
2758 3666 3003 3726 coactum
3026 3677 3111 3723 est
3138 3666 3246 3723 kal.
3266 3666 3416 3721 Maiis
3440 3682 3573 3720 ann.

1990 3736 2241 3811 4i§,cum
2257 3744 2465 3801 Pascha
2480 3744 2744 3799 incideret
2756 3741 2811 3796 in
2824 3742 2966 3796 diem
2981 3743 3010 3794 7
3026 3736 3573 3811 Aprilis;pr_ins,_quod

1990 3807 2470 3891 valdepbscurum
2487 3824 2592 3891 est,
2615 3814 2945 3891 celebratum
2960 3807 3178 3891 _legitur‘
3197 3807 3572 3891 v‘lsal.._.lilai‘asz

1991 3904 2120 3944 ann.
2150 3887 2286 3951 599,
2320 3887 2524 3942 Pascha
2554 3884 2828 3941 incidente
2854 3885 2908 3938 in
2941 3879 3082 3937 diem
3118 3883 3183 3938 10
3209 3879 3429 3949 Aprilis.
3465 3879 3575 3935 Sed

1991 3975 2234 4016 errorem
2264 3958 2555 4028 irrepsisse
2584 3965 2795 4028 oportet
2824 3954 2973 4028 hunc
2990 3953 3044 4028 in
3075 3953 3345 4028 locum,_et
3367 3951 3573 4028 positas

1991 4032 2076 4087 vel
2105 4021 2510 4102 kalendas-pro
2565 4021 2765 4102 idibus,
2793 4028 2874 4080 vel
2925 4024 3094 4079 Maias
3141 4037 3238 4092 pro
3265 4021 3459 4085 Juniis,
3505 4036 3574 4102 ne

1992 4103 2123 4170 quid
2153 4095 2451 4157 enormitér
2478 4097 2683 4170 factum
2709 4095 2935 4161 dicatur,
2967 4104 3025 4170 e_t_
3050 4104 3236 4148 contra
3259 4106 3497 4147 canones
3518 4095 3573 4146 in

1992 4165 2114 4227 aliis
2144 4172 2389 4228 conciliis
2418 4178 2605 4224 sancte
2635 4167 2950 4223 observatos
2976 4165 3204 4220 dicatur.

2063 4243 2209 4298 Inter
2262 4240 2596 4297 universales
2654 4238 2890 4310 synodos
2937 4238 3039 4290 ista
3105 4233 3324 4310 censeri
3373 4233 3572 4310 debet,

1994 4312 2193 4383 quippe
2233 4313 2329 4383 cui
2360 4310 2635 4383 praefuerit
2677 4304 2951 4374 Aurelius,
2984 4321 3104 4383 cum
3137 4304 3437 4383 Donatiano
3467 4304 3574 4359 Te-

1993 4376 2225 4455 lepténsi
2254 4376 2445 4451 primae
2473 4380 2619 4437 sedis
2644 4382 2898 4455 episcopo
2925 4378 3215 4455 provinciae
3260 4376 3574 4455 Bys:ic_e_na3,

1995 4447 2065 4512 δι’
2080 4457 2198 4510 aliis
2225 4447 2351 4522 ΞΩ,
2386 4463 2494 4508 tam
2520 4468 2588 4509 ex
2616 4447 2897 4523 provincia
2924 4451 3221 4523 Bysacena,
3240 4447 3573 4523 quam-Mau-

1996 4527 2191 4582 ritania
2221 4519 2487 4589 Sitifensi,
2539 4519 2896 4593 Tripolitana,
2948 4519 3219 4587 Numidia,
3257 4519 3579 4593 Mauritania

1916 4570 1969 4630 Ῑ)
1995 4570 2914 4666 652333513}:Ei'iiispéiiiifﬁési,
2939 4570 3575 4666 Μξὶὖὶιῖῐεὶἷιὶεἲί”ιῖέίὧὶιέιέ

1997 4686 2118 4741 quae
2140 4660 2397 4738 Hispania
2431 4660 2580 4724 trans
2611 4666 2791 4741 Gades
2814 4665 2951 4721 dicta
2983 4674 3088 4731 est,
3119 4660 3407 4733 prepterea
3437 4660 3579 4731 quod

1997 4740 2203 4797 vicario
2233 4741 2607 4809 Hispaniarum
2638 4740 2904 4809 subesset.

2071 4812 2151 4867 Ex
2181 4828 2241 4867 ea
2270 4800 2394 4867 data
2424 4820 2507 4865 est
2549 4808 2808 4880 synodica
2836 4807 2902 4861 ad
2950 4805 3225 4880 Zosimum
3260 4800 3578 4880 papam,_‘de

1999 4898 2104 4954 qua
2130 4883 2366 4954 Prosper
2393 4870 2706 4954 Cassianum
2730 4880 3015 4954 alloquens
3041 4877 3066 4954 l
3069 4874 3182 4929 Lib.
3214 4870 3367 4954 ορξηιῇ
3388 4870 3579 4954 (Iollan.

2000 4942 2437 5026 c'ap.ri0;'idem
2480 4952 2627 5004 habet
2668 4951 2723 5005 in
2754 4942 2887 5020 resp.
2938 4948 3007 5001 ad
3037 4946 3070 5001 8
3096 4963 3210 5016 cap.
3245 4943 3413 5026 ean...)
3447 4961 3459 4996 :
3491 4942 3587 4997 Se-

1998 5014 2221 5079 cundum
2236 5014 2392 5077 tuam
2423 5036 2707 5085 censuram,
2733 5014 2844 5091 qua"
2858 5014 3587 5091 sanctarum'et.fideliumﬁvo-

1999 5098 2257 5150 luntatum
2306 5094 2494 5147 asseris
2531 5108 2634 5145 non
2680 5083 3011 5145 in'omnibus
3048 5086 3337 5141 hominibus
3370 5100 3433 5138 ea:
3476 5083 3584 5137 Deo

1999 5166 2428 5238 principium.....
2461 5171 2757 5238 erraverunt
2785 5161 2989 5238 ducenti
3015 5156 3401 5238 quatuordeoim
3419 5171 3588 5210 sacer-

1998 5227 2178 5303 dotes;
2193 5238 2280 5307 qui
2310 5237 2364 5289 in
2394 5236 2609 5307 epistola
2636 5250 2791 5307 quam
2836 5234 2941 5287 suis
2982 5227 3426 5307 constitutionibus
3445 5241 3587 5307 prce-

2000 5296 2248 5373 tulerunt,
2278 5308 2355 5362 ita
2382 5296 2680 5375 apostolicae
2703 5304 2837 5359 sedis
2882 5301 3166 5375 antistitem
3203 5298 3407 5375 beatum
3436 5296 3587 5352 Zosi-

1998 5397 2142 5435 mum
2170 5369 2289 5434 sunt
2331 5369 2545 5433 allocuti
2574 5392 2592 5430 :
2620 5376 2991 5430 Constituimus
3030 5373 3083 5426 in
3118 5369 3388 5441 Pelagium
3436 5378 3587 5438 atque

2001 5450 2289 5507 Caelestium
2345 5467 2434 5517 per
2487 5447 2825 5502 venerabilem
2855 5447 3151 5515 episcOpum
3202 5440 3583 5507 Innocentium,

2000 5525 2064 5577 de
2094 5523 2369 5577 beatissimi
2396 5521 2617 5591 apostoli
2658 5519 2803 5573 Petri
2824 5518 2941 5572 sede
2970 5518 3226 5591 prolatam
3246 5528 3451 5567 manere
3473 5527 3584 5564 sen-

2002 5597 2231 5659 tentiam,
2256 5596 2415 5647 donec
2442 5592 2768 5661 apertissima
2795 5590 3115 5661 confessione
3147 5590 3429 5659 fateantur,
3466 5597 3587 5653 gra-

1999 5667 2073 5720 tia
2097 5666 2194 5720 Dei
2222 5682 2312 5735 per
2338 5660 2518 5719 Iesum
2556 5661 2817 5735 Christum
2867 5660 3144 5735 Dominum
3188 5671 3441 5735 nostrum,
3486 5669 3587 5735 non

1998 5737 2169 5813 solum
2222 5726 2292 5791 ad
2343 5734 2975 5813 cognoscendam,_vcrum
3004 5733 3159 5813 etiam
3188 5730 3257 5813 ad
3300 5726 3587 5813 faciendam

1993 5810 2273 5883 iustitiam,
2305 5796 2518 5881 nos'per
2564 5817 2705 5865 actus
2746 5796 2975 5881 singulos
3002 5803 3265 5883 adjuvari,
3292 5796 3365 5860 ita
3396 5806 3450 5856 ut
3476 5796 3587 5852 sine
