3900 6268
334 278 438 340 551

764 276 858 335 AD
895 277 1184 336 PARTEM
1220 274 1491 332 PRIMAM
1529 271 1813 331 OPERUM
1852 272 1922 328 Μ.
1963 270 2412 329 MERCATORIS
2451 267 2802 328 APPENDIX
2839 267 3179 328 SECUNDA.

3521 269 3626 332 352

338 398 435 454 illa
459 397 588 454 nihil
613 412 744 452 verte
771 405 1059 467 sanctasque
1083 393 1285 468 pietatis
1313 391 1526 458 habere,
1555 391 1805 461 cogitare,
1845 389 1916 445 «ιι.
1955 391 2004 452 Α
2033 389 2088 445 in
2121 390 2629 468 eo_enim-breviter
2650 398 2775 468 octo
2805 389 3106 468 cangnibus
3127 385 3525 460 comprehensa
3547 400 3627 451 est

339 486 467 536 cere,
498 485 648 542 agere
683 467 962 542 valeamus.

414 534 659 597 Sed'hic
712 540 959 593 oriuntur
1015 537 1262 593 difficiles
1315 534 1648 606 quzestiones
1677 541 1924 606 _septem,

341 619 574 680 quatuor
600 627 665 666 ex
693 610 980 680 Augustini
1016 608 1180 664 variis
1222 604 1376 680 locis,
1408 616 1528 680 tres
1558 621 1629 680 ex
1675 604 1929 680 Prosperi

345 676 654 738 teSIimonio
678 676 804 735 moi
821 681 1008 743 allato,
1034 679 1252 750 alioque
1276 676 1700 750 Chronici_loco.
1723 676 1925 750 Prima,

341 769 463 821 qua:
492 753 563 807 sit
590 754 678 808 illa
708 752 948 824 synodus
973 746 1222 824 Africana
1259 748 1410 824 (Lib.
1425 750 1486 804 de
1527 747 1752 824 Peccaio
1779 746 1929 820 Orig.

344 818 389 876 ὁ.
421 825 451 877 7
481 834 532 878 et
559 825 636 895 8),
665 818 782 892 quin
805 818 1369 895 revocavissedicitur
1396 820 1450 876 in
1487 818 1800 895 memoriam
1837 818 1929 875 ve-

347 896 568 950 nerabili
596 891 748 966 papae
782 895 1022 966 Zosimo,
1046 893 1172 962 quid
1194 891 1316 966 ejus
1343 905 1643 966 praecessor
1668 892 1931 947 Innocen-

349 968 452 1019 tius
483 966 550 1020 de
586 961 750 1034 gestis
795 961 1099 1020 Palaestinae
1129 961 1320 1034 synodi
1346 961 1681 1032 ’judicasset,
1729 972 1782 1015 et
1813 972 1932 1030 post

349 1036 504 1105 enjus
535 1033 814 1107 rescripta,
853 1035 907 1090 in
937 1033 1250 1107 Cretestium
1287 1035 1586 1107 justissima
1616 1033 1823 1107 prolata
1850 1042 1934 1088 est

347 1103 635 1162 sententia.
668 1103 914 1162 secunda
961 1104 1229 1176 (Ibidem),
1261 1105 1402 1174 quod
1434 1104 1561 1159 item
1612 1103 1929 1159 Africanum

348 1179 655 1245 concilium,
684 1195 752 1233 ex
789 1192 896 1248 quo
926 1175 1245 1247 rescriptum
1271 1188 1352 1248 est
1375 1175 1614 1240 Zosimo,
1639 1188 1930 1248 antequam

347 1249 412 1300 ad
440 1250 721 1303 universos
748 1247 1032 1318 episcopos
1072 1248 1233 1303 totius
1277 1247 1422 1303 orbis
1465 1247 1776 1303 tractoriam
1810 1247 1935 1303 mit-

351 1327 512 1375 teret.
544 1318 749 1385 Tertia,
781 1317 848 1375 ex
896 1317 1004 1389 quo
1039 1319 1240 1390 pariter
1269 1317 1465 1373 Africa:
1495 1327 1790 1390 conventu,
1824 1318 1933 1390 Ro-

348 1407 486 1444 mam
519 1390 701 1446 littera:
743 1387 988 1456 venerint,
1021 1387 1074 1444 id
1101 1390 1414 1444 continentes
1445 1405 1547 1443 non
1590 1387 1816 1458 suﬁicere
1837 1388 1934 1443 Ito-

352 1461 569 1514 minibus
596 1463 908 1516 tardioribus
938 1472 984 1515 et
1013 1459 1419 1524 sollicitioribus,
1451 1460 1588 1529 quod
1616 1476 1933 1531 seAgenera-

351 1531 473 1604 liter
506 1532 798 1591 Innocentii
843 1533 1067 1604 episcOpi
1102 1531 1283 1604 litteris
1327 1528 1611 1604 consentire
1667 1528 1933 1604 Caelestius

352 1603 627 1675 fatebatur,
655 1605 742 1658 sed
777 1600 950 1675 aperte
995 1600 1110 1656 eum
1151 1601 1328 1656 debere
1357 1600 1797 1675 anathematizare
1821 1619 1934 1674 qua:

348 1671 403 1727 in
430 1691 522 1728 suo
549 1675 718 1729 libello
756 1671 916 1748 prava
950 1682 1222 1748 posuerat,
1255 1683 1360 1728 etc.
1568 1688 1608 1728 ιι
1655 1674 1723 1726 ad
1752 1671 1931 1748 Boni].

351 1761 467 1812 cap.
503 1749 580 1812 3).
628 1744 849 1814 Quarta,
880 1744 1022 1814 quod
1050 1745 1281 1814 denique
1325 1744 1615 1798 concilium
1667 1747 1936 1813 posterius

355 1816 655 1884 plenarinm
693 1820 854 1872 totius
881 1814 1100 1880 Africae,
1146 1816 1200 1869 in
1230 1828 1336 1885 quo
1367 1814 1602 1869 breviter
1626 1825 1814 1870 contra
1847 1833 1934 1872 er-

352 1889 900 2012 rgreittll’eltigianum
929 1885 1130 1956 aliquid
1147 1885 1500 1945 constitutum
1525 1893 1609 1940 est
1634 1885 1935 1957 (Epist.47.

352 1973 382 2009 a
499 1975 528 2010 a
553 1968 652 2012 ent.
695 2000 708 2012 .

352 1968 419 2010 αα
458 1968 652 2012 Valent.
671 1968 708 2013 i.

747 2029 1069 2099 quazstiones
1105 2029 1235 2084 facit
1267 2028 1616 2099 Augustinus,
1641 2029 1774 2084 alias
1800 2031 1940 2086 Pro-

357 2114 482 2172 sper
524 2100 662 2170 (Lib.
698 2098 834 2154 cont.
869 2101 1058 2154 Collat.
1093 2117 1208 2170 cap.
1247 2098 1364 2172 10).
1390 2098 1588 2172 Quinta
1614 2100 1793 2170 igitur,
1820 2119 1942 2172 qua:

353 2171 464 2244 sint
495 2174 581 2225 illa
614 2172 863 2242 Africana
891 2173 1247 2244 episcoporum
1295 2171 1534 2244 concilia,
1582 2187 1697 2241 qua:
1727 2171 1942 2229 decretis

353 2241 460 2294 suis
483 2241 876 2306 constituerunt,
909 2241 1177 2312 utrumque
1203 2241 1299 2296 Dei
1326 2243 1520 2296 donum
1548 2258 1677 2307 esse,
1719 2253 1768 2296 et
1809 2245 1942 2300 scire

353 2313 490 2385 quid
528 2315 697 2384 facere
754 2313 1047 2380 debeamus,
1105 2324 1152 2369 et
1206 2313 1442 2385 diligere,
1473 2323 1525 2385 ut
1557 2313 1808 2382 faciamus
1837 2331 1856 2370 :
1883 2326 1940 2370 ut

354 2383 642 2452 aediﬁcante
678 2386 927 2440 charitate
965 2387 1181 2439 scientia
1229 2383 1331 2439 non
1376 2384 1534 2454 possit
1584 2385 1788 2454 inﬂare,
1819 2389 1942 2454 quia

356 2454 487 2526 sicut
518 2457 582 2510 de
607 2456 716 2510 Deo
757 2458 1007 2526 scriptum
1027 2467 1101 2512 est
1127 2473 1144 2510 :
1171 2455 1195 2509 1
1205 2456 1272 2509 lle
1295 2465 1366 2510 est
1393 2457 1478 2524 qui
1506 2455 1652 2508 docet
1683 2457 1941 2512 hominem

354 2524 623 2581 scientiam
650 2527 823 2599 (Psal.
854 2524 1002 2599 scut,
1036 2526 1127 2599 10)
1151 2544 1167 2592 ;
1189 2529 1272 2599 ita
1319 2528 1567 2593 scriptum
1597 2535 1673 2581 est
1706 2544 1724 2581 :
1754 2527 1943 2583 Chari-

356 2603 434 2670 tas
462 2613 527 2670 ex
555 2597 668 2653 Deo
692 2609 762 2654 est
788 2599 831 2669 (ι
857 2597 1012 2654 Joan.
1048 2597 1121 2663 tv,
1150 2597 1229 2669 7).
1261 2599 1444 2670 Sexta,
1477 2612 1580 2667 qua
1629 2612 1697 2653 ex
1731 2600 1942 2670 synodo

356 2666 591 2735 Africani
641 2666 873 2743 episcopi
913 2670 981 2723 ad
1035 2666 1222 2743 papam
1249 2666 1537 2743 ΔΖοιιὶηιιιιιι
1563 2666 1938 2743 λνεδσνὶόεηιεε,

356 2753 569 2811 qumque
591 2743 644 2796 in
663 2739 921 2796 sententiae
942 2739 1424 2811 hnj'ns'salubritate
1444 2739 1740 2807 laudantes,
1765 2739 1942 2799 aiunt}

358 2806 504 2882 Illud
533 2829 671 2877 vero,
696 2815 834 2882 quod
861 2816 914 2866 in
940 2806 1121 2866 litteris
1149 2814 1273 2877 tuis,
1301 2828 1430 2882 quas
1474 2812 1542 2864 ad
1570 2806 1827 2867 universos
1852 2831 1944 2869 cu-

355 2881 480 2952 rasti
507 2899 615 2936 esse
640 2881 932 2948 mittendas,
963 2885 1178 2952 posuisti
1199 2884 1371 2936 dicens
1402 2898 1420 2935 :
1454 2900 1472 2933 t
1513 2882 1625 2935 Nos
1656 2892 1825 2937 tamen
1857 2887 1938 2940 in-

356 2949 548 3025 stinctu
574 2953 670 3006 Dei
699 2953 897 3023 (omnia
921 2949 1055 3006 enim
1074 2953 1206 3025 bona
1233 2953 1302 3025 ad
1331 2960 1593 3005 auctorem
1634 2970 1787 3007 suum
1808 2960 1944 3025 refe-

357 3021 518 3073 renda
544 3032 682 3086 sunt,
710 3021 848 3078 unde
883 3022 1186 3094 nascuntur)
1215 3024 1282 3075 ad
1329 3027 1549 3092 fratrum
1591 3031 1637 3074 et
1682 3021 1942 3093 coepisco-

361 3106 542 3159 porum
571 3104 864 3149 nostrorum
910 3096 1277 3149 conscientiam
1304 3095 1538 3146 universa
1583 3095 1886 3159 retulimus;
1915 3115 1935 3149 ι

2034 468 2144 516 tota
2171 462 2430 517 Ecclesia:
2458 461 2592 517 fides
2613 461 2872 517 adversus
2903 460 3246 531 Pelagianum
3272 475 3545 529 errorem,
3573 472 3629 522 et

2035 541 2381 604 emergentes
2411 535 2467 588 in
2489 533 2844 589 Adrumetino
2863 533 3194 589 monasterio
3221 534 3625 592 contentiones.

2035 604 2308 676 Quorsum
2337 620 2488 672 vero,
2523 605 2759 676 inquies,
2790 615 2866 676 et,
2891 605 3048 676 cujus
3095 616 3347 676 respectu
3373 605 3632 676 Augusti-

2035 691 2138 747 nus
2181 675 2288 732 hoc
2330 674 2621 732 concilium
2669 675 2940 746 posterius
2978 674 3110 747 dicit
3159 674 3347 747 (Lib.t
3387 677 3450 732 de
3475 674 3626 735 Har.

2037 745 2224 820 Pelag:
2258 764 2374 818 cap.
2401 747 2532 818 44)?
2555 748 2634 802 En
2659 745 2937 818 Scopulus,
2967 745 3240 820 adrquem,
3263 748 3481 820 opinor,
3504 763 3633 806 eru-

2035 817 2186 891 ditos
2208 817 2432 891 haerere
2449 817 2671 875 necesse
2695 817 2781 891 est
2810 817 3162 891 :Anecaliter
3205 817 3440 877 evadere
3469 835 3633 891 quam

2036 889 2286 962 admissis
2309 889 2521 947 duobus
2549 906 2670 946 cum
2697 889 3192 962 VossioiAfricanis
3223 889 3504 958 conciliis,
3529 907 3629 962 po-

2037 960 2266 1016 steriore
2294 977 2421 1028 uno,
2446 962 2498 1017 in
2528 977 2634 1032 quo
2656 961 2846 1032 sanciti
2875 961 2986 1016 sint
3005 971 3129 1017 octo
3150 977 3420 1029 canones;
3453 960 3629 1018 altero

2038 1033 2240 1104 priore,
2265 1032 2408 1104 tinde
2434 1031 2632 1104 scripta
2654 1048 2774 1103 qua:
2799 1031 2984 1100 habet,
3012 1041 3123 1088 tum
3159 1033 3395 1104 Prosper
3423 1033 3476 1088 in
3510 1033 3631 1094 hac

2038 1102 2233 1177 verba:
2258 1102 2573 1158 Erraverunt
2594 1102 2803 1158 ducenti
2813 1104 3204 1177 qugtuordecim
3221 1102 3470 1177 episcopi,
3491 1117 3628 1172 etc.,

2040 1180 2151 1260 tum
2180 1175 2540 1260 Augustinus,
2568 1191 2704 1260 cum_
2722 1174 2988 1260 ait.:_Hac
3011 1183 3084 1260 ut‘
3098 1175 3298 1260 plenius
3329 1174 3630 1260 armasti]?-

2037 1245 2168 1318 stius
2207 1245 2285 1318 in,
2314 1247 2406 1300 illo
2436 1247 2605 1317 ﬁeret,
2658 1253 2760 1318 etc.
2797 1248 2866 1300 At
2906 1245 3444 1318 quandoginstabis,
3479 1245 3634 1318 prius
3668 1265 3693 1309 3i

2039 1314 2391 1389 iliud_haberi
2424 1314 2666 1389 contigit,
2715 1317 2760 1371 si
2782 1314 3060 1389 posterius
3095 1316 3206 1372 kal.
3237 1318 3392 1374 Maiis
3431 1314 3637 1377 cpnve‘

2039 1386 2363 1460 nitliNovus
2389 1386 2891 1460 iterum'scopulus,
2933 1388 3001 1443 ad
3029 1403 3189 1460 quem
3233 1389 3499 1460 tantisper
3521 1389 3636 1447 ha:-

2040 1457 2268 1583 i-endum
2323 1460 2499 1516 donec
2545 1457 2800 1530 aﬂ‘ulgeat
2849 1475 2914 1516 ex
2963 1457 3420 1529 consequentibus
3491 1475 3639 1518 nova

2063 1544 2159 1583 ιιι.

2063 1544 2159 1584 ιιι.

2110 1600 2337 1656 Constat
2370 1611 2591 1672 quarto,
2628 1602 2745 1658 haec
2779 1601 2942 1657 verba
2961 1601 3266 1673 AProspet-i:
3312 1601 3640 1659 Erraverunt

2041 1671 2275 1741 Africani
2315 1675 2540 1744 episcOpi
2581 1671 2658 1728 ad
2713 1689 2901 1742 papam
2949 1671 3216 1728 Zosinium
3259 1674 3640 1744 rescribentes,

2043 1759 2254 1816 eumque
2273 1745 2329 1799 in
2356 1747 2623 1800 sententia:
2647 1744 2805 1816 hujus
2834 1744 3130 1799 salubritate
3167 1745 3463 1812 laudantes,
3497 1755 3640 1814 etc.,

2044 1815 2316 1884 pertinere
2369 1816 2436 1870 ad
2489 1816 2633 1871 aliud
2666 1815 2876 1884 tempus
2903 1829 3064 1886 quam
3113 1830 3221 1885 quo
3262 1816 3508 1872 habitum
3550 1825 3647 1874 est

2046 1887 2350 1959 universale
2379 1887 2691 1959 concilium,
2723 1902 2832 1956 quo
2859 1886 2928 1959 de
2955 1903 3096 1942 nunc
3127 1887 3331 1959 agitur:
3364 1903 3486 1944 nam
3509 1904 3647 1958 pro-

2043 1957 2128 2030 cui
2159 1958 2324 2012 dubio
2350 1958 2411 2030 id,
2434 1961 2765 2028 rescripsere
2801 1958 3043 2030 Africani
3073 1957 3197 2026 post
3223 1957 3648 2030 acceptam’Zo-

2042 2027 2166 2082 simi
2198 2029 2508 2100 tractoriam
2550 2027 2623 2083 ad
2644 2030 2926 2100 universos
2971 2029 3117 2084 orbis
3157 2027 3464 2100 episcopos.
3498 2030 3646 2088 Cum

2043 2111 2173 2170 ergo
2219 2099 2471 2155 tractoria
2503 2100 2594 2155 illa
2626 2101 2676 2154 in
2711 2099 2950 2154 Africam
2989 2115 3095 2154 non
3142 2099 3488 2170 pervenerit,
3532 2101 3652 2158 nisi

2045 2169 2202 2243 longe
2234 2181 2352 2243 post
2381 2170 2643 2227 kalendas
2672 2170 2870 2236 Maias,
2903 2169 3217 2243 quarum)"
3248 2181 3484 2243 acceptae
3510 2182 3652 2229 sunt

2045 2242 2216 2312 tertiae
2254 2242 2447 2296 litterae
2487 2244 2858 2307 continentes,
2903 2241 3037 2296 nihil
3080 2241 3252 2296 adhuc
3280 2241 3644 2312 immutatum,

2041 2311 2129 2386 sed
2161 2313 2333 2386 omnia
2351 2315 2425 2386 _in
2454 2330 2518 2386 eo
2563 2322 2704 2386 statu
2745 2312 2927 2386 relicta
2965 2313 3020 2366 in
3055 2329 3155 2384 quo
3191 2313 3390 2368 dudum
3425 2311 3650 2386 fuerant

2046 2382 2242 2456 (Epist.
2273 2384 2306 2438 5
2340 2383 2532 2440 Zosimi
2556 2385 2624 2438 ad
2655 2380 2880 2456 Africa);
2923 2380 3148 2440 necesse
3186 2395 3270 2439 est
3310 2380 3648 2456 rescriptum

2045 2453 2194 2526 illud,
2228 2456 2382 2525 cujus
2414 2456 2658 2511 meminit
2702 2453 2956 2525 Prosper,
2992 2456 3266 2526 pertinere
3295 2457 3358 2511 ad
3393 2453 3651 2514 mensem

2043 2524 2258 2598 circiter
2299 2524 2636 2598 Augustum;
2669 2524 2851 2595 atque
2886 2524 3006 2598 ita,’
3033 2527 3118 2582 vel
3145 2535 3408 2598 coactum
3438 2543 3655 2584 novum

2043 2597 2332 2668 concilium
2365 2596 2490 2653 tunc
2535 2599 2823 2668 temporis;
2855 2596 2970 2661 vel,
3004 2596 3160 2668 Aquod
3191 2599 3518 2666 opinabilius
3557 2601 3648 2656 vi-

2044 2667 2224 2740 detur,
2281 2668 2426 2725 idem
2455 2666 2695 2740 eousque
2748 2666 3132 2737 permansisse,
3162 2668 3401 2739 delapsis
3450 2679 3646 2728 tamen

2046 2738 2316 2811 interdum
2351 2738 2698 2797 Patribus'ad
2723 2755 2870 2810 suas,
2897 2751 2956 2795 ut
2978 2738 3654 2811 necessitas’postulahat,

2047 2810 2359 2866 invisendas
2391 2813 2683 2868 Ecclesias.

2113 2879 2336 2937 Constat
2367 2884 2576 2951 quinto,
2610 2892 2721 2938 tres
2760 2883 2967 2952 priores
3002 2893 3335 2952 quaestiones
3363 2897 3428 2938 ex
3456 2884 3658 2940 verbis
3746 2880 3750 2884 κ

2044 2953 2328 3023 Augustini
2365 2962 2532 3020 ortas,
2563 2969 2669 3008 non
2699 2953 2903 3008 difficili
2936 2955 3154 3023 negotio
3197 2969 3357 3022 posse
3388 2954 3657 3022 dissolvi,

2043 3022 2088 3074 si
2119 3021 2277 3093 modo
2298 3038 2359 3077 ea
2383 3040 2500 3093 quac
2523 3026 2575 3078 in
2605 3025 2736 3090 ipsis
2765 3021 3117 3078 continentur
3147 3021 3423 3092 pertinere
3451 3021 3664 3080 dican-

2046 3099 2134 3146 tur
2162 3091 2230 3146 ad
2282 3091 2428 3160 prius
2473 3094 2760 3148 concilium
2816 3091 3163 3156 Africanum;
3206 3109 3303 3150 seu
3353 3095 3537 3162 potius
3584 3096 3662 3153 ad

357 3161 432 3236 s_i_c
471 3165 755 3236 accepimus
797 3167 1006 3231 dictum,
1055 3164 1278 3235 etc.(ln
1319 3162 1512 3218 Chron.
1568 3165 1637 3217 ad
1686 3168 1940 3236 consulat.
1971 3164 2017 3227 C
2051 3161 2563 3236 prioremiconcilii
2620 3163 2862 3236 Africani
2911 3166 3232 3220 universalis
3284 3161 3662 3236 consessum.

363 3231 505 3309 gon.
540 3231 609 3290 xu
636 3247 681 3290 et
711 3236 909 3292 Theod.
949 3237 1081 3309 vin).
1117 3231 1356 3306 Septima
1403 3249 1511 3304 quo
1555 3235 1774 3290 concilio
1805 3239 1945 3309 apud

359 3302 719 3378 Carthaginem
768 3302 1074 3363 ltabi10207
1125 3302 1484 3376 episcOporttm
1536 3309 1604 3360 ad
1653 3302 1948 3378 pontiﬁcem

359 3370 620 3450 Zosimtim
655 3380 925 3450 synodalia
969 3370 1172 3434 decreta
1219 3370 1419 3450 perlata
1445 3387 1585 3441 sunt,
1618 3370 1945 3448 quibus'pro-

360 3444 509 3519 batis,
532 3464 621 3516 per
650 3444 808 3503 tdtum
838 3453 1008 3505 orbem
1030 3444 1239 3505 hteresis
1261 3448 1551 3519 Pelagiana
1573 3444 1944 3508 damnata-est.

438 3517 498 3572 Ut
533 3521 870 3588 explicentur
899 3530 978 3576 tot
1021 3521 1370 3589 quaestiones,
1398 3517 1694 3590 pateatque
1725 3525 1945 3590 veritas,

360 3602 464 3656 qua
496 3590 577 3643 via
611 3601 808 3664 potest,
840 3607 906 3646 ex
952 3593 1113 3647 tantis
1156 3601 1371 3661 tamque
1413 3593 1944 3664 antiquistencbris,

363 3667 512 3733 certa
541 3662 786 3728 (praedam
820 3664 1100 3719 statuenda
1131 3670 1256 3718 sunt
1287 3673 1556 3731 tamquam
1587 3663 1876 3733 principia.

431 3729 650 3785 Constat
683 3733 843 3800 igitur
871 3737 1064 3803 primo.
1097 3735 1296 3802 sazpins
1317 3735 1385 3787 ab
1408 3729 1674 3789 Africanis
1703 3729 1779 3788 ad
1799 3736 1953 3792 Zosi-

360 3813 530 3864 mum,
560 3810 615 3856 et
651 3818 679 3856 a
722 3803 937 3861 Zosimo
976 3806 1042 3860 ad
1086 3808 1365 3861 Africanos
1395 3804 1716 3870 rescriptum
1749 3821 1872 3863 esse
1896 3809 1948 3863 in

360 3884 520 3948 causa
552 3873 802 3948 leestii
828 3886 881 3930 ct
921 3877 1144 3948 Pelagii.
1174 3876 1228 3930 Id
1260 3876 1403 3930 enim
1438 3875 1740 3948 significant
1771 3880 1950 3948 Augu-

361 3941 488 4017 stini
536 3946 700 3998 verba
751 3946 888 4017 (Lib.
930 3963 967 4003 ιι
1011 3941 1078 4001 ad
1109 3947 1285 4016 Bonif.
1324 3961 1439 4017 cap.
1473 3948 1566 4017 5):
1607 3945 1703 4000 Tot
1723 3958 1768 4002 et
1798 3941 1952 4003 tantis

363 4011 494 4066 inter
518 4011 858 4089 apostolicam
887 4020 1058 4072 sedem
1079 4028 1128 4071 et
1157 4011 1314 4089 Afros
1339 4011 1604 4089 episcopos
1628 4020 1952 4076 currentibus

361 4091 410 4162 et
441 4088 820 4162 recurrentibus
849 4091 1054 4162 scriptis
1090 4088 1477 4162 ecclesiasticis,
1517 4090 1675 4143 etiam
1705 4092 1860 4160 gestis
1889 4095 1954 4147 de

364 4154 458 4207 hac
491 4172 646 4230 causa
675 4160 818 4227 apud
854 4154 1000 4215 illam
1036 4161 1226 4227 sedem,
1259 4159 1493 4214 Caelestio
1524 4154 1771 4230 prtescrite
1797 4172 1843 4218 et
1873 4179 1954 4219 re-

365 4229 664 4301 spoAndente',
693 4235 959 4301 confectis.
986 4240 1091 4288 etc.

435 4295 661 4373 Constat
704 4295 900 4356 deinde
931 4318 994 4357 ea
1031 4317 1155 4373 qum
1194 4301 1380 4356 tribuit
1415 4303 1645 4372 Prosper
1685 4304 1955 4361 Africanis

365 4369 740 4435 episcoporum
785 4369 1063 4439 conciliis,
1097 4375 1201 4439 legi
1258 4373 1480 4428 totidem
1534 4369 1712 4430 verbis
1759 4391 1878 4431 can.
1919 4379 1954 4432 4

365 4439 849 4518 cyzicilii__Africani
901 4444 1222 4518 univgrsalis
1264 4443 1431 4518 habili
1471 4445 1797 4518 Carthagine
1839 4446 1950 4502 kal.

368 4507 538 4572 Maiis,
575 4511 810 4566 Honorio
851 4531 923 4568 χιι
957 4515 1338 4570 ct'l‘heodosio
1368 4530 1459 4569 vut
1492 4530 1633 4569 coss.
1673 4507 1824 4571 Unde
1853 4518 1952 4572 du-

369 4577 517 4656 bium
546 4595 668 4637 esse
689 4599 796 4656 non
824 4595 1004 4656 potest
1028 4587 1156 4656 quin
1181 4585 1398 4656 nomine
1430 4585 1800 4640 Africanorum
1823 4602 1955 4643 con-

366 4651 614 4727 ciliorum
643 4651 949 4711 universale
993 4651 1136 4727 quod
1166 4655 1401 4727 diximus
1433 4656 1732 4727 intelligere
1760 4659 1952 4714 volue-

368 4723 456 4775 rit.
481 4724 619 4796 iCur
673 4740 801 4796 ergo
849 4742 977 4782 usus
1003 4723 1087 4783 est
1114 4726 1307 4796 plurali
1351 4723 1627 4782 numero?
1651 4728 1734 4783 An
1763 4729 1951 4785 vitiosa

369 4805 449 4870 est
479 4794 667 4860 lectio,
703 4794 1326 4870 legendumque—potius,
1354 4799 1482 4870 vel_:
1522 4796 1730 4853 Erravit
1762 4801 1954 4866 Arriae

368 4865 722 4943 episcoyioruln
743 4865 1048 4943 Δ(Ξοηείιῇιριιὶ,
1080 4865 1212 4934 etc.,
1245 4870 1330 4923 vel
1366 4888 1379 4923 :
1415 4867 1731 4943 Erraverunt
1760 4865 1956 4943 Africa:

367 4936 634 5020 episcopi?
660 4939 794 5020 Tale
842 4941 1093 5020 quiddam
1138 4942 1368 4996 suadere
1406 4941 1658 5020 videntur
1687 4936 1954 5020 variantes

369 5006 656 5082 editiones.
708 5010 791 5064 An
823 5006 992 5067 satius
1029 5021 1134 5077 est,
1175 5020 1383 5068 retenta
1435 5013 1647 5081 antiqua
1699 5013 1954 5082 lectione,

371 5075 552 5134 dicere
575 5080 923 5150 Prospernm,
947 5099 1068 5138 cum
1094 5075 1209 5137 lucc
1230 5084 1494 5138 scriberet
1516 5075 1654 5152 post.
1676 5099 1802 5140 ann.
1829 5075 1956 5153 452,

373 5153 675 5224 rcSpesisse
703 5153 769 5207 ad
800 5153 908 5208 duo
937 5155 1166 5210 concilia
1200 5153 1477 5220 Africana,
1511 5171 1738 5224 quorum
1770 5158 1821 5211 in
1852 5171 1960 5212 uno

371 5223 646 5298 constituti
680 5235 806 5298 sunt
833 5240 1071 5298 canones
1099 5241 1228 5281 ann.
1262 5225 1390 5291 418,
1423 5228 1473 5280 in
1503 5226 1677 5282 altero
1698 5229 1959 5298 recogniti

370 5297 423 5342 ct
449 5293 732 5364 approbati
755 5311 883 5352 ann.
915 5297 1044 5353 419.

458 5361 682 5441 Constat
729 5367 890 5441 etiam
946 5369 1246 5438 plenarium
1293 5367 1422 5422 illud
1471 5369 1738 5436 posterius
1794 5370 1960 5441 totius

370 5430 568 5509 africa:
597 5436 909 5504 concilium,
939 5430 992 5494 in
1020 5457 1118 5509 quo
1148 5441 1360 5494 breviter
1396 5430 1576 5493 contra
1612 5456 1837 5495 errorem
1862 5439 1962 5496 Pe-

371 5502 640 5582 lagianam
680 5502 1010 5582 constitutum
1032 5502 1109 5567 est
1141 5513 1192 5566 id
1221 5511 1365 5582 quod
1407 5511 1734 5582 Augustinus
1765 5511 1960 5568 Valen-

373 5578 484 5631 tino
516 5576 654 5654 inter
678 5579 781 5634 alia
813 5580 1093 5652 legendum
1121 5576 1275 5654 jubet
1298 5576 1962 5654 (Epist.'215),ad7cogno-

371 5649 615 5703 scendum
640 5649 1070 5720 quemadmodum
1107 5649 1632 5709 catltolica'Ecclesia
1650 5649 1711 5708 in
1738 5649 1962 5709 Dei'mi-

370 5720 648 5797 sericordia
672 5721 971 5797 Pelagiana:
993 5727 1197 5781 lneresis
1223 5741 1417 5779 venena
1441 5727 1688 5797 repulerit
1711 5741 1818 5781 non
1840 5741 1962 5784 esse

372 5791 647 5853 diversum
672 5795 741 5853 ab
769 5791 1058 5855 universali
1087 5797 1416 5868 Carthagine
1445 5791 1629 5857 habito
1649 5797 1758 5856 kal.
1783 5799 1959 5868 Maiis;

1983 4548 2031 4606 D

2052 3233 2198 3288 Duos
2239 3235 2382 3289 enim
2418 3243 2509 3290 aut
2544 3243 2655 3290 tres
2697 3235 2870 3303 potius
2911 3237 3073 3290 unius
3100 3235 3316 3292 concilii
3349 3251 3662 3294 consessus

2051 3305 2133 3377 vel
2157 3316 2456 3362 conventus
2477 3306 2643 3361 fuisse
2675 3317 2837 3375 puto,
2871 3321 3005 3377 quos
3050 3316 3228 3361 tamen
3257 3307 3500 3375 singulos
3546 3322 3662 3364 no-

2052 3375 2200 3431 mine
2244 3377 2460 3434 concilii
2511 3377 2846 3447 Augustinus
2890 3375 3289 3446 appellaverit,
3354 3385 3662 3447 prepterea

2051 3448 2192 3516 quod
2223 3448 2450 3506 diversis
2474 3444 2751 3504 mensibus
2783 3444 3040 3503 celebrati
3066 3447 3288 3512 fuerint,
3331 3444 3432 3504 nec
3458 3444 3656 3504 modi-

2051 3531 2174 3573 cum
2204 3518 2345 3575 inter
2372 3521 2517 3589 ipsos
2545 3520 2804 3590 temporis
2825 3519 3056 3589 spatium
3089 3520 3482 3584 intercesserit,
3513 3519 3664 3575 red-

2052 3590 2304 3645 euntibus
2326 3591 2391 3646 ad
2413 3591 2555 3646 diem
2578 3589 2932 3646 constitutum
2956 3605 3020 3645 ex
3043 3605 3137 3645 sua
3161 3589 3388 3661 singulis
3402 3590 3660 3646 Ecclesia

2053 3662 2344 3732 episcopis,
2376 3663 2570 3717 saltem
2602 3661 2890 3732 delegatis.

2127 3731 2367 3788 Priorem
2399 3734 2560 3802 igitur
2586 3731 2934 3797 conventum,
2975 3733 3089 3788 sive
3116 3732 3292 3802 potius
3320 3732 3470 3802 prius
3508 3747 3660 3788 con-

2054 3800 2238 3857 cilium
2265 3800 2504 3859 habitum
2530 3819 2670 3874 pono
2694 3803 2915 3859 kalend.
2939 3800 3333 3873 Maiis,‘quibus'
3354 3803 3658 3874 consigna-

2057 3879 2144 3926 tur
2186 3874 2474 3929 concilium
2519 3873 2625 3930 214
2653 3876 3070 3945 episcOporum;
3121 3874 3472 3944 posteriorem
3502 3873 3655 3930 con-

2055 3955 2297 4016 ventum,
2329 3959 2426 4001 seu
2459 3947 2732 4016 posterius
2760 3947 3073 4011 concilium,
3103 3946 3341 3999 habitum
3373 3946 3658 4016 putoicir.

2056 4014 2191 4086 citer
2217 4014 2734 4081 medium’Junium;
2767 4027 3133 4086 postremum,
3160 4014 3388 4071 circiter
3409 4015 3661 4072 medium

2056 4085 2379 4156 Augustum.
2420 4089 2479 4143 In
2521 4090 2702 4158 priore
2727 4085 2990 4158 rescripta
3016 4097 3142 4141 sunt
3171 4088 3237 4141 ad
3271 4086 3552 4158 Zosimum
3593 4103 3662 4143 ea

2057 4171 2176 4230 qum
2207 4157 2551 4215 continentur
2602 4159 2797 4230 partim
2849 4159 3120 4230 prioribus
3169 4159 3342 4230 tribus
3372 4174 3436 4213 ex
3467 4157 3664 4230 Augu-

2058 4229 2202 4284 stino
2231 4228 2650 4298 quarstionibus,
2686 4230 2881 4298 partim
2912 4228 3139 4300 septima
3167 4245 3230 4284 ex
3265 4228 3660 4298 ProsperoCln

2060 4303 2359 4369 posteriore
2385 4301 2581 4357 sanciti
2607 4315 2868 4366 canones,
2899 4301 2968 4356 de
3003 4302 3198 4370 quibus
3241 4311 3324 4356 est
3349 4308 3555 4370 quarta
3588 4315 3660 4356 ex

2058 4371 2378 4444 Augustino,
2407 4383 2461 4428 et
2489 4373 2674 4444 quinta
2695 4387 2763 4428 ex
2791 4371 3319 4444 Proisperorqtncstio.
3354 4371 3412 4425 In
3441 4380 3664 4444 postre-

2059 4441 2400 4513 mo’dcnique
2431 4441 2550 4514 post
2579 4453 2852 4514 acceptam
2875 4442 3078 4514 zosimi
3101 4443 3404 4514 tractoriam
3438 4441 3666 4498 univer-

2059 4515 2226 4570 salem
2251 4525 2304 4570 et
2336 4513 2711 4584 particularem
2748 4514 2815 4568 ad
2861 4513 3138 4568 Africanos
3179 4513 3484 4581 epismlam,
3517 4522 3663 4569 actte

2058 4587 2246 4656 gratia:
2299 4583 2512 4641 summo
2553 4583 2809 4655 pontifici,
2840 4593 2894 4640 et
2921 4584 3049 4640 illud
3083 4585 3352 4656 laudatum
3384 4587 3664 4640 tractoria

2059 4655 2200 4727 quod
2233 4672 2301 4712 ex
2329 4657 2596 4728 PrOSpero
2627 4657 2924 4728 quaestione
2951 4668 3103 4728 sexta
3131 4655 3358 4710 relatum
3385 4664 3491 4710 est.

2132 4728 2288 4783 Ratio
2334 4726 2591 4797 temporis
2622 4726 2692 4782 ita
2723 4726 3091 4782 constituendi
3130 4737 3316 4797 aperta
3373 4729 3487 4780 haec
3533 4733 3660 4784 est:

2063 4808 2229 4870 totum
2263 4799 2536 4870 negotium
2565 4797 2635 4855 de
2671 4813 2776 4870 quo
2806 4797 2981 4868 agitur
3025 4797 3079 4852 in
3124 4797 3513 4870 quaastionibus
3565 4798 3664 4854 ab-

2061 4868 2200 4928 solvi
2229 4867 2469 4940 opoi-tuit
2501 4867 2789 4924 intervallo
2816 4867 3075 4940 temporis
3121 4867 3267 4939 quod
3307 4883 3335 4921 a
3367 4867 3522 4924 festis
3564 4883 3665 4940 pas

2062 4938 2335 4999 schalibus
2361 4941 2622 4996 absolutis
2649 4941 2716 4995 ad
2747 4956 2820 4994 χιι
2847 4939 2958 4995 kal.
2981 4938 3175 4995 Octob.
3196 4941 3441 5009 elapsum
3469 4938 3583 5006 est,
3610 4939 3663 4995 id

2063 5024 2168 5081 est,
2196 5030 2223 5066 a
2252 5012 2340 5068 die
2370 5011 2436 5067 15
2463 5012 2634 5082 April.
2663 5011 2730 5082 ad
2773 5011 2838 5082 21
2891 5009 3224 5082 Septembris
3249 5028 3264 5078 ;
3299 5020 3511 5082 namct
3536 5027 3665 5066 san-

2063 5083 2288 5140 ctissimi
2332 5080 2570 5152 episcopi
2608 5080 2716 5136 214
2767 5081 2900 5137 festa
2952 5080 3222 5152 paschalia
3261 5081 3450 5151 procul
3494 5082 3663 5139 dubio

2064 5157 2176 5212 suis
2198 5154 2251 5209 in
2283 5154 2539 5210 Ecclesiis
2560 5161 2900 5223 peregerunt,
2917 5162 2972 5209 et
3001 5155 3349 5223 Augustinus,
3375 5155 3463 5223 qui
3481 5155 3662 5210 omni-

2066 5228 2166 5283 bus
2195 5227 2548 5281 conventibus
2577 5223 2834 5290 interfuit,
2860 5240 2935 5279 xu
2960 5223 3071 5279 kal.
3095 5225 3288 5280 Octob.
3317 5227 3368 5278 in
3397 5224 3661 5281 Maurita-

2065 5297 2151 5352 nia
2184 5298 2506 5367 fungebatur
2536 5296 2805 5367 legatione
2826 5296 2971 5352 sedis
3000 5296 3335 5367 apostolicae,
3367 5304 3425 5350 ut
3445 5304 3665 5352 constat

2063 5383 2127 5424 ex
2182 5365 2408 5438 epistola
2468 5368 2592 5433 190,
2652 5366 2717 5420 ad
2764 5365 3047 5438 Optatum,
3092 5377 3146 5421 et
3202 5382 3270 5422 ex
3322 5367 3489 5437 gestis
3536 5382 3660 5424 cum

2068 5440 2324 5495 Emerito.

2136 5498 2270 5566 'l‘res
2298 5511 2459 5582 igitur
2483 5518 2783 5566 conventus
2812 5511 3070 5580 ponendi,
3110 5510 3158 5565 si
3207 5508 3566 5581 Augustinum
3606 5517 3663 5566 et

2065 5582 2391 5651 Prosperum
2417 5582 2603 5637 audire
2631 5583 2982 5638 voluerimus.
3014 5583 3249 5646 Primus,
3282 5597 3348 5638 ex
3381 5596 3511 5650 quo,
3543 5590 3666 5651 post

2068 5655 2255 5709 tertias
2308 5654 2516 5709 litteras
2567 5653 2768 5709 Zosimi
2821 5662 3072 5726 acceptas
3124 5668 3184 5707 ιιι
3214 5652 3324 5726 kal.
3357 5654 3546 5726 Maias,
3578 5667 3666 5709 re-

2066 5726 2326 5794 scriptum
2357 5738 2441 5782 eSt
2463 5742 2675 5781 summo
2708 5725 2975 5794 pontifici,
3004 5727 3070 5780 de
3101 5727 3265 5796 modo
3304 5725 3492 5796 iudicii
3538 5739 3664 5796 cum

2067 5797 2324 5855 Coelestio
2353 5797 2662 5856 exercendi.
2695 5797 2880 5871 Neque
2908 5813 3038 5854 vero
3069 5795 3216 5869 prius
3250 5795 3434 5854 haberi
3465 5795 3657 5868 potuit,

3685 5491 3694 5523 ι
