3900 6268
535 225 641 283 567

975 224 1068 278 AD
1104 223 1389 281 PARTEM
1426 224 1694 281 PRIMAM
1730 223 2014 283 OPERL‘M
2054 228 2125 284 Μ.
2169 225 2609 283 MERCA'I'OBIS
2648 225 2988 281 APPENDIX
3024 226 3357 284 SECUNDA.

3669 230 3754 295 ﬁlii

531 342 826 413 pertinere.
862 339 1088 396 Basilius
1128 340 1396 413 siquidem
1438 339 1494 393 in
1524 339 1918 413 supplicatione
1938 354 2105 413 quam
2134 342 2186 401 Α
2213 340 2623 413 [estedreferhnet
2647 338 2909 413 Sigeberto
2931 340 3162 413 videntur
3187 341 3627 413 favneﬁqutclteda
3654 365 3752 402 nar.

530 410 727 469 obtulit
749 413 1063 482 imperatori
1092 413 1192 465 sub
1220 411 1382 465 ﬁnem
1413 410 1696 482 anni429._
1718 410 1798 482 vel
1834 411 1987 465 initio
2015 426 2107 466 se-

528 484 768 555 quentis,
783 478 1109 555 mentionem
1127 482 1344 555 Leporii
1360 478 1658 551 synodique
1670 478 1818 549 fecit,
1836 489 2109 552 tamquam

526 552 805 609 memoria:
833 569 943 607 non
974 554 1043 608 ita
1076 552 1329 607 recentis.

598 624 736 690 Quid
766 625 907 690 quod
947 622 1136 679 eodem
1170 635 1325 692 anno
1349 620 1558 692 Atticus
1594 629 1649 692 et
1688 621 1960 686 Aurelius,
2010 638 2109 692 par

525 695 710 749 nobile
736 694 1081 749 defensorum
1113 691 1258 759 fidei,
1292 690 1542 745 videnlur
1579 691 1645 744 ad
1672 706 1899 760 superos
1927 690 2108 748 trans-

523 765 725 830 tvisse;
748 763 893 819 illius
914 764 1054 818 enim
1070 762 1245 817 obitus
1265 763 1610 831 consignatur
1630 776 1659 815 a
1680 762 1902 817 Socrate
1926 763 2013 818 die
2038 765 2106 820 10

524 834 796 899 Octobris,
829 834 1133 889 Theodosio
1161 835 1401 902 Augusto
1423 846 1481 886 ιι
1510 840 1564 887 et
1591 832 1964 887 Valentiniano
1988 834 2106 889 Cte-

522 914 644 959 sare
665 920 831 969 coss.;
866 903 1020 958 istius
1043 911 1164 972 post
1201 902 1317 956 haec
1350 910 1593 971 tempora
1624 902 1768 955 nulla
1790 912 1873 958 est
1899 919 2106 961 memo-

519 974 624 1041 ria,
659 974 836 1029 futura
864 971 1069 1042 utique,
1101 972 1146 1027 si
1178 982 1284 1025 tam
1325 974 1552 1026 eximius
1584 971 1841 1026 Ecclesiae
1863 974 2103 1029 antistes

521 1045 931 1110 supervixisset.
964 1041 1121 1112 Cum,
1169 1057 1297 1112 ergo
1348 1045 1399 1096 in
1448 1042 1835 1112 supplicatione
1877 1044 2101 1112 praefata

520 1109 683 1170 Attici
716 1129 817 1168 una
868 1124 923 1168 et
953 1109 1145 1182 synodi
1184 1109 1268 1166 cui
1308 1109 1565 1166 Aurelius
1604 1111 1848 1167 interfuit
1880 1109 2100 1168 'mentio

522 1184 782 1240 habeatur
803 1226 818 1248 ,
851 1181 1112 1239 credibile
1134 1192 1212 1237 est
1239 1182 1501 1252 synodum
1529 1181 1597 1252 de
1622 1197 1725 1251 qua
1751 1198 1893 1238 nunc
1918 1199 2100 1241 sermo

518 1263 603 1308 est
631 1254 794 1309 Attici
827 1254 1155 1321 temporibus
1174 1251 1498 1307 celebratam
1536 1251 1720 1306 fuisse.

590 1324 733 1379 Nova
763 1334 959 1394 posset
994 1324 1081 1378 hic
1108 1322 1264 1377 nobis
1289 1324 1425 1394 oriri
1462 1336 1639 1394 pugna
1665 1337 1786 1394 cum
1814 1321 2096 1392 Cappello,

515 1404 688 1449 totum
719 1391 859 1449 istud
889 1392 1199 1448 Africanum
1237 1392 1523 1446 concilium
1544 1391 1826 1460 rejicieute
1855 1391 1976 1448 cum
2008 1394 2097 1448 lit-

515 1466 648 1519 teris
693 1480 758 1518 ex
804 1480 870 1519 eo
905 1464 971 1519 ad
1000 1463 1348 1519 Caelestinum
1381 1462 1519 1517 datis
1541 1503 1556 1527 ,
1587 1463 1752 1515 veluti
1781 1464 2097 1519 commenti-

513 1534 646 1606 tinm
672 1535 925 1606 quiddam
949 1534 1014 1587 ad
1037 1532 1432 1606 inimicis‘scdis
1444 1532 1755 1606 apostolica:
1780 1533 2090 1590 confictum.

512 1604 621 1661 Sed
654 1602 1202 1675 praeterquamhquod
1250 1602 1471 1675 difficile
1514 1603 1724 1675 creditu
1764 1611 1850 1657 est
1878 1612 2091 1675 tantum

512 1672 882 1732 commentum
897 1672 1136 1730 eruditos
1151 1688 1361 1737 omnes,
1382 1673 1544 1729 etiam
1577 1672 1848 1741 antiquos,
1873 1674 1925 1727 in
1953 1676 2092 1730 hunc

512 1757 684 1815 usque
708 1747 849 1802 diem
879 1744 1097 1799 latuisse
1127 1744 1387 1813 longioris
1412 1754 1497 1815 est
1518 1745 1713 1812 negotii
1744 1744 2014 1811 inquisitio
2037 1748 2088 1800 in

510 1814 653 1871 hanc
683 1832 819 1881 rem,
846 1830 1027 1882 quam,
1078 1822 1137 1883 ut
1179 1814 1464 1883 aliquando
1494 1815 1796 1883 suscepturi
1823 1829 2009 1870 sumus
2034 1817 2087 1870 in

508 1884 733 1952 historia
780 1886 1037 1942 Ecclesia:
1070 1882 1358 1951 Africanae,
1390 1886 1461 1939 ita
1489 1899 1633 1939 nunc
1658 1882 1987 1952 omittimus,
2019 1902 2088 1943 ne

510 1950 902 2012 dissertationis
930 1953 1147 2010 modum
1171 1950 1520 2010 excedamus.

578 2025 686 2083 Sed
704 2028 812 2097 jam
840 2041 936 2096 pro
956 2026 1089 2097 actis
1117 2026 1328 2080 concilii
1353 2025 1753 2097 pertinentibus
1768 2025 1841 2097 ad
1872 2040 2086 2082 causam

507 2094 872 2168 Pelagianam,
894 2095 1069 2168 cujus
1095 2110 1238 2168 nunc
1282 2094 1594 2168 satagimus,
1622 2095 1972 2168 _exhibendus
2004 2107 2088 2152 est

507 2166 717 2237 Leporii
760 2166 995 2231 libellus,
1025 2166 1334 2237 simulcum
1365 2166 1591 2237 epistola
1622 2166 1838 2220 Patrum
1880 2167 2087 2222 Africa-

504 2236 700 2293 norum
722 2238 789 2293 ad
808 2237 1089 2307 episcopos
1112 2236 1427 2307 Galliarum.
1442 2236 1596 2291 Edita
1614 2246 1738 2307 sunt
1760 2238 1845 2291 illa
1870 2239 2085 2307 quidem

506 2308 665 2362 ambo
694 2323 762 2363 ex
795 2306 1390 2373 radice’Herivallensi,
1424 2321 1454 2359 a
1488 2308 1642 2361 Patre
1662 2306 1953 2363 Sirmondo
1977 2309 2088 2375 pri-

502 2393 653 2432 mum
676 2418 691 2444 ,
718 2377 917 2433 deinde
963 2378 1030 2433 ab
1072 2388 1289 2432 auctore
1318 2377 1687 2446 Supplementi
1725 2379 2083 2434 conciliorum

506 2447 854 2505 Gallicorum.
882 2448 999 2503 Non
1024 2455 1110 2503 est
1131 2457 1306 2502 tamen
1336 2450 1524 2518 inutile
1555 2458 1843 2518 utrumque
1872 2448 1963 2505 hic
1990 2465 2086 2505 ex-

505 2518 764 2589 scribere,
797 2527 908 2573 tum
956 2518 1077 2589 quia
1127 2518 1274 2573 locus
1300 2518 1351 2573 id
1390 2517 1602 2573 videtur
1637 2517 1936 2588 postulare,
1973 2530 2085 2576 tum

505 2588 631 2662 quia
657 2599 941 2662 repurgata
962 2588 1086 2662 sunt
1112 2589 1273 2662 ambo
1300 2588 1509 2644 mendis
1548 2589 1814 2658 plurimis,
1846 2607 1970 2662 qua:
1997 2592 2084 2646 di-

504 2659 783 2730 ligentiam
807 2659 1082 2730 Sirmondi
1105 2659 1400 2730 fatigatam,
1425 2662 1638 2728 opinor,
1657 2659 1876 2716 codicis
1892 2678 2084 2716 manu-

505 2729 693 2802 scripti
724 2729 1058 2787 inexhaustis
1083 2733 1277 2784 erratis
1300 2772 1315 2796 ,
1355 2729 1635 2798 fugerunt;
1666 2747 1768 2787 nec
1799 2742 1978 2786 tamen
2012 2734 2082 2787 ita

504 2801 631 2857 sunt
658 2801 823 2863 levia,
867 2802 997 2869 quin
1032 2815 1178 2868 saepe
1223 2802 1479 2855 lectorem
1510 2817 1538 2854 a
1583 2802 1804 2871 pr0prio
1849 2804 2085 2859 auctoris

503 2885 667 2927 sensu
698 2871 764 2925 ad
794 2871 989 2925 falsum
1012 2880 1275 2925 avertant.
1310 2871 1457 2926 Adde
1477 2872 1620 2940 quod
1644 2874 1696 2925 in
1721 2874 1960 2928 libellum
1986 2874 2087 2928 Le-

505 2942 645 3010 porii
680 2941 1087 3012 observavimus
1137 2940 1393 3012 nonnulla
1438 2957 1558 3012 qua:
1597 2957 1696 2996 nec
1745 2944 1863 2998 sine
1902 2958 2084 3012 operm

505 3011 679 3080 pretio
702 3010 824 3080 legi,
851 3025 950 3066 nec
977 3011 1138 3066 etiam
1170 3013 1225 3064 in
1244 3010 1409 3064 alium
1436 3010 1614 3066 locum
1640 3010 1975 3068 commodius
1996 3027 2083 3068 re-

504 3080 638 3137 ferri
668 3090 910 3151 possunt.

2118 1714 2167 1775 B

2214 408 2296 463 rat
2326 408 2496 463 lib.'tv
2528 408 2668 480 Hist.
2713 408 2913 480 Anglic.
2968 410 3307 480 Atiprosper
3349 408 3401 465 in
3441 412 3619 469 Chron.
3648 419 3751 474 Ger.

2212 497 2423 533 manum
2449 496 2482 534 a
2514 479 2781 533 Caelestino
2796 479 2944 549 papa
2961 481 3014 532 in
3043 479 3371 534 Britanniam
3395 484 3592 538 missum
3619 493 3750 544 tradit

2209 566 2334 603 ann.
2362 549 2467 621 429
2489 592 2503 615 ,
2555 552 2638 603 cui
2674 551 2941 604 adhaerens
2966 548 3227 606 Baronius
3251 552 3497 621 synodum
3520 555 3643 612 hanc
3678 563 3751 617 illo

2209 635 2347 674 anno
2385 620 2611 674 habitam
2635 622 2852 676 censuit.
3278 620 3289 621 ί
3552 624 3561 629 ’

2283 690 2357 766 ita
2382 691 2464 745 vir
2491 690 2939 766 prudentissimus
2963 736 2978 760 ,
3006 691 3194 766 relatis
3222 695 3499 750 sententiis
3526 695 3746 766 diversis,

2209 760 2409 839 nullam
2449 769 2710 839 praestare
2762 759 2971 839 voluit.
3000 759 3204 831 Opinor
3237 772 3423 839 tamen
3443 780 3547 839 ego
3586 759 3748 839 synodi

2207 837 2420 900 tempus
2446 846 2551 884 non
2582 831 2655 884 ita
2679 845 2802 886 esse
2838 833 3099 887 incertum
3120 872 3137 898 ,
3179 847 3339 900 quam
3373 831 3637 892 videbatur
3658 839 3750 894 Sir-

2207 901 2427 976 mondo,
2451 903 2696 976 quamvis
2724 902 2853 956 illud
2882 902 2986 976 dici
3016 918 3124 957 non
3153 917 3327 976 posse
3339 915 3516 974 putem
3543 909 3669 976 quod
3696 924 3749 966 ex

2206 970 2319 1025 suis
2342 971 2450 1049 illis
2472 970 2687 1049 duobus
2709 972 3023 1049 auctoribus
3047 970 3278 1049 asseruit
3304 970 3579 1049 L'abbeus';
3608 981 3725 1049 majo

2204 1053 2318 1093 rem
2347 1043 2489 1115 enim
2521 1043 2678 1115 fidem
2708 1043 3424 1115 Prospero_cbronographo
3448 1043 3730 1103 Constantio

2202 1124 2306 1183 que
2334 1111 2587 1183 scriptori
2612 1112 2748 1167 Vitae
2768 1113 2940 1167 sancti
2968 1111 3261 1183 Germani',
3301 1111 3359 1170 et
3383 1117 3582 1172 auctori
3609 1119 3736 1177 etian

2208 1178 2536 1255 Vitgsancti
2564 1181 2699 1251 Lupi
2733 1183 3067 1255 tribuendam
3097 1192 3227 1253 puto
3247 1178 3269 1249 ’,
3297 1200 3456 1254 quam
3486 1188 3566 1242 vel
3594 1187 3741 1255 Bedte,

2200 1250 2287 1327 vel
2317 1250 2615 1321 Sigebcrto,
2640 1250 2763 1327 eum
2789 1253 2863 1307 illi
2881 1254 2949 1308 de
2974 1250 3136 1309 rebus
3157 1250 3612 1327 scripserintquas
3630 1250 3743 1327 pene

2202 1318 2465 1393 baberent
2491 1318 2619 1378 ante
2645 1323 2852 1387 oculos,
2885 1334 3033 1379 certe
3060 1340 3180 1393 quae
3209 1318 3461 1380 omnibus
3485 1318 3605 1382 tunc
3628 1318 3746 1385 notae

2199 1388 2413 1470 forent;
2439 1392 2587 1470 Beda
2616 1408 2747 1470 vero
2773 1395 3026 1450 trecentis
3056 1388 3170 1451 fere
3201 1403 3324 1465 post
3337 1398 3514 1463 annis,
3534 1398 3745 1470 Sigeber-

2200 1463 2687 1533 tus__septingentis.

2269 1528 2799 1606 _Ut_érgo'manifesta
2829 1537 3089 1606 temporis
3124 1537 3263 1593 ratio
3291 1538 3524 1603 ineatur,
3553 1547 3740 1606 quatuor

2198 1600 2385 1679 veluti_
2411 1600 2957 1679 principiaafsnmof
2991 1606 3253 1674 Primum,
3286 1600 3527 1679 Prosper
3550 1600 3746 1679 legatio-

2196 1685 2330 1745 nem,
2342 1672 2602 1745 Germani
2629 1675 2694 1728 ad
2720 1675 3004 1731 Britannos
3040 1679 3187 1745 ponit
3218 1672 3319 1733 sub
3341 1672 3626 1733 consulatu'
3645 1679 3745 1734 Flo-

2194 1743 2355 1816 rentii
2383 1752 2438 1816 et
2467 1744 2724 1816 Dionysii,
2758 1745 2942 1816 idest,
2967 1743 3095 1801 ann.
3125 1746 3269 1811 429.,
3288 1747 3382 1804 Sic
3409 1749 3547 1803 enim
3575 1749 3743 1805 habet:

2192 1813 2438 1889 A_gric9_la_
2462 1812 2779 1889 Pelagianus
2809 1815 3074 1889 Seueriani
3102 1815 3379 1889 Pelagiani
3403 1819 3569 1888 ﬁlius,
3596 1818 3745 1875 Eccle-

2191 1882 2295 1959 sias
2345 1882 2615 1959 Hibernia?
2641 1886 2906 1959 dogmatis
2958 1888 3042 1940 sui
3104 1882 3459 1959 insinuatione
3499 1891 3741 1959 corrupit;

2189 1952 2279 2005 sed
2319 1954 2520 2027 actione
2546 1952 2778 2009 Palladii
2805 1958 3012 2011 diaconi
3056 1974 3197 2027 papa
3223 1957 3522 2013 Ctzlestinus
3562 1952 3745 2015 Germa-

2190 2038 2312 2098 num
2347 2025 2817 2098 Antisiodorensem
2855 2025 3154 2098 Episcopum
3197 2030 3304 2084 vice
3335 2046 3436 2082 sua
3480 2031 3643 2089 mittit.
3669 2040 3742 2098 ut,

2172 2093 2468 2170 deturbatis
2513 2094 2762 2151 haereticis
2786 2138 2801 2163 ,
2844 2093 3126 2152 Britannos
3163 2100 3233 2153 ad
3269 2099 3573 2155 catholicam
3618 2093 3745 2170 ﬁdem

2190 2162 2294 2216 diri

2262 2175 2589 2299 éizfindum,
2614 2236 2959 2295 Constantius
2980 2239 3201 2295 missum
3229 2240 3424 2296 scribit
3444 2240 3740 2298 Germanum

2189 2319 2311 2359 cum
2345 2306 2495 2374 Lupo
2528 2306 2783 2363 Trecensi
2825 2325 2855 2364 a
2888 2325 3171 2366 numerosa
3221 2310 3611 2367 Gallicanorum
3647 2312 3743 2374 epi-

2187 2390 2473 2453 scopo_rum
2504 2379 2713 2453 synodo
2740 2379 2840 2452 (ln
2879 2379 2983 2435 Vit.
3015 2380 3077 2437 S.
3113 2381 3284 2437 Germ.
3309 2398 3356 2435 c.
3385 2381 3477 2450 l4,
3500 2383 3635 2453 apud
3658 2382 3746 2439 Stt-
3830 2432 3836 2441 .

2187 2448 2320 2519 riunt
2341 2445 2399 2500 51
2433 2445 2611 2519 Julii).

2260 2516 2777 2592 fl‘ertitrm,g'scribit
2818 2523 2979 2577 etiam
3028 2534 3215 2579 auctor
3247 2524 3378 2579 Vita:
3426 2524 3593 2579 sancti
3630 2523 3743 2592 Lupi

2235 2588 2390 2666 Apud
2421 2588 2638 2666 Surium
2661 2591 2731 2646 50
2765 2593 2898 2666 Julii
2920 2593 2961 2664 ).
2992 2595 3202 2651 venisse
3230 2595 3403 2666 ipsum
3444 2595 3497 2648 in
3540 2588 3743 2666 insulam

2234 2659 2558 2733 crinensem,
2590 2664 2712 2715 vitro
2759 2659 3023 2733 religiosa:
3058 2680 3215 2720 causa
3235 2659 3266 2732 ,’
3301 2665 3574 2719 Honorato
3600 2664 3745 2717 adhuc

2187 2728 2403 2792 abbate,
2459 2747 2673 2806 cumque
2709 2728 2902 2788 annum
2950 2751 3106 2789 unum
3142 2728 3250 2791 illic
3275 2737 3494 2806 egisset,
3534 2735 3613 2806 ad,
3637 2733 3745 2789 Tre-

2189 2815 2385 2853 censem
2422 2803 2803 2874 _episc0patum
2867 2814 3074 2874 raptum
3120 2823 3267 2872 esse;
3308 2803 3520 2860 'exinde
3570 2805 3745 2858 biennio

2188 2878 2364 2949 engacto
2411 2870 2726 2927 Germanum
2766 2870 3061 2929 comitatum
3098 2878 3153 2931 in
3196 2870 3525 2947 expeditione
3558 2873 3746 2929 Britan-

2187 2954 2324 2992 ntca.
3341 2962 3346 2967 ”

2258 3009 2617 3085 Postremum,
2650 3014 2848 3068 nemini
2876 3014 3090 3069 erudito
3116 3016 3362 3071 dubitare
3382 3014 3511 3070 licet
3530 3016 3656 3085 quin
3681 3015 3742 3085 Ie-

2115 3087 2161 3150 C
2190 3079 2337 3151 gatio
2359 3082 2609 3135 Germani
2639 3097 2670 3136 a
2713 3099 2927 3138 summo
2954 3086 3206 3151 pontifice
3253 3086 3306 3140 in
3337 3079 3668 3140 Britanniam
3691 3084 3746 3139 sit

578 3149 743 3224 (1am
780 3152 974 3226 habes,
1004 3151 1186 3217 lector,
1221 3149 1449 3226 Lepos-ii
1487 3150 1747 3226 libellum,
1781 3153 1937 3226 simul
1972 3169 2089 3208 cum
2138 3149 2146 3150 7
2191 3150 2377 3205 eadem
2406 3166 2525 3226 qua:
2547 3152 2715 3226 ipsius
2743 3149 3288 3226 asynodoGallicana
3313 3154 3521 3209 missio.
3567 3156 3747 3226 Electio

506 3221 731 3293 Patrum
757 3223 1119 3293 Africanorum
1149 3222 1363 3293 epistola
1381 3221 1449 3293 ad
1478 3222 1741 3293 episcopos
1771 3222 2085 3293 Galliarum,

509 3304 645 3350 tomo
668 3291 864 3349 XXXI
891 3296 1042 3363 hujus
1068 3291 1317 3346 Biblioth.
1341 3292 1444 3346 col.
1479 3291 1674 3364 1221.)
2072 3291 2097 3304 ”

1042 3382 1167 3438 XXI
1207 3382 1545 3452 SYNODUS,

512 3477 640 3546 Quae
665 3477 830 3547 prima
855 3476 1144 3548 Gallicana,
1167 3474 1230 3528 ab
1251 3474 1304 3528 Η
1307 3485 1519 3548 onorato
1539 3478 1776 3548 episcopo
1802 3477 2089 3533 Arelatensi

578 3546 776 3611 coacta,
803 3555 859 3601 ut
880 3546 1171 3617 conjectura
1192 3555 1296 3613 est,
1324 3546 1552 3614 Arelate,
1569 3546 1766 3602 'Hier‘io
1785 3557 1833 3602 et
1853 3549 2091 3603 Ardabu—

577 3619 657 3673 rio
679 3634 836 3686 coss.,
859 3615 997 3671 anno
1020 3615 1145 3673 427.

579 3709 850 3780 Vigesima
874 3709 1045 3779 prima
1073 3708 1340 3780 censenda
1361 3717 1445 3764 est
1475 3723 1764 3764 numerosa
1804 3709 1892 3763 illa
1925 3725 2086 3780 syno-

507 3781 612 3835 dus
639 3778 1033 3836 Gallicanorum
1074 3778 1288 3850 Patrum
1314 3819 1330 3845 ,
1376 3780 1464 3849 qui
1512 3780 1771 3833 auxilium
1821 3778 1989 3850 rogati
2020 3781 2087 3835 ab

508 3850 804 3920 Anglicana
844 3849 1083 3920 Ecclesia
1128 3849 1384 3904 adversus
1414 3850 1752 3918 Pelagianam
1803 3850 2080 3915 haeresim,

426 3988 431 3992 ⁸
507 3919 727 3977 auctore
767 3919 1009 3989 Agricola
1039 3921 1325 3992 Severiani
1362 3921 1598 3992 episcopi
1643 3921 1912 3987 Pelagiani
1952 3921 2085 3986 lilio,

506 4005 748 4061 sparsam
798 4002 852 4046 et
888 3991 1082 4045 mirum
1122 3990 1421 4061 inmodum
1465 3991 1919 4054 invalescentem,
1965 4004 2091 4045 san-

507 4059 777 4115 ctissimos
804 4060 939 4115 duos
970 4062 1252 4130 episcopos
1279 4102 1294 4127 ,
1326 4059 1654 4115 Germanum
1684 4061 2092 4116 Antisiodorcn-

510 4146 625 4189 sem
649 4141 700 4187 et
732 4131 938 4200 Lupum
970 4131 1289 4185 Trecensem
1333 4131 1595 4185 miserunt
1621 4171 1636 4195 ,
1677 4131 1743 4185 ad
1772 4132 2087 4186 catholicam

472 4202 477 4205 Α
508 4202 981 4274 fideminﬂAnglia
1010 4201 1398 4274 defendendam
1442 4200 1673 4271 (Prosp.
1716 4203 1769 4255 in
1799 4201 1991 4256 Chron.
2019 4202 2089 4255 ad

505 4270 708 4342 consul.
733 4270 983 4326 Florentii
1005 4281 1050 4325 et
1077 4270 1357 4342 Dionysii).

583 4341 895 4396 Numerosse
938 4341 1092 4395 istius
1128 4342 1317 4411 synodi
1346 4349 1464 4397 acta
1493 4342 1742 4397 dicuntur
1778 4342 1960 4397 haberi
2008 4345 2091 4398 in-

511 4419 656 4480 tegra
683 4455 698 4478 ,
739 4425 862 4465 cum
902 4411 1204 4465 nominibus
1231 4420 1287 4466 et
1310 4412 1683 4479 episcoporum
1712 4420 1767 4466 et
1805 4414 2085 4480 praesidis:

512 4456 711 4537 dicitur
730 4480 890 4535 etiam
923 4481 1107 4534 haberi
1134 4456 1602 4537 commo'nitorirum
1644 4497 1674 4535 a
1708 4456 1951 4538 Patiihus
1989 4456 2084 4540 «13-
2113 4456 2167 4516 D

512 4560 626 4604 tum
658 4550 844 4619 legatis
889 4550 1118 4614 duobus,
1147 4550 1417 4605 Germano
1446 4562 1500 4605 et
1528 4552 1717 4620 Lupo;
1759 4568 1861 4608 nec
1901 4554 2087 4611 dubito

510 4621 638 4692 quin
655 4620 801 4692 locus
812 4630 865 4675 et
884 4628 1092 4692 tempus
1119 4622 1319 4692 pariter
1335 4622 1706 4676 contineantur
1727 4624 1778 4676 iu
1797 4625 1928 4679 actis
1948 4625 2084 4692 istis,

510 4691 559 4744 si
590 4690 751 4763 modo
778 4698 1016 4763 exstent.
1070 4690 1174 4745 Sed
1197 4691 1377 4763 donec
1406 4692 1736 4763 caedantur
1775 4692 1829 4747 in
1874 4690 2082 4763 lucem,

511 4761 655 4830 quod
684 4761 958 4829 opto'lieri
991 4760 1298 4830 propediem
1327 4802 1342 4827 ,
1372 4761 1641 4828 conjicere
1669 4765 1911 4817 nonnihil
1953 4760 2109 4819 lica-7

512 4829 602 4886 bat
626 4871 643 4898 ,
684 4845 1005 4901 quamquam
1050 4829 1323 4897 timidius,
1372 4841 1425 4885 et
1454 4832 1648 4901 aliquid
1679 4849 1747 4888 ex
1776 4837 2086 4892 auctoribus

510 4900 740 4971 vulgatis
770 4900 1008 4971 proferre
1032 4942 1047 4968 ,
1078 4901 1218 4970 quod
1248 4916 1278 4957 a
1320 4903 1525 4958 ratione
1546 4900 1659 4958 non
1683 4905 1925 4960 videatur
1951 4906 2086 4963 alie-

511 4987 900 5099 nu{inlittervavit
929 5041 1141 5110 quidem
1186 5055 1348 5109 super
1374 5057 1435 5097 ea
1461 5058 1520 5098 re
1559 5046 1813 5100 nonnulla
1840 5046 1981 5102 lectu
2005 5047 2088 5102 di-

511 5128 613 5172 gna
639 5112 699 5167 P.
735 5112 980 5167 Lanbens
1009 5114 1026 5172 (
1057 5112 1202 5165 Tom.
1230 5112 1275 5166 ll
1304 5112 1500 5167 Concil.
1528 5131 1648 5172 paa.
1690 5117 1852 5172 1686.
1883 5127 1930 5171 et
1959 5128 2082 5171 tom.

508 5128 613 5180 gna
639 5114 699 5167 P.
735 5114 980 5167 Lanbeus
1009 5114 1026 5179 (
1057 5114 1202 5165 Tom.
1230 5114 1275 5166 ll
1304 5114 1500 5195 Concil.
1528 5131 1648 5185 pag.
1690 5117 1852 5181 1686,
1883 5127 1930 5171 et
1959 5128 2082 5171 tom.

508 5177 574 5266 lli
599 5181 898 5266 ραρλμβι
931 5192 979 5266 et
1019 5183 1202 5266 lii-76),
1235 5183 1331 5237 sed
1356 5184 1798 5266 q_utbtts_testetur
1830 5202 1889 5242 se
1910 5187 2086 5266 _Bed:e

508 5253 689 5321 atque
709 5253 988 5336 $igeberlo
1012 5254 1323 5319 adhaerere,
1364 5254 1432 5309 de
1460 5255 1651 5324 quibus
1683 5267 1864 5325 postea
1906 5258 2087 5314 feren-

507 5321 634 5376 dum
662 5332 766 5378 erit
788 5324 1068 5391 judicium.

581 5364 757 5458 Quare
778 5364 1277 5449 ἶιῖιίιιξίὲείίηἱιὶυηι
1307 5395 1505 5451 ducere
1529 5395 1597 5450 ab
1615 5396 1825 5451 erudito
1843 5396 2088 5453 Sirmon-

509 5460 580 5515 do
602 5460 781 5545 ‘lT‘ont.
806 5463 823 5516 1
854 5462 1051 5545 Gonoil.
1085 5465 1300 5545 Gall.‘in
1328 5468 1463 5520 notis
1485 5469 1552 5518 ad
1574 5483 1691 5536 pag.
1721 5465 1826 5545 86)
1860 5486 1872 5520 :
1909 5467 1979 5522 Ut
2001 5486 2088 5538 sy-

509 5532 634 5585 nodi
673 5532 849 5614 hujus,
874 5533 1074 5624 linquit,
1117 5537 1195 5624 dre.
1218 5537 1329 5624 loco
1358 5553 1460 5589 non
1489 5532 1726 5624 constt—xtl,
1773 5532 1847 5590 ita
1886 5532 2087 5624 tempus

508 5605 973 5727 zuoqueincertum
1000 5614 1096 5659 est.
1136 5605 1429 5688 Sigebertus
1468 5608 1602 5660 enim
1644 5609 1714 5660 ad
1734 5623 1865 5691 .ann.
1897 5605 2087 5691 Christi

545 5670 612 5727 56
636 5671 988 5730 Britannicam
1007 5672 1248 5732 Germans
1276 5694 1392 5731 cum
1410 5675 1560 5746 Lupo
1589 5677 1893 5748 legationem
1924 5696 2088 5735 muns-

2190 3235 2421 3291 namque
2462 3221 2715 3277 Germani
2761 3239 2791 3296 a
2821 3221 3048 3296 'synodo
3073 3226 3138 3280 ad
3172 3240 3363 3281 munus
3389 3225 3745 3294 apostolicum,

2188 3303 2474 3367 postquam
2486 3307 2527 3367 _a
2552 3302 2737 3348 sancto
2764 3293 3057 3367 Caelestino
3089 3293 3436 3367 comprobata
3466 3304 3575 3363 est,
3610 3304 3747 3365 atque

2189 3362 2349 3433 etiam
2394 3362 2603 3418 collata:
2651 3365 2989 3421 auctoritatis
3034 3362 3366 3423 incremento
3403 3376 3561 3419 aucta
3587 3407 3602 3433 ,
3643 3362 3748 3421 vere

2188 3432 2294 3513 dici
2326 3434 2495 3514 potuit
2539 3444 2594 3488 et
2621 3437 2914 3504 apostolica
2939 3436 3136 3506 legatio
3161 3477 3174 3503 ,
3219 3447 3275 3493 et
3301 3434 3561 3509 synodica
3589 3432 3743 3492 simul

2192 3516 2395 3558 miSSIO.

2262 3573 2338 3626 Ex
2372 3573 2456 3648 his
2484 3585 2661 3648 autem
2690 3586 2899 3632 constat
2934 3577 3238 3647 manifeste,
3278 3577 3547 3648 synodum
3571 3576 3744 3648 degqua

2190 3658 2332 3698 nunc
2352 3644 2560 3713 agimus
2583 3647 2906 3719 celebratam
2934 3664 3042 3704 non
3071 3644 3238 3719 fuisse
3258 3644 3378 3719 post
3406 3662 3603 3719 annum
3629 3646 3742 3719 429,

2190 3729 2314 3769 cum
2330 3718 2669 3782 praecesserit
2692 3718 3073 3786 profectionem
3089 3718 3339 3775 Germani
3364 3720 3417 3772 in
3436 3718 3742 3781 Britannias,

2189 3800 2310 3858 quae
2340 3789 2438 3858 hoc
2460 3786 2577 3858 ipso
2605 3802 2746 3842 anno
2772 3791 3013 3858 contigit.
3045 3793 3127 3844 An
3155 3804 3284 3843 vero
3307 3797 3432 3844 ante
3456 3797 3637 3843 coacta
3667 3786 3773 3851 sit,.

2188 3855 2275 3911 vel
2299 3855 2489 3911 eodem
2518 3856 2636 3925 ipso
2663 3872 2805 3913 anno
2823 3901 2836 3923 ,
2868 3855 3241 3925 inquirendum
3266 3868 3368 3914 est.

2262 3927 2392 3980 Cum
2420 3927 2578 3994 igitur
2606 3928 2906 3984 Honoratus
2936 3930 3182 3985 Patroclo
3204 3931 3255 3983 in
3277 3930 3461 3985 sedem
3484 3927 3743 3983 Arelaten-

2190 4010 2306 4071 sem
2348 4000 2670 4071 successerit
2705 4014 2833 4054 ann.
2861 4000 2998 4065 426,
3041 4015 3224 4071 eaeque
3254 4015 3412 4054 voces
3437 4044 3451 4068 ,
3503 3998 3743 4071 llonorata

2190 4067 2362 4120 adhuc
2380 4067 2578 4140 abbate,
2599 4070 2756 4123 linem
2777 4071 3104 4140 praefecmra:
3124 4065 3446 4140 significent.
3473 4065 3745 4140 etproinde

2192 4152 2392 4191 annum
2431 4137 2572 4204 425,
2623 4136 2790 4194 ccrtc'
2816 4141 2863 4196 si
2906 4156 3103 4196 annum
3148 4136 3313 4195 u'num
3367 4136 3743 4196 exercitationis

2192 4206 2517 4281 Lerinensis,
2550 4225 2708 4281 quem
2740 4210 2920 4280 Lupus
2945 4212 3072 4281 egit,
3109 4212 3190 4267 vel
3220 4213 3320 4266 sub
3348 4212 3619 4281 Honoran
3645 4220 3742 4281 ma:

2190 4279 2362 4347 gistro
2388 4319 2403 4343 ,
2440 4275 2581 4347 quod
2626 4282 2795 4357 magis
2823 4275 3004 4357 reor;
3018 4275 3100 4357 vel
3131 4282 3231 4337 sub
3259 4282 3464 4357 Hilario
3507 4275 3738 4357 Honorali

2194 4363 2532 4413 successore,
2566 4352 2708 4419 quod
2725 4349 3011 4407 nonnullis
3035 4351 3312 4418 visum,ad
3342 4352 3483 4407 duos
3503 4349 3743 4403 addideris

2195 4420 2250 4472 in
2278 4424 2592 4488 episcopatu
2615 4431 2934 4486 transactos,
2957 4430 3082 4478 ante
3106 4422 3425 4491 legationem
3448 4437 3475 4473 a
3503 4420 3743 4491 Prospero

2195 4486 2422 4558 positam
2462 4486 2589 4545 ann.
2618 4491 2746 4553 429,
2776 4493 2979 4547 eflicies
3007 4486 3201 4546 annum
3244 4491 3326 4546 vel
3352 4491 3462 4546 427
3488 4535 3502 4559 ,
3532 4489 3611 4544 vel
3633 4486 3741 4549 428,

2191 4576 2321 4632 quo,
2352 4575 2466 4632 mea
2491 4563 2775 4626 sententia,
2800 4562 2985 4617 haberi
3006 4562 3188 4617 debuit
3212 4562 3488 4632 synodus;
3512 4575 3612 4632 non
3635 4559 3740 4632 it_e_m

2190 4623 2318 4703 429,
2349 4631 2412 4703 ad
2443 4645 2602 4703 quem
2629 4623 2801 4703 sensit
2826 4632 3086 4688 Baronius
3114 4623 3283 4703 ipsam
3311 4623 3639 4688 referendam
3666 4623 3742 4696 (In

2188 4698 2381 4773 Annal.
2412 4701 2480 4753 ad
2507 4717 2631 4755 ann.
2660 4700 2809 4773 429).

2260 4769 2363 4822 Ista
2392 4784 2524 4825 vero
2548 4768 2958 4837 conﬁrmantur,
2988 4772 3075 4829 vel
3100 4787 3166 4828 eo
3187 4772 3443 4839 maxime,
3464 4768 3600 4841 quod
3616 4776 3743 4841 atare

2189 4841 2500 4895 nullatenus
2526 4844 2697 4909 possit
2742 4843 2924 4911 opinio
2953 4858 3139 4899 eorum
3181 4843 3270 4913 qni
3316 4857 3440 4913 cum
3484 4840 3742 4913 Sigeberto

2193 4925 2447 4986 mag-nam
2472 4908 2736 4986 synodum
2768 4908 2836 4968 de
2856 4928 2959 4982 qua
2991 4927 3171 4968 sermo
3197 4908 3280 4986 est
3309 4908 3636 4986 rejiciunt'ad
3663 4921 3743 4986 an—

2192 4996 2320 5035 num
2347 4980 2472 5035 446.
2494 4980 2625 5035 Nam
2649 4993 2860 5037 constat
2877 4980 3009 5037 tunc
3040 4983 3296 5051 temporis
3324 4980 3502 5052 neque
3520 4980 3740 5035 Caelesti-

2193 5066 2344 5113 num,
2376 5065 2405 5102 a
2431 5067 2539 5121 quo
2568 5053 2763 5107 missus
2782 5062 2862 5107 est
2891 5052 3214 5121 Germanus,
3248 5068 3421 5121 neque
3441 5051 3738 5121 Germanum

2191 5121 2376 5197 ipsum
2392 5113 2743 5197 superfuisse.
2765 5122 2862 5178 llle
2881 5124 3024 5197 enim
3051 5139 3178 5177 ann.
3202 5113 3321 5197 452-
3332 5113 3487 5186 obiit,
3518 5121 3614 5174 iste

2192 5191 2269 5245 De
2289 5191 2438 5245 obitu
2467 5192 2738 5247 Ctn‘lestini
2767 5193 3032 5247 unanimis
3060 5205 3143 5248 est
3178 5193 3418 5247 omnium
3462 5191 3735 5247 sententia;

2192 5270 2402 5330 tempus
2431 5277 2535 5330 quo
2564 5261 2814 5317 Germani
2841 5277 2988 5317 mors
3015 5263 3257 5331 contigit,
3277 5264 3425 5318 hunc
3445 5260 3624 5331 fereiu
3641 5267 3738 5310 mo-

2189 5326 2321 5385 dum
2342 5326 2749 5403 demonstratur
2775 5332 3128 5403 (Constantius
3157 5326 3253 5386 l'ib.
3271 5349 3309 5387 ll
3342 5332 3476 5386 Vitta
3496 5331 3556 5386 S.
3584 5326 3735 5403 Genu.

2154 5454 2157 5457 .
2188 5418 2305 5469 cap.
2332 5401 2399 5455 15
2418 5413 2466 5472 et
2495 5401 2605 5472 14).
2633 5405 2751 5468 Quo
2777 5393 3017 5471 tempore
3038 5405 3341 5460 Germanus
3368 5418 3462 5472 pro
3485 5412 3609 5468 pace
3629 5393 3734 5450 Gal-

2190 5472 2382 5525 liarum
2413 5471 2717 5542 Ravennam
2746 5473 2812 5526 ad
2844 5474 3222 5542 imperatorem
3245 5474 3411 5538 venit,
3435 5471 3612 5524 Petrus
3635 5474 3737 5542 tunc

2190 5542 2423 5614 pontifex
2449 5541 2640 5614 Christi
2668 5540 2954 5614 Ecclesium
2982 5545 3265 5611 apostolica
3300 5542 3606 5614 institutione
3638 5540 3739 5614 reff-

2191 5603 2348 5666 nebat'
2379 5628 2397 5666 :
2446 5612 2646 5682 regebat
2680 5623 2855 5667 autem
2895 5603 3186 5667 Romanum
3231 5614 3500 5682 imperium
3526 5603 3739 5662 Placidia

2190 5683 2367 5753 regina
2389 5699 2503 5738 cum
2532 5683 2892 5741 Valentiniano
2902 5684 3018 5755 jam
3034 5688 3244 5755 juvene.
3275 5683 3403 5742 llaec
3437 5691 3610 5738 autem
3633 5687 3737 5731 ver-
