3900 6268
191 222 287 281 569

743 221 1054 281 DISSERT.
1094 222 1165 280 11.
1207 222 1295 279 DE
1333 221 1622 281 SYNODIS
1661 223 1929 281 HABITIS
1969 224 2033 281 lN
2074 226 2297 285 CAUSA
2341 228 2907 290 PELAGIANORUM.

3350 237 3462 300 S70

191 345 272 405 ba,
306 339 669 419 Valentiniano
682 342 801 413 jam
833 341 1145 419 juvene,_24
1175 356 1373 397 annum
1403 340 1661 419 principis
1706 342 1773 396 ad
1801 345 1852 402 A
1878 342 1966 395 sed
2012 346 2209 419 actione
2240 344 2469 400 Palladii
2497 348 2702 403 diaconi
2741 367 2877 419 papa
2915 349 3215 407 Caelestinus
3244 352 3462 415 Germa-

192 426 462 468 summum
509 412 783 483 indicant;
833 413 933 466 hac
990 413 1133 468 enim
1198 423 1353 468 astate
1406 415 1772 483 unusquisque

193 483 407 555 pr0prie
429 482 645 555 juvenis
666 482 779 551 jam
818 491 1083 555 vocatur.
1105 483 1238 539 Cum
1285 498 1413 555 ergo
1432 482 1773 555 Falentinia-

192 553 288 610 nus
318 554 513 609 tertius
549 562 707 609 natus
734 555 814 609 sit
837 568 962 609 ann.
990 553 1117 619 419,
1166 556 1252 609 die
1277 554 1312 607 2
1349 566 1401 609 et
1432 553 1465 605 5
1486 554 1634 617 Julii,
1668 556 1775 609 lia-

193 640 399 695 vennte,
424 636 585 695 atque
613 625 685 679 ita
715 639 886 680 annus
911 624 1113 680 Christi
1137 624 1241 680 445
1270 624 1430 681 fuerit
1452 625 1776 695 Valentinia-

194 697 243 753 ni
272 694 361 761 24,
388 694 613 751 necesse
644 705 727 750 est
753 710 894 751 anno
913 695 1019 750 445
1057 697 1165 751 vita
1191 696 1429 751 functum
1456 694 1621 751 fuisse
1645 696 1777 752 Ger-

194 781 440 832 manum;
464 767 653 822 eodem
681 767 824 822 enim
842 781 1003 830 anno,
1035 775 1090 822 et
1118 767 1426 821 Ravennam
1456 767 1700 831 accessit,
1722 774 1777 822 et

194 837 391 894 ibidem
418 848 541 906 post
569 838 858 907 septimum
884 837 1056 891 morbi
1083 836 1225 892 diem
1256 836 1643 907 feliciterinter
1664 838 1778 907 epi-

195 922 479 978 scoporum
500 906 821 978 complexus
842 907 1185 978 obdormivit,
1218 908 1387 978 pridie
1417 906 1524 961 kal.
1550 907 1777 978 Augusti

197 976 550 1049 (Constantius
582 976 682 1049 l.'tt
721 977 849 1032 Vita:
871 978 931 1033 S.
965 976 1141 1032 Germ.
1175 994 1288 1049 cap.
1313 976 1431 1047 20).

258 1051 443 1120 Atque
475 1049 557 1104 his
586 1048 654 1120 de
681 1050 1134 1120 temporersynodi
1163 1048 1511 1120 constitutis,
1554 1048 1622 1103 de
1654 1050 1774 1104 loco

197 1118 395 1189 aliquid
423 1118 728 1175 conandum
762 1129 863 1182 est,
895 1118 989 1174 sin‘
1008 1120 1183 1173 minus
1214 1126 1363 1174 certa
1395 1119 1634 1184 ratione,
1666 1121 1775 1175 sal-

198 1188 297 1247 tem
329 1205 435 1245 non
468 1188 805 1259 improbabili
837 1191 1147 1258 conjectura
1178 1189 1381 1245 dicere.

262 1258 673 1315 Valentinianus
718 1260 908 1315 tertius
937 1276 1009 1313 vn
1053 1261 1171 1314 idus
1216 1258 1425 1325 Julias,
1472 1258 1778 1315 Theodosio

199 1334 327 1399 Aug.
358 1346 433 1385 xu
460 1339 511 1385 et
542 1329 920 1386 Valentiniano
947 1330 1087 1384 Caes.
1116 1345 1284 1396 coss.,
1314 1331 1365 1383 id
1388 1339 1469 1383 est
1492 1344 1619 1385 ann.
1648 1330 1772 1396 425,

202 1403 277 1457 die
309 1401 345 1456 9
371 1401 501 1456 Julii
530 1400 861 1456 sanctionem
887 1400 1034 1455 dedit
1061 1402 1283 1455 Amacio
1312 1399 1608 1456 Galliarum
1640 1417 1779 1470 prte-

202 1475 355 1539 lecto,
393 1472 455 1524 de
479 1471 834 1525 conveniendis
861 1487 951 1541 per
982 1470 1285 1541 Patroclum
1317 1472 1666 1525 Arelatensem
1696 1471 1778 1523 di-

201 1544 349 1597 versis
375 1542 646 1611 episcOpis,
675 1540 934 1613 nefarium
971 1558 1190 1613 errorem
1233 1540 1503 1613 Pelagiani
1536 1552 1583 1595 et
1623 1540 1777 1594 Caele-

203 1614 348 1668 stiani
400 1614 651 1682 dogmatis
688 1611 1041 1679 sequentibus,
1075 1612 1238 1665 verba
1283 1611 1408 1665 sunt
1431 1612 1691 1671 Cmsaris;
1725 1621 1775 1665 et

204 1683 788 1767 nisi-intranaigesimum
813 1698 845 1733 a
874 1683 1201 1767 conuentione
1240 1682 1379 1767 diem
1418 1698 1471 1735 se
1517 1683 1777 1767 catbolica:
1808 1708 1856 1767 Β

206 1753 682 1832 tideireddiderint,
717 1752 1033 1832 deportandis
1072 1753 1142 1832 de.
1162 1754 1298 1815 sede,
1330 1760 1569 1832 atque‘ea:
1593 1753 1777 1832 ﬁnibus

206 1820 487 1879 Galliarum
511 1820 821 1890 expellendis
852 1823 871 1892 (
896 1821 1206 1877 Sirmondus
1253 1833 1377 1875 tom.
1397 1820 1425 1874 'l
1455 1820 1611 1875 Cone.
1654 1821 1779 1876 Gal-

208 1896 320 1964 liae).
347 1894 541 1948 Nullus
558 1893 751 1964 dubito
769 1894 896 1961 quin
918 1894 1167 1964 Amacius
1189 1892 1388 1947 editum
1414 1895 1774 1964 proposuerit,

210 1962 516 2019 incivitate
538 1963 877 2028 Arelatensi,
928 1962 981 2016 in
1029 1977 1135 2031 qua
1161 1966 1441 2031 praefectus
1486 1962 1777 2016 Galliarum

207 2035 398 2091 versari
424 2034 617 2088 solitus
642 2041 777 2089 erat.
809 2033 926 2087 Non
954 2032 1142 2087 dubito
1166 2033 1363 2101 pariter
1385 2033 1509 2102 quin
1533 2032 1779 2088 Patroclo

212 2104 534 2162 exsecutioni
562 2103 921 2158 mandandum
952 2103 1197 2167 dederit,
1241 2119 1343 2171 qua
1387 2112 1536 2172 parte
1569 2104 1781 2169 pontifi-

209 2178 310 2231 cale
352 2176 591 2229 officium
620 2174 915 2245 spectabat.
966 2173 1164 2245 Dubito
1206 2188 1332 2245 vero
1380 2190 1447 2227 an
1500 2174 1779 2245 Patroclus

211 2246 399 2316 aliquid
430 2244 661 2315 egerit,
693 2244 1017 2299 turbulentis
1048 2244 1378 2312 temporibus
1416 2253 1470 2298 et
1500 2244 1779 2316 barbarico

211 2315 437 2373 exercitu
468 2316 741 2371 Arelatem
766 2324 1065 2384 premente.
1094 2316 1199 2370 Sed
1224 2324 1280 2367 ut
1304 2317 1475 2379 reipsa
1498 2315 1780 2383 episcopos

211 2390 514 2442 convenerit
538 2387 733 2441 litteris
756 2425 772 2452 ,
805 2386 947 2454 quod
974 2385 1261 2439 admodum
1284 2384 1541 2440 credibile
1567 2395 1669 2448 est,
1702 2388 1778 2438 illi

211 2470 347 2513 certe
373 2458 541 2512 secuti
567 2465 691 2510 sunt
720 2457 1026 2524 exemplum
1054 2456 1405 2524 pertinacium
1456 2458 1681 2509 aliorum
1712 2470 1781 2509 ex

212 2529 350 2583 Italia
378 2530 673 2596 ejectorum
705 2545 718 2581 :
749 2541 917 2593 quare
946 2526 1133 2581 debuit
1158 2526 1394 2597 synodus
1420 2525 1485 2579 ad
1515 2526 1659 2593 ipsos
1688 2525 1781 2579 de-

212 2599 478 2667 ponendos
490 2613 641 2653 more
664 2598 924 2666 majorum
948 2598 1281 2666 congregari,
1309 2611 1477 2664 eaque
1496 2611 1781 2667 numerosa

213 2665 304 2738 pro
333 2669 668 2723 multitudine
687 2665 933 2733 reOruni;
960 2682 1060 2721 nec
1087 2665 1279 2721 ab'alio
1297 2681 1456 2736 quam
1482 2665 1781 2719 Arelatensi

212 2737 457 2809 episcopo
488 2739 640 2809 (Can.
683 2739 749 2794 18
772 2738 1141 2809 concrArelat.
1171 2738 1265 2807 ιι),
1298 2737 1380 2791 ειιὶ
1406 2745 1461 2791 ει
1489 2751 1614 2809 suas
1640 2738 1782 2791 vices

215 2807 367 2866 scies
393 2807 681 2877 apostolica
716 2808 1029 2877 jamdudum
1056 2814 1423 2873 commiserat,
1456 2815 1529 2877 iet
1549 2807 1637 2873 jus
1667 2816 1785 2877 erat

218 2876 484 2947 antiquum
516 2876 867 2949 congregandi
899 2879 1134 2949 synodos
1157 2879 1208 2932 in
1224 2878 1393 2933 Gallia
1416 2876 1653 2949 (Constit.
1672 2876 1782 2949 Ilo-

216 2946 405 3005 noriiet
433 2946 772 3005 Theodeide
790 2946 1122 3005 Sirmoudum
1140 2951 1190 3001 in
1218 2950 1350 3001 notis
1372 2948 1439 2999 ad
1452 2946 1778 3015 Sidonium);

214 3038 309 3075 nec
335 3021 499 3087 potuit
527 3038 555 3073 a
584 3020 848 3085 Patroclo,
881 3034 1038 3089 quem
1072 3019 1315 3074 tribunus
1348 3020 1607 3089 barbarus
1632 3020 1781 3089 juSsu

1878 430 2001 489 num
2027 416 2491 489 Antisiodorensem
2519 416 2819 489 episcopum
2834 424 2939 475 vice
2966 440 3059 475 sua
3082 425 3254 489 mittit,
3285 436 3342 480 ut
3366 429 3460 483 de-

1879 485 2095 559 turbatis
2119 486 2391 548 Iucreticis.
2434 485 2713 544 Britannos
2734 493 2801 544 ad
2823 494 3127 547 catholicam
3156 485 3309 559 fidem
3331 499 3461 552 diri.

1876 563 1981 634 gat.
2015 556 2497 634 Cum_cnim_sit_nul
2528 561 2841 634 conjunga},
2871 573 2924 618 et
2967 556 3188 619 haeresis
3221 567 3461 623 insinua-

1880 628 2175 704 tioneinab
2208 629 2471 704 Agricola,
2505 639 2561 684 et
2587 628 2753 687 sancti
2775 631 3035 704 Germani
3080 635 3399 704 legationem
3429 656 3463 695 a

1878 692 2189 764 Caelestino,
2236 692 2291 751 εἰ
2317 692 2693 755 Britannorum
2722 702 2788 756 ad
2822 705 2976 758 fidem
3009 692 3329 761 catltblicam
3373 692 3463 763 re:

1878 765 2183 846 duc-tionem
2214 784 2242 821 a
2269 770 2914 846 s_ancto_Germano,_qu:e
2942 774 3043 846 tria
3073 774 3320 843 profecto
3350 795 3458 832 non

1881 838 2102 916 perinde
2141 840 2297 916 simul
2327 843 2598 916 contigere
2625 858 2702 916 ac
2750 838 3136 916 Simuliscrip‘ta
3167 856 3312 916 sunt,
3364 850 3462 903 sed

1880 908 2079 989 omnia,
2106 916 2164 961 ut
2188 909 2262 973 fit,
2289 908 2639 989 ad_pos'tremi
2670 920 2879 989 tempus
2906 915 3137 981 Prosper
3152 908 3461 989 revocavit;

1880 977 2062 1054 quidni
2091 993 2219 1054 ergo
2266 977 2466 1054 pariter
2483 977 3012 1054 revocasse'dicatur
3036 977 3302 1054 synodum
3328 1028 3344 1049 .
3375 977 3461 1043 vel

1881 1047 1947 1100 ad
1972 1047 2380 1123 conversionem
2408 1052 2805 1123 Britannorum,
2838 1070 2956 1123 quae
2984 1047 3250 1122 synodum
3278 1047 3461 1112 conse-

1882 1126 2000 1170 cuta
2030 1128 2113 1196 cst
2138 1120 2263 1196 ,_vel
2296 1122 2361 1174 ad
2391 1122 2772 1189 profectionem
2799 1120 2973 1196 sancti
3014 1120 3266 1179 Germani
3292 1166 3307 1192 ,
3339 1142 3461 1196 quae

1881 1202 1990 1241 uno
2021 1190 2105 1241 vel
2130 1192 2471 1267 alteronanno
2498 1195 2863 1267 praecesserit,
2896 1196 3067 1249 donec
3095 1197 3273 1250 omnia
3295 1190 3463 1267 appa-

1883 1266 2134 1333 rarentur
2155 1304 2168 1324 ,
2199 1271 2258 1333 et
2285 1259 2450 1314 Roma
2477 1259 2640 1330 ,‘post
2665 1265 2854 1333 synodi
2882 1267 3231 1332 electionem,
3263 1259 3462 1322 confir-

1882 1330 2045 1382 matio
2072 1330 2392 1386 adveniret?

1957 1400 2069 1454 lloc
2113 1403 2272 1454 etiam
2301 1401 2593 1456 secundum
2625 1404 2921 1462 dubitabile
2948 1422 3053 1462 non
3085 1407 3354 1463 immerito
3380 1407 3463 1461 vi-

1881 1470 1991 1549 deri
2027 1479 2224 1549 potest,
2248 1473 2387 1549 quod
2406 1473 2473 1527 ab
2501 1482 2721 1549 auctore
2748 1476 2883 1531 Vitas
2906 1492 3019 1533 suae
3048 1478 3225 1548 Lupus
3254 1477 3463 1549 dicatur

1882 1542 2097 1594 biennio
2122 1550 2240 1609 post
2268 1546 2631 1611 episcopatum
2654 1546 2904 1613 adeptum
2927 1542 3217 1604 comitatus
3238 1548 3464 1603 Germa-

1883 1626 2007 1666 num
2043 1612 2093 1687 in
2122 1613 2465 1687 expeditione
2492 1612 2816 1669 Britannica.
2844 1616 2978 1671 Cum
3008 1618 3150 1673 enim
3181 1618 3459 1687 episcopa-

1885 1690 1995 1735 tum
2041 1682 2109 1735 sit
2155 1683 2378 1747 adeptus
2429 1694 2547 1751 post
2587 1700 2788 1739 annum
2843 1682 3237 1744 exercitationis
3281 1682 3464 1743 Lerini

1883 1760 2151 1824 exactum,
2178 1763 2229 1824 et
2258 1753 2557 1808 Germanus
2584 1770 2727 1809 anno
2750 1758 2857 1812 429
2881 1758 3149 1824 profectus
3180 1759 3245 1813 sit
3281 1773 3312 1813 e
3337 1757 3464 1814 Gal-

1881 1823 2001 1897 liis,
2021 1823 2455 1897 testeAProspero
2479 1842 2492 1889 ;
2518 1827 2787 1897 quomodo
2816 1823 2928 1881 fieri
2970 1830 3143 1896 potuit
3173 1838 3233 1883 ut
3258 1828 3463 1897 Lupus.

1882 1894 2269 1967 ettirocinium
2308 1895 2752 1967 viuespiritualis
2788 1894 3030 1967 posuerit
3060 1899 3159 1953 sub
3193 1894 3466 1954 Honorato

1884 1963 2098 2026 abbate,
2133 1966 2219 2033 qui
2251 1978 2392 2018 anno
2418 1965 2522 2019 426
2542 1963 2889 2028 ἱιιειιιιιε,’νε1
2912 1979 3140 2023 exeunte
3162 1968 3285 2033 425,
3314 1983 3469 2024 crea-

1884 2042 1969 2107 tus
1996 2044 2079 2086 est
2114 2036 2446 2107 Arelatensis
2488 2038 2805 2104 episcopus,
2856 2048 2910 2093 et
2952 2040 3298 2093 nihilominus
3342 2047 3466 2107 post

1883 2104 2017 2177 duos
2045 2106 2387 2177 episcopatus
2408 2122 2577 2177 annos
2616 2108 3097 2175 peregrinationem
3126 2104 3468 2177 susceperit?

1888 2174 2081 2227 Verum
2112 2174 2298 2229 eadem
2331 2187 2412 2229 est
2436 2175 2594 2243 hujus
2623 2174 2782 2242 atque
2826 2180 3180 2243 prtecedentis
3205 2174 3350 2233 dubii
3380 2191 3468 2231 so-

1884 2244 2045 2307 iulio;
2094 2260 2214 2297 nam
2248 2245 2429 2312 Lupus
2454 2262 2482 2299 a
2522 2247 2729 2315 synodo
2758 2249 2988 2315 primum
3020 2249 3176 2303 datus
3219 2259 3301 2304 est
3330 2247 3471 2303 Ger~

1885 2329 2051 2389 manu
2081 2331 2263 2368 comes
2312 2317 2761 2385 peregrinationis
2808 2319 3113 2389 apostolica:
3158 2334 3291 2389 ann.
3333 2316 3467 2372 427.

1886 2384 2089 2458 Deinde
2119 2400 2216 2458 suo
2259 2384 2497 2453 tempore
2521 2427 2534 2449 ,
2584 2402 2704 2440 cum
2736 2384 2963 2455 primum
2997 2390 3248 2458 navigare
3283 2388 3459 2456 licuit,

1886 2456 2133 2525 ouiuibus
2166 2456 2266 2509 rite
2288 2458 2633 2524 comparatis,
2661 2458 2711 2509 in
2741 2460 2877 2511 viam
2907 2475 2965 2512 se
2992 2456 3158 2525 dedit,
3184 2459 3319 2513 forte
3336 2472 3467 2511 ann.

1885 2524 2009 2577 428.
2047 2526 2281 2594 Denique
2310 2536 2495 2581 coacto
2526 2526 2813 2581 Verolaniii
2838 2530 3064 2583 concilio
3090 2524 3378 2583 Britannos
3402 2527 3472 2582 ad

1889 2595 2044 2647 fidem
2074 2598 2334 2649 Convertit
2362 2611 2486 2649 ann.
2518 2598 2645 2650 429.

1958 2665 2193 2719 Tertiam
2222 2666 2595 2720 difﬁcultatem
2628 2668 2826 2721 faciunt
2850 2668 3012 2723 verba
3037 2669 3151 2723 haec
3167 2666 3473 2723 Constantii

1887 2735 2043 2809 (υιιιι.
2076 2752 2092 2787 ι
2118 2736 2275 2809 dVita:
2319 2740 2377 2788 S.
2414 2736 2586 2789 Germ.
2617 2754 2733 2809 cap.
2768 2739 2870 2807 19)
2898 2757 2909 2791 :
2944 2740 3137 2793 Eodem
3165 2749 3387 2809 tempore
3408 2753 3475 2791 ea:

1887 2805 2169 2879 Qi'itaiiiiiis
2191 2808 2381 2859 directa
2405 2809 2589 2877 legatio
2620 2805 2902 2861 Gallicanis
2937 2810 3187 2879 episcopis
3220 2805 3475 2861 nuntiavit

1889 2873 2227 2947 Pelagianam
2252 2873 2627 2945 perversitatem
2658 2880 2711 2930 in
2742 2880 2865 2932 locis
2889 2873 2993 2932 suis
3025 2873 3125 2932 late
3148 2879 3365 2949 papulas
3386 2893 3475 2949 oc-

1889 2962 2120 3013 cupasse,
2137 2957 2178 3000 et
2191 2950 2571 3015 quamprimum
2595 2949 2715 3015 fidei
2735 2948 3003 3003 catholica:
3022 2947 3198 3003 debere
3217 2947 3472 3001 succurri.

1893 3018 1969 3069 Ub
1996 3034 2150 3086 quam
2179 3034 2385 3070 causam
2423 3019 2649 3086 synodus
2694 3035 2962 3072 numerosa
2989 3020 3201 3073 collecta
3228 3026 3331 3083 est,
3361 3034 3473 3072 om-

217 3078 401 3147 Felicis
431 3092 668 3159 magistri
698 3078 945 3153 militum,
975 3090 1057 3144 vel
1085 3092 1185 3161 sub
1211 3091 1370 3161 linem
1394 3088 1518 3161 anui
1548 3078 1674 3152 49.3,
1699 3088 1784 3142 vel
1812 3078 1858 3143 C
1890 3078 2127 3156 nimiique
2160 3088 2365 3161 judicio
2393 3078 2494 3141 άιῖο
2542 3088 2789 3161 prwclara
2833 3089 3095 3161 rgligionis
3123 3078 3328 3161 lumina
3356 3090 3477 3142 uni-

217 3165 361 3216 initio
387 3161 685 3231 sequentis,
718 3161 984 3216 interfecit
1020 3178 1031 3212 :
1063 3160 1328 3229 siquidem
1361 3160 1541 3213 occiso
1570 3173 1783 3231 succes-

216 3234 334 3285 serit
368 3230 691 3298 Honoratus,
725 3233 815 3301 qui
846 3248 966 3286 cum
998 3231 1271 3286 biennium
1304 3232 1564 3301 tenuisset
1603 3230 1783 3301 sedem

219 3304 598 3365 Arelatensem,
629 3298 761 3357 obiit
787 3303 873 3357 die
895 3302 960 3356 16
980 3301 1221 3356 Januarii
1242 3316 1369 3355 ann.
1394 3299 1518 3366 429,
1540 3307 1600 3353 ut
1628 3298 1787 3353 habet

220 3374 640 3442 Martyrologium
670 3374 989 3427 Romanum.

286 3445 529 3513 Synodus
562 3445 725 3512 igitur
772 3444 949 3497 habita
991 3443 1203 3497 videtur
1234 3443 1302 3496 ab
1344 3442 1620 3495 llonorato
1658 3454 1783 3493 ann.

222 3513 335 3579 49.8,
377 3515 428 3568 in
471 3515 691 3568 civitate
733 3515 1058 3579 Arelatensi,
1098 3522 1378 3583 prtesente,
1424 3513 1588 3565 immo
1631 3525 1792 3583 nego-

225 3588 345 3638 tium
375 3595 598 3655 urgente
623 3626 639 3652 ,
672 3584 910 3640 Palladio
938 3582 1166 3639 diacono
1194 3586 1365 3639 sancti
1394 3582 1666 3638 leestini
1714 3582 1792 3634 le-

223 3666 358 3723 gato.

287 3728 362 3779 Ad
391 3742 508 3782 eam
543 3743 701 3794 porro
727 3729 894 3796 venit,
924 3736 980 3782 ut
1006 3742 1100 3797 par
1128 3736 1211 3782 est
1239 3724 1481 3797 credere,
1506 3736 1792 3797 numerosa

224 3793 587 3865 episcoporum
612 3814 680 3853 ex
709 3793 912 3867 septeni
941 3793 1571 3869 provinciis‘frequentia,
1598 3802 1706 3869 tum
1725 3793 1795 3869 ob

225 3862 293 3919 rei
322 3862 573 3936 gerenda:
600 3862 956 3935 momentum,
998 3870 1064 3923 de
1089 3867 1327 3934 pluribus
1354 3862 1500 3919 enim
1530 3862 1795 3932 episcopis

225 3938 602 3993 instituendum
628 3941 1057 4008 eratjudicium;
1092 3948 1199 3991 tum
1230 3949 1288 3990 ut
1335 3936 1798 4008 llonorato_testa-

226 4021 425 4079 rentur,
462 4010 595 4063 nihil
626 4010 729 4063 sibi
755 4004 1038 4079 superesse
1067 4009 1308 4077 pristina:
1330 4007 1590 4079 adversus
1612 4004 1800 4079 Patro«

228 4078 358 4132 clum
391 4080 771 4154 indignationis
798 4075 934 4150 {qui
966 4075 1152 4154 omnes
1192 4079 1305 4132 fere
1352 4075 1799 4154 ambitionissua:

226 4150 463 4216 potentia
500 4151 832 4217 otIenderat;
886 4162 994 4204 tum
1023 4151 1254 4217 denique
1300 4156 1358 4201 ut
1400 4153 1678 4200 servarent
1712 4150 1801 4213 jus

228 4222 495 4288 antiquum
524 4222 744 4275 canonis
773 4237 896 4275 mox
918 4222 1158 4285 citati,et
1185 4218 1487 4287 exemplum
1508 4230 1805 4284 sequeren-

231 4299 312 4344 tur
339 4292 618 4345 scecularis
659 4292 872 4346 concilii
902 4291 1126 4360 singulis
1153 4290 1307 4343 annis
1354 4304 1418 4341 ex
1447 4300 1646 4360 novem
1680 4300 1804 4360 pro-

227 4361 417 4415 viuciis
461 4362 677 4417 Arelate
715 4355 1029 4433 congregari
1078 4362 1221 4418 soliti
1268 4374 1299 4413 a
1326 4358 1580 4428 prtefecto
1609 4355 1806 4411 Gallia-

229 4446 363 4485 rum.

298 4503 376 4556 Ad
409 4519 528 4558 eam
577 4519 789 4575 quoque
827 4504 1138 4573 Anglicanas
1188 4501 1446 4555 Ecclesia
1488 4496 1809 4575 convenisse

232 4573 433 4641 legatos
461 4570 720 4629 credibile
748 4586 851 4639 est,
879 4570 991 4628 sive
1024 4582 1241 4642 propter
1266 4586 1444 4626 causa:
1469 4570 1806 4642 affinitatem,

234 4646 344 4697 sive
376 4646 517 4711 quod
549 4662 615 4699 ex
648 4656 790 4700 tanta
823 4641 1035 4716 synodo
1061 4641 1345 4712 sperarent
1375 4642 1531 4696 facile
1560 4656 1618 4696 se
1642 4641 1812 4707 impe-

235 4722 466 4768 traturos
497 4718 695 4771 auxilia
723 4732 841 4785 quae
874 4716 1197 4784 postulatum
1224 4722 1503 4785 venerant.

306 4785 495 4838 Verum
529 4800 587 4840 ut
633 4779 751 4840 haec
779 4779 1086 4853 conjectura
1119 4786 1235 4853 plus
1264 4784 1477 4845 valeat,
1516 4788 1609 4836 aut
1650 4779 1773 4835 fidei
1795 4819 1811 4845 ,

233 4862 322 4906 aut
349 4856 542 4909 saltem
566 4858 899 4911 credulitatis
925 4857 1186 4919 obtinere,
1212 4854 1445 4921 juvanda
1473 4863 1555 4906 est
1587 4866 1811 4918 restion-

232 4924 478 4979 sionibus
502 4927 569 4981 ad
598 4927 851 4981 nonnulla
881 4941 1002 4995 quae
1028 4926 1215 4980 venire
1242 4930 1464 4993 possunt
1492 4923 1544 4977 in
1582 4931 1815 4975 mentem

234 4996 479 5050 eruditis.

302 5065 371 5118 Et
390 5067 620 5133 primum
646 5067 773 5123 illud
789 5068 1005 5137 quidem
1029 5064 1601 5137 crearedifficultatem
1620 5070 1818 5131 potest,

233 5137 373 5204 quod
405 5139 645 5207 synodus
667 5155 697 5193 a
729 5136 881 5193 nobis
906 5140 973 5192 ad
1010 5154 1210 5193 annum
1237 5136 1343 5190 428
1372 5136 1672 5207 referatur,
1692 5148 1821 5207 cum

235 5216 413 5277 tamen
439 5203 488 5259 ’τι
524 5210 789 5277 Prospero
833 5208 1018 5262 missio
1055 5210 1225 5264 sancti
1255 5207 1507 5262 Germani
1538 5203 1826 5277 inABritan-

233 5276 404 5350 υἱῷ-ιη.
452 5294 479 5331 a
507 5274 714 5350 synodo
744 5281 957 5334 decreta
994 5289 1049 5333 et
1090 5298 1118 5332 ιι
1149 5278 1441 5334 Caelestino
1471 5274 1781 5350 conﬁrmata
1808 5313 1823 5338 ,

232 5346 658 5418 collocetur'sub
676 5351 955 5405 consulatu
982 5351 1238 5405 Florentii
1254 5358 1309 5403 et
1326 5349 1584 5418 Dionysii,
1599 5346 1686 5414 qui
1701 5360 1831 5418 con-

235 5417 354 5485 tigit
370 5434 502 5473 ann.
520 5420 645 5476 429.
658 5422 848 5475 Verum
867 5421 1114 5487 Prosperi
1135 5422 1283 5475 locus
1301 5433 1453 5472 suam
1464 5416 1654 5471 secum
1686 5416 1831 5487 solu-

232 5490 445 5543 tionem
471 5492 644 5545 aﬂ‘ert.
676 5493 763 5547 Sic
786 5493 931 5546 enim
956 5485 1015 5545 se
1043 5492 1237 5545 habet:
1261 5489 1434 5543 Felice
1460 5488 1527 5539 ad
1560 5485 1831 5555 patriciam

233 5558 544 5631 dignitatem
560 5573 817 5629 provecto,
844 5564 1019 5615 Aetius
1043 5564 1283 5631 magister
1306 5559 1527 5631 militum
1551 5562 1829 5631 facttmest,

234 5625 488 5713 {igricola
512 5625 824 5713 Pyaaianus
844 5633 1108 5713 Seueriani
1129 5625 1399 5713 "Pelagiani
1421 5625 1653 5713 episcoin
1670 5625 1832 5713 ﬁlius,

233 5694 507 5758 Ecclesias
541 5702 801 5759 litaerma:
824 5706 1078 5768 dogmatis
1098 5705 1178 5760 sui
1204 5694 1548 5758 insinuatione.
1569 5696 1833 5765 corrupit;

1889 3175 2151 3211 versorum
2200 3158 2429 3228 precibus
2464 3159 2758 3211 ambiuntur
2783 3200 2797 3221 ,
2850 3158 3136 3213 Germanus
3178 3175 3238 3213 ac
3268 3158 3475 3222 Lupus,

1891 3230 2161 3295 apostolici
2193 3230 2502 3292 sacerdotes,
2532 3238 2717 3282 terram
2743 3232 3061 3295 corporibus.
3077 3229 3254 3284 caelum
3282 3229 3478 3282 meritis

1891 3299 2223 3369 possidentes.
2252 3299 2317 3351 Et
2348 3308 2538 3367 quanto
2561 3300 2863 3351 laboriosiOr
2884 3301 3151 3357 necessitas
3171 3297 3478 3368 apparebat,

1893 3380 2031 3421 tanta
2058 3385 2167 3421 eam
2206 3371 2486 3438 promptius
2529 3370 2703 3422 heroes
2748 3369 3062 3423 devotissimi
3104 3376 3476 3438 susceperunt,

1893 3436 2213 3493 celeritatem
2257 3436 2444 3509 negotii
2488 3440 2609 3505 ﬁdei
2664 3439 2889 3492 stimulis
2940 3436 3272 3492 maturantes.
3342 3436 3477 3492 Nam

1896 3520 2113 3579 propter
2168 3510 2486 3562 audiendam
2542 3510 2835 3578 Anglorum
2910 3510 3230 3577 legationem
3289 3516 3481 3563 coacta

1895 3580 2090 3634 dicitur
2116 3580 2354 3649 synodus
2382 3596 2396 3633 :
2446 3580 2696 3633 dicuntur
2726 3591 2779 3633 et
2805 3582 2974 3633 sancti
3017 3579 3348 3633 celeritatem
3378 3593 3481 3649 ue-

1896 3651 2028 3720 gotii
2059 3648 2374 3713 maturassc,
2404 3650 2453 3702 id
2484 3660 2588 3713 est,
2618 3651 2797 3720 statim
2830 3650 3231 3716 adelegationc,
3263 3651 3314 3720 in
3337 3648 3482 3711 viam

1898 3719 1957 3774 Se
1984 3721 2197 3774 dedisse
2228 3738 2238 3772 :
2285 3735 2404 3775 cum
2438 3730 2613 3773 tamen
2657 3719 2814 3773 aliam
2852 3721 3107 3789 cogendae
3134 3719 3326 3790 synodi
3351 3732 3484 3790 cau-

1900 3806 2013 3845 sam
2065 3790 2441 3854 attulerimus,
2496 3800 2550 3844 et
2598 3805 2764 3858 prope
2794 3788 2991 3844 annum
3036 3790 3089 3843 in
3121 3788 3484 3859 comparanda

1900 3861 1987 3915 via
2019 3862 2260 3929 posuisse
2288 3872 2502 3914 sanctos
2528 3861 2672 3913 viros
2704 3861 3016 3914 dixerimus.

1972 3927 2164 3985 Gravis
2209 3941 2292 3985 est
2334 3931 2573 3997 profecto
2621 3930 2734 3983 haec
2784 3930 3111 3988 difficultas.
3153 3942 3348 3996 meque
3388 3927 3483 3981 diu

1903 4003 2219 4058 meditatum
2251 4004 2425 4068 coegit
2453 3999 2690 4061 tandem,
2725 4000 2774 4051 in
2811 4000 2949 4052 notis
2981 4000 3045 4052 ad
3072 3999 3361 4068 decretum
3380 3997 3490 4068 Va:-

1905 4072 2183 4127 lentiuiani
2209 4066 2447 4124 tertii'ad
2480 4072 2755 4123 Aniacium
2780 4069 2839 4121 Ι).
2869 4069 3184 4130 Galliarum,
3217 4066 3488 4135 suspicari

1906 4143 2190 4207 episcopos
2221 4142 2289 4194 de
2323 4141 2515 4207 quibus
2547 4140 2781 4206 loquitur
2821 4138 3113 4206 imperator
3158 4139 3210 4191 in
3244 4136 3489 4207 decreto,

1908 4205 2212 4266 Gallicanos
2248 4205 2409 4263 fuisse
2438 4205 2631 4274 dictos,
2657 4210 2780 4278 quia
2817 4205 3001 4263 essent.
3028 4207 3127 4261 sub
3164 4205 3492 4278 praefectura

1910 4282 2238 4344 Galliarum;
2274 4281 2438 4334 fuisse
2473 4288 2650 4332 autem
2676 4274 2855 4347 'reipsa
2889 4274 3194 4343 Britannos,
3226 4291 3363 4346 quos
3389 4274 3492 4347 Pa-

1911 4354 2116 4407 troclus
2153 4352 2442 4405 convenire
2479 4350 2728 4413 deberet,
2769 4345 3061 4419 episcopus
3108 4362 3302 4416 nempe
3347 4345 3495 4401 urbis

1835 4455 1887 4515 ι)
1914 4423 2261 4515 meropes:
2379 4421 3165 4515 quaereret"exseritur;
3192 4428 3497 4515 6:33.12?

1914 4494 2055 4549 mitti
2094 4487 2352 4562 possent,
2395 4487 2530 4546 cum
2559 4491 2750 4560 legati,
2796 4490 2899 4562 qui
2924 4500 3168 4562 errantes
3208 4487 3497 4562 docerent;

1917 4574 2028 4619 tum
2068 4558 2344 4634 synodalia
2376 4558 2761 4634 decreta,‘quae
2791 4558 3186 4634 ecclesiasticas
3215 4558 3400 4634 minas
3417 4558 3499 4634 in-_

1918 4628 2185 4691 tentarent
2234 4633 2549 4694 rebellibus;
2604 4628 2714 4685 tuin
2768 4632 2928 4687 etiam
2970 4630 3206 4685 edictum
3263 4628 3500 4697 praefecti

1918 4722 2039 4760 cum
2075 4706 2328 4760 mandato
2358 4704 2423 4757 ad
2447 4703 2866 4776 Vicarium,_quo
2888 4702 3188 4776 pertinaces
3210 4700 3388 4776 pugnis
3410 4712 3501 4776 co-

1921 4777 2154 4831 hiberet.
2186 4777 2253 4830 Et
2276 4790 2420 4836 vero,
2453 4782 2575 4841 post
2602 4768 3183 4834 concilium'habitum,
3213 4768 3304 4841 qui
3336 4768 3504 4821 obsti-

1922 4856 2046 4901 nate
2087 4849 2437 4914 perstiterunt
2456 4839 2528 4914 in
2560 4858 2744 4914 errore
2772 4858 2799 4893 a
2820 4841 3169 4914 magistratu
3198 4839 3505 4914 damnatos,

1924 4925 2047 4971 sunt
2067 4906 2158 4985 (iui
2180 4917 2421 4969 scribant
2441 4913 2660 4983 (Hector
2682 4906 3092 4985 Boethius'rScot.
3116 4908 3338 4985 hist._lib.
3358 4906 3507 4985 vni);

1926 4987 2021 5041 scd
2066 4976 2169 5039 non
2201 4998 2405 5052 magna:
2444 4976 3009 5056 auctoritatisdiacin
3050 4990 3203 5056 parte
3237 4976 3508 5056 homines.

1927 5058 1997 5112 Ut
2026 5065 2083 5109 ut
2108 5058 2195 5119 sit,
2231 5048 2336 5107 non
2376 5068 2463 5107 mc
2493 5053 2733 5108 deterret
2765 5052 2832 5106 ab
2870 5050 3119 5120 opinione
3158 5048 3508 5120 Constantius

1929 5127 2039 5182 suis
2072 5118 2189 5179 illis
2203 5124 2403 5197 verbis,
2432 5123 2595 5197 imm_o
2615 5118 3126 5197 ‘confirniat’magis;
3150 5132 3336 5197 quaero
3360 5118 3509 5197 enim

1930 5200 1995 5251 ad
2026 5210 2183 5265 quem
2216 5188 2417 5247 directa
2443 5192 2512 5246 sit
2532 5188 3281 5265 Britannorumieg’atio.’An
3310 5188 3377 5242 ad
3403 5188 3509 5240 siu«

1931 5260 2084 5337 gulos
2122 5264 2412 5320 Galliarqu
2460 5264 2741 5337 episcopos
2766 5262 2830 5337 _in_
2861 5263 2972 5316 suis
3008 5260 3226 5337 sedibus
3265 5273 3509 5337 commo-

1935 5329 2117 5392 rautes
2150 5356 2160 5387 :
2195 5346 2249 5388 at
2278 5347 2449 5401 neque
2480 5333 2531 5386 id
2562 5329 2725 5386 moris
2760 5332 2878 5397 fuit,
2916 5347 3088 5399 neque
3119 5331 3184 5401 ad
3214 5329 3512 5401 cogendam

1935 5408 2195 5479 synodum
2216 5399 2580 5479 mitteiidaque
2603 5402 2798 5457 auxilia
2822 5403 3097 5479 valuisset.
3122 5399 3207 5455 An
3225 5399 3511 5479 adprimus

1936 5472 2113 5544 scdes,
2144 5476 2627 5547 quodconsuetum
2658 5472 2901 5547 erat._lta
2931 5486 3059 5524 sane
3096 5488 3109 5523 :
3145 5481 3199 5524 at
3230 5472 3509 5533 primatum

1940 5543 2537 5609 tenebat'Arclatensis,
2563 5558 2766 5611 suoque
2803 5543 2924 5611 jure
2963 5556 3268 5596 convocare
3309 5548 3509 5611 poterat

1939 5621 2202 5691 synodum
2244 5633 2310 5671 ex
2338 5607 2934 5691 omnibusGalliarum
2959 5611 3267 5691 provinciis.
3297 5607 3496 5691 _’Qui.du

1941 5678 2069 5764 ergo
2090 5693 2299 5747 dicatur
2323 5685 2653 5742 Arelatensis
2679 5683 2874 5754 praesul
2900 5678 3197 5746 Patroclus,
3222 5690 3272 5736 et
3297 5678 3506 5749 legatio-
