3970 6282
454 157 561 215 375

878 157 970 214 AD
1008 154 1291 214 PARTEM
1332 152 1602 211 PRIMAM
1638 104 2034 210 OPERUM'M.
2077 139 2522 204 MERCATORIS
2562 133 2911 194 APPENDIX
2948 129 3292 193 SECUNDA.

3623 123 3734 185 576

452 267 713 324 defecturi
741 278 867 325 sunt
887 270 1157 341 episcopis
1180 270 1329 325 nullo
1371 277 1528 339 pacto
1552 274 1646 322 aut
1673 268 1882 323 ratione
1911 268 2037 322 sub—
2063 266 2114 327 A
2141 271 2267 341 ante
2294 257 2607 341 concilium_
2630 254 2958 341 Εωιθεὶηξξφ
2981 253 3062 341 -ίῐξ
3079 338 3090 341 _
3110 245 3735 341 @Pﬁfe'ﬂjﬂ‘fﬂﬂ

451 341 624 408 iectus
653 356 773 396 esse
798 340 1017 396 debere.

525 408 588 490 4ἶ
643 430 661 462 ι
693 412 747 468 Si
763 411 1075 490 _qui_aut_em
1102 411 1419 490 clericorum
1442 409 1759 475 defecerint,
1798 418 1866 490 _et
1915 410 2037 490 ausi

453 478 672 546 iuerint,
698 484 781 537 vel
796 478 1073 550 privatim,
1102 484 1190 538 vel
1219 482 1448 551 publice,
1476 496 1595 552 quae
1643 489 1771 535 sunt
1798 478 2031 552 Nestorii

453 561 547 622 aut
593 552 828 608 Coelestii
858 568 1070 622 sapere,
1116 550 1379 609 sancitum
1407 550 1550 606 est‘a
1588 561 1773 606 sancta
1824 550 2030 621 synodo

452 621 587 693 istos
615 637 828 692 quoque
852 621 1124 693 depositos
1147 638 1287 679 esse.

505 692 581 764 _5.
624 713 642 744 ›
669 692 1002 764 Quicumque
1030 703 1209 749 autem
1232 694 1303 748 ob
1332 693 1507 760 turpia
1528 700 1676 762 gesta
1698 699 1877 764 suntia
1905 706 2033 762 syn-

375 762 386 772 ‘
452 761 561 817 odo
580 761 942 831 condemnati,
967 765 1051 819 vel
1078 780 1106 819 a
1131 764 1360 833 propriis
1388 761 1579 818 eorum
1609 763 1897 832 episcOpis,
1914 764 2032 833 qui-

451 833 553 887 bus
577 843 772 902 praater
790 850 1024 890 canones
1054 833 1460 901 Nestorius,qui
1491 834 1695 888 nullum
1724 849 1901 888 rerum
1931 835 2032 889 dis-

452 907 658 960 crimen
684 905 1121 975 habebat,etaui
1148 919 1270 959 cum
1294 903 1591 975 illoeadem
1616 905 1855 975 sentiunt
1874 906 2033 959 resti-

452 983 609 1029 tuere
652 975 830 1030 conati
881 984 1005 1031 sunt
1057 975 1283 1045 gradum
1326 974 1411 1029 vel
1442 974 1903 1045 communionem,
1936 988 2031 1030 aut

452 1045 820 1111 conabuntur;
847 1045 982 1101 istos
1003 1044 1317 1102 censuimus
1339 1044 1475 1099 nihil
1502 1045 1891 1114 profecisse,et
1918 1061 2032 1100 ma-

450 1129 584 1170 nere
609 1123 663 1170 et
690 1130 811 1171 esse
839 1116 1192 1172 nihilominus
1221 1115 1514 1184 depositas.

521 1185 578 1240 6.
644 1205 663 1239 ›
699 1186 959 1243 Similiter
1010 1197 1190 1243 autem
1236 1198 1291 1242 et
1332 1186 1376 1240 si
1417 1187 1505 1254 qui
1530 1185 1699 1240 velint
1725 1200 1787 1241 ea
1817 1201 1935 1255 quae
1963 1188 2031 1243 de

450 1255 679 1327 singulis
709 1272 804 1325 per
825 1266 1067 1330 sanctam
1091 1260 1356 1330 synodum
1384 1255 1882 1330 Ephesinamgesta
1905 1268 2032 1313 sunt

450 1342 791 1397 quocumque
811 1328 974 1384 modo
995 1327 1233 1398 movere,
1248 1336 1433 1383 sancta
1454 1327 1693 1398 synodus
1710 1328 1823 1396 ipsa
1846 1329 2030 1384 decre-
2122 1345 2130 1354 '

449 1399 545 1461 vit,
578 1399 620 1452 si
641 1400 857 1468 quidem
882 1399 1120 1469 episcopi
1141 1397 1233 1454 aut
1253 1398 1439 1469 clerici
1456 1397 1673 1469 iuerint,
1702 1412 1797 1453 eos
1811 1402 2031 1454 omnino

448 1482 479 1519 a
511 1470 732 1537 proprio
758 1468 952 1526 cadere
972 1471 1174 1541 gradu;
1206 1470 1253 1525 si
1277 1485 1406 1525 vero
1435 1468 1576 1535 laici,
1603 1470 2031 1526 excommunica-

450 1546 533 1592 l0$
556 1553 695 1595 esse.
729 1559 747 1591 t

520 1608 580 1681 in
605 1612 961 1681 conciliabula
983 1610 1446 1666 schismaticorum
1460 1623 1688 1678 quorum
1717 1625 1908 1681 agmen
1929 1610 2030 1667 du-

449 1679 606 1735 cebat
648 1680 883 1737 Joannes
936 1681 1234 1737 Antiochiae
1284 1681 1592 1750 episcopus,
1633 1679 1876 1737 Julianus
1904 1697 2029 1737 cum

449 1752 566 1824 suis
591 1753 943 1824 participibus
968 1754 1248 1808 absolutus
1275 1753 1434 1820 vulgo
1455 1752 1673 1816 dicitur,
1714 1768 1887 1821 eaque
1912 1754 2031 1824 opi-

450 1822 542 1875 nio
573 1822 799 1893 auctore
822 1823 1086 1892 Gregorio
1110 1823 1300 1892 Magno
1331 1830 1452 1875 nata
1473 1831 1578 1886 est,
1606 1830 1673 1893 ut
1700 1825 1885 1878 multis
1914 1822 2031 1893 pla-

449 1892 937 1963 cet.Scribitenim
962 1909 991 1947 a
1020 1895 1252 1963 quodam
1283 1893 1517 1947 concilio
1536 1892 1678 1962 quod
1699 1893 2031 1961 Ephesinnm

450 1960 852 2019 schismaticum
876 1960 1087 2032 putant,
1104 1964 1385 2020 dellnitum
1411 1963 1479 2017 de
1502 1960 1634 2017 Adae
1663 1960 1873 2019 anima:
1899 1965 2033 2033 Quia

450 2032 505 2105 in
524 2044 729 2102 peccato
749 2043 949 2088 mortua
986 2050 1085 2088 non
1117 2034 1289 2105 fuerit,
1320 2050 1381 2088 eo
1418 2035 1556 2103 quod
1604 2033 1839 2088 diabolus
1865 2035 1916 2089 in
1946 2051 2034 2088 cor

451 2103 673 2158 hominis
690 2122 790 2175 non
806 2103 1157 2175 ingrediatur;
1179 2115 1223 2160 et
1249 2107 1293 2158 si
1316 2105 1428 2174 quis
1450 2106 1546 2157 ltoc
1567 2105 1796 2169 dixisset,
1819 2105 2035 2160 anathe-

452 2182 685 2248 ma__e_sset
710 2174 848 2248 (Lib.
868 2174 1136 2248 eregesti
1165 2177 1313 2248 epist.
1349 2176 1438 2248 id,
1466 2174 1629 2248 et_lib._
1659 2190 1716 2248 vt_
1739 2177 1889 2243 epist.
1916 2177 2032 2246 61).

526 2243 815 2315 Historiam
857 2247 935 2301 rei
988 2243 1130 2301 illius
1181 2243 1440 2315 prolixius
1481 2245 1588 2299 alio
1620 2246 1670 2299 in
1703 2246 1823 2299 loco
1852 2243 2036 2301 narrat

485 2312 637 2399 Imbro
666 2332 739 2399 vii
775 2314 1069 2399 episfim),
1118 2312 1380 2399 debetque
1419 2316 1473 2369 in
1524 2315 1720 2399 multis.
1758 2315 2034 2399 codicibus

499 2385 1068 2456 onstantinopolitanis
1088 2397 1142 2443 et
1170 2385 1367 2442 lsauris
1390 2385 1652 2453 permixta
1698 2385 1862 2441 fuisse
1911 2396 2031 2442 acta

452 2454 735 2529 catbclicae
760 2454 952 2529 synodi
981 2472 1103 2513 cum
1131 2459 1294 2529 gestis
1320 2457 1533 2529 concilii
1559 2456 1783 2511 alterius
1806 2472 2033 2529 ;_verum

451 2525 511 2598 in
542 2524 689 2583 hisce
714 2524 900 2598 gestis,
931 2524 1233 2597 cujusmbdi
1256 2542 1396 2582 nunc
1431 2526 1715 2593 habemus,
1763 2526 1900 2582 nihil
1931 2529 2035 2583 tale

452 2596 759 2665 invenitur;
788 2614 961 2667 neque
974 2596 1106 2655 vero
1128 2597 1635 2655 inveniebaturolim
1659 2598 1711 2653 in
1740 2602 2033 2667 primarum

452 2667 661 2723 sedium
702 2667 1002 2725 codicibus.

526 2738 725 2794 Contra
752 2741 890 2795 hanc
904 2739 1271 2796 deﬁnitionem
1290 2738 1529 2809 disputat
1556 2749 1772 2794 sanctus
1789 2740 2034 2809 pontifex

454 2806 629 2863 citatis
666 2810 722 2865 in
754 2810 885 2866 locis
913 2811 1150 2877 duobus;
1183 2810 1278 2866 sed
1310 2806 1396 2864 ita'
1427 2818 1487 2863 ut
1528 2820 1758 2865 mortem
1790 2806 2034 2878 'peccato

454 2885 791 2950 contractam
818 2881 886 2935 ab
905 2880 1113 2935 Adamo
1135 2884 1520 2948 interpretetur
1544 2881 1596 2934 in
1623 2881 1801 2950 primo
1828 2881 1895 2936 de
1917 2883 2033 2937 sola

455 2948 750 3020 spiriﬁtuali;
780 2949 834 3003 in
861 2953 1098 3005 secundo
1127 2951 1194 3005 de
1221 2950 1489 3016 corporali
1512 2948 1744 3020 quoque,
1770 2950 1860 3020 ubi
1896 2966 2030 3005 con-

2059 1647 2109 1707 B

2138 334 2317 403 reipsa
2347 339 2560 403 coactas
2583 319 2760 403 fuisse
2774 326 2949 380 sentio
2978 339 2996 378 :
3039 338 3149 380 eas.
3178 330 3356 377 tamen
3406 319 3737 403 emittendae

2139 396 2345 473 puiavi,
2376 402 2500 471 quia
2529 396 3081 473 sententiam_meam_,
3119 407 3295 463 neque
3318 398 3465 473 certa
3481 399 3737 473 veterum

2136 462 2539 537 iestiﬁcatione,
2572 482 2746 537 neque
2771 465 2943 520 valida
2975 462 3217 531 ratione,
3245 462 3339 517 sed
3385 469 3588 515 tantum
3621 472 3734 515 non

2135 542 2476 614 improbabili
2504 538 2836 614 conjectura,
2857 538 3201 614 conﬁrmare
3221 546 3463 604 possum.

2208 597 2405 670 Habita
2441 622 2525 666 est
2554 597 2722 682 prima
2772 597 2972 682 Ephesi
3004 609 3075 682 iri
3110 597 3239 661 Asia
3290 618 3419 658 ann.
3475 600 3604 682 “'1.
3657 597 3734 682 de

2134 685 2398 758 quatnisi
2440 670 2641 758 fallor,
2668 670 2993 748 loquebatur
3039 675 3274 746 Prosper
3310 688 3435 729 cum
3466 670 3739 727 scriberet
3833 712 3839 758 ἐ

2134 750 2227 829 (In
2247 755 2421 811 Carm.
2445 769 2560 823 cap.
2588 750 2649 819 2)
2681 768 2693 803 ;

2229 847 2482 897 Prastereo
2504 846 2687 905 quanto
2707 839 2860 890 fuerit
2881 840 3014 905 bene
3029 842 3159 888 mota
3170 835 3390 905 _tumultu

2228 907 2364 957 Clara
2387 897 2627 968 Ephesos,
2653 916 2747 970 non
2761 915 2909 970 passa
2931 902 3035 951 suis
3051 900 3321 970 consistere
3341 897 3483 970 tectis

2228 970 2352 1019 Vasa
2376 963 2480 1027 iraa,
2502 971 2556 1017 et
2574 963 2730 1015 morbi
2754 965 2918 1026 ﬁatus,
2949 971 3003 1013 et
3022 963 3211 1012 semina
3234 963 3421 1012 mortis.

2133 1072 2265 1127 Nam
2291 1085 2480 1127 versus
2519 1069 2767 1138 Prosperi
2797 1067 3024 1138 intelligi
3052 1081 3177 1138 Anon
3206 1079 3367 1136 posse
3396 1065 3465 1121 de
3512 1066 3732 1137 synodo

2136 1142 2491 1203 memnenica,
2522 1136 2710 1195 videor
2738 1138 2869 1194 mihi
2896 1136 3177 1193 manifeste
3212 1136 3648 1206 demonstrasse,
3678 1139 3738 1193 in

2134 1214 2277 1268 notis
2306 1213 2372 1267 ad
2408 1211 2736 1268 Commonit.
2766 1209 3079 1265 Mercatoris
3108 1207 3262 1279 (Cap.
3293 1208 3372 1278 1).
3740 1250 3741 1259 χ

2206 1282 2454 1340 Secunda
2500 1281 2781 1353 Syracusis
2830 1282 2883 1335 in
2936 1279 3139 1345 Sicilia,
3198 1280 3267 1334 de
3319 1293 3424 1349 qua
3475 1279 3737 1350 ejusdem

2134 1369 2326 1411 versus
2365 1357 2691 1422 interpretor
2712 1369 2727 1405 :

2228 1446 2432 1509 Quaque
2454 1445 2549 1494 ﬁde
2573 1444 2724 1494 tellus
2748 1444 2904 1509 etiam
2919 1443 3170 1509 Trinacria
3189 1440 3394 1509 fervens

2232 1506 2418 1571 Agmen
2441 1509 2697 1570 vipereum
2727 1507 2935 1568 prapriis
2957 1506 3193 1567 exegerit
3214 1507 3334 1555 oris.

2133 1614 2288 1683 Nam,
2321 1621 2380 1668 ut
2402 1627 2547 1679 smne
2570 1611 2775 1666 dictum
2802 1618 2906 1683 est,
2937 1610 3054 1664 sine
3081 1608 3414 1683 auctcritate
3439 1606 3633 1683 synodi
3663 1607 3741 1663 de

2136 1700 2232 1740 sua
2261 1678 2391 1740 sede
2410 1678 2589 1739 nullus
2606 1683 2734 1736 olim
2766 1681 3050 1749 episcopus
3072 1679 3431 1748 dejiciebatur
3447 1678 3740 1748 {dejectos

2135 1771 2268 1811 vero
2324 1755 2504 1823 plures
2533 1755 2583 1808 in
2618 1750 2799 1808 Sicilia
2832 1750 3196 1823 ostendemus
3222 1750 3299 1823 _in
3348 1749 3741 1805 dissertatione

2137 1819 2435 1896 quinta-ad
2455 1824 2695 1878 libellum
2725 1820 2847 1896 lidei
2875 1820 3156 1896 aduliano
3172 1819 3397 1896 editum.

2206 1895 2385 1951 Tertia
2418 1895 2623 1959 Romae,
2669 1893 2768 1946 sub
2799 1891 3091 1955 Bunifacio,
3123 1890 3192 1945 de
3220 1905 3325 1959 qua
3354 1890 3498 1946 idem
3539 1898 3739 1946 auctor

2138 1966 2275 2039 (Lib.
2308 1964 2602 2039 αρηῃζὶοζι.
2635 1980 2751 2039 cap.
2782 1962 2914 2039 ωε
2967 1961 3188 2039 Quendo
3241 1969 3432 2035 sancta:
3472 1962 3741 2039 meritoria:

2137 2033 2273 2105 papa
2319 2035 2621 2105 Bonifacius
2664 2034 3030 2105 piissimorume
3059 2033 3426 2105 imperatorum
3472 2033 3738 2105 gathotira

2137 2101 2402 2161 iteratione
2429 2101 2710 2177 gaudebat,
2738 2112 2786 2177 et
2811 2112 2988 2177 contra
3014 2101 3248 2177 inimicos
3270 2101 3597 2177 gratiwpei,
3624 2119 3739 2158 non

2136 2179 2303 2231 solum
2324 2173 2644 2246 apostolicis,
2667 2174 2756 2246 sed
2781 2175 2931 2246 etiam
2955 2173 3109 2246 regiis
3130 2173 3373 2246 utebatur
3413 2173 3618 2228 edictis.

2206 2241 2460 2315 Quartam
2513 2244 2856 2315 Alexandria:
2887 2241 3154 2299 antu—450
3192 2243 3463 2315 Cyrillus.
3520 2259 3619 2313 per
3669 2258 3741 2299 se

2136 2314 2350 2387 quidem
2410 2319 2462 2370 in
2519 2330 2681 2372 causa
2736 2314 2967 2387 Nestorii
3006 2355 3021 2379 ,
3081 2329 3145 2387 ex
3203 2314 3489 2387 occasione
3540 2323 3738 2387 tamen

2135 2383 2355 2459 propter
2408 2387 2750 2459 Pelagianos,
2808 2384 3003 2459 ccegit,
3043 2384 3177 2459 _sive
3211 2383 3735 2459 _quod_accepisset

2135 2454 2254 2514 acta
2279 2459 2490 2514 concilii
2523 2454 2751 2512 Romani
2783 2470 2808 2507 a
2839 2454 3133 2526 Caelestino
3160 2454 3225 2508 ad
3248 2469 3309 2510 se
3337 2454 3522 2526 inissa.
3547 2454 3734 2526 iisque

2136 2538 2520 2593 consentanea,
2553 2544 2674 2584 cum
2722 2527 2789 2581 de
2826 2525 3104 2589 NeStorio,
3154 2534 3264 2579 tum
3318 2524 3741 2595 dePelagia'nis

2137 2603 2348 2655 sancire
2371 2600 2537 2656 vellet
2559 2616 2574 2655 :
2599 2600 2713 2653 sive
2734 2597 2855 2666 quia
2880 2604 3105 2651 noverat
3124 2595 3332 2666 aliquos
3353 2594 3527 2650 adhuc
3555 2594 3739 2666 latere

2138 2671 2189 2724 in
2221 2671 2457 2726 Ecclesia
2506 2685 2601 2725 sua
2644 2665 2937 2736 discipulos
2986 2665 3254 2736 Valeriani
3305 2665 3602 2735 Pelagiani,
3658 2665 3737 2723 de

2136 2757 2243 2810 quo
2272 2741 2508 2796 cavendo
2535 2742 2768 2795 monitus
2788 2735 2999 2810 fuerat,
3016 2736 3127 2804 jam
3158 2735 3284 2791 inde
3307 2751 3353 2810 ea
3387 2736 3730 2805 temporibus

2136 2806 2453 2877 Innocentii,
2485 2827 2514 2865 a
2544 2810 2773 2881 quodam
2806 2808 3061 2881 Eusebio,
3094 2821 3254 2881 quem
3297 2806 3735 2881 Cremonensem

2137 2874 2449 2951 episcopum
2470 2874 2721 2948 opinatus
2748 2889 2831 2933 est
2859 2874 3126 2933 Baronius
3153 2874 3262 2949 (In
3290 2875 3485 2931 Annal.
3533 2878 3604 2931 ad
3632 2894 3735 2933 an.

2135 2951 2263 3017 417,
2296 2970 2436 3007 nunt.
2473 2952 2590 3017 15).

2182 2953 2263 3017 l7,
2296 2970 2436 3007 nunt.
2473 2953 2590 3017 15).

455 3011 779 3091 sentientem
805 3020 964 3076 habet
996 3011 1376 3091 Augustinum,
1407 3020 1500 3089 qui
1529 3011 1738 3089 ᾗ)τίιίιώ
1763 3018 2031 3091 interpre-
2057 3011 2104 3074 C
2209 3011 2340 3077 Post
2365 3011 2687 3091 Ephesinnm
2718 3018 3007 3091 concilium
3036 3025 3268 3091 quatuor
3295 3017 3499 3091 paiitcr
3528 3018 3741 3091 synoﬁ

454 3089 640 3161 tationi
672 3106 910 3161 pugnare
935 3092 1090 3147 solet.

530 3159 727 3216 Verum
752 3159 843 3217 hic
866 3164 1037 3218 oritur
1061 3161 1349 3217 difﬁcultas
1379 3174 1485 3216 non
1507 3161 1661 3227 levis,
1690 3160 1817 3230 quid
1846 3176 2040 3230 nempe

455 3229 541 3303 ad;
575 3246 689 3287 rem
721 3232 1132 3303 Pelagianorum
1174 3232 1376 3288 faceret
1404 3233 1508 3288 iste
1552 3229 1747 3300 canon,
1788 3247 1910 3287 cum
1960 3229 2038 3288 illi

457 3301 690 3356 animam
719 3301 913 3359 Adami
941 3313 1206 3359 mortuam
1234 3304 1346 3359 Deo
1371 3318 1465 3372 per
1495 3314 1793 3372 peccatum,
1818 3318 1917 3358 nec
1947 3319 2041 3360 ne-

458 3382 667 3439 garent,
700 3387 799 3428 nec
842 3376 897 3429 in
923 3391 989 3430 eo
1017 3375 1370 3429 dissentirent
1400 3389 1428 3428 a
1457 3373 1759 3428 catholicis.
1810 3372 2037 3441 Deinde,

456 3442 732 3514 quomodo
755 3458 821 3497 ex
852 3459 918 3499 eo
936 3445 1076 3514 quod
1100 3443 1344 3498 diabolus
1374 3444 1521 3514 illabi
1546 3458 1649 3498 non
1673 3444 1844 3512 possit
1870 3447 1919 3498 in
1945 3459 2040 3500 cor

458 3510 716 3583 hominis,
763 3510 1015 3569 conﬁciat
1043 3514 1127 3566 vel
1155 3514 1208 3567 in
1235 3513 1473 3582 speciem
1513 3510 1775 3583 quiSpiam
1800 3515 2036 3571 animam

458 3581 653 3654 Adami
683 3592 904 3652 peccato
925 3600 1032 3642 non
1063 3598 1184 3638 esse
1214 3581 1500 3654 mortuam.
1530 3581 1613 3654 An
1633 3598 1699 3638 eo
1729 3599 1899 3654 usque
1945 3586 2040 3642 de“

459 3651 697 3723 sipuisse
723 3654 1017 3723 putandum
1066 3663 1151 3709 est
1193 3653 1496 3708 Orientales
1534 3651 1929 3722 schismaticos,
1980 3666 2040 3712 ut

457 3722 957 3797 nonadverterent
998 3725 1107 3797 hac
1138 3723 1493 3797 rationetolli
1532 3740 1692 3797 omne
1736 3739 2033 3797 peccatum,

456 3792 889 3866 quod‘instinctu
911 3795 1113 3850 diaboli
1141 3794 1328 3866 ﬁeret?
1352 3794 1505 3849 Hunc
1528 3792 2039 3866 nodum'attigerunt

457 3862 645 3936 aliqui,
679 3879 840 3920 nemo
863 3866 1123 3921 hactenus
1152 3864 1555 3935 explicavit.An
1585 3862 1899 3936 versipelles
1929 3868 2038 3923 hae-

458 3935 614 3989 retici
644 3936 790 4005 credi
831 3946 1056 4005 possunt
1096 3936 1375 3991 deﬁnitum
1403 3936 1640 3992 voluisse
1663 3952 1694 3991 a
1724 3937 1835 3991 suis
1859 3946 2038 4005 patro-

459 4004 548 4059 nis
565 4004 709 4075 quod
736 4007 1058 4062 catholicum
1075 4022 1171 4075 per
1201 4021 1262 4062 se
1283 4006 1551 4073 foret,sed
1574 4023 1640 4062 ex
1670 4021 1776 4076 quo
1806 4004 2037 4064 conﬁce-

457 4084 581 4148 rent
616 4077 767 4148 apud
796 4078 985 4148 vulgus
1014 4077 1217 4131 nullum
1264 4092 1387 4133 esse
1427 4086 1701 4147 peccatum
1733 4078 2035 4146 originale?

2142 3088 2426 3148 celebrata:
2451 3102 2574 3146 sunt
2598 3093 2785 3160 quinto
2810 3090 3011 3145 saeculo
3061 3088 3318 3143 adversus
3359 3088 3582 3158 Pelagii,
3611 3091 3745 3146 sive

2142 3178 2378 3229 errores,
2403 3163 2520 3216 sive
2542 3159 2795 3231 reliquias
2822 3180 2833 3213 :
2868 3161 3077 3230 quinto,
3100 3159 3339 3230 inquam,
3370 3160 3591 3230 saeculo,
3626 3175 3743 3217 nec

2141 3235 2284 3289 enini
2326 3235 2464 3288 ultra
2493 3247 2785 3287 excurrere
2814 3242 2899 3286 est
2920 3231 3153 3285 animus.

2213 3305 2389 3371 Quare
2435 3302 2783 3371 praetermitto
2832 3302 3119 3356 concilium
3161 3299 3533 3364 Sardiniense.
3581 3301 3744 3370 quod.

2142 3375 2328 3430 Patres
2357 3374 2593 3429 Africani
2625 3375 2677 3427 in
2703 3372 2949 3428 Sardinia
2980 3371 3193 3427 exsules
3228 3373 3407 3427 fecere
3434 3388 3558 3427 ann.
3590 3373 3741 3442 521,

2142 3447 2401 3515 cujusque
2431 3460 2580 3500 niens
2619 3446 2716 3498 fuit
2750 3443 3083 3515 Fulgentius.

2212 3510 2413 3570 Omitto
2444 3516 2642 3585 pariter
2671 3510 2889 3585 celebre
2931 3512 3065 3585 illud
3094 3510 3479 3585 Arausicanutp
3528 3526 3743 3585 securi.

2142 3586 2290 3648 dum.
2320 3581 2461 3655 quod
2492 3586 2559 3640 14
2604 3584 2863 3654 episcopi,
2918 3584 3114 3655 quibus
3148 3581 3379 3655 praefuit
3430 3581 3744 3655 (its-sarius,

2139 3652 2411 3713 Arausicae
2436 3652 2736 3711 habuerunt
2760 3652 2951 3709 v‘non.‘
2976 3654 3109 3718 Jul.,
3143 3654 3305 3709 Decio
3347 3652 3561 3722 juniore
3593 3669 3743 3710 con-

2141 3728 2280 3791 sule,
2313 3727 2363 3781 id
2389 3736 2490 3793 est,
2522 3742 2649 3781 ann.
2683 3724 2884 3780 Christi
2906 3725 3033 3792 529,
3055 3723 3251 3779 Felicis
3273 3724 3451 3793 quarti
3472 3723 3529 3791 5,
3559 3721 3747 3779 Atha-

2140 3799 2287 3853 larici
2321 3796 2461 3867 regis
2491 3797 2659 3851 ltalia‘.
2708 3798 2763 3851 '5.
2818 3802 2823 3807 ”

2210 3863 2500 3923 Severinus
2532 3868 2715 3921 Binius
2747 3866 2800 3921 in
2830 3865 2972 3921 notis
3019 3863 3087 3920 ad
3129 3865 3164 3920 3
3209 3878 3468 3920 canonem
3513 3865 3748 3926 concilii

2141 3939 2409 4005 Reiensis,
2456 3938 2786 4008 temporibus
2837 3936 2985 4008 Sixti
3018 3936 3212 4008 summi
3263 3935 3747 4008 pontiﬁcistann.

2138 4009 2265 4075 459,
2320 4011 2387 4062 ab
2437 4005 2704 4078 episcopis
2751 4007 3041 4078 provinciae
3082 4006 3480 4078 Narbonensis,
3524 4005 3752 4078 Hilario

2142 4079 2392 4149 prmsidc,
2422 4076 2701 4144 celebrati,
2729 4076 2949 4133 secutus
2972 4077 3257 4149 Baronium
3290 4076 3395 4149 (Ad
3438 4092 3560 4131 ann.
3597 4077 3753 4146 450,

460 4145 519 4219 Si
542 4146 684 4219 enim
712 4145 935 4216 peccato
958 4157 1169 4202 mortua
1192 4157 1275 4203 est
1295 4145 1484 4203 Adami
1509 4149 1708 4219 anima,
1728 4145 1838 4203 nec
1855 4157 2034 4206 tamen
2141 4145 2284 4204 itum.
2317 4149 2432 4219 45),
2462 4151 2711 4218 opinatus
2734 4158 2817 4204 est
2846 4163 3053 4203 canone
3076 4145 3334 4219 dictoagi
3362 4147 3431 4201 de
3455 4145 3756 4216 episcopis

457 4216 660 4290 idcirco
692 4226 1016 4290 mortuaiest
1046 4219 1179 4290 quia
1199 4229 1422 4290 mortem
1455 4220 1555 4288 ipsi
1584 4218 1762 4273 intulit
1789 4219 2035 4276 diabolus
2140 4224 2230 4290 qui
2270 4216 2399 4276 cum
2421 4216 2635 4290 Pelagio
2662 4218 3042 4290 adbzesissent,
3089 4216 3417 4290 simulabant
3454 4218 3752 4290 paenitere-

456 4285 687 4360 illabens
707 4287 878 4343 cordi.
901 4285 1290 4343 Certe—nullius
1335 4285 1510 4342 anima
1541 4290 1676 4342 mori
1708 4298 1902 4357 pateat,
1933 4291 2034 4346 nisi
2142 4285 2295 4355 tiam,
2327 4306 2432 4360 quo
2453 4285 2837 4360 recuperarent
2863 4289 3024 4360 sedes
3050 4287 3243 4341 merito
3287 4287 3389 4360 sibi
3426 4287 3751 4360 ademptas.

457 4369 553 4409 sua
578 4357 855 4452 voiuntate
885 4366 1089 4438 peccet,
1122 4374 1236 4452 quor
1256 4364 1418 4411 modo
1449 4372 1670 4426 peccare
1700 4361 1903 4426 parvuli
1935 4377 2033 4417 ne-
2064 4390 2119 4452 Β
2145 4361 2201 4452 id
2241 4363 2286 4416 si
2309 4357 2917 4452 vererprobabiliterque
2961 4358 3254 4423 diceretur,
3296 4357 3519 4438 deberet
3547 4358 3761 4429 utique

456 4427 1355 4499 queunt;animaeenimhinierre
1401 4439 1628 4482 mortem
1659 4444 1818 4483 nemo
1842 4441 2037 4499 potest,
2065 4427 2118 4452 ν
2144 4432 2246 4486 hoc
2272 4427 2557 4487 concilium
2603 4432 2655 4484 in
2687 4427 2876 4485 eorum
2931 4442 3155 4483 numero
3208 4428 3415 4482 censeri
3444 4443 3566 4497 quae
3605 4427 3765 4498 pes:

457 4495 565 4548 nisi
594 4499 685 4564 qui
710 4497 766 4550 in
793 4513 910 4551 eam
945 4495 1305 4571 ingrediatur;
1340 4513 1443 4553 nec
1470 4495 1955 4571 ingredicuiquam
1984 4495 2037 4557 li;
2146 4502 2471 4571 Ephesinum
2502 4503 2554 4555 iu
2582 4514 2743 4571 causa
2774 4498 3061 4569 Pelagiana
3106 4510 3292 4553 coacta
3339 4495 3513 4571 sunt}
3552 4495 3764 4571 immo

457 4575 962 4640 cet,_pr:etcrguam
1007 4568 1137 4632 Deo,
1181 4569 1271 4636 qui
1322 4566 1550 4625 mortem
1606 4566 2041 4640 animte'procul
2144 4566 2208 4628 ex
2231 4586 2295 4627 eo
2325 4586 2663 4640 consequens
2690 4570 2833 4625 foret
2876 4566 3002 4640 ante
3034 4577 3277 4640 tempora
3299 4567 3515 4640 concilii
3552 4566 3767 4638 Ephe-

458 4634 623 4710 (ιυρῙό
663 4651 768 4691 non
798 4637 949 4710 facit.
1034 4708 1041 4710 Α
1200 4634 1211 4636 ⁷
1856 4634 1870 4640 ’
2146 4641 2252 4696 sini
2298 4643 2350 4695 in
2380 4634 2568 4696 eadem
2620 4640 2896 4710 provincia
2923 4634 3265 4710 Narbonensi
3309 4638 3574 4710 synodum
3607 4634 3775 4696 con—

534 4706 679 4781 Tota
701 4710 818 4763 hate
854 4708 1329 4781 historiacanonis
1355 4718 1517 4779 atque
1543 4711 1759 4766 concilii
1790 4711 1842 4766 in
1873 4711 2042 4768 altera
2147 4721 2368 4767 tractam
2394 4712 2578 4778 fuisse.
2604 4706 2657 4765 in
2690 4725 2793 4781 qua
2810 4709 3163 4781 depositionis
3189 4706 3454 4764 sententia
3471 4708 3777 4769 adversus

464 4778 880 4852 parteOperum
905 4780 1059 4835 Marii
1087 4780 1398 4835 Mercatoris
1424 4778 1844 4846 tractabitur,ita
1866 4793 1921 4836 ut
1945 4798 2043 4851 po-
2147 4783 2429 4852 episcopos
2458 4781 2550 4852 qui
2577 4778 2789 4836 restitui
2809 4778 3118 4852 ﬂagitabant
3146 4779 3252 4834 lata
3283 4790 3450 4852 esset.

463 4849 876 4921 putarisiopinio
902 4852 985 4905 sin
1018 4852 1192 4904 minus
1221 4854 1405 4916 certis,
1438 4856 1626 4907 saltem
1674 4849 2043 4921 probabilibus

461 4918 767 4989 rationibus
788 4921 1081 4976 refellatur.
1107 4922 1205 4989 Qui
1227 4923 1372 4977 enim
1403 4923 1641 4978 creditus
1667 4918 1749 4977 est
1771 4938 1942 4977 canon
1973 4925 2043 4979 ab

462 4988 829 5045 Orientalibus
851 4994 1108 5056 sancitus,
1134 4995 1452 5047 ostendetur
1480 5009 1510 5046 a
1541 4992 1774 5046 Nestorii
1809 4994 2042 5048 concilio

461 5059 709 5132 quedam,
748 5060 1067 5126 fabricatus;
1115 5079 1260 5127 eum,
1317 5064 1691 5131 instigantibus
1719 5063 2039 5132 Pelagianis,

459 5128 744 5201 catholicis
770 5132 936 5201 regite
964 5134 1114 5188 urbis
1152 5133 1364 5187 clericis
1398 5128 1678 5187 maniclnei
1710 5128 2041 5201 impietatem

460 5200 869 5271 pernefandam
901 5203 1224 5257 calumniam
1248 5203 1552 5271 al‘lingeret.
1584 5202 1687 5257 Sed
1718 5200 1815 5257 hac
1860 5204 1928 5259 de
1980 5219 2041 5259 re

401 5284 404 5289 ’
458 5269 669 5343 ριόξξξθ
694 5270 747 5325 in
777 5273 918 5327 notis
967 5273 1036 5327 ad
1063 5274 1347 5343 epistolam
1380 5269 1672 5328 secundam
1701 5272 1934 5330 Nestorii
1974 5274 2041 5328 ad

454 5338 742 5404 Cydlium.

1165 5412 1332 5468 XXV.

456 5475 671 5548 standi
702 5489 822 5553 βαρ
866 5482 1052 5553 habita:
1104 5485 1280 5553 quinto
1336 5485 1524 5538 sarculo
1574 5484 1628 5537 in
1681 5485 1859 5539 eadem
1887 5502 2045 5541 causa

779 5549 1184 5681 Ρειιέιὶαηοτιὶηι
1206 5555 1360 5610 variis
1385 5556 1715 5626 temporibus.

781 5636 888 5681 vno
927 5638 988 5681 08
1010 5623 1270 5681 hactenus
1311 5628 1624 5681 recettsitas.
1657 5644 1715 5681 at

434 5676 444 5685 .
522 5616 734 5709 Timor
753 5616 988 5697 synodos
1010 5623 1270 5698 hactenus
1311 5616 1624 5713 receiis'itas,
1657 5636 1886 5709 quatuor
1912 5626 2043 5689 alias

2145 4996 2258 5049 sive
2289 4990 2658 5049 testiﬁcatione
2680 5000 2944 5064 veterum,
2994 4990 3349 5064 sive_ratione
3377 4991 3769 5064 ccnﬁrmeut,

2147 5080 2320 5134 neque
2363 5064 2787 5134 consentientem
2843 5061 3078 5134 habeant
3106 5061 3321 5117 Patrem
3353 5059 3774 5134 _Sirmcnduni

2145 5135 2199 5188 in
2227 5130 2367 5189 notis
2398 5134 2465 5189 ad
2496 5133 2726 5189 Reiense
2754 5133 3062 5199 concilium,
3114 5146 3288 5202 neque
3317 5130 3482 5202 ullum
3512 5131 3584 5187 de
3611 5144 3782 5194 octo

2144 5205 2460 5273 canonibus,
2491 5220 2557 5258 ne
2580 5206 2798 5259 tertium
2826 5203 3064 5272 quidem,
3092 5201 3458 5274 argumentari
3495 5203 3777 5274 possint,

2151 5276 2216 5329 ad
2244 5276 2419 5330 simile
2444 5271 2639 5344 aliquid
2666 5275 2751 5329 vel
2775 5271 2965 5329 leviter
2992 5271 3324 5344 probandum
3358 5289 3370 5323 :
3397 5271 3562 5344 immo
3583 5271 3783 5344 cuni

2150 5356 2392 5417 apertum
2423 5346 2493 5400 sit
2522 5342 2574 5402 in
2606 5345 2763 5400 tertio
2788 5346 2874 5417 agi
2898 5344 2965 5417 de
2994 5343 3110 5397 solo
3134 5343 3480 5417 armentario
3510 5342 3789 5417 SuiSque

2150 5412 2569 5482 ordinatoribus,
2613 5428 2667 5471 et
2712 5415 2802 5485 qui
2834 5412 3032 5488 eadem
3064 5412 3150 5488 vel
3180 5413 3380 5488 similia
3410 5412 3724 5488 auderes}:
3749 5460 3787 5488 ,

2150 5488 2404 5541 nimirum
2457 5483 2766 5557 episcopum
2812 5484 3066 5557 ordinare
3109 5483 3227 5538 sine
3278 5484 3519 5557 legitimo
3566 5483 3791 5557 triuni

2153 5553 2525 5638 episcoporum
2548 5553 2802 5638 numero;
2834 5571 2994 5638 quam
3017 5555 3087 5609 ob
3113 5568 3330 5609 causam
3343 5553 3790 5638 schismatico.

2152 5625 2272 5691 runt
2302 5625 2478 5703 potius
2503 5644 2661 5702 quam
2684 5625 3058 5687 hazreticorum
3090 5639 3314 5685 numero
3343 5626 3737 5697 haberentur.

2217 4849 2412 4908 Sed'in
2466 4849 2583 4908 eam
2640 4851 2855 4906 Baronii
2888 4849 3133 4919 Biniique
3176 4850 3498 4907 sententiam
3537 4864 3775 4910 conce-
3856 4878 3873 4920 ;

2147 4924 2274 4978 dere
2305 4940 2409 4977 non
2440 4938 2679 4991 possum,
2706 4936 2831 4976 cum
2859 4920 2942 4974 sui
2961 4929 3210 4975 auctores
3232 4935 3410 4991 neque
3435 4920 3575 4975 hanc
3600 4922 3771 4990 ulla,
3860 4935 3871 4961 έ
