3900 6268
221 191 312 249 377

581 175 896 236 DlSSERT.
940 176 1028 232 Ill.
1072 176 1162 232 DE
1203 175 1869 236 CONS'l’lTUTIONlBUS
1910 175 2412 234 IMPERATORUM
2455 175 2519 232 lN
2559 177 2782 235 CAUSA
2821 177 3069 236 PBLAG.

3367 181 3474 246 578

278 307 383 361 Leo
423 313 644 370 magnus
671 313 799 353 ann.
839 297 944 352 447
974 297 1174 352 Nicetae
1222 293 1777 370 episcopoAquileiae
1806 299 1859 356 Α
1886 303 2029 370 teras
2059 294 2213 370 daret
2251 292 2566 370 eruditionis
2597 292 2877 348 catholica:
2919 293 3178 349 adversus
3225 291 3468 364 Pelagia-

215 365 793 440 habendam'synodum
813 370 1057 440 graviter
1091 368 1342 436 przecepit
1370 365 1569 440 (Epist.
1612 365 1682 440 6i
1730 374 1780 420 et

216 448 322 511 85),
353 445 414 498 ad
438 437 726 511 exigendas
744 439 1167 511 subscriptiones
1196 450 1353 511 puras
1377 437 1551 511 ab__eis
1574 438 1664 506 qui
1705 451 1776 491 ex

213 508 388 572 heresi
421 508 699 581 Pelagiana
725 511 923 565 vellent
951 510 1014 562 ad
1043 509 1336 581 Ecclesiam
1359 508 1557 581 redire.

277 589 451 640 Romae
477 577 774 637 celebravit
796 582 954 636 aliam
983 580 1230 636 Gelasius
1256 593 1383 632 ann.
1413 578 1516 633 494
1537 619 1552 644 ,
1587 577 1638 632 in
1675 592 1778 646 qua

212 658 322 712 libri
375 653 781 722 Pelagianorum
834 650 1122 718 proscripti
1167 659 1330 722 sunt,
1380 663 1501 722 cum
1562 658 1780 722 propter

215 741 349 782 suam
373 719 724 792 impietatem,
777 733 884 776 tum
915 722 1145 776 maxime
1175 720 1245 792 ob
1291 719 1538 773 hmresim
1571 719 1626 773 in
1659 719 1779 772 Dal-

149 852 154 856 ,
212 798 356 852 matia
401 790 718 863 Pieznnique'
755 794 1027 862 provincia
1081 790 1403 863 reviviscere
1451 799 1778 863 conantem:

213 884 317 935 quae
355 880 512 918 causa
559 861 657 918 fuit
689 861 1041 935 ut’Gelasius,
1077 862 1272 935 Albino
1301 861 1548 935 consule,
1583 861 1633 935 i_d
1677 868 1778 925 est,

208 931 326 991 ann.
348 935 470 994 495,
499 935 738 988 llonorio
765 933 1042 988 Dalmatiae
1073 934 1326 1001 episcopo
1374 931 1453 984 bis
1501 933 1782 993 scriberet,

211 1011 356 1062 semel
386 1023 414 1059 v
454 1005 563 1059 kal.
592 1008 755 1074 Aug.,
792 1008 984 1058 iterum
1007 1003 1122 1057 sine
1148 1013 1273 1074 nuta
1295 1001 1592 1074 temporis:
1614 1001 1785 1074 immo

211 1079 267 1131 ad
293 1091 470 1131 omnes
503 1090 597 1145 per
631 1071 899 1130 Picaenum
945 1074 1231 1143 episcoiios
1260 1071 1367 1125 kal.
1400 1073 1665 1126 Novemb.
1699 1073 1783 1124 lit—

1887 366 2118 419 uismum
2165 365 2522 433 plenissimas.

1959 436 2143 490 llabita
2169 434 2341 489 fuerat
2358 451 2486 487 ann.
2511 435 2614 488 4'75
2635 433 2850 488 Arelate
2871 433 3111 504 synodus
3135 448 3161 486 a
3181 433 3475 504 Gallicanis

1885 507 2172 575 episcOpis,
2207 507 2294 560 nhi
2347 507 2704 572 subscriptum
2755 515 2841 558 cst
2895 503 3134 572 epistolae
3180 503 3361 559 Fausti
3407 507 3474 560 ad

1885 578 2167 642 Lucidum,
2199 578 2507 644 dictumque
2546 578 2705 629 simul
2754 577 3040 630 anathema
3087 575 3164 629 illi
3209 577 3297 645 qui
3341 577 3477 630 inter

1882 647 2105 717 reliquas
2156 647 2356 718 Pelagii
2407 648 2688 714 impietates
2719 687 2735 712 ,
2793 647 3052 718 hominem
3097 646 3209 718 sine
3267 655 3476 714 peccato

1883 721 2048 783 nasci,
2077 726 2122 770 et
2154 735 2242 785 per
2281 717 2449 770 solum
2478 718 2701 772 laborem
2747 734 2892 787 posse
2917 717 3130 777 salvari,
3173 717 3474 770 damnanda

1885 789 2281 858 prtesumptione
2310 789 2652 852 contenderit,
2694 797 2739 840 et
2765 789 2852 857 qui
2875 803 2989 840 eum
3012 789 3122 841 sine
3162 789 3330 858 gratia
3372 787 3470 842 Dei

1888 860 2094 912 liberari
2116 875 2262 926 posse
2290 858 2589 912 crediderit.

1961 929 2160 984 Eodem
2196 928 2305 982 fere
2347 939 2585 1000 tempore
2611 936 2930 1000 congregata
2960 937 3044 983 est
3068 929 3173 984 alia
3202 927 3472 1000 Lugduni,

1888 1015 2008 1069 quae
2036 999 2362 1054 Arelatensis
2386 997 2606 1054 decreta
2649 997 3044 1067 comprobavit.

1134 1354 1906 1441 DISSERTATIO
1984 1357 2448 1442 TERTIA.

684 1520 769 1570 DE
803 1519 1411 1572 CONSTITUTIONIBUS
1448 1496 1911 1570 IMPERATOl’iUM
1949 1521 2012 1572 IN
2048 1521 2252 1573 CAUSA
2286 1523 2668 1577 l‘ELAGlANxE
2699 1524 2984 1575 H/ERESIS

1291 1645 1374 1694 AB
1407 1643 1579 1694 ANNO
1614 1643 1919 1696 CCCCXVIII
1954 1646 2042 1696 AD
2076 1647 2367 1701 CCCCXXX.

215 1782 274 1843 In
301 1777 513 1842 eadem
537 1776 736 1840 verba
768 1773 956 1836 Marii
990 1773 1366 1836 Mercatoris
1400 1792 1415 1833 :
1453 1773 1600 1834 Non
1633 1771 1834 1832 solum
1864 1773 2292 1852 imperialibus
2325 1775 2587 1857 legibus,
2618 1783 2738 1842 etc.
2773 1779 3178 1859 (Commonit.
3213 1795 3352 1861 cap.
3381 1781 3472 1864 3.)

278 2090 550 2155 Postquam
585 2082 652 2137 de
682 2079 905 2151 synodis
928 2079 979 2155 in
1011 2077 1604 2155 causa-Pelagianorum
1637 2077 1787 2155 hahi-
1815 2087 1864 2148 Β
1891 2077 2147 2155 Beritard.
2184 2081 2331 2155 epist.
2391 2079 2459 2155 ad
2510 2077 2825 2155 Cauendum2
2878 2096 3086 2151 regem;
3135 2080 3287 2155 _0sius
3335 2084 3476 2155 apud

217 2161 277 2215 tis
310 2149 650 2210 dissertatum
685 2149 790 2216 est,
824 2151 1068 2218 sequitur
1096 2149 1351 2217 deinceps
1392 2157 1449 2202 ut
1472 2149 1537 2202 ad
1589 2149 1786 2217 princi-

218 2246 323 2300 pum
345 2230 557 2282 decreta
580 2225 1005 2300 Veniamnquw,
1025 2221 1187 2300 Iutait
1209 2218 1485 2300 Possidius
1566 2219 1629 2300 l_n
1666 2220 1785 2274 Vita

218 2290 252 2356 Β
279 2302 399 2368 Aug.
428 2315 548 2368 cap.
585 2293 710 2362 18),
737 2291 982 2368 Ecclesia:
1014 2290 1110 2344 Dei
1125 2290 1402 2368 catholica:
1417 2292 1682 2368 judicium
1706 2308 1786 2345 se-

218 2382 320 2424 cula
345 2363 750 2424 s'unt.'Fuerunt
776 2363 867 2416 illa
889 2377 1019 2417 vero
1047 2363 1284 2430 quinque
1308 2371 1400 2414 aut
1421 2377 1512 2414 sex
1538 2363 1780 2428 omnino,

214 2458 344 2511 quzr,
375 2439 497 2494 licet
515 2437 729 2511 condita
758 2435 866 2488 sint
890 2434 1059 2511 variis
1083 2431 1516 2511 temporibus_et_
1546 2447 1577 2485 a
1622 2433 1786 2511 variis

215 2503 631 2580 imperatoribus,
694 2510 860 2580 immo
913 2513 966 2580 et
1011 2504 1109 2580 ab_
1132 2503 1784 2580 Augusta__Valentiniani

215 2573 396 2646 matre,
419 2573 665 2634 eumdem
700 2575 1048 2646 nihilominus
1079 2573 1202 2646 ﬁdei
1223 2573 1502 2627 catholica:
1518 2589 1782 2646 amorem,

216 2654 449 2718 idemque
476 2649 735 2704 Ecclesia:
768 2645 1011 2700 fovenda:
1058 2645 1293 2718 studium
1342 2645 1674 2718 ostendunt;
1729 2657 1790 2701 ul:

217 2739 323 2778 non
355 2716 545 2776 temere
574 2718 840 2787 quispiam
875 2717 1105 2770 senserit
1133 2716 1294 2787 etiam
1338 2725 1466 2787 tunc
1509 2717 1785 2782 impletum

219 2793 509 2846 vaticinium
532 2785 682 2844 Isaia:
704 2785 776 2842 de
805 2787 1001 2841 Christi
1032 2786 1269 2840 Ecclesia
1295 2802 1308 2838 :
1347 2785 1511 2838 Erunt
1529 2802 1668 2854 reges
1692 2804 1783 2840 nu-

219 2865 347 2917 tritii
371 2864 462 2927 tui,
493 2871 537 2914 et
556 2861 743 2931 regina:
765 2859 986 2931 nutrices
1011 2867 1112 2912 tua:
1139 2855 1320 2925 (Isaia:
1344 2872 1464 2931 xm:
1489 2897 1504 2921 ,
1530 2858 1643 2931 23).

289 2934 363 2988 De
387 2927 713 3002 singulis—ita
748 2929 1083 3002 tractandum
1132 2936 1368 3002 putu,__ut
1398 2927 1510 3002 ipsa
1556 2928 1785 3002 primum

216 2997 556 3059 eshibeaniur
586 3016 717 3071 pura
764 2999 830 3053 ab
860 3000 1110 3071 omnibus
1141 2997 1585 3071 mendis,_qnibus
1608 2997 1790 3054 hacte-

219 3090 312 3128 nus
335 3067 630 3138 scatebunt;
657 3080 767 3126 tum
795 3071 954 3124 variae
977 3070 1234 3124 lectiones
1259 3067 1620 3137 proferantur,
1643 3085 1785 3138 quae,

214 3161 330 3198 cum
365 3148 411 3199 in
459 3147 599 3198 hunc
639 3157 810 3212 usque
857 3141 1002 3195 diem
1059 3139 1298 3212 pluribus
1329 3139 1381 3192 in
1411 3140 1545 3193 locis
1569 3156 1786 3196 sensum

225 3233 317 3269 nun
347 3216 688 3285 impedierint
726 3211 958 3285 tantum,
985 3211 1078 3266 sed
1129 3211 1290 3285 etiam
1326 3213 1704 3285 perverterint,
1759 3227 1787 3265 a

215 3287 364 3339 .nobis
415 3281 517 3340 non
570 3287 688 3338 sine
736 3282 1007 3336 laborioso
1055 3281 1254 3346 studio,
1287 3281 1499 3335 collatis
1543 3281 1790 3349 pluribus

177 3393 184 3400 υ
225 3358 499 3416 codicibus.
526 3363 788 3411 correcta:
829 3362 985 3416 sunt;
1036 3351 1230 3406 deinde
1259 3361 1506 3405 narretur
1537 3353 1790 3406 uniuscu-

219 3428 394 3496 jusque
419 3427 625 3482 decreti
663 3426 806 3480 velut
853 3424 1106 3496 historia,
1151 3422 1788 3496 solutis,_sicubi_oc_cur-

215 3492 344 3563 rent,
395 3495 1032 3567 quaestionibuseodem
1082 3493 1502 3567 pertinentibus;
1553 3492 1786 3560 denique

221 3562 368 3632 notis,
399 3562 489 3623 ubi
521 3582 656 3636 opus
688 3565 868 3628 luerit,
923 3574 977 3618 et
1022 3562 1402 3636 imperatorum
1432 3562 1687 3636 decreta.
1736 3574 1789 3620 et

216 3633 579 3706 praefectorum
603 3636 802 3700 edicta,
832 3643 886 3690 et
906 3634 1174 3702 ejusmodi
1202 3634 1404 3701 reliqua
1431 3633 1782 3706 illustrentur.

285 3709 472 3764 Verum
507 3708 811 3776 priusquam
840 3706 889 3759 id
914 3714 1122 3774 agatur,
1152 3704 1541 3776 occurrendum
1565 3707 1787 3760 cstreli-

215 3779 368 3845 giosm
414 3780 467 3833 in
511 3775 755 3847 speciem
814 3777 1167 3847 quorumdam
1213 3775 1598 3847 indignationi,
1642 3778 1788 3832 velut

215 3846 562 3918 imperatores
589 3849 642 3902 in
669 3863 732 3918 ea
758 3858 906 3916 parte
947 3846 1164 3918 modum
1203 3862 1321 3918 suae
1357 3846 1636 3918 potestatis
1678 3863 1786 3902 non

218 3915 467 3974 tenuerint
495 3937 510 3984 ;
553 3919 646 3974 sed
680 3917 732 3971 id
758 3931 892 3986 pene
911 3915 1280 3971 all‘ectaverint
1302 3918 1354 3969 in
1385 3916 1624 3971 Ecclesia
1644 3919 1786 3986 quod

209 3990 330 4043 olim
363 3992 501 4046 inter
532 3989 780 4058 gentiles,
815 4002 936 4058 cum
967 3986 1198 4041 ethnicae
1231 3987 1519 4058 impietatis
1567 3990 1785 4055 pontifi-

209 4073 374 4114 catum
405 4057 678 4133 gererent.
707 4057 846 4123 Quid
883 4059 1026 4133 enim
1070 4068 1175 4133 est,
1224 4057 1490 4133 inquiunt,
1524 4073 1787 4133 usurpare

207 4147 325 4197 qua:
373 4127 666 4188 sacerdotii
694 4137 840 4191 sunt,
883 4128 1047 4183 etiam
1080 4127 1133 4181 in
1164 4143 1321 4183 causa
1357 4127 1504 4191 lidei,
1553 4127 1666 4182 nisi
1687 4129 1786 4184 hoc

208 4203 328 4254 est?
359 4202 665 4270 Proponere
685 4215 804 4269 quae
825 4199 970 4270 credi
993 4209 1268 4270 oporteat;
1301 4200 1585 4253 haereticos
1606 4199 1786 4254 decla-

215 4287 343 4336 rare,
375 4268 646 4341 qui—secus
677 4268 1288 4341 senserint;_episcopis
1340 4272 1605 4341 imperare
1654 4271 1785 4324 sub-

208 4339 570 4411 scriptionem,
604 4342 718 4411 sive
762 4339 1119 4411 dogmatibus,
1146 4340 1259 4394 sive
1291 4339 1538 4407 personis
1564 4339 1785 4392 damna-

209 4413 292 4475 tis,
315 4409 665 4468 interminata
689 4410 1063 4478 depositionis,
1094 4409 1258 4464 immo
1280 4419 1334 4464 et
1354 4411 1785 4464 excommunica-

206 4483 360 4538 tionis
403 4499 584 4552 paena,
644 4482 698 4534 ni
753 4489 1037 4552 pareant;_
1068 4480 1385 4548 primatibus
1433 4481 1784 4552 praescribere

204 4569 315 4621 quae
332 4549 415 4608 sui
435 4556 547 4607 sint
564 4551 822 4614 muneris,
846 4561 951 4604 etc.
987 4550 1041 4604 ld
1070 4565 1200 4604 vero
1226 4553 1579 4618 imperatores
1599 4549 1784 4604 viden-

135 4627 142 4632 '
206 4633 289 4674 tur
333 4625 664 4692 praestitisse,
715 4622 939 4692 ipseque
974 4621 1025 4673 in
1056 4621 1242 4688 primis
1274 4621 1559 4692 Honorius,
1615 4636 1783 4692 quan-

135 4702 143 4744 ‘_
202 4689 392 4749 tumvis
423 4694 706 4760 religiosus
735 4689 1076 4759 praedicetur,
1127 4706 1249 4744 cum
1299 4691 1576 4745 decretura
1606 4689 1783 4745 mitte-

139 4765 144 4775 τ
203 4772 298 4823 ret,
330 4765 450 4818 sive
471 4761 713 4818 Palladio
740 4762 798 4816 P.
834 4761 895 4814 P.
928 4761 1040 4815 sive
1069 4761 1290 4816 Aurelio
1313 4760 1510 4817 Africa:
1542 4762 1776 4829 primati.

1815 3454 1862 3518 C

1891 2149 2080 2222 rit/tan.
2109 2149 2172 2222 in,
2184 2150 2334 2222 epist.
2358 2150 2426 2202 ad
2447 2151 2754 2222 solitarios).
2782 2149 2947 2222 Nam,
2962 2162 3022 2222 ut
3039 2149 3477 2222 archiepiscopus

1891 2221 1982 2297 ille
2013 2220 2201 2274 scribit
2233 2219 2620 2297 adprineipem
2645 2221 2822 2297 (Apud
2846 2220 2985 2297 Lup.
3004 2221 3156 2277 Ferr.
3184 2219 3332 2297 epist.
3360 2219 3474 2297 8i):

1892 2292 2230 2362 licxri'egum,
2260 2291 2493 2358 idemque
2539 2292 2777 2346 sacerdos
2805 2291 3150 2358 sacerdotum,
3202 2291 3292 2362 qui
3331 2291 3475 2349 solus

1891 2360 2182 2415 Ecclesium
2236 2378 2408 2431 regere
2460 2364 2643 2431 potuit,
2705 2379 2856 2432 quam
2910 2366 3156 2430 redemit;
3211 2360 3480 2434 postquam

1891 2443 2059 2506 tamen
2084 2435 2448 2506 humanitatem
2470 2451 2619 2487 suam
2641 2436 2692 2486 in
2718 2435 2898 2487 caelum
2919 2435 3104 2501 evexit,
3137 2452 3332 2506 semper
3357 2453 3475 2490 cum

1889 2505 1994 2556 suis
2025 2507 2228 2572 futurus
2259 2505 2528 2558 divinitate
2553 2545 2568 2568 ,
2601 2513 2895 2572 potestatem
2940 2521 3088 2558 suam
3138 2506 3208 2559 ad
3245 2505 3479 2560 eamdem

1889 2572 2587 2649 gubei'riandani_Ecclesiam
2609 2576 2660 2628 in
2685 2576 2976 2649 sacerdotes
3000 2576 3174 2649 divisit
3216 2587 3265 2649 et
3302 2593 3466 2649 reges,

1893 2656 1944 2697 ut
1971 2645 2108 2713 quod
2135 2645 2298 2716 sancti
2321 2647 2556 2716 docerent
2593 2645 2884 2713 pontiﬁces,
2916 2654 2963 2700 et
2992 2646 3094 2716 ipsi
3114 2645 3405 2716 implerent,
3428 2656 3479 2702 et

1891 2716 2094 2797 impleri
2116 2715 2344 2784 facerent
2375 2715 2684 2797 devotiss‘imt:
2710 2732 2868 2797 reges.

1965 2787 2032 2839 Et
2059 2797 2205 2840 certe
2239 2794 2540 2859 pOstquam_
2567 2787 2827 2852 Ecclesia,
2861 2801 3096 2859 excusso
3117 2795 3469 2859 tyrannorum

1887 2857 2036 2926 jugo,
2067 2867 2270 2911 asserta
2303 2867 2386 2910 est
2410 2858 2459 2928 in
2487 2857 2814 2928 libertatem,
2863 2857 3207 2928 gladiumque
3249 2860 3479 2927 impera-

1893 2938 2068 2981 torum
2094 2942 2122 2979 a
2154 2927 2595 3000 suisrcervicibtls
2620 2928 2672 2982 in
2700 2929 2880 2982 hostes
2911 2927 3134 2994 avertit,
3159 2943 3296 2999 quos
3319 2944 3479 3000 passa

1891 3000 2065 3052 luerat
2087 3007 2242 3051 antea
2270 2999 2479 3066 iniquos
2512 3006 2906 3066 persecutores,
2938 3011 3116 3054 diaeta
3173 3007 3277 3066 est,
3317 2999 3480 3054 Simul

1892 3085 1953 3124 ac
1986 3069 2125 3121 ﬁlios
2154 3068 2301 3134 fecit,
2336 3070 2410 3122 rei
2447 3069 2581 3124 bene
2609 3069 2859 3138 gerenda:
2888 3070 3217 3137 iustissimos
3262 3069 3478 3139 adjuto-

1893 3155 1998 3194 res.
2034 3139 2147 3192 Non
2180 3154 2309 3208 ergo
2359 3155 2511 3209 reges
2562 3141 2786 3194 lormam
2819 3140 2937 3194 lidei
2968 3140 3346 3208 praescribunt,
3383 3156 3481 3195 ne-

1891 3226 1995 3279 que
2011 3213 2548 3277 vcrouinqnamjure
2579 3212 3053 3279 praeseripserunt;
3079 3210 3173 3265 sed
3203 3218 3478 3278 acceptam

1891 3296 1920 3334 a
1952 3279 2342 3351 sacerdotibus,
2373 3296 2598 3349 quorum
2615 3281 2874 3351 judicium
2917 3290 3222 3351 sequuntur,
3251 3295 3477 3336 servan-

1891 3353 2013 3403 dam
2065 3350 2274 3418 populis
2322 3351 2530 3418 jubeut.
2583 3350 2698 3404 Non
2756 3352 2954 3406 dorem
2986 3350 3341 3415 'Ecclesiam;
3381 3352 3478 3406 sed

1894 3425 2040 3474 velut
2079 3422 2251 3489 angeli
2287 3431 2467 3486 portas
2516 3423 2750 3476 civitatis
2780 3423 2869 3476 Dei
2904 3422 3152 3478 llatumeo
3179 3422 3360 3491 gladio
3408 3423 3477 3476 ab

1896 3492 2164 3546 haereticis
2194 3491 2508 3548 defendunt.
2541 3493 2657 3545 Non
2709 3507 2802 3546 eos
2831 3495 2920 3562 qui
2959 3501 3144 3548 contra
3202 3493 3323 3546 lidci
3371 3491 3480 3546 for-

1893 3579 2033 3617 mam
2064 3563 2301 3616 sentiunt
2327 3563 2608 3618 haereticos
2630 3563 2930 3626 declarant,
2959 3563 3052 3618 sed
3097 3563 3474 3618 luereticorum

1894 3636 2068 3700 poenis
2090 3633 2374 3687 obnoxios.
2399 3633 2514 3688 Non
2546 3633 2646 3701 ipsi
2669 3649 2762 3701 per
2789 3648 2850 3687 se
2871 3632 3153 3703 episcopus
3175 3633 3477 3701 deponunt,

1892 3720 2069 3774 neque
2099 3704 2238 3757 ullos
2266 3705 2435 3758 sacris
2465 3705 2773 3758 abstinent:
2807 3705 2897 3774 qui
2920 3706 3060 3759 enim
3094 3703 3362 3774 possent?
3381 3705 3476 3758 sed

1892 3792 1920 3828 a
1951 3773 2172 3844 synOtlis
2202 3786 2579 3829 exauctoratos
2620 3773 3007 3844 absteniosque
3048 3774 3245 3844 expelli
3291 3773 3480 3844 jubent

1891 3846 2197 3900 civitatibus
2222 3846 2357 3909 suis,
2383 3862 2451 3900 ne
2483 3846 2667 3899 turbas
2689 3857 2877 3900 creent
2899 3863 2913 3908 ;
2939 3846 3130 3912 jubent
3163 3852 3218 3899 et
3243 3846 3473 3900 aliorum

1891 3918 2148 3971 societate
2179 3917 2450 3979 mulctari,
2475 3931 2543 3970 ne
2575 3917 2823 3970 venenati
2849 3915 3072 3985 spiritus
3098 3916 3349 3985 contagio
3378 3931 3476 3969 ne-

1891 3995 2048 4044 ceaut
2073 3985 2252 4056 (Greg.
2283 3987 2318 4039 2
2347 3989 2496 4053 epist.
2527 3986 2596 4039 ad
2619 3986 2838 4040 Leonem
2866 3985 3155 4053 lsaurum).

1960 4057 2065 4113 Sed
2083 4053 2222 4125 quid
2243 4057 2444 4111 diutius
2471 4059 2524 4111 in
2552 4073 2610 4112 re
2643 4056 2982 4125 prmjudicata
3013 4055 3239 4110 verser?
3261 4053 3478 4122 lpsimct

1891 4129 2077 4183 Patres
2107 4129 2369 4192 Africani,
2397 4143 2517 4192 cum
2567 4128 2904 4195 postularent
2942 4126 3012 4179 ab
3060 4125 3475 4194 imperatoribus

1891 4199 2200 4268 hujusmodi
2222 4198 2435 4252 decreta
2458 4213 2552 4266 per
2581 4196 3168 4268 synodorumdlegatos,
3196 4195 3295 4264 ipsi
3322 4208 3472 4250 sum-

1889 4266 2270 4338 mi‘pontitices
2295 4312 2308 4333 ,
2359 4277 2788 4338 quantacumque
2818 4266 3089 4338 pollerent
3117 4269 3469 4334 auCtoritate,

1888 4337 2010 4394 eum
2043 4339 2203 4406 regiis
2251 4337 2440 4392 edictis
2471 4347 2657 4391 contra
2715 4337 2961 4392 inimicos
3008 4337 3103 4392 Dei
3153 4344 3474 4405 uterentur,

1891 4419 2030 4464 totus
2055 4413 2188 4462 ordo
2215 4424 2368 4462 sacer
2388 4408 2735 4475 clericorum,
2759 4410 2923 4463 immo
2942 4411 3188 4464 universa
3209 4408 3473 4474 Ecclesia,

1887 4496 2009 4535 cunt
2044 4479 2229 4534 iisdem
2257 4479 2448 4534 edictis
2481 4489 2716 4548 pareret,
2769 4480 3028 4534 adversus
3076 4494 3265 4535 omnes
3315 4494 3476 4534 exce-

1889 4554 2096 4620 ptiones
2124 4553 2442 4619 praescribit,
2465 4551 2729 4622 simulque
2751 4550 2929 4615 docet,
2955 4551 3096 4620 quod
3129 4550 3474 4622 priesignavit

1887 4635 1941 4677 et
1966 4623 2214 4677 Christus
2247 4631 2371 4675 ante
2409 4620 2735 4690 passionem,
2777 4629 2830 4674 et
2882 4623 3022 4676 Deus
3063 4620 3472 4675 in'conditione

1885 4694 2094 4757 mundi,
2123 4708 2256 4760 Opus
2282 4692 2480 4746 habere
2515 4692 2832 4752 Ecclesiam,
2857 4692 2924 4744 ad
2952 4693 3147 4759 impios
3187 4691 3472 4745 terrendos

1887 4765 2096 4818 duobus
2115 4763 2323 4831 gladiis,
2353 4762 2692 4832 duobusque,
2715 4762 2781 4815 ad
2807 4761 3182 4816 illustrandum
3212 4761 3468 4832 niundum

269 4832 433 4888 Vetus
474 4836 576 4887 luit
624 4832 740 4885 hazc
769 4832 1009 4900 querela,
1058 4840 1114 4885 et
1156 4847 1293 4900 pene
1341 4843 1457 4886 orta
1509 4848 1628 4886 cum
1678 4833 1781 4887 lide
1808 4834 1862 4893 D
1886 4835 2242 4901 spiritualem,
2279 4831 2655 4886 luminaribus.
2689 4833 2873 4901 Neque
2902 4833 3070 4896 enim,
3103 4841 3164 4885 ut
3192 4832 3345 4886 aiunt
3375 4831 3476 4883 Pa-

200 4903 607 4969 imperatorum.
641 4903 777 4956 lluic
803 4901 998 4955 factum
1022 4901 1151 4955 olim
1179 4904 1308 4956 satis
1329 4917 1358 4956 a
1381 4902 1582 4957 sanctis
1612 4901 1780 4956 Patri-

199 4973 292 5028 ltus
320 4989 664 5043 responsura,
689 4983 810 5026 cum
835 4979 1150 5038 sanxerunt,
1183 4973 1382 5026 duobus
1425 4972 1782 5042 principaliter

199 5046 440 5098 mundum
457 5047 587 5114 regi,
619 5044 926 5095 auctoritate
956 5058 1104 5115 sacra
1146 5043 1482 5112 pontiﬁcum,
1533 5055 1580 5096 et
1618 5043 1781 5115 regali

197 5124 471 5181 potestate:
499 5111 793 5185 utrumque,
826 5128 940 5164 cum
965 5113 1017 5165 in
1041 5111 1245 5185 Christo
1258 5117 1496 5185 junctum
1523 5111 1690 5179 esset,
1727 5116 1781 5168 in

199 5186 427 5253 pontiﬁci
436 5186 526 5237 bus
543 5195 589 5238 et
609 5184 812 5252 regibus
830 5194 1092 5254 tamquam
1118 5184 1210 5236 Dei
1233 5184 1476 5238 ministris
1497 5185 1736 5254 partitum
1761 5202 1780 5250 ;

199 5254 326 5308 duos
364 5257 491 5310 inde
520 5269 803 5323 supremos
849 5253 1185 5321 principatus
1212 5253 1506 5320 exstitisse,
1540 5266 1594 5308 et
1631 5271 1782 5308 suum

199 5327 374 5394 cuique
396 5328 663 5394 potestatis
685 5325 891 5376 modum
907 5323 1250 5394 attributum;
1275 5328 1412 5380 inter
1434 5325 1620 5379 ambos
1640 5327 1786 5394 priu-

196 5393 404 5461 cipatus
433 5411 644 5450 sacrum
674 5395 945 5462 quoddam
981 5393 1156 5448 foedus
1181 5396 1391 5460 initum,
1424 5393 1704 5464 sequestro
1729 5405 1783 5450 et

193 5468 546 5536 conciliatore
575 5465 823 5529 Christo;
858 5480 955 5529 pro
997 5481 1092 5517 sua
1117 5467 1354 5536 singulos
1386 5475 1534 5535 parte
1578 5466 1782 5522 servire

192 5538 468 5590 communi
495 5535 742 5600 Domino,
773 5537 998 5604 ejusque
1027 5535 1279 5601 sponsam
1323 5537 1480 5599 tueri,
1514 5547 1568 5592 et
1597 5539 1779 5592 hostes

189 5606 958 5680 junctisvirtbusproﬂigare
1007 5604 1232 5680 (Gelas.
1271 5612 1418 5680 epist.
1476 5609 1543 5660 ad
1592 5607 1774 5680 Αηίιει.

189 5678 318 5748 imp.
327 5675 559 5760 ;Cottcil.
587 5677 653 5735 ad
665 5675 958 5734 Theodonis
975 5677 1179 5752 villam;
1201 5675 1485 5750 Jus't'iniqn.
1506 5679 1687 5751 novell.
1709 5680 1770 5747 6;

1894 4914 2020 4963 tres.
2050 4904 2372 4967 sufﬁciebat,
2401 4903 2485 4959 vel
2533 4919 2695 4957 unum
2729 4904 2992 4957 luminare
3043 4911 3230 4956 contra
3277 4917 3469 4954 omnes

1891 4978 2094 5030 erroris
2122 4974 2366 5039 ullucias,
2397 4975 2482 5028 vel
2514 4989 2651 5028 unus
2676 4974 2885 5043 gladius
2915 4973 3173 5028 adversus
3212 4970 3471 5043 ell'rcnem

1893 5047 2175 5110 impiorum
2217 5045 2532 5099 audaciam:
2587 5041 2709 5099 cum
2760 5055 2814 5099 et
2862 5043 3083 5098 ollucias
3128 5043 3326 5096 laceret
3371 5041 3474 5096 sibi

1890 5117 2114 5185 aliisque
2157 5115 2402 5184 pertinax
2448 5115 2677 5176 animus.
2708 5125 2764 5170 et
2787 5114 3068 5185 audaciam
3110 5128 3174 5167 ex
3218 5113 3474 5185 patientia

1850 5181 2502 5250 'bonorumimprobitas
2560 5196 2814 5240 sumeret.
2873 5184 2928 5237 ld
2979 5199 3099 5238 cum
3154 5181 3474 5251 gravissime

1890 5259 2279 5325 verissimeque
2308 5256 2374 5308 sit
2406 5257 2605 5310 dictum
2651 5257 2811 5320 olim,
2877 5263 2987 5308 tum
3045 5255 3212 5308 nostri
3259 5269 3475 5322 quoque

1891 5330 2151 5397 temporis
2181 5324 2367 5380 infelix
2403 5327 2730 5394 experientia
2772 5327 3075 5397 certissime
3132 5324 3469 5393 comprobat,

1889 5409 1946 5452 ut
1975 5395 2156 5453 votum
2185 5399 2442 5452 Bernardi
2501 5413 2791 5464 numquam
2844 5395 3008 5450 fuerit
3064 5397 3420 5465 opportunius
3455 5415 3468 5450 :

1889 5470 2038 5534 Quod
2083 5471 2217 5521 Dens
2265 5470 2554 5537 conjunxit,
2576 5467 2727 5520 homo
2757 5483 2859 5521 non
2886 5464 3113 5532 separet.
3136 5464 3367 5537 Jungant
3417 5483 3472 5522 se

1883 5542 2070 5594 animis
2091 5542 2176 5609 qui
2201 5541 2370 5608 juncti
2397 5549 2516 5590 sunt
2541 5539 2828 5602 institutis;
2879 5538 3095 5591 invicem
3142 5556 3194 5592 se
3245 5545 3466 5609 t'otiearnt,

1881 5605 2168 5665 invicem'se
2185 5605 2485 5681 defendant,
2506 5609 2719 5664 invicem
2744 5625 2838 5666 sua
2865 5624 3021 5665 onera
3041 5617 3243 5684 portent
3269 5605 3465 5684 (Epist,

1881 5697 1998 5742 mox
2039 5685 2236 5751 citata).
