3900 6268
488 196 592 256 391

491 384 691 439 Verum
718 378 898 452 statim
926 383 1050 437 data
1072 382 1322 452 cpistola,
1343 393 1583 435 summus
1606 378 1841 452 pontifes
1866 379 2074 452 vocavit

492 454 559 511 ad
592 451 887 523 pleniorem
913 449 1243 523 audientiam
1264 464 1641 519 summumque
1664 449 1926 519 judicium
1952 449 2074 505 (Σω-

491 522 731 589 lestium,
780 523 895 590 qui,
945 536 1065 577 cum
1112 522 1338 577 sentiret
1380 529 1525 575 artes
1555 534 1681 575 suas
1726 531 1928 588 patere,
1973 534 2075 575 nec

492 595 661 652 ullum
683 606 969 661 superesse
995 591 1385 660 tergiversandi
1407 590 1645 661 modum.
1677 590 1931 661 subdusit
1951 605 2073 646 sese

491 659 888 730 esatnini,‘sive
909 659 1125 717 latuerit
1146 661 1198 716 in
1221 661 1369 718 Urbe
1391 660 1532 731 apud
1554 676 1703 727 suos,
1725 661 1842 716 sive
1862 659 2073 731 Raven-

492 753 617 792 nam
668 734 959 803 profugerit
986 731 1053 787 ad
1099 730 1501 802 imperatorem,
1551 732 1667 803 sive
1715 731 1767 784 in
1811 730 2070 803 proximis

491 801 681 862 nam
710 801 842 859 locis
871 803 1191 868 substiterit,
1214 803 1280 856 ad
1312 801 1680 870 aucupandam
1706 801 2067 856 occasionem.

491 878 594 934 Ubi
623 890 753 931 vero
798 874 918 943 fuga
950 873 1203 937 innotuit,
1233 873 1489 928 continuo
1528 874 1631 926 lata
1669 881 1751 926 est
1777 872 1842 943 in.
1868 880 2073 926 utrum-

493 964 597 1030 que
625 945 828 1030 infandi
857 941 1122 1030 dogmatis
1143 943 1482 1030 defensorem
1524 941 2069 1030 decretoriascnten-

492 1012 1221 1084 tia,seriptaque'universis
1248 1012 1433 1068 mundi
1458 1013 1726 1082 episcopis
1754 1027 1783 1065 a
1806 1012 2069 1084 pontiﬁce

491 1088 711 1157 grandis
735 1082 851 1157 sua
901 1082 1167 1157 epistola,
1226 1099 1386 1154 quam
1438 1084 1746 1157 tractoriam
1802 1082 2071 1138 Mercator

490 1153 669 1215 vocat.
689 1155 850 1211 Missa
871 1169 1085 1225 quoque
1106 1153 1362 1225 Romana:
1383 1154 1571 1224 synodi
1595 1153 1660 1207 ad
1688 1154 2069 1225 imperatorem

489 1238 662 1296 gesta,
712 1222 905 1296 quibus
950 1222 1209 1296 acceptis,
1260 1222 1444 1296 datum
1498 1231 1583 1296 est
1636 1222 2066 1296 pridieukalend.

490 1293 657 1352 Maias
683 1293 960 1351 decretum
1004 1293 1093 1349 ad
1122 1295 1440 1360 Palladium,
1489 1294 1558 1349 de
1614 1293 1875 1363 pellendis
1928 1294 2071 1350 Urbe

490 1367 761 1423 damnatis
783 1365 1072 1432 haereticis,
1100 1380 1206 1435 quo
1227 1380 1323 1436 per
1343 1364 1855 1436 edictumprretoris
1882 1365 2070 1436 Romae

489 1439 788 1508 proposito,
818 1450 1027 1501 onmes,
1058 1434 1272 1508 opinor,
1298 1436 1557 1508 Ecclesiae
1586 1434 1845 1508 Romanas
1883 1435 2070 1490 clerici

489 1506 556 1564 de
583 1506 972 1564 subscribendo
1004 1506 1274 1561 tractoria:
1301 1507 1550 1561 conventi
1578 1515 1725 1570 sunt,
1749 1506 1906 1575 idque
1928 1520 2069 1575 prte-

492 1579 747 1634 stiternnt
794 1576 1229 1648 propensissimis
1278 1577 1503 1642 animis,
1552 1576 1723 1648 Sixto
1751 1576 2067 1648 presbytero

488 1650 701 1705 caeteris
730 1645 1024 1718 praeeunte.
1055 1647 1207 1702 Tunc
1231 1648 1526 1717 agebantur
1554 1645 1671 1718 dies
1703 1646 1825 1701 festi
1868 1645 2067 1702 Pente-

486 1731 687 1784 costes,
709 1729 764 1775 et
786 1717 1259 1787 frequentissimus
1281 1718 1442 1772 liebat
1461 1717 1529 1771 ad
1558 1717 1856 1772 Ecclesiam
1884 1718 2064 1788 populi

486 1804 804 1855 concursus,
834 1799 1058 1857 propter
1082 1789 1381 1843 solemnem
1410 1788 1758 1856 baptismum.

555 1861 731 1931 Atque
779 1859 889 1931 bis
912 1860 1006 1931 ita;
1032 1873 1097 1913 ex
1135 1857 1688 1931 veterumsententia
1723 1858 2062 1931 constitutis,

485 1928 732 2001 prompta
759 1937 844 1985 est
868 1928 1147 2001 facilisque
1167 1928 1447 2001 responsio
1471 1928 1538 2001 ad
1569 1928 1816 1998 quaesita.
1841 1930 2066 1985 Constat

484 1998 627 2057 enim
647 1998 840 2056 'datum
883 1998 1144 2054 fuisse’ab
1173 1999 1411 2054 llonorio
1451 1998 1751 2066 decretum,
1780 2001 2064 2056 occasione

483 2073 765 2127 sententiae
796 2071 848 2125 in
881 2069 1166 2126 ltzereticos
1191 2084 1221 2123 a
1249 2069 1377 2125 sede
1406 2070 1702 2137 apostolica
1731 2072 1975 2140 prolatas,
2008 2080 2065 2126 ut

484 2142 738 2213 iudicium
772 2141 1029 2213 Ecclesiae
1071 2148 1387 2213 sequeretur
1426 2140 1720 2213 imperialis
1748 2142 2057 2197 auctoritas.

483 2210 705 2267 Constat
735 2213 861 2266 item
891 2210 1075 2282 datum
1108 2211 1576 2282 impulsu_summi
1620 2212 1908 2280 pontiﬁcis,
1955 2226 2063 2282 quo

486 2283 794 2352 conjunctis
818 2281 1095 2350 utriusque
1118 2280 1399 2352 potestatis
1433 2294 1697 2349 supremae
1715 2283 1919 2339 viribus
1944 2280 2065 2337 fun-

482 2350 625 2408 ditus
647 2354 868 2408 hmresis
888 2359 1247 2406 everteretur.
1266 2350 1434 2413 Opem
1457 2365 1589 2406 vero
1606 2353 1835 2409 contulit
1857 2368 2062 2409 curam-

481 2439 589 2496 que
613 2423 856 2481 Valerius
881 2436 1085 2489 comes,
1110 2436 1271 2492 quem
1297 2419 1539 2477 Julianus
1559 2437 1679 2478 eam
1703 2426 1773 2480 ob
1795 2440 1910 2480 rem
1931 2439 2063 2495 quc-

2094 1687 2142 1748 B

923 198 1016 253 AD
1053 194 1336 254 PARTEM
1373 194 1641 252 PBIMAM
1678 191 1966 250 OPERUM
2006 193 2077 247 M.
2119 190 2559 248 HERCATORIS
2599 191 2946 249 APPENDIX
2982 190 3320 249 SECUNDA.

489 311 704 377 relicta,
737 326 844 384 quo
873 326 1001 384 suus
1039 319 1187 368 esset
1213 310 1470 384 Afrorum
1510 307 1855 384 obtestationi
1901 307 2071 384 locus.
2100 313 2152 369 Α
2178 308 2314 384 ritur
2334 310 2466 365 mole
2490 294 2882 384 swhdigiiitatis
2910 309 3183 384 obstitisse,
3203 308 3461 377 quominus
3485 319 3704 384 (incepta-

3538 194 3705 257 ’δεῖ

2177 380 2305 433 tioni
2334 389 2533 448 tempus
2580 378 2820 444 locusque
2841 380 3097 448 (petitum
3133 378 3269 434 forte
3314 392 3522 438 venerat
3551 378 3708 445 Guile-

2334 422 2532 448 ..,..-,.....
2580 422 2818 444 .-νη-..νη
2842 422 2856 446 ,
2875 422 3097 448 γυνη...
3133 422 3269 434 η..-
3324 422 3522 438 ηπ.-.
3553 422 3708 445 πως..

2175 450 2335 517 stius)
2362 450 2426 503 ab
2452 451 2755 520 imperatore
2775 452 3154 520 concederetur.
3383 519 3389 520 γ
3704 446 3705 451 “
3852 422 3858 520 l

2243 520 2487 605 Quantus
2513 518 2650 605 inde.
2680 531 2833 574 ortus
2862 519 2933 605 sit
2960 518 3525 605 haereticorum-dolor,
3551 528 3707 605 prgdit
3852 518 3858 605 δ

2172 591 2390 659 querela
2428 591 2746 659 jactantium
2793 590 3141 658 subreptione
3180 589 3709 660 infandisque’a'rtibus

2172 661 2451 735 deceptam
2481 661 2682 735 aulam,
2703 668 3078 730 extortamque
3103 660 3539 728 subscriptionem
3559 679 3585 717 a
3605 681 3708 735 per.

2173 733 2471 785 terrefactis
2499 731 2707 800 sibique
2752 740 2976 800 propter
3019 742 3221 785 metum
3274 731 3710 798 praevaricantibus

2172 801 2405 856 clericis.
2449 801 2554 856 Par
2600 802 2771 855 dolori
2803 802 3197 870 improborum,
3241 802 3520 869 gratulatio
3564 806 3709 860 bono-

2171 887 2315 933 rum.
2352 887 2473 926 cum
2505 871 2874 940 unusquisque
2899 880 3163 935 cerneret,
3213 870 3549 939 impotentem
3578 875 3709 931 Pela-

2170 942 2453 1011 gianorum
2478 942 2754 997 audaciam
2782 942 3048 1006 coerceri,
3068 941 3320 1012 iustaque
3350 941 3626 1012 principum
3646 949 3709 1002 ira

2172 1011 2434 1067 vindicari
2485 1014 2592 1067 vim
2646 1012 2845 1066 sanctis
2896 1011 3243 1077 hominibus,
3280 1012 3394 1067 sive
3436 1011 3623 1079 Romar,
3667 1028 3713 1069 ut

2171 1082 2506 1154 Constantio,
2538 1084 2653 1137 sive
2701 1081 3115 1154 Hierosolymis,
3148 1093 3205 1154 ut
3234 1082 3568 1153 Hieronymo.
3612 1086 3709 1139 illa.

2171 1160 2281 1276 iam
2318 1152 2896 1276 ibinsoiescentibus,
2927 1151 2974 1206 si
3002 1151 3217 1222 quando
3248 1151 3465 1222 impune
3502 1165 3712 1224 possent,

2211 1238 2318 1276 rere
2347 1238 2466 1276 ICIS.

2211 1224 2466 1278 :ereticis.

2241 1291 2482 1349 leestii
2528 1302 2710 1349 tamen
2757 1292 3091 1347 inexhaustis
3138 1292 3276 1346 dolis
3326 1292 3520 1347 faetum
3566 1304 3637 1348 est
3669 1306 3717 1348 ιιι

2170 1363 2376 1419 fructus
2402 1380 2508 1418 non
2537 1363 2891 1435 responderet
2914 1363 3076 1425 votis.
3105 1363 3199 1417 sed
3224 1363 3480 1435 geminari
3503 1362 3721 1419 debuerit

2170 1435 2524 1501 constitutio,
2577 1434 2845 1504 praecipue
2893 1435 2964 1487 ad
3012 1434 3359 1502 quorumdam
3404 1434 3721 1504 episcoporum

2170 1506 2504 1574 pertinaciam
2566 1504 2919 1574 corrigendum
2947 1545 2961 1568 ,
3018 1506 3105 1572 qui
3157 1519 3343 1572 pravas
3407 1505 3723 1574 hereticorum

2170 1573 2562 1644 disputationes,
2578 1578 2656 1630 vel
2677 1573 2833 1630 tacito
2854 1590 3104 1628 consensu
3122 1583 3434 1639 astruerent,
3454 1573 3526 1627 vel
3546 1574 3726 1643 publica

2170 1647 2550 1718 Oppugnatione
2578 1662 2679 1700 non
2706 1645 3045 1700 destruerent.

2653 1789 2678 1819 ⁸
2702 1777 3154 1836 CONSTI’I‘UTIO
3196 1777 3261 1832 ll.

2277 1875 2303 1914 δ
2329 1890 2615 1930 EXEIPLAR
2651 1888 2827 1929 EDICTI
2866 1886 3268 1928 PBEFECTORUI
3304 1884 3606 1926 PRETOBIO.

2172 1978 2195 2010 ο
2215 1968 2401 2025 «ιυιιιυε
2429 1969 2685 2034 Οωιιιτυε
2722 1966 3044 2032 Pssumus,
3077 1962 3105 2001 ἀ
3138 1964 3439 2028 Monutus,
3489 1962 3729 2020 Acatcou

2381 2039 2577 2095 iterum
2620 2036 2857 2107 prmlecti
2894 2035 3147 2105 praetorio
3178 2046 3202 2072 ε
3226 2035 3537 2090 edixerunt.

2242 2149 2521 2206 Adversus
2544 2148 2823 2218 Pelagium
2853 2156 3014 2216 atque
3041 2145 3361 2202 leestium
3393 2144 3636 2200 catholici
3654 2144 3733 2199 do-

2171 2242 2365 2312 gmatis
2388 2241 2547 2297 fidem
2579 2238 2599 2279 ί
2631 2238 2879 2296 nefandis
2901 2239 3219 2294 tractatibus
3247 2237 3610 2301 destruentes,
3630 2252 3733 2292 sen-

2170 2335 2337 2391 tentia
2365 2332 2678 2405 principalis
2708 2332 2957 2399 invaluit,
2987 2338 3048 2387 ut
3069 2340 3094 2379 ε
3125 2330 3428 2387 venerabili
3453 2329 3586 2387 urbe
3611 2344 3735 2385 sum-

2172 2427 2305 2484 moti
2333 2426 2596 2483 bonorum
2621 2424 2853 2481 concilio
2881 2424 3291 2481 mulctarentur.

1653 2539 2195 2599 CASTIGATIONES
2235 2541 2320 2596 ET
2356 2540 2583 2598 NOTAE.

554 2633 715 2689 tNon
763 2632 989 2688 habetur
1025 2629 1353 2702 Constitutio,
1404 2632 1500 2688 sed
1532 2640 1739 2687 tantum
1780 2630 2070 2699 Exemplar

480 2707 654 2771 edicti,
690 2714 822 2768 etc.,
853 2703 992 2772 apud
1020 2703 1362 2774 Garnerium,
1392 2705 1484 2774 qui
1522 2703 1744 2774 subiicit
1768 2702 1834 2774 ad
1860 2705 2065 2774 calcem

484 2780 624 2833 hanc
666 2775 948 2830 notulam:
989 2792 1008 2825 ι
1046 2772 1286 2827 liabetur
1327 2772 1471 2843 apud
1521 2772 1771 2829 auctores
1825 2772 2069 2829 laudatos

481 2844 1017 2918 proconstitutione.
1061 2851 1117 2895 et
1158 2843 1349 2918 iisdem
1384 2847 1435 2897 in
1470 2843 1621 2907 locis,
1656 2844 1758 2918 nisi
1788 2843 1928 2918 quod
1970 2843 2068 2896 Ba-

481 2912 910 3039 igritius,Econtra
943 2912 1203 2981 temporis
1234 2913 1519 2978 rationem,
1554 2914 1740 2968 retulit
1766 2913 1834 2966 ad
1864 2927 2063 2967 annum

591 3026 604 3039 .
644 3005 662 3037 ι
748 2998 855 3038 orr.
1984 3009 1991 3013 λ

477 2988 575 3045 ιιι
591 3026 604 3040 .
644 3005 662 3037 ι
698 2988 855 3039 Ευιτ.
1984 3009 1991 3013 λ

550 3056 580 3096 ιδ
601 3055 684 3111 An
716 3055 950 3110 edictum
979 3051 1363 3112 Prtefectorum
1391 3052 1497 3121 legi
1524 3052 1846 3121 principum,
1878 3066 1945 3106 an
1974 3052 2061 3106 lex

480 3127 659 3185 edicto
702 3133 1129 3195 praeponeretur,
1179 3123 1247 3178 lis
1285 3123 1384 3177 fuit
1428 3122 1956 3195 ititer_Sirmondum
2006 3130 2063 3177 et

482 3193 829 3253 Salmasium.
856 3195 973 3262 Qua
1000 3193 1156 3249 libris
1197 3201 1517 3255 contestata,
1561 3193 1706 3248 docti
1737 3202 2064 3247 censuerunt

478 3269 673 3323 vicisse
711 3265 1083 3330 Sirmondum,
1136 3279 1238 3319 nec
1280 3274 1459 3318 tamen
1498 3264 1815 3330 Salmasius,
1847 3264 1939 3333 qui
1983 3263 2061 3317 le-

477 3353 599 3420 gem
615 3336 922 3420 principum
947 3334 1127 3420 edicto
1155 3334 1612 3420 nolebat‘subjic‘i,
1646 3333 2063 3420 etsifnretpreus

478 3404 775 3464 imminutae
798 3405 1117 3476 maiestatis,
1159 3405 1472 3476 vindicatus
1489 3415 1570 3459 est
1592 3404 1842 3460 acerbius
1871 3421 1886 3458 :
1920 3404 2066 3458 fece-

477 3487 564 3533 rat
592 3477 734 3530 enim
776 3474 1195 3539 inconsiderate,
1236 3490 1359 3529 cum
1405 3474 1606 3542 alioqui
1651 3476 1736 3529 vir
1765 3482 1913 3529 esset
1940 3490 2065 3528 cru-

477 3547 658 3611 ditus;
707 3559 806 3600 nec
858 3545 990 3599 satis
1030 3544 1337 3600 attenderat
1379 3544 1444 3598 ad
1499 3546 1672 3615 legem
1706 3544 2064 3615 Valentiniani

478 3617 716 3695 Junioris
736 3616 801 3669 ad
825 3615 1083 3675 Probum.
1112 3630 1231 3695 quae.
1251 3615 1403 3695 unica
1433 3625 1518 3669 est
1545 3615 1695 3695 cod.,
1726 3614 1788 3695 Sf
1803 3631 1893 3694 per
1920 3614 2067 3695 obre-

478 3691 725 3757 ptionem,
770 3702 888 3756 qmc
916 3684 1331 3757 aperte’gdocet
1374 3685 1549 3755 legem
1589 3684 1850 3757 principis
1889 3684 2065 3757 edicto

478 3754 648 3814 fuisse
698 3754 1063 3826 praepositam.
1109 3754 1351 3826 Mirabile
1400 3754 1533 3811 vero
1578 3765 1683 3822 est,
1740 3755 2062 3811 Salmasium

478 3843 593 3883 suae
633 3825 930 3883 etiamnum
966 3825 1405 3881 ballucinationis
1446 3826 1645 3881 habere
1672 3826 1874 3891 socios,
1905 3834 2066 3894 atque

477 3900 640 3954 etiam
676 3911 953 3967 sequaces,
1002 3898 1092 3966 qui
1147 3912 1252 3951 non
1298 3898 1547 3951 vitientur
1574 3897 1850 3961 didicisse,
1880 3898 1962 3949 vel
1995 3911 2066 3967 ex

478 3970 610 4038 ipsis
632 3965 858 4038 legibus,
883 3968 964 4021 vel
995 3965 1060 4022 ex
1093 3980 1194 4021 usu
1224 3967 1560 4036 quotidiauo,
1591 3967 1720 4037 quid
1748 3968 1839 4031 sit,
1873 3965 2066 4038 praefe-

477 4037 624 4095 ctum
666 4038 766 4095 sub
794 4037 973 4094 edicto
1001 4051 1101 4093 suo
1137 4048 1193 4093 et
1241 4047 1641 4109 pregrammate
1668 4038 1842 4107 legem
1880 4037 2065 4108 publi-

477 4124 625 4165 care.

554 4190 577 4219 α
601 4179 788 4249 Neque
806 4179 894 4234 ltic
920 4179 1149 4234 vexandi
1174 4193 1361 4234 manes
1383 4179 1658 4248 Salmasii,
1684 4178 1856 4233 sicubi
1885 4187 2066 4236 tamen

478 4249 782 4320 quiescant,
823 4264 981 4320 quem
1033 4250 1379 4314 Sirmondus,
1422 4251 1550 4305 dum
1581 4251 1809 4315 viveret,
1853 4251 2067 4320 egregie

481 4318 725 4389 correxit
764 4319 1098 4389 opinantem,
1139 4330 1367 4388 quatuor
1415 4335 1443 4373 a
1493 4321 1760 4387 prmlectis
1809 4318 2065 4388 praetorio

479 4387 817 4460 edictumiin‘
855 4405 950 4443 sua
991 4387 1296 4459 quibusque
1336 4391 1539 4445 ditione
1569 4387 1945 4460 propositum;
1973 4390 2067 4445 Ju-

478 4459 628 4531 nium
660 4459 802 4531 enim
847 4461 1108 4531 Quartum
1157 4460 1458 4515 Palladiqu
1501 4462 1554 4514 in
1575 4459 1729 4514 ’duos
1754 4460 2061 4531 dividebat,

478 4529 670 4598 bisque
704 4528 845 4584 facto
874 4530 1150 4599 peccabat,
1189 4531 1359 4585 semel
1388 4545 1510 4585 cum
1541 4530 1804 4586 memoria
1840 4547 1947 4586 non
1979 4528 2068 4586 re;-

478 4606 711 4670 peteret,
763 4600 831 4654 ab
878 4600 1114 4667 antiquis
1161 4601 1413 4656 omnibus
1458 4601 1685 4656 Palladii
1727 4602 2065 4656 consulatum

479 4671 906 4726 memorantibus
931 4670 1030 4724 tria
1058 4670 1214 4724 simul
1239 4672 1455 4726 nomina
1478 4670 1701 4727 referri:
1723 4672 1921 4726 iterum
1942 4688 2064 4726 cum

478 4740 534 4810 in
580 4755 675 4793 sua
707 4755 975 4810 quemque
1004 4740 1208 4795 ditione
1239 4743 1587 4810 pr0posuisse
1630 4742 1886 4805 edictum,
1933 4742 2071 4798 scri-

476 4809 650 4877 beret,
681 4809 929 4882 quamvis
958 4811 1155 4880 singuli
1184 4809 1512 4882 reliquorum
1548 4814 1766 4867 nomina
1814 4813 1926 4867 suis
1957 4812 2070 4868 edi—

475 4883 597 4948 ctis,
655 4881 878 4948 perinde
918 4896 995 4953 ac
1044 4883 1402 4950 imperatores
1448 4883 1779 4952 collegarum
1832 4883 2064 4953 legibus,

478 4963 884 5021 praeponerent.
914 4952 1105 5007 Posset
1146 4953 1269 5007 addi
1315 4952 1543 5009 fortasse
1585 4955 1825 5015 tertium,
1860 4952 2066 5008 nullum

477 5033 605 5078 tunc
636 5024 898 5094 temporis
919 5023 1192 5078 exstitisse
1220 5023 1536 5092 praefectum
1561 5024 1819 5093 praetorio
1842 5024 2065 5094 lllyrici.

479 5093 757 5163 --Magd.'
789 5104 844 5150 et
890 5095 1086 5148 Baron.
1122 5094 1561 5162 interpunctionc
1609 5095 1828 5160 vitiosa,
1877 5093 2069 5149 Junius

480 5165 729 5237 Quartus,
768 5164 1067 5237 Palladius,
1109 5163 1412 5232 Monaxius,
1459 5174 1505 5220 et
1535 5165 1799 5237 Agricola,
1844 5164 2068 5237 induxe-

479 5242 611 5355 }ur:t
648 5236 967 5292 Salmasium
1012 5235 1066 5290 in
1113 5250 1353 5292 errorem
1394 5237 1463 5292 de
1502 5235 1733 5306 quatuor
1775 5236 1888 5290 suis
1931 5250 2069 5306 prte-

504 5316 564 5355 ec
593 5318 657 5355 IS.

504 5314 657 5357 ecus.

549 5370 578 5410 ἀ
603 5373 812 5447 Primus
844 5375 1080 5433 Orientis
1132 5376 1511 5447 praefecturam
1542 5376 1734 5446 gessit,
1766 5385 1827 5431 ut
1855 5385 2071 5432 constat

479 5457 546 5517 es
578 5444 819 5517 pluribus
848 5448 1090 5517 legibus;
1124 5444 1390 5503 secundus
1429 5444 1747 5515 Galliarum,
1788 5458 1848 5502 ut
1882 5458 2070 5504 osten-

478 5512 561 5590 dit
589 5512 927 5590 constitutio'
946 5512 1193 5582 Honorii,
1242 5518 1311 5575 de
1350 5519 1594 5590 cogendo
1639 5512 1864 5588 singulis
1913 5519 2071 5574 annis

478 5586 697 5660 A_rel_ate
751 5600 1015 5660 conventu
1084 5601 1293 5660 septem
1347 5586 1769 5659 provinciarum,
1831 5590 1953 5646 data
2004 5592 2071 5646 ad

479 5656 790 5726 Agricolam
830 5658 891 5720 P.
928 5658 988 5721 Ρ..
1029 5656 1360 5732 Galliarum,
1378 5662 1620 5721 Honorio
1643 5678 1719 5721 ιιι
1748 5670 1803 5722 et
1829 5661 2073 5722 Theodo-

2170 2633 2252 2688 sio
2279 2648 2371 2688 vm
2399 2647 2543 2688 coss.
2578 2632 2744 2687 Porro
2772 2631 3052 2686 Monaxius
3076 2629 3424 2685 consulatum
3459 2628 3613 2683 inivit
3635 2641 3737 2681 cum

2172 2703 2347 2759 Plinta
2377 2719 2503 2758 ann.
2534 2703 2664 2768 419,
2706 2702 2953 2774 Agricola
2992 2714 3128 2774 cu_m_
3154 2697 3444 2774 Eustathio
3474 2713 3602 2774 an_n.
3631 2696 3737 2774 ιιι.

2246 2784 2269 2812 ο
2294 2774 2489 2842 Magd.,
2526 2768 2986 2841 Baron.,'Labb.,
3036 2770 3178 2839 Bal.,
3220 2771 3496 2826 dixerunt.
3529 2768 3743 2824 Verbum

2172 2845 2407 2898 edicendi
2426 2844 2675 2899 solemne
2703 2852 2807 2899 est.

2249 2912 2268 2951 τ
2299 2915 2353 2968 ld
2393 2923 2493 2978 est,
2542 2914 2891 2969 concionibus
2938 2912 3005 2966 ad
3050 2911 3329 2981 populum,
3392 2912 3598 2966 usitata
3629 2908 3747 2981 istis

2172 2984 2504 3053 temporibus
2543 2998 2677 3039 voce
2703 3002 2714 3036 :
2744 2985 2821 3038 sic
2865 2982 3008 3038 enim
3052 2979 3388 3053 Augustinus
3418 2995 3556 3036 suas
3582 2979 3644 3035 ad
3668 2995 3747 3050 po-

2092 3038 2138 3102 C
2168 3038 2353 3123 pulum
2399 3038 2689 3108 conciones
2722 3053 2957 3122 appellat
2986 3038 3275 3123 tractatus;
3305 3052 3393 3123 sic
3439 3038 3747 3123 tractatores

2169 3121 2516 3189 vocabantur,
2563 3132 2703 3178 teste
2744 3121 3038 3185 Lirinensi,
3081 3121 3174 3190 qui
3218 3121 3438 3187 plebem
3485 3121 3746 3177 docerent.

2166 3193 2304 3249 Vide
2331 3210 2450 3264 quas
2475 3194 2850 3249 annotavimus
2879 3191 2948 3248 ad
2990 3199 3251 3247 tractatus
3278 3190 3535 3248 Nestorii
3575 3191 3747 3248 adver-

2165 3278 2261 3335 sus
2291 3265 2629 3335 Pelagianos.

2238 3334 2406 3389 Porro
2427 3332 2612 3390 autem
2636 3333 2973 3389 Theodosius
2999 3332 3069 3387 Μ.
3092 3332 3389 3389 discrimen
3414 3333 3604 3401 posuit
3632 3333 3750 3387 inter

2166 3405 2330 3460 verba
2374 3405 2502 3471 duo,
2548 3420 2670 3471 quae
2708 3404 2906 3473 sapius
2948 3403 3370 3474 contunduntur.
3420 3402 3747 3474 disceptandi

2167 3475 2397 3543 scilicet,
2440 3486 2495 3530 et
2520 3474 2782 3530 tractandi
2813 3492 2825 3527 :
2857 3488 2980 3528 nam
3018 3474 3135 3543 lege
3161 3473 3282 3528 data
3323 3473 3521 3531 Stobis
3560 3472 3647 3530 ivi
3673 3472 3752 3527 ka-

2169 3544 2317 3600 lend.
2340 3545 2482 3600 .lulio
2510 3545 2819 3600 Theodosio
2847 3559 2889 3600 tt
2932 3543 3253 3614 etCynegio
3280 3559 3436 3600 coss.
3486 3546 3675 3603 vetuit,
3703 3558 3753 3595 ne

2169 3618 2252 3670 cui
2282 3632 2482 3685 egresso
2518 3617 2572 3669 in
2599 3616 2881 3688 publicum,
2922 3613 2999 3668 uel
3023 3613 3369 3688 disceptandi
3401 3615 3473 3670 de
3500 3617 3753 3688 religione,

2168 3688 2247 3740 uel
2271 3683 2524 3740 tractandi
2561 3683 2837 3757 putesceret
2864 3685 3083 3749 occasio,
3118 3683 3222 3740 etc.
3252 3684 3452 3757 Neque
3478 3683 3616 3741 vero
3654 3683 3753 3757 dis-

2168 3758 2373 3811 crimen
2420 3754 2652 3825 positum
2693 3768 2776 3809 est
2818 3757 2935 3810 sine
2964 3769 3145 3819 causa,
3178 3771 3301 3809 cum
3344 3756 3663 3824 disceptare
3698 3754 3757 3806 sit

2168 3842 2290 3951 Cllllli
2322 3828 2502 3898 aliquo
2527 3827 2843 3896 disputare;
2875 3835 3131 3895 traCIare,
3163 3841 3259 3895 per
3302 3840 3370 3881 sc
3400 3827 3556 3897 loqui
3581 3825 3648 3879 ad
3673 3838 3757 3894 po-

2170 3912 2239 3951 nu
2267 3914 2375 3951 um.

2170 3912 2375 3967 pulum.

2244 3979 2269 4014 κ
2294 3969 2439 4024 Urbe
2468 3967 2797 4023 summoveri
2830 3967 2933 4022 hoc
2970 3966 3025 4021 in
3062 3967 3181 4022 loco
3212 3966 3456 4034 idipsum
3489 3974 3597 4027 est,
3628 3963 3758 4035 quod

2170 4040 2363 4094 exsilio
2390 4039 2637 4094 mulctari
2666 4049 2816 4094 extra
2848 4046 3015 4091 totum
3040 4033 3344 4091 Romanum
3371 4033 3687 4107 imperium.
3708 4033 3760 4107 id

2168 4112 2387 4180 colligo,
2422 4111 2675 4179 primum,
2708 4124 2774 4164 ex
2806 4108 3390 4180 v_erbis_imperatoris,
3426 4105 3636 4180 quibus
3660 4105 3761 4180 edi-

2169 4176 2323 4235 ctum
2346 4176 2585 4249 ιιι-Μιξοιί
2617 4178 2907 4247 respondet
2940 4195 2952 4230 :
2987 4176 3357 4232 Probationem
3409 4176 3649 4249 convicti
3677 4176 3765 4229 cri—

2168 4248 2524 4323 minisstylus
2566 4250 2799 4323 publicus
2844 4250 3163 4323 insequatur,
3193 4248 3653 4323 ipsisinexorati
3687 4260 3763 4323 ex-

2170 4322 2277 4376 silii
2306 4317 2665 4391 deportatione
2706 4317 2997 4391 damnatis,
3045 4330 3160 4391 etc.
3192 4319 3408 4375 Deinde
3459 4335 3529 4374 ex
3562 4317 3767 4391 nomine

2090 4413 2145 4475 ι)
2170 4383 2412 4475 omnium
2453 4392 2515 4448 P.
2553 4392 2611 4448 P.
2634 4392 2717 4474 'in
2770 4389 2948 4471 fronte
2984 4383 3184 4475 edicti
3214 4390 3498 4475 apposito:
3563 4383 3765 4475 $igniii-l

2170 4473 2257 4518 cat
2303 4465 2447 4518 enim
2504 4463 2742 4517 omnium
2800 4460 3019 4515 nomine
3081 4454 3299 4515 idcirco
3328 4454 3647 4529 publicari,
3692 4454 3770 4508 vel
3824 4472 3831 4479 -

2171 4534 2239 4588 ab
2264 4550 2395 4600 uno,
2418 4534 2560 4603 quod
2594 4548 2753 4587 nemo
2793 4548 2898 4585 non
2930 4531 3153 4603 deberet
3197 4532 3251 4584 in
3288 4544 3394 4603 sua
3423 4531 3639 4603 ditione
3672 4541 3769 4581 scr-

2174 4604 2410 4657 vandum
2434 4600 2645 4658 curare.
2674 4603 2913 4670 Denique
2940 4616 3005 4655 ex
3034 4600 3279 4669 jussione
3297 4600 3540 4655 Honorii
3565 4600 3635 4654 de
3657 4609 3767 4666 pro-

2172 4674 2460 4742 mulganda
2499 4674 2616 4743 lege
2655 4673 2811 4727 Juvat
2856 4681 3025 4725 autent
3064 4687 3153 4739 per
3203 4687 3415 4743 omnem
3461 4687 3597 4742 pene
3636 4683 3772 4743 men:

2174 4736 2320 4809 dum:
2362 4760 2463 4825 qua
2501 4736 2773 4825 imperium
2825 4736 3073 4825 [nostrum'
3098 4741 3425 4824 extenditur,
3461 4736 3772 4825 ‘hujusmodi

2176 4816 2500 4896 promulgata
2532 4812 3277 4896 diﬂ'undi.hQuorsttm.en.im
3308 4821 3520 4896 tanta,
3540 4812 3629 4867 Vel
3660 4822 3773 4896 pro:

2174 4880 2525 4954 mulgationis
2555 4880 3023 4954 universitas,7vel
3050 4882 3214 4937 edicti
3241 4883 3616 4954 generalitas,
3645 4880 3690 4935 si
3714 4893 3774 4954 ex

2173 4970 2275 5080 111ml
2293 4948 2574 5079 ῖὶιιιιιιειξειι
2595 4956 2803 5011 ditione
2826 4948 2949 5024 pelli
2970 4952 3232 5010 deberent
3245 4948 3543 5021 haeretici,
3569 4954 3640 5008 de
3658 4948 3771 5021 qui-

2217 5041 2278 5080 US
2300 5037 2472 5080 λαιιιιι·

2217 5041 2278 5080 US
2300 5037 2472 5080 λαιιιιι·

2247 5042 2531 5152 ἲιίῖιεέᾞὲιῖο
2558 5094 2853 5165 intelligere
2874 5106 2978 5160 est,
3000 5094 3380 5163 expulsionem
3408 5110 3483 5153 ex
3509 5094 3662 5150 Urbe
3681 5090 3773 5165 alia

2174 5167 2567 5237 signiﬁcatione
2594 5159 3157 5237 dicifquantloagitur
3183 5164 3640 5237 degprtefecliHP.

2175 5231 2283 5303 etB,
2332 5237 2438 5291 alia
2468 5252 2587 5291 cum
2624 5231 2853 5291 edicitur
2890 5251 2920 5290 a
2965 5231 3221 5307 pra-fecto
3254 5235 3428 5291 Urbis
3460 5254 3474 5307 ς
3512 5235 3613 5291 illo
3643 5231 3777 5307 enim

2175 5307 2442 5371 edicente,
2477 5307 2935 5379 proscriptionem,
2965 5304 3256 5379 significat,
3287 5321 3391 5379 seu
3440 5304 3781 5379 deportatio-

2175 5393 2338 5445 nem;
2379 5371 2881 5447 istdexpulsionem
2910 5371 3212 5443 dumtaxat,
3243 5371 3338 5431 vel
3369 5391 3447 5431 ex
3476 5371 3663 5447 muris
3685 5371 3783 5447 Ur-

2173 5447 2283 5516 bis,
2315 5443 2402 5504 vel
2442 5448 2508 5503 ad
2549 5443 2907 5520 centesimum
2953 5449 3205 5520 lapidem.
3236 5443 3787 5520 QuamobrenLH‘o-

2177 5523 2385 5586 norius,
2419 5535 2540 5574 cum
2574 5519 2809 5574 Palladio
2832 5520 2893 5574 P.
2927 5516 3188 5590 Pflegem
3212 5519 3399 5590 daret,
3430 5518 3612 5587 jussit
3638 5516 3786 5590 Pelag

2175 5593 2319 5659 gium
2350 5584 2770 5659 leestiumque
2796 5592 2866 5645 ita
2898 5591 3035 5647 Urbe
3059 5584 3201 5661 pelli,
3228 5600 3283 5643 ut
3307 5584 3595 5643 inexorati
3624 5584 3789 5643 exsilii

2176 5662 2526 5729 drportatione
2558 5663 2944 5719 damnarentur.
2997 5661 3346 5720 Constantius
3398 5670 3627 5730 autem,
3674 5669 3792 5716 cum
