3900 6268
165 208 261 268 393

535 197 848 257 DISSEBT.
890 195 980 255 lll.‘
1022 196 1111 255 DE
1150 195 1813 257 CONSTITUTIONIBUS
1850 192 2359 254 IMPERATORUM
2396 194 2463 252 IN
2500 194 2729 256 CAUSA
2765 197 3012 257 PELAG.

3311 199 3424 265 594

226 322 330 377 Hoc
369 315 525 388 igitur
574 332 765 373 omnes
814 315 1098 372 admoneri
1141 325 1356 388 oportet
1409 317 1607 381 edicto,
1661 332 1729 372 ne
1753 321 1806 379 Α
1834 314 2172 385 ignoratione
2220 316 2599 383 reverentiam,
2633 316 2707 371 ita
2744 332 2809 373 ex
2850 318 3030 389 inepta
3057 316 3427 389 disputatione

164 416 271 489 quis
289 411 517 468 sinistras
539 408 907 481 persuasionis
930 409 1206 466 erroribus
1230 420 1257 449 ι
1280 410 1556 467 credulum
1589 427 1728 481 pra:-

162 518 255 567 stet
285 519 560 562 assensum
594 522 609 560 :
643 505 745 583 etsi
773 504 843 559 sit
872 503 965 559 ille
991 504 1235 575 plebeius
1263 519 1327 559 ac
1354 504 1606 575 clericus,
1635 505 1728 575 qui

162 607 210 663 in
243 601 481 671 caliginis
522 600 685 669 hujus
728 600 961 655 obscena
1005 598 1281 668 reciderit,
1313 614 1345 654 a
1385 614 1727 670 quocumque

163 705 341 755 tractus
394 692 463 747 ad
512 692 773 762 judicem,
823 694 944 748 sine
996 690 1347 748 accusatricis
1397 690 1728 747 discretione

162 802 404 863 personae,
431 785 747 842 facultatum
775 784 1141 855 publicatione
1163 784 1418 851 nudatus,
1452 772 1727 843 irrevoca-

165 884 256 939 bile
280 880 514 951 patietur
542 877 816 934 exsilium.

221 975 245 1016 ιι
270 975 396 1031 Nam
435 988 689 1044 suprema
742 971 1019 1041 majestas,
1059 980 1119 1028 ut
1168 971 1375 1043 colligit
1410 987 1482 1028 ex
1530 972 1731 1028 secreti

1834 423 2105 479 'mmm'
2299 480 2791 539 eCONSTlTUTlO
2828 482 2917 539 ιιι.

1832 550 2139 607 darts'rou
2181 566 2396 609 nouom
2425 569 2781 609 lIIPEBA‘l'ORIS
2827 564 2937 609 εΑυ
2983 572 3251 614 Αυιιειιωι
3294 575 3433 616 cm-

2263 640 2635 681 TBAGINENSEI
2677 640 2967 681 EPISCOPUI
2979 668 2991 679 .

1896 713 1915 752 ί
1945 714 2021 769 De
2050 714 2410 771 subscribendo
2439 716 2770 769 damnatione
2801 713 3009 787 Pelagii
3038 727 3084 772 et
3113 718 3355 775 Caelestii.

1833 807 2005 880 Impp.
2031 810 2301 866 HONORIUS
2326 819 2382 865 et
2420 809 2754 935 Tugolootsms
2776 810 2893 865 AA.
2917 810 3139 869 Aurelio
3167 816 3423 888 episcopo

2531 896 2558 934 a
2589 898 2617 935 u
2646 897 2753 935 em.

2531 896 2753 937 atutem.

1910 973 2120 1028 Dudum
2151 972 2366 1042 quidem
2414 972 2593 1028 fuerat
2635 975 3015 1043 constitutum,
3071 986 3131 1034 ut
3174 980 3426 1053 Pelagius

1312 1064 1859 1123 CASTIGATIONES
1897 1066 1985 1122 ET
2025 1066 2258 1123 NOTAE.

168 1160 435 1219 Volusiano
478 1159 739 1231 praefecto
778 1158 939 1231 Urbis
972 1160 1232 1217 adversus
1271 1159 1489 1216 eosdem
1526 1159 1731 1215 scribe-

166 1246 249 1300 ret,
275 1230 550 1289 mandavit
576 1249 603 1286 e
631 1232 791 1284 nutris
826 1230 977 1286 Urbis
1004 1232 1210 1300 expelli,
1242 1232 1313 1284 ita
1353 1240 1542 1296 tamen,
1577 1242 1630 1283 ut
1670 1246 1731 1284 ne

167 1311 277 1365 intra
305 1304 887 1376 quidern_centesiinum
930 1300 1156 1376 lapidem
1184 1302 1427 1376 haberent
1469 1300 1731 1376 tuentium

169 1373 474 1433 consistendi.
501 1374 632 1429 Nam
660 1374 903 1444 praefecti
929 1373 993 1428 P.’
1018 1375 1315 1428 auctoritas
1344 1389 1449 1428 non
1480 1373 1728 1444 aliisde-

171 1449 428 1504 ﬁniebatur
477 1442 756 1513 limitibus,
789 1461 950 1515 quam
978 1445 1286 1514 imperium,
1332 1459 1450 1499 cum
1492 1442 1729 1513 praefecti

172 1520 302 1578 Urbis
318 1527 561 1587 potestas
586 1516 725 1571 intra
741 1515 1097 1587 centesimum
1116 1514 1351 1587 lapidem
1378 1514 1725 1571 consisteret.

233 1600 253 1627 ι
273 1586 457 1653 Salm.,
491 1590 774 1655 sinistrum,
811 1589 989 1641 minus
1019 1586 1175 1642 bene.

234 1661 509 1741 b_Baron.,_
529 1659 667 1713 Nam
696 1676 922 1741 superna
956 1660 1221 1741 majestas,
1252 1668 1307 1713 ut
1337 1657 1537 1741 colligit
1565 1674 1627 1713 ea:
1654 1675 1733 1741 se-

188 1734 284 1787 creti
298 1734 608 1803 ignoratione
634 1732 984 1803 reverentiam,
1024 1731 1096 1783 ita
1116 1741 1169 1803 et
1192 1732 1391 1803 inepta:
1421 1731 1731 1803 disputatio—

191 1806 253 1859 nis
283 1801 515 1876 injuriam
562 1801 961 1876 exintit._Salm.
1012 1811 1070 1876 et
1111 1802 1258 1876 Bal.,
1291 1812 1346 1855 ut
1392 1818 1493 1876 non
1537 1802 1734 1876 colligit

184 1872 515 1947 exsecrandum
566 1874 959 1947 ignorationem,
1011 1873 1085 1925 ita
1137 1874 1323 1945 ineptae
1368 1872 1735 1947 disputationis

181 1948 317 2016 rejitit
335 1944 606 2017 injuriant'.
634 1944 1003 1999 Pulcherrima
1031 1944 1301 1999 sententia
1330 1945 1509 1999 verbis
1541 1945 1736 1998 obscu-

182 2020 240 2071 ris
262 2028 503 2082 corrupta
535 2026 640 2071 est.

237 2098 256 2125 ε
285 2089 515 2142 Habetur
547 2088 686 2155 apud
718 2086 935 2142 eosdem
961 2096 1211 2141 auctores
1238 2096 1401 2155 atque
1422 2086 1735 2156 praecedens

184 2160 482 2223 constitutio,
516 2172 712 2227 praner
747 2157 1095 2213 Salmasium.

234 2228 399 2285 “Cum
428 2216 607 2297 legum
640 2231 1108 2297 imperatoriarum
1133 2229 1279 2283 varia
1311 2237 1458 2283 esset
1500 2216 1597 2296 pr‘o
1646 2242 1738 2283 va-

180 2303 253 2356 riis
278 2302 384 2355 sive
414 2305 594 2356 causis
631 2312 853 2370 propter
875 2316 1009 2369 quas
1038 2301 1433 2365 conderentur,
1468 2303 1586 2354 sive
1616 2315 1740 2364 per-

186 2374 302 2437 sonis
327 2373 391 2425 ad
416 2387 554 2442 quas
582 2372 969 2441 dirigerentur,
995 2372 1189 2437 forma,
1223 2371 1499 2439 multiplex
1524 2387 1739 2440 quoque

188 2453 464 2513 usurpatum
491 2454 576 2499 est
592 2444 821 2498 subinde
837 2458 1058 2499 nomen.
1081 2443 1215 2498 Nam
1245 2451 1299 2496 et
1324 2442 1739 2497 constitutiones

187 2516 493 2582 dicebantur,
536 2530 672 2585 quas
700 2526 848 2569 motu
880 2515 1036 2584 quasi
1059 2515 1279 2584 proprio
1309 2514 1577 2583 principes
1607 2514 1741 2569 ede-

182 2599 309 2652 rent;
340 2596 394 2641 et
418 2590 701 2656 rescripta,
724 2586 921 2655 quibus
938 2586 1004 2640 ad
1035 2586 1281 2641 consulta
1308 2586 1737 2654 responderent;

177 2669 223 2713 et
248 2658 502 2729 epistolae,
533 2674 626 2713 seu
653 2673 847 2723 sacrae,
880 2658 1077 2726 quibus
1106 2656 1743 2729 sanctiones_dirigerent

178 2730 239 2783 ad
268 2726 578 2798 spectabiles
606 2739 764 2799 atque
787 2730 1080 2783 honoratas
1111 2743 1390 2798 personas.
1416 2726 1660 2781 Fuerunt
1686 2737 1743 2783 et

182 2802 397 2855 aliorum
421 2802 685 2854 nominum
724 2800 999 2863 mandata,
1042 2801 1216 2869 jussa,
1247 2808 1378 2863 etc.,
1418 2814 1740 2868 quamquam

185 2887 289 2925 non
314 2873 382 2926 ita
405 2871 644 2941 religiose
672 2886 882 2941 semper
903 2882 1113 2926 servata
1136 2880 1220 2925 est
1252 2871 1529 2924 nominum
1552 2870 1742 2923 distiu-

1840 1160 1932 1242 lib.
1966 1176 2081 1242 xxii
2113 1162 2177 1215 de
2205 1162 2362 1242 Civit.
2395 1178 2510 1231 cap.
2541 1162 2639 1242 8).
2674 1162 2745 1218 At
2787 1179 2913 1242 ann.
2956 1166 3091 1242 59l,
3137 1169 3206 1225 ad
3249 1172 3427 1242 ipsum

1834 1231 2294 1309 ja_m_episeopu_m
2334 1231 2667 1303 Augustinus
2710 1237 2990 1309 presbyter
3029 1231 3239 1295 litteras
3268 1231 3429 1299 'dedit

1840 1301 2035 1380 (Epist.
2061 1301 2287 1380 sate;
2320 1318 2386 1358 eo
2413 1301 2626 1380 quoque
2658 1307 2848 1380 mortis
2872 1301 3101 1378 'tempus
3142 1315 3430 1380 conjicitur

1838 1375 1981 1450 quod
2012 1374 2279 1450 ann._42_4
2310 1386 2401 1429 aut
2431 1374 2630 1450 ῥὶῦξὶιι-
2648 1376 2896 1450 Africana
2939 1374 3148 1450 synodo
3188 1374 3433 1443 subscri-

1842 1446 1949 1515 psit
1976 1447 2218 1520 ep_istoltg
2245 1446 2465 1520 Leporii
2493 1447 2557 1501 ad
2591 1448 2883 1503 Galliarum
2927 1446 3251 1520 episcOpos;
3293 1474 3425 1513 ann.

1840 1531 1972 1571 vero
2024 1517 2123 1572 431
2179 1516 2477 1587 Capreolus
2529 1519 2735 1573 Aurelii
2787 1516 3068 1577 successor
3116 1516 3183 1579 ad
3236 1516 3429 1587 Patres

1764 1580 1815 1641 B
1841 1588 2142 1663 Ephesinos
2171 1580 2272 1658 per
2298 1588 2574 1663 Bassulam
2610 1590 2903 1663 diaconum
2950 1596 3201 1663 scripsit,
3240 1580 3429 1657 eiii;

1839 1660 2056 1729 quidem
2087 1670 2146 1715 ut
2175 1660 2487 1731 05tenderet
2514 1676 2574 1715 se
2599 1661 2923 1731 jampridem
2956 1664 3011 1718 in
3043 1660 3435 1725 sede’Cartha-

1839 1731 2270 1810 ginensisedere
2297 1729 2477 1810 (Qanc.
2512 1729 2939 1810 Ephes.‘part._u
2965 1743 3066 1789 act.
3098 1737 3172 1807 l).
3202 1740 3432 1810 Oportet

1843 1803 2007 1872 igitur
2059 1804 2382 1858 intermedio
2437 1808 2700 1871 temporis
2752 1806 2930 1871 spatio
2981 1803 3265 1862 Aureliani
3318 1814 3430 1868 vita

1840 1875 2082 1928 functum
2103 1915 2119 1940 ,
2148 1884 2309 1944 atque
2328 1914 2344 1938 ,
2380 1882 2439 1928 ut
2466 1876 2681 1942 opinor,
2713 1890 2856 1929 anno
2884 1875 2990 1933 426
3036 1886 3129 1932 aut
3170 1882 3296 1936 427.
3325 1883 3434 1942 Ne-

1840 1960 1947 2017 que
1975 1946 2120 2000 enim
2150 1944 2380 2001 eruditis
2408 1945 2714 2003 audiendus
2741 1948 2956 2003 videtur
2988 1950 3275 2017 Baronius,
3304 1970 3431 2010 cum

1839 2015 2163 2093 Capreolum
2192 2016 2332 2071 inter
2358 2026 2412 2070 et
2441 2018 2719 2093 Aurelium
2751 2021 3047 2090 interponit
3082 2015 3384 2081 Genedium
3410 2069 3428 2093 ,

1841 2087 1932 2158 qui
1962 2087 2241 2142 Aurelium
2276 2091 2571 2156 praecessit.

1914 2159 2109 2239 Quanti
2156 2160 2425 2239 llonorius
2464 2160 2669 2239 faceret
2712 2162 2989 2217 Aurelium
3012 2206 3027 2229 ,
3062 2167 3301 2222 ostendit
3332 2184 3433 2239 per

1842 2244 1903 2310 se
1928 2230 2321 2310 satis-epistola
2350 2246 2454 2300 qua
2483 2232 2758 2310 de_agitur
2785 2251 2798 2287 :
2832 2244 3017 2310 posset
3058 2243 3238 2292 tamen
3282 2230 3437 2310 quis-

1842 2301 1987 2370 piam
2028 2302 2163 2356 illud
2219 2302 2394 2377 ipsum
2436 2301 2713 2377 conli_cere
2728 2319 2797 2377 ex
2831 2301 3030 2361 litteris
3072 2310 3267 2377 quibus
3299 2301 3436 2368 san-

1844 2381 1989 2427 ctum
2032 2388 2253 2434 senem,
2294 2373 2523 2430 durante
2564 2373 2757 2430 Eulalii
2798 2373 3125 2442 schismate,
3160 2395 3265 2435 una
3308 2398 3434 2439 cum

1844 2455 2051 2511 septem
2086 2444 2359 2499 nobilibus
2386 2460 2455 2501 ex
2481 2445 2656 2500 Africa
2691 2446 2994 2515 episcopis,
3042 2465 3300 2507 evocasse
3345 2456 3435 2509 di-

1844 2518 1986 2591 citur
2004 2515 2092 2591 _ad
2122 2515 2418 2591 _syii_odum_
2444 2516 2681 2591 id.__.lun_.
2726 2515 3028 2591 habendam
3070 2520 3316 2591 Spoleti,
3363 2526 3434 2581 de

1842 2587 1965 2655 jure
2003 2584 2263 2660 Bonifacii
2293 2595 2350 2660 et
2377 2584 2573 2660 Eu‘lalii
2603 2587 2671 2660 ad
2702 2590 2885 2644 sedem
2917 2584 3434 2660 apostolicamIVe—

1846 2672 1969 2712 rum
1998 2673 2089 2712 eas
2123 2659 2247 2713 licet
2276 2657 2573 2713 Annalibus
2600 2659 2889 2713 inseruerit
2929 2657 3223 2718 cardinalis
3265 2666 3435 2723 Baro-

1847 2731 1970 2804 nius
1998 2744 2067 2784 ex
2104 2728 2361 2804 Vaticano
2400 2728 2621 2792 codice,
2667 2730 2915 2804 laborant
2957 2734 3063 2787 illa:
3107 2736 3248 2804 apud
3292 2752 3434 2793 non-

1848 2801 2030 2873 nullos
2078 2802 2419 2873 suspicione,
2476 2811 2697 2873 pr0pter
2746 2801 3171 2873 obscuritatem,
3225 2815 3281 2863 et
3326 2809 3432 2864 alia

1847 2872 2115 2940 ejusmodi
2150 2872 2368 2927 menda.
2396 2872 2501 2927 Sed
2531 2887 2653 2927 cum
2682 2882 2881 2927 caetera
2913 2876 3107 2930 menda
3135 2872 3202 2931 ex
3233 2880 3431 2935 obscu-

178 2943 304 3034 ctio,
330 2945 545 3034 ipsaque
567 2958 717 3034 quam
748 2958 889 3034 nunc
918 2942 1321 3024 habemusprae
1351 2941 1743 3034 manihltlts‘epi-
1770 2968 1817 3034 ο
1849 2945 2353 3034 ritatenﬂaseiantur,
2385 2951 2452 3034 et
2469 2942 2788 3034 obscuritas
2801 2960 2869 3000 ex
2896 2946 3246 3034 solo'codicis
3277 2952 3435 3019 vitio,

174 3015 307 3068 stola
336 3014 403 3068 ab
426 3016 655 3069 llonorio
676 3014 1005 3084 Aurelioque
1032 3011 1351 3069 constitutio
1380 3011 1702 3081 appellatur.

239 3085 483 3155 Epistolas
508 3100 692 3157 porro,
706 3101 827 3155 qua)
845 3096 899 3140 et
926 3100 1095 3157 sacrae
1114 3084 1432 3153 sintpliciter
1454 3084 1743 3157 aliquando

182 3154 440 3217 vocantur,
471 3154 826 3213 mittebantur
874 3155 942 3211 ad
980 3156 1287 3226 episcopos,
1347 3166 1509 3223 atque
1561 3154 1746 3224 hujus-

181 3228 305 3282 modi
336 3230 516 3282 multm
546 3240 673 3283 sunt
702 3230 753 3282 in
787 3232 921 3282 actis
948 3229 1161 3283 concilii
1206 3227 1495 3292 Ephesini:
1528 3226 1581 3279 in
1609 3228 1746 3280 actis

183 3310 335 3354 autem
364 3302 567 3369 quinta:
596 3300 790 3371 synodi
820 3300 1051 3371 habetur
1078 3298 1308 3371 celebris
1338 3298 1429 3351 illa
1454 3296 1745 3371 Justiniani

182 3371 236 3424 ad
260 3368 481 3439 Menam,
509 3372 578 3426 de
606 3368 950 3426 damnatione
974 3370 1246 3441 Origenis,
1275 3384 1397 3441 quae
1420 3368 1585 3422 missa
1610 3384 1747 3437 quo—

184 3457 271 3511 que
292 3452 369 3498 est
396 3444 463 3495 ad
521 3458 791 3497 summum
826 3439 1136 3511 pontificem
1170 3439 1453 3509 Vigilium,
1485 3448 1745 3494 caeteros-

191 3528 273 3579 que
292 3514 656 3580 Alexandriae,
681 3514 1021 3583 Theopoleos
1045 3522 1101 3567 et
1131 3511 1629 3583 Hierosolymorum
1654 3526 1748 3581 pa-

194 3586 443 3656 triarchas.
474 3588 653 3656 Atque
678 3585 795 3639 hare
816 3582 976 3640 causa
1003 3583 1104 3639 fuit
1129 3598 1227 3638 cur
1268 3597 1400 3652 non,
1430 3582 1655 3656 perinde
1682 3597 1746 3638 ac

190 3655 259 3709 alii
288 3659 525 3727 quidam,
559 3654 656 3727 pro
708 3657 863 3711 titulo
908 3656 1342 3727 apposuerimus,
1395 3654 1741 3723 rescriptum,

185 3728 262 3782 sed
287 3729 596 3797 epistolam.

244 3810 263 3836 ε
286 3796 461 3871 Atque
491 3802 629 3856 adeo
652 3800 815 3856 totius
844 3799 1115 3854 Africanas
1134 3797 1393 3871 ditecesis
1415 3796 1701 3871 primatem
1726 3813 1742 3862 ;

189 3868 428 3938 gaudebat
448 3874 595 3927 enim
634 3873 1034 3941 proconsularis
1059 3869 1336 3939 provincia
1383 3868 1485 3922 hoc
1529 3869 1747 3941 privile-

187 3944 270 4010 gio,
298 3954 351 3997 ut
390 3938 688 4012 primatum
718 3960 823 3999 non
857 3938 1075 3997 tantum,
1095 3941 1410 4011 provinciae,
1442 3943 1539 3995 sed
1581 3938 1744 3994 etiam

192 4013 375 4081 Africa.
434 4015 577 4069 idem
608 4016 697 4085 qui
751 4015 933 4070 sedem
990 4012 1464 4085 Carthaginensem
1512 4020 1740 4077 teneret,

191 4098 280 4138 cum
303 4089 351 4139 in
381 4087 511 4141 aliis
536 4084 825 4156 previnciis
856 4085 1039 4141 senior
1062 4084 1399 4156 coepiscopis
1427 4092 1704 4156 praeesset.

239 4156 367 4223 Dixi,
396 4152 571 4214 totius
602 4158 868 4212 Africana:
906 4152 1198 4221 dimcesis';
1231 4155 1391 4210 debet
1420 4152 1564 4208 enim
1604 4154 1745 4208 forte

182 4229 336 4297 excipi
385 4230 713 4284 Mauritania
741 4228 1047 4297 Tingitana,
1094 4242 1235 4296 quae,
1266 4234 1323 4279 ut
1366 4225 1515 4297 olim
1541 4224 1745 4297 vicario

184 4295 542 4367 Hispaniarum
588 4295 941 4371 parebatsita
964 4295 1184 4371 suberat
1231 4298 1441 4350 Baeticae
1473 4295 1744 4371 citerioris

1848 3030 1955 3087 non
1989 3014 2230 3069 difﬁcilis
2259 3014 2567 3069 emendatio
2598 3027 2703 3070 est.
2736 3015 2825 3071 Sic
2848 3018 2992 3070 enim
3019 3018 3123 3087 legi
3153 3018 3317 3076 debet
3343 3039 3357 3075 :

1917 3085 2088 3161 Aliam
2111 3087 2317 3161 quidem
2332 3086 2565 3161 veniendi
2588 3102 2799 3161 causam
2815 3085 3171 3159 aptavei'amus
3183 3094 3431 3161 evenisse,

1844 3164 1903 3212 ut
1927 3158 2231 3232 desiderato
2280 3156 2792 3232 benedictionis__tugz
2842 3156 3133 3229 fruerentur
3180 3156 3431 3232 aspectu:

1845 3229 1936 3302 sed
1952 3231 2074 3302 quia
2095 3228 2337 3281 adversus
2364 3244 2554 3302 papam
2574 3230 2715 3282 urbis
2734 3228 2913 3283 Roma:
2934 3232 3142 3285 ambitio
3162 3228 3437 3302 reprehen-

1848 3299 2019 3374 dendo
2047 3311 2302 3353 certamen
2328 3300 2517 3374 indicit
2537 3340 2554 3365 ,
2585 3309 2633 3353 et
2661 3312 2895 3354 sanctam
2926 3304 3080 3355 vitam
3107 3304 3162 3357 in
3192 3299 3436 3374 episcopo

1846 3372 2178 3444 testimamus
2200 3372 2557 3444 requirendam
2582 3412 2599 3437 ,
2649 3382 2869 3443 coeptum
2906 3390 3058 3444 super
3097 3376 3192 3429 hac
3223 3372 3437 3433 discus-

1848 3442 1988 3496 sione
2005 3442 2269 3514 judicium
2290 3485 2304 3508 ,
2335 3458 2436 3496 non
2455 3443 2628 3514 minor
2660 3460 2905 3497 numerus
2927 3442 3252 3501 sacerdotum
3281 3466 3437 3514 quam

1848 3513 2035 3584 synodi
2075 3514 2385 3567 consuetudo
2427 3513 2691 3587 deposcit,
2724 3514 2779 3567 in
2810 3515 2985 3584 plures
3015 3513 3438 3587 doctissimasque

1848 3588 1982 3659 viros
2003 3626 2017 3649 ,
2047 3600 2268 3659 quorum
2303 3585 2552 3659 sanctitas
2584 3595 2687 3659 tua
2707 3587 2944 3652 princeps
2974 3596 3049 3640 est
3070 3628 3084 3649 ,
3115 3585 3430 3659 prorogavit.

1850 3654 2033 3725 Neque
2059 3654 2195 3711 enim
2222 3656 2434 3723 praemia
2464 3656 2715 3709 castitatis
2744 3668 2789 3710 et
2820 3659 3019 3721 meriti,
3061 3654 3329 3715 summotis
3359 3664 3435 3717 vi-

1848 3727 1932 3781 tiis
1961 3744 2077 3797 qua:
2103 3728 2298 3799 respuit
2326 3727 2513 3781 divina:
2540 3727 2804 3798 religionis
2829 3740 3160 3784 sacrosancta
3186 3748 3437 3799 prmum-

1848 3800 1958 3865 ptio
1985 3841 1999 3861 ,
2034 3815 2123 3867 per
2151 3799 2282 3851 alios
2313 3814 2470 3868 quam
2512 3799 2639 3852 tales
2678 3800 2813 3853 viros
2840 3803 3067 3870 Oportuit
3095 3805 3334 3857 revelari.
3367 3803 3439 3859 Et

1847 3872 2097 3943 quamvis
2118 3870 2401 3943 suﬂiceren‘t
2431 3870 2627 3923 domini
2662 3872 2895 3941 germani
2922 3874 3019 3926 mei
3044 3875 3263 3943 Augusti
3290 3876 3435 3941 prin-

1848 3943 1975 4011 cipis
2001 3942 2221 4011 scripta,
2255 3940 2535 4009 proderunt
2567 3940 2721 3994 etiam
2749 3958 2861 3993 mea
2887 3952 3091 4009 tamen,
3122 3940 3304 4012 quibus
3331 3947 3433 3999 ad-

1847 4022 2051 4087 ventum
2076 4012 2359 4087 sanctitatis
2388 4021 2490 4065 tua:
2518 4012 2709 4087 pariter
2736 4013 2993 4087 adjunxi.
3014 4014 3199 4087 Qumso
3228 4017 3426 4087 itaque,

1849 4083 2060 4158 domine
2092 4092 2273 4158 sancte
2307 4080 2490 4147 Pater,
2519 4080 2717 4158 merito
2760 4080 3097 4158 venerabilis,
3140 4096 3196 4138 ut
3237 4080 3433 4158 duplea:

1849 4154 2149 4223 bene/icium
2187 4152 2415 4217 tribuas,
2458 4163 2507 4205 et
2545 4152 2849 4207 desiderata:
2888 4155 3029 4208 nobis
3068 4152 3435 4215 benedictionis

1847 4233 1977 4297 tute,
2009 4235 2056 4297 et
2096 4224 2366 4297 necessarii
2408 4240 2523 4297 pro_
2544 4224 2841 4297 habitudine
2869 4226 3058 4296 jndicii
3098 4228 3431 4297 proferendi,

1847 4295 2148 4370 intermissis
2188 4293 2440 4370 omnibus.
2466 4293 2766 4370 Dominum
2791 4293 3030 4370 intuenti
3048 4339 3078 4370 ,7
3099 4293 3169 4351 de
3198 4293 3320 4370 ejus
3348 4293 3436 4355 sa;

187 4355 395 4442 primati.
419 4355 761 4442 Quam'quam
792 4355 1047 4427 Vandalis
1075 4370 1327 4442 primum,
1363 4375 1475 4442 tum
1503 4364 1742 4436 Wisigo-
1770 4355 1826 4417 D
1851 4367 2052 4442 geritote
2081 4366 2336 4433 ﬁrmando
2358 4405 2372 4429 ,
2404 4366 2548 4442 labor
2586 4368 2818 4442 veniendi
2857 4385 2956 4442 non
2998 4355 3152 4442 debet
3181 4355 3429 4429 recusari.

189 4438 285 4494 this
311 4438 844 4513 hanc’Hispa'niarum
884 4451 1091 4512 partem
1134 4440 1539 4513 invadentibus,
1563 4450 1750 4513 muta-

180 4519 282 4565 tum
298 4516 490 4585 aliquid
519 4508 662 4579 reor,
681 4523 815 4585 etex
836 4508 1160 4585 coitempore
1178 4511 1549 4585 Mauritaniam
1563 4508 1749 4585 Tingi-

177 4579 488 4651 tanamfseu
534 4584 845 4653 Hispaniam
898 4579 1361 4646 Trarisfretanam,
1399 4579 1747 4653 rsuhbfricaa

180 4650 390 4721 primate
438 4650 754 4719 exstitisse;
799 4656 853 4709 in
903 4658 1038 4709 actis
1086 4656 1230 4708 enim
1264 4652 1480 4707 concilii
1505 4650 1747 4721 Africani

175 4720 283 4781 ann.
335 4727 441 4785 419
492 4729 685 4793 habiti,
743 4727 1011 4795 Hispania:
1039 4723 1463 4795 (Transfretante
1502 4720 1749 4795 scilicet)

174 4794 319 4867 lcgati
353 4802 499 4855 inter
525 4800 667 4853 alios
690 4794 1001 4863 censentur,
1042 4795 1267 4850 Vandali
1294 4794 1565 4867 siquidem
1593 4794 1751 4867 circi-

176 4864 241 4922 ter
260 4884 457 4925 annum
488 4870 619 4936 409,
650 4869 934 4939 Wisigothi
980 4867 1196 4923 circiter
1240 4882 1437 4920 annum
1467 4864 1596 4932 M9,
1631 4865 1747 4919 Ba:-

171 4942 310 4995 ticam
340 4943 684 5006 citeriorem,
714 4938 869 4995 victis
902 4938 1158 4993 Vandalis
1185 4945 1491 4992 tenuerunt.

228 5015 483 5069 Aurelius
510 5028 676 5083 porro
706 5011 904 5066 nobilis
932 5011 1023 5065 ille
1057 5018 1143 5064 est
1184 5008 1457 5083 Africanas
1495 5024 1523 5063 ε.
1544 5007 1750 5064 τίει-[ηε

170 5083 483 5140 universalis
506 5081 762 5139 Ecclesia:
786 5082 1081 5145 institutor,
1114 5090 1187 5135 tot
1226 5081 1580 5135 conciliorum
1613 5094 1751 5146 prte-

167 5167 259 5218 ses,
289 5166 371 5211 tot
391 5170 668 5212 canonum
698 5164 903 5221 auctor,
938 5162 995 5207 ut
1014 5152 1104 5222 qui
1134 5161 1527 5221 prmeesserunt
1559 5149 1751 5205 ,ιλιι-ἰθέῃ

166 5228 439 5295 primates,
477 5226 778 5297 disciplinae
822 5225 1129 5297 rudimenta
1186 5222 1378 5297 fecisse
1426 5222 1748 5297 videamur,

161 5312 268 5369 qua
296 5293 430 5369 ipse
457 5293 770 5367 perfecerit,
794 5298 846 5351 in
890 5296 1196 5365 exemplum
1230 5294 1393 5350 totius
1427 5294 1539 5349 fere
1571 5293 1755 5348 Eccle-

158 5368 244 5423 siae
270 5368 589 5426 catholicae.

219 5440 427 5497 Tenuit
471 5442 877 5513 episcopatump
898 5452 1099 5513 annos,
1151 5447 1226 5513 ut
1258 5437 1473 5513 opinor,
1533 5434 1754 5505 triginta

152 5526 282 5579 sex;
315 5514 482 5568 inivit
508 5508 817 5567 enim'ann.
849 5510 987 5577 390,
1022 5511 1255 5565 decessit
1287 5508 1507 5563 circiter
1551 5521 1752 5560 annum

151 5582 272 5639 49.6.
321 5585 575 5654 Tempus
614 5586 729 5639 initi
775 5584 1119 5652 episcopatus
1160 5596 1243 5654 ex
1270 5595 1339 5635 eo
1383 5579 1749 5654 cognoscitur,

148 5656 284 5725 quod
311 5674 455 5712 ann.
479 5649 585 5711 389
616 5649 906 5719 diaconus,
936 5649 1039 5725 una
1068 5668 1189 5725 cum
1222 5652 1543 5725 Augustino,
1577 5649 1753 5725 adhuc

148 5722 319 5793 laico,
386 5728 638 5783 interfuit
688 5729 951 5783 miraculo
1000 5724 1325 5793 Carthagine
1375 5722 1518 5777 facto
1568 5722 1746 5793 (Aug.

436 5825 707 5885 Ρλτιιοι.
758 5820 1043 5882 XLVIII.

1848 4436 2105 4491 Divinitas
2137 4445 2185 4489 te
2211 4452 2299 4505 per
2326 4436 2514 4489 multos
2544 4454 2704 4491 annos
2742 4438 3049 4493 incolumem
3069 4482 3083 4502 ,
3115 4440 3277 4496 Pater
3301 4443 3429 4497 cha-

1847 4508 2049 4582 rissime
2078 4516 2229 4582 atque
2259 4510 2602 4561 amantissime
2621 4550 2637 4582 _,
2661 4519 2921 4582 prcestare
2947 4513 3209 4582 dignetur.

1926 4578 1946 4616 τ
1972 4578 2087 4656 Non
2111 4578 2244 4633 alias
2271 4594 2522 4656 umquam
2541 4621 2557 4646 ,
2584 4580 2672 4635 ubi
2694 4592 2877 4656 actum
2901 4578 3072 4637 estde
3097 4583 3433 4656 proﬂiganda

1852 4649 2047 4725 haeresi
2072 4651 2398 4725 ,prtecessit
2436 4650 2577 4713 ulla,
2619 4650 2763 4725 quod
2804 4652 2969 4707 sciam
2994 4695 3007 4714 ,
3051 4649 3436 4725 sanctio'prin-

1852 4722 2033 4791 cipum
2064 4721 2498 4776 Christianorum
2532 4764 2546 4785 ,
2602 4721 2670 4777 de
2726 4724 3115 4779 conveniendis
3168 4721 3433 4783 universis

1828 4793 2123 4862 episcopis
2148 4805 2168 4853 ζ
2198 4794 2313 4867 sive
2343 4792 2760 4867 quidel’uissent
2786 4796 3048 4862 concilio,
3083 4797 3136 4850 in
3165 4812 3273 4867 quo
3301 4798 3434 4852 fuis-

1856 4875 1975 4932 set,
2026 4875 2119 4919 aut
2156 4864 2371 4918 condita
2418 4863 2543 4918 fidei
2584 4863 2845 4933 formula,
2888 4878 2979 4920 aut
3017 4863 3267 4921 damnata
3310 4885 3431 4922 cum

1857 4936 2166 4991 auctoribus
2212 4934 2469 5000 haeresis;
2517 4938 2630 4989 sive
2674 4934 2833 4991 etiam
2878 4938 2968 5006 qui
3012 4939 3065 4991 in
3106 4953 3200 4991 sua
3239 4940 3435 5007 singuli

1857 5008 1987 5063 sede
2026 5008 2404 5075 quiescerent,
2455 5022 2628 5077 neque
2670 5010 2908 5077 suspecti
2957 5008 3285 5064 haberentur
3330 5027 3434 5065 no-

1858 5078 2003 5133 mine
2035 5078 2260 5132 haaresis
2282 5118 2295 5140 ,
2325 5087 2385 5131 ut
2416 5078 2819 5134 subscriberent
2859 5079 2983 5133 latae
3010 5079 3078 5133 ab
3110 5081 3348 5135 Ecclesia
3380 5082 3436 5139 in

1858 5149 2091 5221 aliquem
2121 5148 2393 5203 hominem
2422 5154 2728 5221 sententiae.
2755 5150 2908 5205 Nulla
2934 5160 3084 5206 certe
3112 5152 3163 5204 in
3194 5162 3308 5206 toto
3331 5150 3438 5208 Co-

1859 5220 1979 5276 dice
2010 5220 2389 5275 Theodosiano
2429 5229 2513 5275 est
2533 5265 2548 5289 ,
2584 5220 2725 5274 nulla
2762 5222 2901 5291 apud
2930 5224 3223 5291 scriptores
3253 5239 3437 5280 rerum

1857 5292 2348 5347 ecclesiasticarum
2379 5334 2394 5358 ,
2446 5293 2591 5346 nulla
2644 5295 2784 5363 apud
2839 5294 3093 5361 probatos
3143 5302 3435 5363 auctores;

1858 5379 1981 5433 qua:
2008 5365 2150 5436 enim
2192 5365 2466 5436 jactamur
2508 5363 2576 5420 de
2618 5363 2854 5419 Eusebio
2892 5372 2948 5419 et
2988 5364 3336 5436 'l'heognide,
3381 5368 3438 5423 in

1857 5449 2021 5507 causa
2076 5434 2314 5501 Ariana,
2366 5435 2569 5489 habent
2626 5435 2863 5507 speciem
2926 5437 3081 5506 longe
3136 5434 3437 5495 diversam.

1859 5505 2054 5561 ISIhtec
2075 5508 2237 5576 igitur
2262 5507 2581 5561 constitutio
2602 5505 2813 5563 censeri
2838 5505 3233 5576 petest’merito
3255 5525 3441 5565 exem-

1859 5580 1975 5648 plar
2022 5578 2470 5644 consequentium
2520 5578 2919 5646 plurimarum;
2969 5594 3154 5635 verum
3206 5581 3272 5635 de
3327 5592 3442 5638 toto

1858 5650 2310 5716 subscriptionum
2363 5650 2610 5718 negotio,
2666 5665 2768 5718 qua
2819 5651 3053 5720 pertinet
3098 5653 3165 5706 ad
3219 5668 3441 5708 causam

1860 5721 2201 5789 Pelagianam
2222 5761 2236 5786 ,
2268 5721 2559 5791 singularis
2586 5720 2899 5777 dissertatio
2928 5738 3051 5777 mox
3085 5724 3263 5777 futura
3295 5733 3399 5781 est.

2927 5818 3002 5877 13
