3900 6268
149 232 228 290 597
515 225 821 289 DISSEBT.
863 218 951 288 lli.
996 226 1084 286 DE
1123 226 1781 287 CONSTITUTIONIBUS
1821 224 2321 283 lMPERATORUM
2359 223 2424 280 ΙΝ
2463 223 2687 282 CAUSA
2725 223 2974 282 PBLAG.

3278 226 3383 287 398

144 345 452 408 confessione
513 349 722 402 sincera
782 346 1116 402 conditorem
1175 361 1355 402 rerum
1409 346 1697 400 omniumn
1725 347 1775 404 Α
1807 350 1926 394 tor:
1959 355 2024 394 an
2067 338 2337 396 Africanae
2387 338 2638 392 Ecclesia:
2685 351 2782 408 per
2826 339 3054 409 legatum
3106 339 3336 409 Alipium
3364 387 3379 409 ,

146 444 310 506 Deum,
351 437 672 510 imperiique
709 438 883 494 nostri
913 454 1237 495 veneremur
1264 449 1560 501 auctorem,
1592 453 1700 492 non

145 535 349 606 patietur
374 533 638 590 sanctitas
659 541 770 599 tua,
803 545 968 590 sectae
995 532 1327 589 detestabilis
1350 533 1618 600 homines,
1646 533 1699 589 in

141 631 361 702 injuriam
385 628 684 698 religionis,
717 643 855 683 nova
876 636 932 684 et
955 628 1210 684 inusitata
1236 627 1577 691 meditantes,
1609 639 1699 680 se-o

143 724 279 782 cretis
317 719 344 760 δ
382 722 700 777 tractatibus
744 721 1026 776 occultare
1072 721 1433 791 sacrilegium,
1486 719 1700 790 publica

143 815 283 874 semel
323 814 641 869 auctoritate
689 814 1041 869 damnatum:
1077 830 1179 872 una
1223 815 1365 871 enim
1401 813 1701 883 eademque

144 909 272 977 culpa
309 913 392 961 est
438 920 628 960 eorum
659 905 750 974 qui
795 915 885 960 aut
928 905 1318 960 dissimulando
1350 915 1373 944 α
1403 905 1702 960 conniven-

143 1006 263 1065 tiam,
281 1006 366 1054 aut
379 1013 484 1052 non
500 996 825 1060 damnando,
841 996 1080 1052 favorem
1097 999 1311 1052 noxium
1327 996 1694 1066 praestiterint.

198 1091 256 1147 Et
293 1090 394 1146 alia
424 1105 605 1144 manu.
636 1087 901 1143 Divinitas
941 1099 992 1144 te
1024 1104 1119 1160 per
1157 1091 1356 1164 ιγνῑιιιοε
1386 1104 1556 1145 annos
1583 1105 1701 1144 ser-

146 1193 209 1241 vet
243 1182 594 1250 incolumem,
636 1180 822 1238 ΡΑτειι
878 1174 1406 1248 οιιΑιιιεειιιεἈτρυιι
1444 1198 1702 1239 ΑιιΑιισι-ιε-

147 1293 251 1334 uls.
286 1276 552 1330 Ravennae

65 1353 69 1356 ’
194 1367 356 1422 ἀῡλιει
379 1383 411 1421 v
443 1365 566 1423 idus
584 1367 712 1426 Jun.
742 1369 989 1426 Monaxio
1021 1381 1073 1424 et
1099 1369 1276 1425 Plinta
1302 1385 1444 1426 coss.

455 1518 704 1561 HISTORIA
726 1520 1023 1562 IIPERIALIS
1049 1521 1338 1562 EPISTOL£.
1423 1540 1426 1544 -

208 1618 409 1692 Venerat
438 1618 492 1672 in
529 1617 764 1692 Africam
815 1621 1069 1674 tractoria
1096 1621 1339 1692 _Zosimi,
1373 1636 1476 1692 qua
1522 1622 1697 1676 conti—

161 1691 344 1746 Iebatur
373 1705 472 1743 non
517 1690 691 1744 solum
743 1701 851 1746 tota
882 1707 1041 1746 causa
1095 1690 1296 1759 Pelagii
1328 1690 1402 1747 et'
1428 1692 1664 1748 leestii

162 1763 234 1817 sed
263 1761 496 1829 praecipue
523 1761 797 1815 deﬁnitiva
838 1763 985 1817 sedis
1033 1734 1349 1826 apostolicae
1395 1736 1686 1830 sententia:
1721 1734 1770 1795 Β

155 1834 221 1887 cui
237 1833 650 1887 subscribendum
670 1832 811 1888 foret
828 1835 897 1886 ab
911 1834 1188 1900 omnibus;
1211 1835 1296 1888 illa
1313 1835 1544 1889 maximo
1564 1836 1688 1904 piis-

152 1919 228 1974 que
249 1903 368 1958 vatis
410 1904 679 1975 bonorum
715 1914 898 1974 empto
923 1906 1140 1975 gaudio,
1173 1918 1397 1972 excepta
1443 1903 1686 1971 estpuna

153 1991 236 2027 tum
258 1974 464 2046 privatis
497 1976 562 2046 ad
596 1976 880 2031 Africanos
905 1974 1097 2030 summi
1150 1978 1422 2046 pontiﬁcis
1472 1979 1686 2032 litteris.

160 2048 256 2100 Acte
277 2045 502 2117 vicissim
525 2045 748 2102 Zosimo
772 2048 840 2101 ab
869 2045 1166 2102 Africanis
1185 2050 1391 2117 gratiae,
1427 2064 1546 2102 cum
1596 2065 1689 2104 cu-

158 2116 468 2188 mulatissimis
523 2117 793 2172 laudibus.
847 2116 1222 2188 Subscriptum
1275 2119 1562 2174 sententiae
1615 2122 1686 2174 ab

153 2187 352 2260 omnibus
369 2188 458 2257 qui
479 2187 714 2243 concilio
735 2189 979 2252 aderant,
1005 2187 1326 2259 quamquam
1349 2190 1490 2246 forte
1511 2207 1539 2244 a
1568 2193 1688 2260 quis

147 2258 324 2330 biisdam
347 2274 454 2314 non
486 2261 729 2315 cordate.
761 2260 920 2315 Missa
949 2258 1220 2316 tractoria)
1251 2258 1598 2330 exemplaria
1619 2263 1688 2317 ab

145 2329 576 2402 Aurelio‘primate
604 2331 672 2386 ad
718 2333 1120 2397 provinciarum
1151 2335 1354 2402 primas
1393 2329 1571 2398 sedes,
1631 2342 1690 2388 ut

142 2401 238 2454 inde
262 2401 750 2474 transmitterentur
786 2403 853 2457 ad
897 2405 1134 2474 reliquos
1162 2404 1442 2459 civitatum
1472 2407 1687 2474 episcoo

141 2485 235 2539 pos,
264 2481 366 2526 Iunt
394 2473 464 2528 ab
490 2473 644 2540 ipsis,
675 2485 784 2528 tum
813 2490 842 2528 a
874 2473 1027 2530 clero
1049 2475 1464 2537 subscribenda,
1487 2473 1541 2530 et
1565 2491 1687 2530 cum

135 2541 590 2613 subscriptionian
626 2545 694 2599 ad
727 2546 911 2600 urbem
948 2548 1292 2613 metropolim
1337 2548 1684 2602 remittenda.

189 2612 238 2666 Id
265 2629 523 2683 propenso
550 2615 846 2684 prcstitum
879 2628 961 2672 est
993 2634 1020 2669 ιι
1055 2612 1300 2685 pluribus
1337 2619 1682 2686 praesulibus,

132 2688 583 2758 tergiversatumia
621 2689 910 2754 nonnullis,
958 2691 1259 2754 przesertim
1308 2688 1362 2743 in
1411 2687 1684 2758 provincia

128 2753 391 2826 Bylacena
420 2766 475 2811 et.
500 2757 855 2825 Tripolitann:
887 2753 1012 2813 cum
1041 2759 1155 2823 alii,
1188 2770 1247 2813 ut
1275 2753 1489 2828 Opinor,
1527 2776 1687 2815 exce-

126 2838 298 2894 ptione
327 2828 555 2894 quadam
573 2840 871 2895 uterentur;
905 2833 992 2886 alii
1021 2832 1090 2886 ab
1118 2831 1376 2886 inferiore
1405 2834 1552 2886 clero
1575 2848 1686 2886 non

126 2898 322 2972 curiose
345 2899 474 2972 satis
501 2901 766 2968 exigerent
805 2902 1049 2957 debitam
1079 2902 1564 2972 subscriptionem;
1597 2904 1686 2957 alii

128 2967 355 3044 denique,
386 2967 686 3025 Siculorum
707 2974 1008 3042 iexemplo,
1052 2986 1104 3026 et
1136 2973 1274 3028 forte
1292 2967 1683 3044 'persuasione,

133 3052 287 3110 aperte
306 3040 667 3096 detrectarent
691 3040 1186 3110 parereEcclesim.

1804 412 1942 479 quod
1964 413 2127 464 sentit
2156 411 2546 464 illustrissimus
2572 409 2856 464 Annalium
2878 412 3106 474 scriptor
3123 411 3229 476 (Ad
3251 431 3376 472 ann.

1803 481 1994 535 Christi
2048 482 2173 546 6-19,
2217 497 2358 534 num.
2413 480 2480 533 54
2509 489 2554 534 et
2583 480 2747 550 aeq.);
2779 496 2846 535 an
2879 481 3133 536 Bonifacii
3184 490 3384 542 summi
3425 507 3429 514 '

1801 553 2096 622 pontiﬁcis,
2120 555 2262 620 quod
2293 554 2513 606 iunuere
2541 552 2750 607 videtur
2798 552 3032 618 Prosper
3053 553 3193 623 (Lib.
3227 557 3376 612 Cant.

1802 623 2214 695 Coll.cap.4i);
2239 639 2304 677 an
2338 624 2558 678 alterius
2602 624 2879 692 cujusdam
2917 624 3146 679 multum
3179 628 3231 681 in
3258 631 3381 684 aula
3414 639 3417 643 ‘

1803 712 1897 764 per
1925 699 2126 750 amicos
2158 697 2409 762 potentis.

1873 767 2055 822 Potest
2080 766 2400 839 disceptatio
2426 765 2639 839 deliniri
2667 775 2811 839 certe
2833 765 3064 830 ratione,
3093 783 3194 836 qua
3227 781 3381 839 parte

1801 840 2037 903 pertinet
2073 840 2138 892 ad
2171 833 2488 906 legationem
2518 833 2701 904 Alipii.
2760 835 2891 891 Nam
2946 833 3260 894 versabatur
3291 844 3380 899 ille

1799 907 2123 978 Carthagine
2149 923 2270 962 cum
2303 907 2420 962 aliis
2442 907 2650 960 duobus
2694 909 2981 977 provincias
3009 907 3271 966 Numidia:
3301 915 3383 970 le-

1798 982 1957 1049 gatis,
1999 981 2296 1050 Augustino
2329 989 2384 1033 et
2413 979 2674 1042 Possidio,
2729 995 2781 1033 ιιι
2815 978 3028 1034 kalend.
3084 982 3247 1042 Junii.
3277 1000 3380 1050 qua

1799 1053 1890 1107 die
1918 1053 2226 1107 inchoatum
2253 1060 2334 1104 est
2350 1050 2658 1112 concilium,
2685 1051 2932 1104 Monaxio
2958 1062 3012 1106 et
3036 1051 3203 1106 Plinta
3231 1050 3377 1112 θοὴ.

1802 1124 2044 1196 Epistula
2089 1138 2220 1196 vero
2263 1124 2460 1196 scripta
2491 1122 2884 1196 est__lt_avennat
2936 1139 2970 1176 v
3028 1124 3146 1177 idus
3197 1125 3373 1196 Junii,

1801 1194 1990 1249 iisdem
2009 1207 2150 1250 coss.
2172 1193 2320 1266 Hanc
2348 1191 2730 1266 igitnrAlipins
2750 1194 3039 1261 impetrare
3059 1210 3160 1248 non
3183 1191 3374 1266 potuit,

1799 1266 1902 1320 nisi
1928 1266 2087 1328 l'orte,
2119 1264 2260 1332 quod
2293 1263 2552 1317 miraculo
2596 1262 2766 1331 majus
2792 1272 2896 1324 est,
2942 1265 3126 1321 decem
3166 1262 3378 1324 dierum

1800 1338 1976 1405 spatio
2004 1345 2209 1391 tantum
2239 1334 2460 1405 itineris,
2481 1341 2797 1403 tantumque
2827 1337 3024 1405 negotii
3055 1337 3375 1394 confeCerit.

1869 1408 2054 1477 Neque
2075 1422 2203 1462 vero
2234 1407 2371 1460 alius
2398 1404 2464 1458 ad
2507 1405 2881 1477 imperatorem
2909 1404 2985 1460 θυι
3027 1408 3205 1462 Africa
3235 1412 3378 1477 lega-

1799 1488 1886 1535 tus
1911 1473 2106 1533 missus
2128 1488 2232 1542 est,
2264 1479 2378 1530 sire
2419 1491 2452 1530 a
2496 1475 2701 1546 synodo
2752 1473 3026 1542 Africana,
3057 1494 3175 1546 quae
3228 1473 3378 1538 nulla

1798 1551 2062 1605 Celebrate
2086 1559 2206 1614 est,
2253 1547 2322 1601 ab
2349 1547 2591 1614 Augusto
2620 1561 2803 1600 mense
2831 1563 2921 1600 an.
2950 1546 3054 1602 ditt
3083 1549 3150 1602 ad
3182 1565 3238 1605 ιιι
3277 1551 3372 1607 ιιι-

1800 1621 1942 1676 lend.
1976 1621 2161 1676 Iunias
2181 1622 2306 1674 anni
2329 1621 2738 1690 consequentis;
2782 1619 2897 1673 sive
2924 1635 2953 1672 a
2979 1624 3374 1690 proconsulari,

1800 1693 1884 1745 cui
1915 1693 2058 1748 nulla
2082 1700 2202 1746 erat
2237 1691 2293 1744 in
2340 1689 2668 1756 provinciam
2703 1689 3031 1756 Byzacenam
3066 1702 3120 1745 et
3150 1689 3379 1758 Tripoli;-

1797 1773 1975 1817 tanam
2007 1764 2336 1824 auctoritas;
2379 1760 2494 1816 sive
2537 1760 2608 1813 ab
2655 1760 2876 1814 Aurelio
2929 1762 3065 1827 solo,
3110 1765 3194 1816 cui
3241 1767 3381 1822 facta

1793 1835 2008 1902 quidem
2037 1845 2149 1888 erat
2175 1842 2412 1902 potestas
2441 1831 2713 1902 scribendi
2743 1833 2982 1888 omnium
3011 1835 3248 1892 nomine.
3281 1834 3377 1891 sed

1791 1901 1860 1959 de
1891 1907 2051 1960 rebus
2080 1905 2130 1957 in
2157 1901 2392 1972 generali
2419 1901 2650 1956 concilio
2676 1903 2920 1967 statutis;
2946 1904 3058 1958 sive
3077 1903 3145 1957 ab
3173 1905 3382 1974 aliquot

1791 1975 2229 2046 conspirantibue
2252 1974 2409 2029 simul
2432 1974 2699 2046 episcopis
2743 1974 2796 2027 in
2847 1974 3105 2030 Ecclesia;
3154 1975 3377 2039 bonum,

1792 2045 2092 2115 cujusntodi
2143 2046 2338 2100 abhinc
2376 2053 2486 2115 tres
2515 2045 2625 2098 iere
2664 2059 2834 2098 annos
2861 2047 3190 2112 scripserant
3223 2053 3382 2115 quin-

1789 2114 1897 2185 que
1928 2116 2148 2187 priva-tis
2175 2117 2369 2172 litteris
2398 2114 2464 2169 ad
2495 2126 2746 2170 sanctum
2789 2115 3182 2188 Innocentium.
3213 2114 3381 2188 Lega-

1793 2186 1970 2244 tionis
1996 2190 2142 2243 enim
2185 2197 2293 2242 tam
2341 2187 2503 2251 utilis,
2549 2195 2862 2255 tantumque
2901 2186 3147 2242 eil'ectum
3187 2186 3380 2246 censes

1791 2269 1952 2324 cutio,
1982 2259 2172 2315 fuisset
2201 2260 2384 2328 procul
2409 2257 2573 2311 dubio
2619 2258 2796 2328 aliqua
2829 2259 3031 2314 mentio
3060 2262 3200 2330 apud
3227 2274 3379 2318 vete-

1791 2347 1898 2392 res,
1933 2347 2054 2385 cum
2095 2339 2272 2386 tamen
2306 2330 2451 2383 nulla
2479 2330 2569 2383 sit.

1864 2403 2113 2474 Restaret
2135 2403 2297 2474 igitur
2309 2400 2512 2470 opinari
2535 2415 2564 2453 a
2586 2415 2800 2474 summo
2821 2401 3072 2469 pontilice
3090 2403 3383 2474 impulsum

1789 2473 1956 2528 fuisse
2003 2473 2333 2538 Honorium,
2383 2485 2505 2541 qua:
2536 2472 2760 2544 ividetur
2801 2475 3067 2544 sententia
3127 2472 3382 2544 i’rosperi

1789 2547 1984 2599 nientis
2015 2545 2350 2599 Bonilacium
2400 2543 2746 2611 piissimorum
2793 2542 3154 2610 imperatorum
3200 2542 3382 2600 cat/to-

1790 2617 1890 2669 lt'ca
1921 2616 2183 2670 deuotione
2223 2616 2453 2685 gavisam
2477 2654 2492 2678 ,
2539 2622 2720 2667 contra
2757 2615 3229 2684 inimicos'gratite,
3275 2633 3379 2674 non

1790 2687 1956 2742 solum
1984 2687 2302 2752 apostolicis,
2323 2686 2416 2740 sed
2441 2687 2594 2740 etiam
2619 2685 2774 2752 regiis
2804 2701 2953 2740 usum
2993 2687 3150 2754 fuisse
3176 2689 3378 2745 edictis.

1793 2757 1988 2813 Verum
2014 2758 2132 2813 hinc
2158 2759 2340 2825 opinio
2357 2756 2731 2828 gravissimam
2751 2755 3122 2828 difﬁcultatem
3145 2767 3344 2828 patitur
3363 2779 3381 2819 :

1789 2831 2058 2902 quomodo
2079 2831 2222 2902 enim
2265 2828 2644 2902 pontiiegicui
2674 2827 2763 2902 die
2802 2828 2875 2882 25
2904 2827 3028 2881 Maii
3060 2827 3156 2902 vis
3189 2833 3400 2902 licebat

1793 2901 1979 2955 Bonna
2010 2899 2279 2967 respirare
2306 2902 2374 2954 ab
2407 2899 2592 2954 Enialii
2623 2898 2934 2959 schismate.
2988 2900 3247 2955 valuisset
3287 2905 3385 2956 ob-

1792 2974 1965 3027 tinere
2016 2972 2082 3026 ab
2131 2973 2461 3040 imperatore
2489 2970 2726 3025 edictum
2753 2970 2990 3040 quinque
3039 2982 3158 3041 post
3190 2972 3382 3031 diebus

1791 3042 2064 3098 Ravenna:
2091 3043 2370 3097 dandum?

191 3109 453 3184 Communi
499 3109 702 3168 Africae
743 3114 1014 3184 ltaliaeque
1049 3117 1188 3170 maio
1219 3120 1441 3183 petitum
1485 3124 1572 3170 est
1621 3118 1688 3171 ab
1715 3113 1764 3178 C
1865 3116 2200 3184 Quamquam
2234 3129 2333 3169 nec
2361 3113 2700 3168 discederem
2751 3127 2780 3166 a
2830 3113 3122 3182 Prospero.
3149 3117 3195 3172 si
3246 3118 3381 3172 nihil

141 3180 515 3258 imperatoribus
533 3187 842 3258 remedium
878 3180 992 3256 (qui
1024 3190 1168 3242 enim
1218 3180 1434 3241 aliunde
1480 3198 1682 3258 posset,

148 3264 232 3328 post
258 3262 324 3328 tot
369 3255 682 3328 pontiﬁcum
724 3255 941 3314 decreta
981 3260 1147 3313 ierme
1178 3258 1386 3328 irrita?)
1420 3255 1686 3313 utfofﬁcio

147 3322 430 3399 deiungiqui
464 3340 661 3399 sponte
699 3328 922 3393 nollent,
959 3340 1279 3399 cogerentur
1310 3322 1454 3382 metu
1486 3347 1499 3394 ς
1545 3334 1685 3384 suis-

145 3407 225 3471 que
248 3396 451 3471 sudibus
479 3396 663 3466 ejecti,
695 3399 783 3469 qui
816 3396 1160 3471 pertinaciter
1192 3401 1246 3456 in
1278 3401 1576 3471 Ecclesiam
1606 3417 1691 3456 re-

147 3460 376 3540 bellarent,
422 3469 476 3521 in
511 3460 589 3522 ἐι)
631 3460 830 3526 ἐθηριιί
867 3470 1192 3538 prodessent
1233 3469 1377 3534 aliis.
1409 3471 1552 3540 quod
1593 3488 1689 3527 no-

151 3536 275 3610 cendi
295 3545 604 3602 potestatem
638 3536 878 3596 extorres
901 3541 1131 3610 amplius
1161 3557 1264 3597 non
1297 3536 1576 3598 habe-rent.

207 3603 509 3680 Rescriptutn
542 3620 626 3665 est
656 3612 816 3680 igitur
842 3616 910 3665 ab
939 3603 1196 3672 Honorio,
1231 3629 1336 3667 non
1372 3625 1574 3667 tantum
1623 3614 1689 3668 ad

146 3676 400 3752 Aurelium,
439 3680 586 3750 quod
610 3676 916 3737 edit-eretur
955 3684 1223 3752 CpiSl'i)piS
1253 3697 1364 3738 sum
1402 3686 1687 3751 dioecesis;

148 3749 420 3824 sedetiatn,
459 3749 524 3804 ut
568 3753 735 3809 moris
764 3765 909 3822 erat,
959 3749 1160 3811 vicario
1204 3755 1422 3821 Africae,
1465 3772 1572 3824 quo
1598 3749 1692 3810 ad;

151 3831 292 3897 tersus
323 3820 618 3878 obstinatos
634 3820 1035 3897 vindicaretur.
1084 3825 1266 3882 Edixit
1289 3820 1688 3897 imperatoriam

153 3894 433 3967 sanctionem
481 3895 752 3961 Aurelius,
799 3896 922 3950 data
961 3898 1026 3951 ad
1065 3894 1687 3967 episcopos—provinciae,

156 3960 296 4037 saltem
339 3965 632 4037 Byzacente
663 3975 718 4020 et
746 3960 1116 4037 Arzugitante;
1152 3960 1400 4036 epistola:
1453 3960 1690 4023 Eventus

150 4036 300 4110 merito
325 4036 558 4088 creditur
586 4036 935 4110 reSpondisse
965 4041 1126 4103 votis,
1157 4055 1276 4093 cum
1299 4042 1532 4110 posthac
1559 4041 1692 4094 nihil

143 4100 391 4160 admodum
415 4107 617 4176 negotii
643 4100 691 4180 ai
713 4108 1011 4177 Pelagianis
1033 4110 1084 4164 in
1112 4100 1524 4165 'Al‘rica'tnotum
1549 4111 1692 4180 lega-

141 4181 384 4246 tursquas
407 4181 553 4233 enim
589 4178 794 4246 turbas,
820 4181 905 4234 vel
937 4181 1270 4236 Adrumetini
1303 4184 1574 4243 monachi,
1605 4178 1692 4236 vel

138 4240 544 4317 Cartit'aginettsis
589 4240 848 4306 diaconus
897 4251 1086 4307 Vitalis
1115 4252 1278 4316 fecit,
1329 4254 1485 4307 facile
1541 4240 1692 4307 com-

141 4328 321 4381 pressa:
345 4329 471 4373 sunt.

206 4384 386 4463 Verum
409 4407 518 4460 quae
544 4391 780 4447 breviter
803 4391 915 4463 dixi
936 4393 1212 4458 hactenus,
1234 4395 1484 4463 quoniam
1517 4393 1693 4461 magni

134 4466 246 4509 sunt
273 4459 340 4512 ad
369 4459 638 4518 historiam
694 4461 972 4530 momenti,
1022 4481 1090 4520 ne
1118 4467 1198 4520 vel
1231 4459 1432 4520 temere
1459 4459 1690 4531 asserta,

134 4526 203 4569 IP'
224 4529 287 4569 ad
315 4532 590 4569 arbitr-iuni
640 4535 868 4569 ηηηιιηισ.
898 4536 1186 4569 nuntianti...
1239 4537 1413 4569 φησι-,1η
1463 4551 1686 4569 ann-nm,
1715 4501 1771 4569 Β

133 4526 203 4606 vel
223 4529 287 4583 ad
311 4532 591 4606 arbitrium
640 4535 869 4590 conﬁcta
897 4526 1208 4603 credantur,
1239 4537 1413 4604 'paulo
1461 4526 1687 4592 secura;

139 4604 219 4676 tius
233 4604 594 4676 conﬁrmanda
626 4606 767 4662 forte
797 4617 982 4662 essent
1024 4607 1202 4662 allatis
1245 4608 1376 4676 ipsis
1407 4617 1686 4664 auctorum

141 4664 258 4747 locis.
288 4689 413 4744 quae
435 4675 566 4731 alibi
591 4678 849 4742 citantur,
882 4678 988 4734 nisi
1031 4664 1324 4747 periculu'm
1362 4680 1496 4735 foret
1543 4689 1691 4735 tanta

139 4742 542 4818 relproli_xitate,
576 4748 660 4802 vel
685 4748 846 4806 etiam
883 4742 1224 4818 repetitione,
1259 4752 1690 4806 testimoniorum

134 4816 314 4893 creandi
341 4815 641 4893 lectoribus
674 4819 837 4893 taedii.
863 4815 1042 4893 Satius
1071 4832 1150 4876 est
1183 4815 1442 4891 igiturltis
1471 4831 1694 4893 praeter—

130 4887 277 4942 missis
301 4890 584 4960 inquirere
611 4891 766 4961 cujus
806 4892 1040 4962 impulsu
1088 4887 1429 4963 rescripserit
1459 4887 1693 4964 impera-

1793 3201 2054 3258 praeterea
2089 3201 2174 3258 me
2205 3187 2483 3239 retineret.
2527 3184 2724 3250 Quidni
2754 3186 2895 3238 enim
2933 3185 3206 3253 Pontifex,
3257 3203 3382 3244 cum

1791 3256 2118 3326 intelligeret
2151 3256 2463 3324 Pelagianos
2488 3259 2774 3325 episcopos
2813 3271 2919 3310 non
2961 3273 3164 3325 paucos
3191 3262 3241 3312 iu
3274 3260 3384 3314 ita-

1792 3328 1884 3394 lia,
1922 3329 2088 3382 immo
2113 3339 2171 3382 et
2200 3326 2384 3381 Romae
2413 3329 2730 3389 consistere,
2761 3327 2849 3393 qui
2903 3337 2957 3382 et
3001 3329 3197 3383 Eulalii
3249 3332 3382 3387 urbe

1791 3400 1974 3467 ejecti,
2004 3399 2293 3467 Antioque,
2320 3399 2409 3454 ubi
2439 3399 2777 3461 versabatur,
2805 3397 3064 3453 Romana:
3089 3401 3204 3454 sedi
3233 3402 3384 3456 incu-

1793 3470 1970 3524 bantis
2003 3478 2180 3538 partes
2207 3471 2467 3534 foverent,
2492 3481 2547 3523 et
2571 3469 2936 3537 pertinacibus
2961 3470 3231 3526 Africanis
3254 3487 3386 3526 con-

1789 3540 2066 3610 iurassent
2089 3541 2140 3594 in
2168 3539 2450 3594 catholicas
2479 3540 2605 3596 ﬁdei
2627 3540 2965 3601 defensores,
2999 3554 3056 3594 et
3079 3543 3179 3596 sibi
3212 3546 3386 3598 nomi-

1794 3613 1961 3666 natim
1993 3612 2262 3680 negetium
2294 3613 2702 3674 meditarentur,
2735 3614 2935 3682 quippe
2968 3612 3161 3666 Eulalii
3192 3629 3379 3684 patro-

1795 3687 1871 3749 ni,
1902 3685 2046 3738 etab
2069 3686 2394 3752 imperatore
2421 3686 2715 3756 retractari
2745 3698 2961 3737 causam
2993 3698 3143 3737 suam
3175 3688 3382 3756 efﬂagi-

1796 3764 1970 3810 tarent
2016 3757 2290 3818 obnixius,
2324 3754 2478 3824 quasi
2511 3769 2604 3821 per
2638 3755 3041 3821 subreptiunem
3079 3754 3381 3825 jttdicattim

1796 3837 1977 3882 esset:
2009 3836 2065 3880 et
2091 3825 2326 3888 tandem,
2365 3834 2424 3878 ut
2459 3827 2632 3878 solent
2657 3825 2928 3892 barretici,
2963 3827 3211 3880 omnith
3243 3839 3383 3881 tem—

1797 3913 1985 3966 porum
2016 3897 2452 3967 inclinationibus
2487 3905 2784 3962 uterentur,
2836 3897 3024 3949 intenti
3072 3899 3124 3950 in
3173 3899 3381 3967 singula

1795 3977 2095 4032 momenta;
2120 3967 2326 4034 quidni,
2358 3966 2597 4035 inquam,
2627 3982 2748 4020 curn
2782 3968 2894 4019 haec
2925 3967 3241 4034 intelligeret
3267 3966 3381 4023 Βο-

1797 4038 2048 4103 niiacius,
2077 4039 2252 4107 potuit
2301 4051 2395 4106 per
2440 4040 2644 4090 amicos
2678 4037 2732 4089 in
2766 4040 2918 4107 aula,
2968 4052 3068 4107 pro
3101 4040 3190 4092 Dei
3220 4054 3382 4094 causa

1798 4110 2011 4162 interim
2062 4105 2328 4170 laborare,
2377 4107 2504 4161 dum
2549 4121 2648 4174 per
2673 4122 2732 4161 se
2766 4105 3283 4163 Romae—concitatos
3313 4111 3382 4166 ab

1799 4180 2006 4234 Eulalio
2049 4190 2228 4232 motus
2267 4180 2688 4245 comprimeret?
2719 4179 2774 4232 in
2807 4192 2945 4240 eam,
2981 4187 3039 4232 ut
3075 4179 3221 4244 dixi,
3253 4197 3382 4237 sen-

1799 4250 2021 4304 tentiam
2055 4249 2394 4313 incliuarem,
2422 4247 2523 4302 nisi
2555 4249 2694 4302 aliud
2723 4249 2974 4318 quiddam
3004 4251 3161 4318 longe
3190 4254 3384 4318 proba-

1798 4321 1958 4376 bilius
1994 4332 2344 4376 occurreret:
2381 4329 2548 4374 totutn
2580 4320 2788 4374 scilicet
2819 4321 2922 4376 hoc
2955 4323 3226 4388 negotium
3269 4329 3380 4378 Au-

1797 4393 2018 4462 gustini,
2043 4402 2135 4448 aut
2159 4394 2321 4447 etiam
2349 4391 2539 4458 Alipii,
2567 4393 2781 4447 arcanis
2800 4406 2922 4446 cum
2943 4392 3160 4449 Valerio
3185 4399 3384 4451 comite

1799 4464 2063 4530 causiliis,
2092 4479 2197 4519 non
2227 4463 2539 4531 prudentius
2562 4477 2721 4531 quam
2751 4464 3014 4518 occultius
3043 4479 3341 4534 peractum.

1866 4536 1926 4590 In
1952 4551 2074 4590 eam
2118 4535 2429 4604 opinionem
2470 4534 2687 4589 adducit
2736 4551 2822 4590 me
2872 4538 3048 4605 primo
3100 4538 3383 4605 Augustini

1797 4608 2068 4676 Alipiique
2097 4607 2150 4660 in
2179 4621 2368 4661 omnes
2394 4607 2581 4661 modos
2607 4605 2800 4676 quibus
2843 4606 3066 4662 haeresis
3099 4611 3382 4666 tolleretur

1795 4681 2049 4752 continua
2084 4677 2334 4752 intentio,
2364 4687 2582 4752 propter
2611 4679 3157 4752 quatnriiieronymus
3183 4680 3382 4749 (Epist.

1797 4749 1954 4818 202)
2011 4750 2242 4822 hmresint
2293 4747 2651 4822 leestittuam
2690 4751 2815 4817 ipsis
2871 4747 3280 4822 coapératoribtts
3333 4761 3386 4805 et

1803 4821 2099 4876 auctoribus
2145 4819 2447 4889 jugulatam
2499 4820 2650 4874 dixit.
2711 4822 2912 4875 Deinde
2964 4819 3162 4876 Valerii
3218 4825 3386 4876 comi-

1803 4894 1896 4959 tis,
1934 4893 2082 4946 inter
2133 4891 2335 4946 militia:
2377 4908 2548 4958 curas,
2599 4901 2649 4945 et
2675 4891 2894 4946 illustris
2952 4908 3178 4961 persona:
3230 4909 3388 4962 quam

1279 5023 1832 5082 CASTIGATIONES
1873 5021 1961 5078 ET
2001 5021 2231 5077 NOTAE.

122 5111 200 5168 cia
231 5118 453 5182 senior,
497 5116 596 5174 sed
635 5117 894 5186 Silvano,
937 5118 1260 5188 Valentino,
1311 5119 1601 5189 Alipioque
1636 5127 1691 5174 et

122 5183 220 5235 aliis
244 5190 447 5235 minor-

119 5190 220 5238 aliis
244 5190 447 5244 inor.

176 5255 332 5314 Datas
359 5260 588 5330 quidem
615 5261 843 5330 legimus
872 5263 1176 5331 Augustino
1204 5261 1413 5318 litteras
1433 5306 1448 5327 ,
1481 5271 1593 5318 tum
1623 5261 1692 5316 ab

114 5324 608 5403 flentium-quibus
643 5324 709 5386 ad
749 5324 1018 5403 synodum
1061 5333 1392 5401 Spoletinam
1434 5324 1487 5387 in
1526 5347 1693 5388 causa

111 5397 288 5475 Eulaiii
345 5397 676 5468 vocaretur;
734 5397 846 5459 tum
900 5419 931 5458 a
984 5397 1324 5466 Theodosio.
1378 5405 1576 5475 quibus
1625 5405 1692 5458 ad

109 5466 440 5544 Ephesinum
468 5466 756 5530 concilium
787 5479 1122 5542 traheretur,
1153 5475 1248 5531 sed
1290 5466 1411 5531 illae"
1434 5484 1691 5531 evocato-

107 5554 190 5594 nie
225 5554 444 5602 tantum
474 5556 663 5611 erant,
695 5546 809 5602 sive
838 5547 1142 5615 tractoriis,
1172 5548 1477 5616 cujusmodi
1511 5548 1694 5602 multa:

105 5624 223 5688 sunt
252 5616 325 5671 ad
361 5617 606 5686 privatas
635 5632 924 5686 personas;
957 5633 1065 5673 non
1096 5628 1251 5674 era-nt
1282 5621 1692 5688 procurator-ias,

102 5685 296 5752 quibus
329 5685 538 5743 munus
567 5704 693 5743 cum
721 5691 1041 5744 auctoritate
1074 5685 1443 5746 mandaretur.

170 5769 191 5793 ³
224 5758 440 5830 Magi,
473 5759 752 5814 Dominum
778 5761 979 5832 imperii
1009 5763 1171 5818 nostri
1198 5772 1496 5818 venerentur
1523 5771 1699 5819 aucto-

1789 5135 1920 5196 retn.
1951 5117 2310 5196 Soloecismus
2343 5115 2488 5196 ipsis
2533 5115 2781 5188 irrepsit,
2817 5117 2897 5174 vel
2929 5122 3386 5196 typographerunt

1793 5189 1878 5245 vel
1913 5189 2247 5243 notariorum
2281 5187 2501 5256 injuria.

1866 5260 1894 5300 δ
1939 5261 2110 5331 Magd.
2136 5299 2153 5327 ,
2211 5259 2916 5331 tractationibusoccultari.
2974 5260 3087 5315 Vox
3141 5271 3389 5320 tractatus

1795 5333 2013 5402 propria
2027 5329 2118 5386 est
2141 5332 2243 5386 hoc
2263 5333 2316 5385 in
2341 5332 2500 5396 loco;
2532 5341 2587 5384 et
2617 5329 2703 5385 lex
2735 5331 3042 5388 Latinitatis
3070 5334 3236 5403 exigit
3265 5351 3388 5390 ver-

1800 5406 1927 5459 bum
1961 5406 2222 5458 activum.

1877 5485 1900 5516 σ
1932 5475 2106 5547 Magd.
2135 5486 2191 5530 et
2222 5473 2334 5528 Bal.
2371 5473 2794 5547 convenientiam.
2826 5473 3038 5546 Corrigi
3071 5476 3259 5532 debuit
3288 5479 3400 5534 hoc

1802 5547 1994 5603 vitium
2020 5543 2110 5602 ἐκ
2145 5547 2373 5615 epistola
2411 5543 2615 5599 Aurelii
2656 5546 2749 5614 qui
2803 5543 3261 5604 dissimirtationem
3307 5551 3391 5605 di-

1801 5622 1883 5674 xit
1903 5661 1919 5686 ,
1951 5633 2111 5688 quam
2143 5617 2517 5688 conniventiom
2547 5619 2859 5683 imperator.

1874 5690 1902 5728 ει
1930 5686 2128 5760 Magd.,
2154 5686 2342 5742 Datum
2368 5687 2540 5760 idibus
2558 5688 2727 5742 Junii.
2752 5689 2962 5745 Omissa
2992 5691 3129 5746 forte
3151 5705 3234 5749 εει
3264 5703 3393 5754 nota

1807 5759 2050 5833 numeri,
2083 5769 2144 5818 ut
2169 5769 2225 5817 et
2250 5759 2567 5829 consulum,
2596 5776 2717 5831 qua:
2749 5762 2945 5832 ubique
2976 5765 3264 5836 reperitur.
