3970 6282
521 249 625 307 599

950 249 1046 309 AD
1081 250 1364 311 PARTEM
1402 249 1667 310 PBIMAM
1703 247 1986 308 OPERUM
2027 247 2103 307 Μ.

2241 243 2578 304 RCATORIS
2614 243 2965 304 APPENDIX
3001 245 3348 307 SECUNDA.

3611 249 3779 306 ’600

521 365 752 440 gerebat,
780 374 1021 440 actusque
1042 368 1336 436 reipublicae
1380 367 1706 440 necessarios,
1722 371 1968 440 flagrans
1988 372 2102 440 γεω-
2128 369 2186 432 Α
2207 366 2350 423 ﬁcile
2369 365 2510 424 foret
2524 366 2775 424 haeresim
2802 377 2883 440 tot
2907 368 3114 424 artibus
3137 375 3535 440 augescentem,
3564 376 3642 424 tot
3667 369 3784 440 epi-

521 437 666 491 dium
684 438 927 513 adversus
927 437 1223 513 _Itarr_eticos
1237 440 1393 513 (Aug.
1426 440 1516 494 lib.
1551 455 1589 513 ῃ
1613 439 1677 493 de
1710 437 1874 509 Nupt.
1900 450 1946 495 et
1969 439 2103 496 Con-

523 525 641 578 cup.
673 525 790 582 cap.
819 507 894 577 l).
926 509 1136 575 Tertio,
1166 507 1468 567 Christiana
1515 511 1674 565 trium
1704 507 1931 566 istorum
1959 513 2105 566 viro-

523 595 640 636 rum
672 582 1040 647 necessitudo,
1091 592 1146 639 et
1178 583 1372 638 crebra
1420 597 1516 650 per
1552 582 1760 637 litteras
1817 584 2104 639 collocutio

525 650 591 725 tie
621 651 742 706 fidei
795 652 1108 725 sinceritate
1155 652 1815 725 conservanda_(Prtefat.
1867 654 1958 708 lib.
1993 654 2105 710 ide

523 721 697 795 ηυντ.
749 733 797 795 gt
844 723 1138 795 Con_cup.).
1193 725 1419 795 Quarto,
1453 721 1668 795 Juliani
1720 721 1841 780 'hzec
1885 727 2105 795 querela

548 792 705 875 Libtt
737 792 894 866 Oper.
928 792 1147 878 Ινξιρειλῖἶ
1175 812 1289 878 cap.
1324 793 1414 878 9).:
1440 794 1642 878 Laudat
1667 796 1822 878 etiam
1845 792 2106 878 poien‘tem‘

559 867 798 937 ominem,
849 866 987 936 quod
1037 866 1616 937 nostris'petitionibus,
1671 869 1758 932 qui
1801 869 1932 921 nihil
1959 868 2106 922 aliud

519 951 675 1004 quam
705 936 821 1008 dari
846 945 991 1008 tanto
1028 939 1232 1007 negotio
1261 936 1467 1008 judices
1493 938 1920 1008 vociferabamur,
1947 951 2002 994 ut
2048 955 2107 992 ea

524 1021 635 1074 qua:
655 1007 1064 1079 subreptionibus
1091 1007 1491 1090 actaconstabat
1515 1009 1906 1090 emendat-eatur
1935 1011 2106 1090 potius

521 1089 679 1145 quam
710 1087 1016 1144 ponerentur
1058 1079 1307 1144 examini,
1355 1079 1488 1134 mole
1515 1095 1625 1135 suat
1664 1081 1932 1152 dignitatis
1972 1082 2107 1136 obsi-

520 1148 684 1222 sterit,
713 1163 808 1200 nec
829 1149 1191 1222 disceptationi
1240 1160 1439 1222 tempus
1481 1160 1571 1204 aut
1617 1151 1788 1205 locum
1821 1153 2108 1222 permiserit

521 1217 822 1292 impetrare.
855 1217 1008 1286 Quod
1037 1230 1209 1274 utrum
1248 1217 1356 1283 ille,
1388 1222 1458 1275 ad
1499 1238 1650 1292 quem
1697 1217 1970 1286 scribitur,
2003 1234 2110 1276 tam

520 1289 752 1363 nequiter
777 1292 951 1363 fecerit
981 1307 1138 1360 quam
1160 1302 1371 1346 testatur
1395 1289 1522 1362 ipsa'
1539 1293 1793 1357 laudatio,
1833 1295 1942 1363 ipse
1970 1295 2112 1350 vide-

521 1359 608 1414 rit.
643 1359 843 1435 Quinto
887 1359 1158 1435 denique,
1189 1359 1470 1435 Augustini
1530 1364 1596 1419 ad
1647 1367 1787 1419 hanc
1833 1359 2110 1435 querelam

520 1433 959 1506 responsioinon
1009 1433 1301 1506 admodum
1350 1435 1632 1491 difﬂtentis
1674 1436 1816 1506 quod
1852 1433 1949 1492 res
1992 1446 2112 1493 erat

521 1501 745 1578 (Ibidz):
767 1505 931 1570 Absit,
951 1505 1144 1578 inquit,
1166 1522 1200 1559 a
1223 1505 1526 1560 Christianis
1547 1501 1878 1578 potestatibus
1899 1517 2112 1564 terrenae

522 1573 821 1646 reipublica:
849 1584 906 1630 ut
930 1575 994 1632 de
1021 1578 1234 1645 antiqua
1263 1579 1520 1632 catholica
1548 1573 1652 1646 'fide
1677 1578 1933 1643 dubitent,
1963 1589 2014 1634 et
2049 1581 2112 1634 ob

523 1645 622 1722 (ioc
643 1649 1083 1722 oppugnatoribus
1103 1649 1214 1722 ejus
1229 1646 1400 1702 locum
1422 1657 1470 1722 et
1487 1645 1684 1722 tempus
1712 1651 2114 1722 examinisprte-

523 1715 698 1803 beant,
729 1733 789 1771 ac
816 1715 1210 1803 nortpoiius'in.
1228 1735 1288 1773 ea
1312 1721 1622 1803 geminatque.
1647 1721 1874 1790 fundati,
1901 1715 2108 1803 talibus,

523 1789 699 1862 quales
728 1805 817 1843 vos
839 1791 1236 1862 estis,_inimicis
1278 1797 1389 1862 ejus
1414 1789 1747 1860 disciplinam
1794 1793 2115 1848 coercitionis

525 1859 813 1930 imponant,
842 1873 948 1916 etc.
981 1859 1113 1928 Quae
1143 1859 1425 1916 enim'alia
1453 1859 1711 1917 coercitio
1737 1865 1911 1932 possit
1939 1866 2118 1932 aptius

526 1929 756 2002 intelligi
807 1947 968 2002 quam
1019 1947 1121 1998 qua
1173 1933 1329 2002 jubet
1368 1932 1699 2000 imperator,
1770 1934 2117 1990 interminata

525 1976 2118 2075 ἆξιίὁέῧῖοιῗῆἴὲὲεῇἷίῖιιιῖιῖἆεζηὲῖέῧἓῇἷὲὲορὲἔῖὸίἶᾟὲἰιῖ

527 2073 669 2128 mitti
696 2083 849 2148 secta
877 2074 1190 2148 detestabilis
1221 2075 1468 2142 homines,
1492 2075 1562 2148 in
1579 2073 1825 2148 injuriam
1855 2073 2120 2148 religionis

527 2160 661 2197 nova
688 2151 735 2196 et
759 2147 1009 2199 inusitata
1040 2145 1364 2213 meditantes,
1383 2147 1591 2201 secretis
1617 2145 1918 2201 tractatibus
1947 2145 2122 2202 occul-

527 2216 1012 2286 taIeAsacrilegium,
1047 2217 1250 2282 publica
1289 2221 1446 2272 semel
1487 2218 1794 2272 auctoritate
1818 2219 2122 2272 damnatum

530 2283 725 2358 (Epist:
749 2283 973 2340 Honorii
1001 2287 1070 2340 ad
1095 2287 1406 2358 Aurelium).

600 2354 684 2430 Ad
702 2355 1063 2430 rhasciaccedit
1091 2359 1326 2430 violenta
1350 2354 1441 2415 illa
1465 2360 1693 2415 furentis
1714 2359 1915 2416 Iuliani
1950 2375 2121 2430 expo-

529 2427 753 2502 s_tulatio
779 2428 1038 2484 adversus
1076 2429 1436 2502 Augustinum
1494 2441 1548 2486 et
1592 2431 1830 2496 Alipium
1881 2427 2033 2502 (Lib.
2063 2447 2123 2487 ut

533 2498 693 2575 Oper.
721 2496 862 2572 Imp.
903 2496 1284 2575 cap._35).:Cur
1306 2503 1466 2575 tantis
1494 2511 1666 2575 totam_
1680 2496 1899 2557 Italiam
1937 2505 2124 2575 factio-

531 2571 680 2624 nibus
721 2571 1099 2628 commovistis?
1145 2571 1249 2628 Cur
1293 2574 1576 2629 seditiones
1626 2572 1807 2629 Roma:
1858 2571 2122 2628 conductis

531 2641 736 2718 populis
763 2644 1058 2718 excitastis?
1091 2642 1292 2718 Curide
1319 2645 1606 2716 sumptibus
1649 2661 1936 2718 pauperum
1983 2647 2124 2717 sagi-

532 2714 696 2766 nastis
715 2730 808 2785 per
841 2717 1135 2790 totam_fere
1155 2715 1413 2790 “Africam
1437 2714 1697 2790 equorum
1737 2714 1935 2790 greges,
1970 2714 2122 2790 quos,

533 2792 869 2854 prosequente
883 2785 1076 2854 Alipio.
1099 2785 1313 2842 tribunis
1327 2796 1374 2841 et
1389 2785 1773 2842 centurionibus
1793 2785 2084 2842 dbstinastis
2099 2789 2125 2842 .’

533 2853 643 2930 Cur
670 2853 1020 2930 matronarum
1048 2856 1232 2930 oblatis
1267 2857 1677 2930 haereditatibus
1709 2868 1981 2930 potestates
2029 2875 2127 2914 sa:-

535 2925 985 2998 culicorrupistis,
1016 2938 1070 2980 ut
1092 2929 1146 2981 in
1177 2945 1267 2982 nos
1297 2930 1489 2997 stipula
1517 2925 1720 2998 furoris
1751 2929 1940 2996 publici
1968 2933 2123 2984 arde-

536 2995 656 3070 ret?
683 2994 788 3049 Cur
807 2997 1032 3070 religiosi
1060 2999 1306 3069 principis
1335 2994 1565 3069 tempora
1596 2994 2004 3070 persecutionum
2027 3004 2124 3054 im-

538 3067 728 3139 pietate
780 3067 1116 3124 maculastis?
1160 3070 1332 3125 Tanta
1388 3067 1532 3126 enim
1580 3067 1864 3126 calumnia:
1921 3073 2026 3127 tela
2068 3072 2124 3126 in

2209 453 2495 510 scoporum
2527 440 2844 509 patrociniis
2864 439 3074 506 fultam,
3109 455 3217 496 non
3245 441 3418 496 dicam
3449 439 3784 510 exscindere,

2207 509 2303 564 sed
2334 509 2527 564 saltem
2557 511 2940 580 comprimere,
2969 527 3036 568 ne
3066 511 3452 572 baccharetur;
3497 511 3618 571 nisi.
3661 509 3788 566 con-

2203 580 2405 653 junctis
2427 583 2706 653 utriusque
2740 583 3022 652 potestatis
3050 583 3276 647 viribus,
3307 581 3394 636 vel
3425 581 3478 636 id
3507 581 3785 653 minimum

2205 650 2534 724 efﬁceretur,
2560 650 2633 707 ut'
2661 650 2810 709 certa
2857 653 3276 724 subscriptionis
3313 663 3438 708 nota
3495 651 3682 724 ﬁdeles
3723 654 3786 709 ab

2207 722 2343 795 aliis,
2371 723 2770 791 discernentur,
2831 725 3053 795 lupique
3079 722 3169 780 ab
3209 726 3394 779 ovium
3425 723 3677 793 gregibus
3704 739 3787 778 re-

2206 793 2359 866 pulsi
2403 809 2510 866 non
2573 795 2856 850 turbarent
2894 793 3174 850 intestinis
3203 806 3259 852 et
3295 795 3451 866 quasi
3480 795 3786 851 domesticis

2208 863 2448 920 motibus
2477 865 2730 920 Ecclesiae
2760 881 2966 935 pacem.

2283 935 2377 989 llis
2398 937 2466 991 de
2496 936 2790 1005 impulsore
2818 937 3158 1006 imperatoris
3183 936 3250 990 ad
3285 935 3631 992 scribendum
3663 951 3788 992 con-

2210 1007 2434 1068 stitutis.
2463 1007 2721 1077 deinceps
2749 1007 3038 1062 videndum
3081 1008 3202 1075 quis
3231 1021 3555 1064 consecutus
3583 1008 3652 1062 sit
3673 1023 3789 1064 suc-

2209 1093 2417 1132 cessus.
2436 1078 2492 1132 ln
2511 1077 2714 1144 Africa,
2739 1091 2796 1133 ut
2817 1088 2942 1134 ante
2960 1077 3096 1144 dixi,
3121 1079 3686 1135 consecutus'videtur
3705 1095 3791 1147 par

2211 1149 2442 1217 optatis;
2469 1151 2726 1222 vixienitn
2773 1151 3065 1222 quidquam
3106 1151 3381 1204 turbarum
3408 1165 3458 1222 7a
3490 1149 3790 1222 Pelagianis

2212 1229 2396 1291 postea
2429 1220 2760 1275 concitatum
2807 1230 2907 1274 est.
2937 1220 3058 1291 Sed!
3089 1234 3193 1274 non
3233 1221 3456 1291 perinde
3482 1220 3707 1288 contigit
3740 1222 3788 1275 in

2211 1288 2384 1360 Italia,
2416 1291 2581 1345 immo
2610 1291 2772 1346 etiam
2807 1293 2860 1344 in
2883 1292 2997 1360 ipsa
3017 1289 3185 1346 Urbe.
3217 1288 3504 1347 Crelestius
3523 1293 3692 1358 enim,
3714 1292 3794 1348 vel

2212 1359 2402 1416 Romae
2441 1363 2634 1426 latens,
2659 1363 2742 1417 vel
2770 1361 2824 1416 in
2860 1359 3122 1430 proximis
3149 1361 3474 1426 diversatus,
3517 1362 3653 1418 nihil
3693 1379 3790 1418 non

2213 1433 2508 1504 agebatrut
2556 1433 2870 1504 quoridianis
2926 1433 3362 1504 insinuationibus
3405 1443 3651 1487 cresceret
3704 1451 3792 1488 sua

2216 1505 2374 1576 factio
2414 1502 2505 1573 (In
2535 1502 2702 1558 edicto
2729 1502 3016 1558 Constantii
3065 1503 3552 1576 adiVolusianum),
3606 1506 3796 1574 major-

2215 1573 2322 1643 que
2343 1573 2496 1630 lieret
2521 1576 2837 1630 accessione
2865 1576 3096 1643 partium
3133 1575 3347 1638 Eulalii,
3379 1573 3677 1630 Volusiano
3696 1573 3701 1574 “
3721 1576 3796 1630 in-

2218 1645 2376 1698 terim
2430 1647 2684 1715 pratlecto
2719 1644 2901 1712 Urbis,
2947 1645 3358 1714 Pelagianorum
3409 1648 3613 1700 artibus
3668 1647 3797 1701 forte

2217 1726 2473 1787 corrupto
2495 1762 2509 1784 ,
2567 1725 2714 1772 certe
2747 1717 2995 1787 malignis
3025 1717 3268 1770 consiliis
3314 1718 3664 1784 connivente,
3703 1732 3795 1772 nec

2144 1762 2194 1824 Β
2218 1762 2598 1842 Christ'iavnumv
2614 1762 3142 1841 Bonifaciiostudium
3178 1788 3491 1855 adiuvante.
3527 1762 3680 1843 Unde
3705 1787 3798 1842 fuit

2221 1872 2358 1926 opus
2394 1860 2620 1913 alteram
2645 1876 2674 1911 a
2704 1857 3056 1921 Constantio,
3085 1859 3267 1912 verbis
3313 1861 3471 1928 paulo
3497 1859 3800 1914 iracundio-

2221 1929 2394 1995 ribus,
2433 1931 2768 1984 sanctionem
2797 1928 2937 1997 dari,
2971 1929 3040 1984 de
3067 1944 3171 2000 qua
3202 1929 3443 1984 futurum
3474 1939 3558 1985 est
3585 1932 3797 1985 tertium

2221 2011 2405 2056 caput.

2292 2016 2446 2138 83ml
2490 2072 2536 2126 si
2583 2071 2849 2140 quispiam
2904 2071 3064 2138 paulo
3109 2071 3422 2143 diligentius
3470 2073 3706 2142 inquirat
3737 2087 3799 2126 an

2223 2143 2478 2197 Aurelius
2505 2143 2635 2196 solis
2665 2143 2870 2198 duabus
2902 2143 3192 2212 provinciis
3223 2145 3668 2198 constitutionem
3717 2143 3802 2197 imv

2224 2216 2495 2282 peratoris
2541 2214 2792 2276 edixerit,
2833 2229 2900 2266 an
2932 2213 3160 2282 reliquis
3187 2215 3348 2268 etiam
3395 2215 3605 2278 tribus;
3663 2224 3717 2269 et
3761 2213 3801 2268 si

2223 2283 2436 2340 duabus
2465 2285 2618 2352 solis,
2650 2300 2771 2352 qua:
2795 2284 3083 2355 peculiaris
3120 2300 3281 2340 causa
3317 2283 3474 2340 fuerit
3500 2301 3598 2340 cur
3626 2285 3706 2340 ita
3735 2285 3799 2338 la-

2224 2365 2409 2420 ceret,
2431 2355 2605 2410 dicam
2629 2354 2814 2425 aperte
2837 2354 2961 2421 quid
2983 2355 3194 2424 opiner.
3229 2357 3478 2412 Aurelius
3500 2355 3722 2412 videtur
3743 2355 3802 2410 ad

2225 2441 2417 2498 omnes
2457 2427 2676 2496 quidem
2719 2427 3026 2494 provincias
3069 2427 3386 2494 scripsisse,
3419 2426 3513 2482 sed
3540 2442 3638 2498 per
3668 2443 3724 2482 se
3743 2425 3803 2481 ad

2225 2497 2360 2569 duas
2383 2507 2612 2560 tantum,
2631 2498 2966 2569 Byzacenam
2985 2506 3042 2552 et
3059 2500 3460 2569 Arzugitanam,
3482 2497 3601 2566 quae
3623 2498 3805 2568 Tripo-

2225 2568 2391 2623 litana
2411 2612 2426 2628 .
2466 2578 2627 2639 atque
2655 2568 2818 2624 etiam
2848 2568 3384 2624 Subventaua’dicta
3417 2582 3531 2634 est,
3557 2571 3806 2639 quoniam

2227 2640 2281 2694 in
2306 2639 2585 2712 Byzacena
2608 2648 2767 2712 erant
2791 2640 3128 2712 Adrumetini
3145 2643 3234 2710 qui
3258 2641 3629 2712 damnatorum
3654 2654 3804 2695 erro-

2226 2711 2590 2766 rum’occulta
2615 2711 2859 2780 quaedam
2899 2711 3140 2780 germina
3191 2713 3464 2767 foverent:
3495 2711 3807 2782 Tripolitani

2228 2797 2379 2844 vero,
2412 2792 2467 2838 et
2515 2781 2906 2851 infrequentes,
2958 2797 3052 2852 per
3103 2799 3268 2837 unum
3297 2785 3507 2838 scilicet
3557 2781 3803 2853 legatum,

2227 2854 2623 2924 conveniebant
2647 2855 2714 2924 ad
2741 2853 2994 2921 concilia,
3039 2855 3236 2924 quibus
3261 2856 3632 2916 erudirentur,
3664 2862 3716 2908 et
3748 2868 3805 2906 ex

2228 2923 2412 2996 Libya.-
2439 2925 2631 2979 vicinia
2671 2922 3136 2995 Orientaliumq‘ue
3187 2927 3514 2980 commercio
3547 2925 3809 2996 habebant

2228 2993 2346 3048 sive
2370 2998 2586 3049 insitam
2606 2997 2720 3051 sive
2745 2993 3077 3051 contractam
3107 2996 3344 3052 novandi
3373 2996 3633 3051 indolem.
3670 2993 3811 3052 Unde

2228 3075 2285 3120 et
2315 3066 2413 3130 illi,
2447 3078 2500 3121 et
2525 3068 2634 3134 isti,
2668 3067 2889 3122 luerunt
2913 3082 3025 3136 prae
3054 3068 3270 3123 caeteris
3302 3069 3523 3124 terroris
3553 3069 3710 3122 lreno
3738 3081 3812 3120 re-

537 3136 830 3209 utrutnque
873 3141 1272 3219 sanctissimum
1303 3141 1614 3219 episcopum
1636 3183 1651 3206 ,
1685 3143 1831 3197 velut
1861 3144 1914 3219 i_n
1943 3153 2129 3199 aucto-
2151 3151 2200 3216 ρ
2231 3136 2460 3219 tineudi,
2497 3153 2568 3219 ne
2589 3139 2716 3219 quid
2741 3139 3006 3219 adversus
3030 3153 3375 3195 communem
3403 3137 3600 3194 Africa
3632 3138 3811 3194 Eccle-

537 3222 629 3265 res
652 3213 1117 3295 persecutionum,
1146 3213 1216 3267 ab
1238 3214 1565 3284 imperatore
1592 3213 1914 3284 intorqueri,
1943 3224 2130 3270 osten-

531 3280 676 3337 dunt
705 3283 1209 3354 maledicentissima
1241 3284 1356 3339 haec
1377 3283 1545 3339 verba
1574 3283 1712 3354 (Lib.
1747 3301 1760 3338 I
1794 3284 1950 3354 Oper.
1985 3284 2130 3354 Imp.

533 3303 676 3337 aunt
705 3303 1209 3339 maremcenussrma
1242 3303 1356 3339 naac
1377 3303 1545 3339 verna
1574 3303 1712 3354 (bin.
1747 3303 1760 3338 I
1794 3303 1950 3356 uper.
1985 3303 2130 3358 imp.

533 3367 656 3424 cap.
685 3354 752 3409 Η
780 3365 829 3410 et
856 3353 949 3425 42)
975 3372 988 3408 :
1041 3355 1104 3410 Si
1131 3354 1556 3426 philosophorum
1583 3372 1676 3426 ego
1702 3369 1933 3410 senatum
1973 3359 2131 3412 advo-

534 3375 656 3424 αφ.
685 3375 752 3409 οι
780 3375 829 3410 et
856 3375 949 3425 ex)
975 3375 988 3408 :
1041 3375 1102 3410 at
1131 3375 1556 3426 pnuosopnorum
1583 3375 1610 3408 e
1645 3375 1676 3409 0
1702 3375 1933 3410 senatum
1973 3375 2131 3412 navos-

534 3439 752 3498 cavero,
777 3433 831 3478 tu
879 3427 1117 3498 continuo
1159 3425 1453 3498 sellularios
1491 3375 1731 3498 opiﬁqces,
1786 3443 2030 3497 omneque
2076 3431 2132 3483 in

537 3510 639 3548 nos
667 3495 851 3568 vulgus
875 3497 1140 3557 accendes,
1172 3497 1456 3565 vociferans
1482 3495 1596 3551 cum
1646 3499 1849 3568 feminis
1869 3541 1883 3560 ,
1911 3495 2134 3554 cunctis-

538 3581 640 3630 que
662 3566 929 3640 calonibus
951 3577 998 3640 et
1027 3568 1262 3640 tribunis,
1293 3568 1480 3638 quibus
1508 3566 1766 3640 octoginta
1790 3581 1882 3622 aut
1909 3573 2132 3634 amplius

540 3652 700 3714 equ_os
729 3648 835 3692 tota
856 3637 1034 3714 Africa
1057 3637 1316 3714 saginatos
1334 3648 1451 3714 tuus
1478 3637 1641 3714 nupsi:
1648 3639 1875 3714 adduxit
1907 3643 2131 3714 Alipius.

616 3707 727 3763 Cur
747 3719 924 3780 autem
950 3708 1002 3764 id
1029 3709 1104 3764 rei
1123 3707 1467 3779 Augustinus
1497 3707 1592 3780 per
1618 3709 1891 3766 Valeriqu
1917 3707 2136 3768 molitus

545 3779 638 3854 sit,
685 3794 845 3854 causa
901 3779 1020 3854 haec
1049 3780 1181 3834 mihi
1220 3780 1437 3835 videtur
1483 3779 1771 3854 admodum
1817 3784 2132 3854 probabilis.

543 3850 914 3921 Perspiciebat
943 3852 1026 3906 vir
1050 3859 1272 3907 sanctus
1299 3867 1422 3907 cum
1463 3867 1562 3908 suo
1591 3852 1800 3924 collega
1819 3850 2002 3924 'quam
2032 3856 2136 3911 dil-

2231 3209 2435 3279 siteque
2455 3211 2784 3265 sententiam
2804 3209 3090 3266 auderent.

2700 3336 2726 3363 ⁸
2765 3325 3228 3384 CONSTITUTIO
3269 3327 3358 3383 IV.

2239 3455 2495 3496 EPISTOLA
2525 3455 2711 3498 SANC'I'I
2753 3459 2966 3498 Αῠιιιιιι
2998 3457 3446 3500 εΑιιτηΑῦιΝεκςιε
3485 3459 3721 3500 ενιςοοιη
3757 3459 3818 3498 AD

2311 3528 2482 3567 OINES
2527 3529 2807 3570 EPISCOPOS
2847 3530 2949 3569 PER
2991 3529 3304 3570 BYZACENAI
3343 3531 3412 3571 ΕΤ
3458 3530 3818 3572 ARZUGITANAI

2312 3599 2630 3640 PBOVINCIAI
2661 3599 3043 3641 CONS'I'I'I'U'I'OS.

2281 3673 2358 3730 De
2387 3675 2721 3732 damnatione
2752 3676 2955 3749 Pelagii
2983 3688 3134 3748 atque
3163 3677 3383 3734 Caelestii
3415 3680 3786 3735 haereticorum.

2247 3789 2624 3845 Dilectissimis
2663 3805 2726 3845 ac
2769 3790 3221 3848 desiderabilibus
3262 3793 3517 3849 fratribus
3544 3808 3608 3848 ac
3641 3807 3818 3849 consa~

2313 3860 2654 3929 cerdotibus,
2697 3861 2724 3900 δ
2767 3863 3083 3920 Βουλτιλυο
3119 3864 3309 3935 primae
3345 3865 3520 3930 sedis,
3569 3875 3590 3903 ε
3623 3867 3818 3937 ,λιμω-

1710 3969 2259 4034 CASTIGATIONES
2300 3976 2390 4033 ET
2427 3978 2657 4034 ΝΟΤᾸΞ.

617 4077 644 4104 ι
676 4068 879 4124 Praeter
907 4075 1159 4122 auctores
1187 4081 1315 4120 mox
1348 4064 1619 4130 laudatos,
1648 4065 1885 4121 vidimus
1925 4075 2139 4123 veteres

546 4141 685 4195 duas
741 4139 1027 4200 editiones.
1061 4152 1224 4193 unam
1268 4135 1458 4192 lsidori
1508 4136 1842 4203 Mercatoris,
1887 4137 2138 4202 alterum,

549 4227 671 4280 qua:
699 4212 937 4267 omnium
965 4210 1192 4281 optima,
1215 4207 1598 4264 nonnullorum
1623 4207 1880 4279 Prosperi
1904 4223 2140 4279 opuscu-

549 4282 894 4408 logugroael‘uit
918 4351 1246 4423 Donatianus
1263 4351 1522 4406 Ecclesiae
1547 4350 1898 4423 Teleptensi;
1929 4353 2138 4423 totique

550 4424 848 4495 Byzacenas
883 4419 1278 4495 provincize,iu
1317 4438 1424 4489 qua
1455 4423 1589 4477 duas
1615 4425 1829 4495 videtur
1863 4422 1968 4478 hoc
1994 4419 2138 4479 antro

551 4481 806 4551 habuisse
858 4481 1117 4566 s'ynodos.
1164 4481 1393 4548 alteram
1451 4503 1580 4549 ante
1633 4494 1870 4564 Pascha,
1910 4495 2136 4550 alteram
2164 4481 2220 4543 D

544 4568 768 4622 circiter
809 4568 1048 4621 autumni
1083 4576 1314 4631 tempus.
1352 4566 1406 4618 In
1440 4566 1529 4619 illa
1570 4567 1784 4632 excepit
1813 4567 2136 4636 legationem

592 4638 845 4694 rovincia:
873 4638 1290 4706 proconsularis,
1319 4651 1422 4705 qua
1456 4637 1625 4690 t'uncti
1666 4646 1793 4690 sunt
1823 4636 2138 4692 Vincentius

599 4709 906 4764 ulusitauus
931 4717 986 4763 et
1026 4707 1450 4764 Fortunatianus
1494 4706 1910 4775 Neapolitanus;
1951 4709 2001 4762 in
2035 4710 2135 4763 ista

543 4783 760 4850 accepit
791 4781 996 4836 litteras
1047 4779 1248 4850 Aurelii
1290 4793 1412 4832 cum
1466 4780 1683 4850 llonorii
1727 4779 2132 4850 constitutione.

545 4849 756 4908 Prioris
782 4861 903 4906 acta
929 4853 1194 4906 habentur
1223 4849 1276 4903 in
1308 4849 1546 4904 secundo
1574 4859 1720 4903 tomo
1742 4849 1989 4905 maximae
2013 4851 2136 4906 Col-

544 4923 799 4978 lectiouis
851 4922 1248 4984 conciliorum;
1307 4921 1626 4990 posterioris
1683 4921 1812 4975 nihil
1863 4930 2131 4991 superest.

553 4993 754 5051 Verum
801 4995 855 5049 in
910 4993 1100 5062 prioris
1155 4992 1560 5060 consignatione
1607 4993 1802 5059 Opinor
1849 4993 2135 5059 irrepsisse

547 5066 854 5122 mendum:
898 5061 1071 5135 neque
1117 5065 1258 5120 enim
1309 5061 1494 5118 haberi
1522 5063 1723 5135 pomit
1773 5078 1826 5117 vi
1878 5063 2135 5119 kalendas

542 5137 787 5204 Martias,
822 5133 1098 5192 incidisset
1122 5135 1265 5190 enim
1301 5135 1351 5188 in
1379 5133 1823 5202 Quadragesimze
1862 5135 2004 5189 diem
2039 5151 2136 5188 no-

544 5224 690 5270 nam.
719 5209 920 5265 Pascha
957 5208 1226 5264 incidente
1255 5208 1305 5260 in
1333 5207 1475 5260 diem
1508 5207 1578 5262 ‘50
1608 5206 1806 5262 Martii.
1831 5205 2009 5272 Atque
2035 5207 2132 5272 ita,

586 5281 688 5335 uod
740 5283 1001 5336 abnorme
1056 5279 1246 5334 luisset
1290 5278 1374 5331 his
1429 5279 1784 5344 temporibus.
1837 5277 2136 5333 abluissent

586 5294 688 5335 uoa
740 5294 1001 5336 abnorme
1056 5294 1246 5334 luisset
1291 5294 1374 5331 nis
1429 5294 1784 5344 tempormus.
1837 5294 2132 5333 abnuissent

543 5294 765 5405 (Il’atrum
800 5353 974 5407 media
1005 5365 1128 5421 pars
1155 5365 1184 5404 a
1213 5350 1325 5404 suis
1356 5348 1613 5421 Ecclesiis
1647 5363 1892 5416 magnam
1927 5358 2132 5417 partem

545 5420 1016 5493 Quadragesimaa.
1047 5422 1229 5492 Neque
1255 5435 1390 5493 vero
1413 5420 1666 5475 mendum
1696 5421 1840 5493 satis
1873 5422 2132 5476 emenda-

545 5497 713 5558 veris,
749 5491 816 5557 si,
846 5493 990 5564 quod
1037 5508 1262 5564 pronum
1306 5491 1542 5564 videtur,
1575 5491 1874 5564 restitueris
1912 5493 2134 5564 decadis

540 5575 727 5646 {lotam
759 5561 1190 5646 x,_iiabitamque
1235 5563 1438 5646 dixeris
1486 5563 1748 5646 synodum
1780 5578 1872 5646 35w
1912 5561 2128 5646 italend.

545 5636 788 5695 Martias.
819 5635 950 5690 Nam
981 5645 1035 5690 et
1064 5633 1181 5690 haec
1221 5634 1339 5705 dies
1388 5633 1549 5689 fuerit
1578 5636 1747 5705 prima
1775 5633 2133 5704 Quadragesi—

543 5725 670 5776 mae,
705 5723 808 5776 qua
851 5708 1002 5762 nefas
1037 5717 1183 5762 esset
1227 5704 1499 5776 episcOpis
1523 5704 1717 5761 abesse
1746 5722 1772 5759 a
1797 5707 1910 5761 suis
1943 5705 2130 5762 Eccle-

542 5775 663 5841 siis.
689 5779 842 5848 Quod
892 5779 937 5834 si
981 5787 1194 5832 servata
1238 5775 1502 5832 numerali
1549 5786 1670 5832 nota
1701 5794 1772 5840 v1,
1802 5793 1899 5847 pro
1928 5777 2130 5833 Martiis

2245 4070 2503 4150 itaiendis
2521 4083 2876 4150 repona_ptu_r_
2895 4073 3245 4150 Eebruarize,
3262 4085 3424 4146 atque
3440 4146 3452 4150 _
3465 4078 3536 4131 ita
3592 4076 3825 4150 synodus

2248 4143 2426 4196 habita
2454 4143 2665 4198 dicatur
2689 4144 2778 4200 die
2805 4145 2876 4199 27
2905 4144 3171 4209 Januarii,
3201 4147 3282 4202 sic
3307 4143 3488 4202 omnia
3525 4143 3667 4204 belle
3695 4164 3827 4204 con-

2245 4223 2466 4280 gruent;
2514 4232 2636 4269 nam
2665 4227 2912 4271 servatus
2956 4217 3120 4272 fuerit
3155 4232 3328 4273 canon
3359 4218 3610 4274 Nicaeuus
3641 4219 3710 4276 de
3739 4235 3826 4276 co-

2243 4284 2414 4360 genda
2443 4302 2559 4360 suae
2591 4287 2883 4360 provincia:
2911 4289 3118 4360 synodo
3145 4303 3174 4342 a
3205 4289 3526 4360 primatibus
3549 4303 3676 4346 ante
3697 4309 3828 4360 qua-

2246 4356 2601 4425 dragesimam
2637 4358 2884 4424 Paschae;
2917 4356 2971 4412 e't
3014 4359 3144 4414 feria
3175 4356 3412 4416 secunda
3440 4363 3624 4418 datum
3675 4356 3828 4419 fuerit

2245 4427 2454 4499 synodo
2476 4429 2708 4490 initium,
2735 4430 2876 4499 quod
2906 4431 3174 4496 solemne;
3208 4443 3263 4488 et
3290 4433 3478 4489 Patres
3507 4434 3620 4489 suis
3649 4435 3832 4490 Eccle-

2244 4498 2351 4575 siis_
2371 4500 2710 4575 interfueriut
2727 4498 2996 4575 principio
3028 4502 3491 4575 Quadragesimm.

2318 4569 2653 4625 Donatianus
2709 4569 2870 4637 porro
2914 4569 3134 4630 Celebre
3185 4569 3535 4630 in'Al'ricana
3583 4574 3831 4634 Ecclesia

2241 4643 2409 4720 gessit
2449 4641 2938 4720 nomen._‘Na_tnque
2988 4645 3241 4720 interfuit
3269 4648 3501 4720 concilio
3539 4645 3831 4720 Carthagi-

2242 4713 2396 4765 nensi
2441 4724 2565 4785 ante
2594 4713 2940 4785 collationem
2989 4730 3117 4770 ann.
3149 4716 3275 4785 Ml,
3307 4718 3538 4773 concilio
3572 4721 3606 4771 Α
3621 4713 3832 4774 ῐτίεειῖιο

2240 4795 2362 4837 eum
2381 4784 3008 4858 ΔΑιιηπιΙίομιξιξενιιοῒυίιγ³1111.
3035 4786 3164 4855 418,
3196 4784 3518 4858 Telcptense
3540 4791 3830 4849 concilium

2240 4855 2431 4930 coegii
2454 4870 2579 4930 ann.
2610 4854 2739 4930 VH9,
2767 4857 2958 4912 eodem
2991 4854 3420 4930 anuo'przese'dit
3450 4877 3571 4915 cum
3613 4863 3830 4916 Aurelio

2241 4926 2474 5004 concilio
2507 4926 2782 5004 Africano,
2813 4926 3182 5004 canonesque'
3204 4933 3627 5004 praecedentium
3671 4947 3829 5004 syno-

2239 4996 2793 5079 dorumrecognovit,
2827 5009 2880 5056 et
2927 4996 3350 5074 secundus'post
3395 5003 3679 5059 Aurelium
3703 4996 3832 5059 'sub-

2237 5071 2474 5138 scripsit.

2309 5139 2605 5214 Occasione
2650 5140 2943 5214 rDonatiaui
3009 5143 3374 5214 Teleptensis,
3432 5145 3830 5202 emendandum

2240 5218 2332 5299 est
2353 5211 2508 5299 quod
2545 5213 2700 5299 lii-nio
2746 5225 2800 5268 et
2845 5211 3241 5299 Cliristophoro
3269 5211 3831 5299 Jus'tellosubrepsit,

2239 5283 2392 5350 quasi
2421 5284 2908 5359 Donatianus,_nou
2941 5283 3118 5341 aetatis
3153 5287 3276 5358 jure
3305 5288 3400 5343 sed
3430 5289 3688 5350 civitatis.
3711 5283 3831 5359 'pri-

2240 5363 2440 5408 matum
2481 5369 2593 5409 suae
2637 5357 2930 5423 provincize
2979 5357 3317 5425 obtinuerit;
3350 5360 3402 5414 id
3429 5360 3574 5415 enim
3604 5357 3829 5416 omnino

2239 5425 2452 5503 geritati
2483 5435 2709 5503 pugnat,
2737 5428 3170 5503 quandoquidem
3222 5430 3276 5485 in
3316 5431 3573 5503 synodica
3610 5431 3832 5488 concilii

2238 5494 2525 5571 Byzaceni,
2543 5494 3048 5571 primas'Muaoni'us
3071 5494 3374 5571 appellatur
3393 5511 3600 5558 tantum
3632 5519 3829 5569 senex,

2238 5570 2505 5645 ut_solent
2529 5569 2623 5624 alii
2661 5569 2751 5639 qui
2783 5571 3006 5645 reliquis
3039 5569 3346 5645 provinciis
3371 5583 3567 5644 praeter
3591 5590 3831 5645 procont

2236 5638 2471 5714 sular_em
2503 5638 2776 5708 pmerant
2805 5638 3086 5714 privilegio
3119 5647 3317 5700 aetatis.
3371 5638 3387 5644 ’
3591 5638 3606 5645 ’
3835 5644 3842 5653 ’

2313 5720 2333 5748 ο
2363 5711 2442 5785 Ex
2486 5727 2681 5785 novem
2715 5711 2986 5785 episcopis
3004 5711 3236 5784 quorum
3270 5717 3484 5772 nomina
3515 5719 3822 5775 inscribun-

2239 5790 2324 5835 tur
2347 5783 2610 5850 epistolae,
2636 5784 2871 5856 quinque
2906 5783 3261 5845 nominantur
3292 5791 3343 5845 in
3389 5790 3620 5847 concilio
3655 5792 3824 5850 Tele-
