3900 6268
178 320 300 385 ιω

591 327 902 386 DISSERT.
945 330 1030 385 Ill.
1076 330 1161 385 DE
1200 327 1858 386 CONS'FITUTIONIBUS
1896 326 2400 385 IMPERATORUM
2442 328 2509 385 IN
2546 327 2773 385 CAUSA
2813 326 3056 384 PELAG.

3341 318 3455 383 ιω

257 455 456 515 atauo,
500 443 687 500 Fuicr
713 488 727 511 ,
770 446 1046 502 PALATINO
1071 488 1085 511 ,
1140 456 1163 481 θ
1194 447 1487 513 Ριιιωλκο,
1529 443 1775 511 Cumo,
1804 452 1856 510 Α
1882 444 2320 515 exemplaribus,
2353 448 2622 501 instruere
2654 446 2901 502 festinavi
2922 489 2936 510 ,
2968 444 2995 481 ιι
3023 460 3089 499 ne
3129 441 3258 514 quid
3296 438 3458 508 mali,

257 522 321 569 et
359 514 451 569 alii
491 515 731 582 Cauno,
772 516 1066 583 humano,
1101 517 1428 583 Vicrontuo,
1470 527 1525 572 et
1560 518 1776 573 caeteris

259 599 366 654 per
404 596 635 661 tractum
664 589 973 661 provincia:
1013 591 1308 661 Byzacenze
1344 599 1397 645 et
1432 589 1776 660 Arzugitante

258 658 577 714 constitutis
596 700 611 727 ,
644 660 915 719 Auantius
943 658 1250 733 episcopus.

254 813 293 855 δ
321 814 503 888 Super
531 814 776 874 leestii
816 828 873 875 et
901 820 1103 892 Pelagii
1142 820 1524 887 damnatione,
1562 834 1780 877 eorum-

175 919 296 979 que
327 918 353 947 ι·
385 907 685 980 dogmatis,
724 911 1037 982 participem
1079 926 1139 967 se
1176 920 1359 967 sancta
1398 912 1618 969 dilectio
1656 928 1780 969 ves-

177 1009 269 1056 tra
298 998 327 1039 δ
357 1001 415 1057 in
444 1004 693 1074 pleuario
717 1004 951 1059 concilio
990 1004 1162 1061 fuisse
1200 1005 1605 1075 commeminit,
1643 1006 1779 1063 dile-

180 1094 418 1150 ctissimi
448 1110 517 1151 ac
542 1096 932 1153 desiderabiles
962 1098 1171 1155 fratres.
1219 1098 1327 1155 Sed
1354 1100 1613 1170 quoniam
1632 1142 1647 1166 ,
1680 1115 1779 1170 pro

182 1188 404 1246 honore
430 1189 560 1259 Dei,
588 1192 644 1245 in
671 1194 821 1265 cujus
849 1209 1005 1248 manu
1044 1210 1132 1248 cor
1160 1195 1299 1267 regis
1334 1203 1410 1248 est
1445 1194 1780 1249 constitutum

185 1282 385 1354 (Prov.
423 1299 551 1351 xxx,
579 1285 677 1355 Ι),
707 1285 1224 1356 gloriosissimorum
1254 1286 1563 1358 principum
1589 1286 1774 1343 Chris-

190 1375 467 1431 tianorum
507 1373 667 1431 ﬁdem
707 1386 910 1433 rectam
950 1388 1004 1433 et
1037 1379 1362 1435 catholicam
1405 1388 1429 1417 ο
1461 1379 1779 1434 custodien-

190 1468 321 1523 tium
366 1466 391 1506 ί
432 1469 666 1525 accessit
698 1470 1027 1537 auctoritas,
1078 1487 1237 1543 quam
1280 1487 1379 1542 per
1417 1472 1781 1530 humilitatem

188 1574 368 1616 meam
410 1562 682 1619 universis
719 1564 1061 1634 coepiscOpis
1098 1574 1125 1613 ι
1165 1566 1456 1621 voluerunt
1496 1566 1734 1622 intimari
1767 1584 1781 1621 :

193 1654 401 1712 idcirco
437 1656 813 1713 honorabilem
849 1657 1247 1714 fraternitatem
1275 1670 1514 1715 vestram
1538 1700 1555 1727 ,
1599 1659 1785 1716 missis

1880 539 1939 595 in
1978 538 2161 609 aliqua
2200 550 2353 611 parte
2394 538 2689 609 provincia:
2717 582 2732 607 ,
2772 554 2844 596 ex
2882 538 3311 607 snpradictorum
3347 547 3465 590 ser-

1884 631 2103 703 pentina
2134 632 2521 703 persuasione,
2561 630 2577 669 ί
2611 632 2678 687 ab
2706 631 2994 687 universali
3028 629 3270 686 Ecclesia
3295 626 3465 684 totius

1884 726 2034 783 orbis
2062 726 2314 793 exclusa,
2351 726 2583 782 fortasse
2613 725 2892 796 subrepat.

1956 820 2038 876 0b
2077 819 2182 875 hoc
2220 834 2354 889 ergo
2386 818 2400 869 i
2452 830 2558 873 tam
2596 818 2901 874 necessaria
2941 815 3257 873 constitutio
3280 812 3470 870 Chris-

1884 914 2153 969 tianorum
2196 913 2501 983 principum
2533 912 2851 968 charitatem
2884 922 3112 968 vestram
3148 912 3318 967 latere
3358 922 3468 963 non

1883 1010 2078 1079 debet,
2121 1018 2176 1064 et
2204 1006 2231 1046 ι
2263 1008 2331 1064 ad
2359 1024 2448 1063 me
2477 1008 2545 1063 ab
2572 1008 2651 1063 eis
2678 1008 2818 1063 data:
2849 1008 3044 1063 litterae
3078 1024 3091 1059 :
3123 1020 3348 1076 quarum
3387 1003 3468 1058 si-

1883 1105 1996 1160 mul
2025 1102 2426 1174 exemplaribus
2447 1102 2623 1163 lectis,
2646 1100 3100 1172 quemadmodum
3124 1098 3471 1161 subscribere
3498 1109 3509 1138 ‘-

1884 1199 2256 1269 unnsquisqne
2287 1205 2526 1251 vestrum
2556 1195 2788 1261 debeat,
2817 1196 3037 1251 dilectio
3062 1204 3239 1249 vestra
3270 1208 3470 1263 cogno-

1884 1301 2036 1357 scet,
2086 1291 2203 1346 sive
2244 1305 2472 1361 quorum
2527 1288 2879 1361 synodalibus
2930 1289 3097 1360 gestis
3146 1286 3473 1357 subscriptio

1880 1384 1994 1454 jam
2022 1391 2253 1448 tenetur,
2288 1382 2407 1435 sive
2432 1381 2525 1451 qui
2558 1396 2662 1435 non
2696 1380 2944 1450 potuistis
2976 1376 2996 1417 ι
3028 1380 3200 1436 eidem
3233 1377 3474 1449 plenario

1888 1476 2054 1530 totius
2097 1472 2294 1529 Africa:
2335 1474 2603 1528 interesse
2639 1471 2905 1539 concilio,
2944 1487 3053 1543 quo
3090 1487 3241 1536 cum,
3287 1471 3339 1525 iu
3378 1485 3473 1524 su-

1889 1567 2257 1638 pradictorum
2290 1567 2669 1621 haereticorum
2695 1564 3061 1628 damnatione,
3091 1564 3328 1618 omnium
3354 1576 3475 1617 ves-

1890 1671 2033 1715 trum
2072 1660 2238 1715 fuerit
2266 1668 2306 1697 ιη
2344 1658 2557 1730 integra
2602 1656 2931 1728 subscriptio
2966 1664 3035 1710 τη
3072 1655 3203 1710 nihil
3253 1656 3475 1710 omnino

1362 1770 1913 1829 CASTIGATIONES
1947 1772 2037 1827 ET
2075 1769 2307 1827 ΝΟΤᾹΞ.

201 1865 403 1934 ptensi,
443 1865 793 1929 Donatianus,
842 1864 1222 1927 Januarianus.
1256 1865 1431 1929 Felix,
1466 1864 1779 1929 Januarius,
1814 1866 1864 1927 Β
1890 1880 2049 1934 qnam
2073 1863 2381 1917 damnatam
2412 1862 2618 1917 sciebat
2656 1878 2687 1916 a
2735 1861 2867 1915 sede
2904 1859 3235 1934 apostolica;
3283 1860 3475 1934 missas

194 1947 249 1990 et
284 1935 496 1999 Victor;
525 1936 856 2005 reliquorum
898 1946 1151 2006 quatuor,
1203 1937 1455 1999 Palatini,
1502 1936 1782 2001 Primiani,

192 2017 243 2061 et
273 2006 561 2077 utriusque
585 2006 770 2076 Cajani
794 2006 941 2062 nulla
966 2007 1023 2061 ﬁt
1050 2008 1268 2063 mentio.
1302 2006 1635 2062 Crediderim
1662 2021 1785 2077 ego,

197 2086 487 2148 utrumque
524 2078 785 2147 Cajanum
828 2090 988 2147 atque
1025 2080 1190 2133 etiam
1247 2079 1582 2133 Primianum
1615 2078 1788 2146 perti-

196 2149 380 2203 nuisse
404 2150 470 2203 ad
494 2149 871 2219 Arzugitanam
895 2164 990 2203 seu
1012 2150 1401 2217 Tripolitanam
1427 2150 1785 2219 provinciam.

194 2220 472 2275 Palatinus
501 2218 817 2291 Byzacenus
870 2218 990 2291 fuit.
1027 2221 1155 2275 Erat
1203 2232 1384 2275 autem
1428 2219 1788 2291 Januarianus

192 2290 646 2356 Tnbulhacensis,
703 2290 852 2347 Felix
916 2290 1428 2361 Segermitenensis,
1495 2290 1787 2346 Januarius

192 2362 659 2427 Cenculianensis,
694 2362 967 2417 Palatinus
1007 2362 1346 2425 Bosetensis,
1388 2362 1577 2417 Victor
1602 2362 1787 2417 Culle—

196 2434 389 2501 tensis,
416 2437 500 2488 vel
534 2434 866 2504 Balianensis
898 2434 1159 2489 Ecclesiae
1190 2434 1411 2504 praesul.

263 2514 289 2542 ⁸
320 2505 523 2575 Magd,
545 2503 783 2559 Primino
809 2501 1061 2572 Graiano,
1083 2501 1606 2573 etc.'Uss.,Gaiauo.
1640 2504 1783 2570 Bal.,

196 2576 424 2642 Gaiano,
454 2587 560 2632 etc.

266 2647 295 2685 δ
340 2647 507 2717 Digna
541 2657 668 2703 sunt
708 2647 818 2703 duo
838 2663 958 2717 quae
983 2646 1073 2702 hic
1102 2649 1480 2703 observentur.
1512 2647 1783 2705 Alterum.

193 2718 472 2788 appellari
493 2721 670 2788 priore
690 2720 810 2773 loco
832 2717 1167 2783 Ctelestium,
1194 2728 1304 2773 tum
1333 2719 1629 2787 Pelagium,
1658 2717 1788 2772 licet

190 2788 296 2843 ille
347 2789 492 2844 foret
536 2789 844 2859 discipulus,
872 2790 960 2844 hic
992 2793 1271 2858 magister.
1302 2794 1383 2845 An
1426 2789 1568 2858 quod
1613 2788 1787 2844 Coele-

193 2860 351 2931 stius
383 2858 687 2929 presbyter,
724 2860 967 2931 Pelagius
1014 2872 1132 2917 erat
1185 2870 1392 2916 tantum
1444 2858 1786 2914 monachus?

188 2930 291 3002 ᾼῃ
322 2931 468 2998 quod
502 2940 667 2985 totum
694 2930 897 3000 pondus
920 2935 1140 3001 negotii,
1166 2932 1367 2987 latente
1389 2931 1786 3002 Hierosolymis

189 3000 447 3070 Pelagio.
474 3002 784 3071 jamdudum
830 3005 882 3057 in
915 3000 1224 3058 Caélestium
1268 3003 1606 3068 incubuerat,
1641 3000 1787 3071 post-

191 3087 360 3145 quam
392 3087 461 3145 ex
490 3073 751 3145 discipulo
779 3075 937 3129 totius
964 3076 1185 3145 agminis
1207 3073 1591 3145 ductorAfactus
1616 3083 1784 3145 esset,

200 3152 264 3197 ut
302 3144 544 3228 loqu-itur
588 3144 960 3228 Hieronymus
980 3142 1071 3217 (in
1102 3146 1352 3228 epist._ad
1377 3142 1670 3228 (amipli)?
1701 3144 1785 3225 An

196 3213 344 3307 ρξΨὲ
371 3214 674 3307 sitisse}!
698 3213 914 3307 sese
949 3213 1184 3307 mare:
1222 3213 1589 3307 "mliﬁcus
1614 3213 1785 3307 *B'Pri:
1815 3242 1863 3307 c

199 3300 349 3338 mum
378 3299 501 3357 cum
529 3285 829 3342 leestio?
857 3287 937 3341 An
966 3287 1107 3357 quod
1153 3287 1220 3341 de
1256 3290 1423 3357 gratia
1454 3298 1581 3340 tunc
1612 3286 1789 3340 minus

199 3372 363 3422 quam
403 3356 469 3411 de
509 3366 735 3429 peccato
786 3356 1031 3429 originali
1084 3356 1313 3429 quaestio
1363 3357 1794 3429 fervebat,_qute

206 3443 335 3499 pars
365 3428 572 3482 erroris
599 3427 858 3484 Calestio
874 3426 1258 3499 'defendenda,
1286 3430 1439 3499 quasi
1476 3426 1788 3495 sortitione,

204 3496 539 3552 obvenerat?

238 3638 252 3650 .
283 3570 548 3635 Alterum,
583 3571 782 3625 nullam
824 3570 937 3626 fieri
965 3580 1094 3650 tota
1145 3571 1349 3650 Aurelii
1380 3570 1612 3650 epistola
1636 3590 1798 3650 men-

212 3644 411 3695 tionem
442 3652 569 3696 octo
606 3657 873 3696 canonum
913 3644 1172 3698 adversus
1201 3644 1450 3700 ha>resim
1477 3644 1797 3702 constituto-

207 3726 330 3769 rum
361 3712 416 3770 in
450 3714 749 3783 posteriore
795 3714 1029 3773 concilio
1078 3715 1342 3785 plenario,
1376 3720 1578 3773 idcirco
1622 3727 1793 3785 certe,

206 3788 333 3849 quia
390 3804 499 3842 non
530 3790 675 3856 ipsis
721 3790 1166 3844 subscribendum
1214 3800 1351 3855 erat,
1392 3789 1487 3843 sed
1532 3789 1797 3844 tractoria:

207 3856 411 3912 Zosimi
448 3860 735 3927 pontificis,
761 3876 865 3927 qua
904 3862 1282 3916 continebatur
1314 3862 1591 3929 utriusque
1621 3858 1797 3915 haere-

208 3930 302 4001 tici
334 3940 446 3984 tota
484 3945 667 3994 causa,
697 3934 1072 4001 sententiaque
1116 3932 1277 3987 simul
1319 3931 1576 3985 Ecclesia:
1605 3931 1795 3985 catho-

210 3999 354 4062 licae,
384 4002 573 4055 ambos
600 4017 721 4057 cum
742 4004 856 4056 suis
877 3999 1218 4071 dogmatibus
1246 4003 1574 4056 damnantis.

286 4082 316 4144 ον
341 4071 545 4142 Magd.,
586 4073 733 4139 Bar.,
766 4072 919 4142 Uss.,
944 4075 1271 4144 dogmatibus
1300 4090 1319 4127 :
1342 4075 1519 4127 minus
1550 4072 1796 4141 apposite

209 4140 277 4195 ad
309 4140 618 4198 historiam.

285 4216 312 4249 ⁸
347 4213 443 4267 Illo
499 4230 693 4285 nempe
749 4230 858 4285 quo
902 4224 1118 4286 accepta
1145 4225 1259 4286 est
1291 4213 1565 4286 catholica
1595 4211 1795 4286 Zosimi

212 4287 499 4351 tractoria,
529 4283 649 4339 cuni
703 4283 923 4355 privatis
960 4283 1045 4341 ad
1085 4285 1243 4341 Afros
1286 4285 1506 4347 litteris,
1536 4293 1593 4337 et
1632 4283 1793 4355 unde,

215 4363 346 4421 post
370 4365 638 4426 receptam
668 4354 941 4412 cummuni
966 4356 1205 4411 omnium
1232 4356 1626 4424 subscriptione
1654 4354 1797 4426 sedis

220 4425 529 4489 apostolica:
554 4428 903 4490 sententiam,
924 4439 1057 4483 actu:
1085 4438 1208 4482 sunt
1234 4427 1479 4481 laudibus
1512 4425 1797 4479 cumulatae

216 4496 415 4563 gratim
433 4497 553 4552 ﬁdei
583 4499 801 4554 vindici.
835 4499 968 4554 Huic
992 4512 1169 4553 autem
1193 4498 1449 4562 concilio,
1481 4495 1621 4566 quod
1645 4495 1794 4566 deci-

215 4579 314 4640 _mo
362 4569 547 4640 quinto
592 4569 713 4624 loco
764 4570 1036 4640 posuimus
1070 4568 1171 4640 (In
1202 4569 1408 4622 dissert.
1436 4565 1795 4640 destinastis),

1895 1932 2039 1989 enim
2071 1935 2137 1989 ad
2170 1934 2452 1988 universos
2492 1934 2641 1987 orbis
2692 1935 2981 2002 episcopos
3010 1932 3213 1985 litteras
3247 1932 3477 2002 nondu-

1895 2006 2097 2060 bitahat
2141 2003 2558 2060 subscribendas
2607 2000 2739 2059 fore
2772 2003 2840 2058 ab
2888 2000 3145 2057 omnibus
3198 2000 3477 2057 catholica:

1894 2079 2066 2146 partis
2094 2078 2382 2146 episcopis.
2429 2074 2632 2129 Eodem
2656 2090 2861 2146 isensu,
2890 2073 2981 2145 qui
3011 2072 3317 2146 communis,
3366 2090 3480 2126 om-

1894 2144 2042 2202 nium
2073 2144 2233 2216 hujus
2259 2148 2379 2211 aevi,
2410 2146 2627 2214 scripsit
2653 2144 2952 2204 Possidius.
2984 2144 3479 2216 Honoriumimpe-

1893 2228 2128 2274 ratorem
2148 2214 2400 2273 secutum
2417 2216 2585 2271 fuisse
2614 2218 2896 2271 catholica:
2921 2216 3179 2272 Ecclesiae
3197 2214 3479 2283 judicium,

1894 2298 2025 2345 tunc
2053 2305 2176 2344 cum
2209 2296 2426 2344 secutus
2454 2297 2538 2343 est
2566 2289 2728 2342 latam
2757 2304 2786 2343 a
2813 2290 3037 2343 summis
3063 2287 3271 2343 duobus
3300 2286 3482 2357 ponti-

1894 2360 2089 2416 ﬁcibus
2139 2360 2461 2416 sententiam
2497 2378 2507 2412 :
2540 2359 2763 2428 perinde
2800 2361 2951 2429 quasi
3002 2375 3065 2415 ea
3108 2369 3268 2413 aetate
3316 2374 3479 2413 unum

1892 2433 2148 2501 idemque
2180 2431 2474 2485 haberetur
2505 2429 2763 2485 Ecclesiae
2793 2432 3075 2487 catholica:
3099 2438 3153 2485 et
3181 2430 3326 2484 sedis
3355 2444 3482 2499 apo-

1893 2505 2104 2558 stolica:
2128 2503 2389 2571 judicium
2419 2502 2470 2555 in
2506 2502 2666 2556 rebus
2698 2502 2844 2556 fidei.

1969 2576 1983 2624 i
2021 2574 2410 2629 Necessitatem
2464 2573 2746 2642 exigenda:
2788 2574 2840 2626 in
2880 2586 3037 2627 causa
3070 2573 3479 2643 Pelagianorum

1893 2645 2332 2714 subscriptionis.
2365 2643 2433 2698 de
2463 2660 2565 2705 qua
2600 2653 2682 2698 est
2712 2652 2820 2698 tota
2852 2644 3194 2710 constitutio,
3221 2643 3483 2713 explicui-

1892 2732 2013 2787 mus
2059 2716 2267 2787 prolixe
2315 2716 2367 2768 in
2419 2714 2814 2787 dissertatione,
2832 2714 3087 2784 singulari
3128 2730 3291 2784 super
3318 2729 3383 2787 ea
3420 2730 3483 2769 re

1892 2786 2153 2859 (σαμε),
2179 2800 2477 2859 omnesque
2509 2786 2849 2859 necessitatis
2884 2798 3077 2842 causas
3114 2786 3484 2859 revocavimus

1892 2856 1958 2911 ad
1992 2856 2168 2913 unam
2224 2858 2497 2927 praecipue
2547 2856 2962 2927 Pelagianorum
3010 2858 3381 2927 pertinaciam.
3415 2858 3485 2913 Et

1890 2943 2044 2993 vero,
2076 2940 2135 2983 ut
2168 2928 2311 2983 nulla
2344 2929 2441 2981 fuit
2468 2927 2693 2981 haeresis
2720 2940 2932 2983 versuta
2962 2929 3479 2999 magis,artibusque

1890 3000 2158 3055 instructa
2201 2999 2632 3070 malignioribus,
2664 3015 2823 3067 quam
2863 3000 3174 3069 Pelagiana,
3202 3004 3269 3053 ita
3308 3016 3482 3070 neque

1890 3072 1999 3125 ulla
2034 3071 2365 3141 pertinacior
2395 3069 2658 3126 adversus
2683 3086 2876 3127 omnes
2902 3073 3161 3128 Ecclesia:
3189 3069 3483 3141 saeculique

1889 3157 2057 3197 Vll'eS.

1968 3211 1995 3250 ι
2027 3215 2158 3280 Qum
2191 3214 2381 3267 littera:
2409 3212 2796 3283 intelligantur,
2826 3229 2931 3267 non
2954 3214 3087 3270 satis
3107 3223 3350 3284 apertum
3380 3224 3481 3271 est.

1902 3285 1985 3340 An
2009 3286 2203 3355 aliqua:
2230 3300 2261 3338 a
2288 3286 2677 3340 constitutione
2721 3286 2996 3340 diversae?
3038 3285 3181 3341 favet
3223 3286 3486 3342 orationis

1902 3357 2095 3411 series.
2133 3359 2212 3410 An
2244 3372 2363 3423 qua:
2397 3355 2570 3410 forent
2601 3357 2804 3411 eaedem
2837 3373 2958 3411 cum
2990 3357 3101 3426 ipsa
3144 3358 3485 3413 constitutio-

1900 3428 2010 3495 ne?
2031 3427 2207 3485 forma
2239 3427 2643 3483 litterarumita
2674 3429 2853 3486 docet.
2894 3428 2979 3483 An
3022 3429 3190 3499 prima
3221 3431 3486 3485 constitu-

1901 3501 2001 3567 tio,
2030 3517 2188 3571 quam
2223 3501 2467 3568 pertinax
2498 3502 2700 3556 malum
2739 3500 3003 3571 geminari
3033 3502 3229 3569 coegit,
3259 3517 3487 3571 quaeque

1902 3587 2024 3627 cum
2067 3572 2321 3639 epistola,
2348 3572 2397 3625 id
2423 3582 2528 3637 est,
2559 3589 2680 3627 cum
2724 3572 2956 3627 secunda
3000 3573 3389 3627 cons1itutione
3419 3574 3485 3627 ad

1901 3643 2181 3698 Aurelium
2232 3642 2392 3696 missa
2443 3644 2546 3698 sit?
2589 3644 2871 3714 probabile
2916 3643 3207 3698 admodum
3260 3654 3362 3699 est.
3402 3646 3483 3698 An

1902 3714 2135 3781 denique
2163 3729 2284 3769 cum
2326 3714 2556 3784 epistola
2606 3715 2673 3768 ad
2712 3714 2986 3770 Aurelium
3030 3716 3182 3770 venit
3218 3716 3378 3770 simul
3417 3715 3484 3771 ad

1901 3786 2162 3840 vicarium
2214 3785 2409 3840 Africa:
2452 3785 2765 3840 mandatum
2796 3785 3200 3855 principis,aut
3251 3785 3485 3841 edictum

1901 3858 2147 3927 praefecti
2180 3856 2238 3910 P.
2270 3856 2423 3925 cujus
2455 3856 2737 3927 utriusque
2777 3857 3106 3927 exemplaria
3147 3856 3351 3913 directa
3378 3860 3485 3912 sint

1900 3928 2375 3998 adgcoepiscopos?
2407 3927 2457 3981 id
2483 3927 2629 3981 dictu
2656 3930 2857 3983 verius.

1979 3996 1998 4035 1
2030 3996 2185 4067 Quod
2216 4000 2501 4053 concilium
2522 3999 2845 4067 plenarium,
2881 4007 2973 4052 aut
2997 4000 3116 4068 quis
3147 4000 3323 4067 potius
3354 4014 3483 4055 con-

1900 4069 2014 4124 cilii
2074 4070 2299 4139 pleuarii
2357 4084 2645 4123 consessus
2697 4069 3049 4137 significetur,
3100 4070 3477 4139 explicuimus,

1901 4157 2011 4195 non
2056 4142 2172 4195 sine
2221 4140 2487 4193 laboriosa
2535 4140 2900 4209 inquisitione,
2933 4141 2985 4192 in
3016 4142 3394 4195 dissertatione
3416 4142 3485 4196 de

1902 4213 2127 4282 synodis
2160 4230 2171 4263 :
2202 4210 2538 4282 ostendimus
2570 4211 2714 4282 enim
2746 4212 2796 4264 in
2847 4212 3005 4264 tertio
3046 4226 3305 4282 consessu
3346 4227 3481 4267 con-

1901 4281 2011 4335 cilii
2068 4298 2195 4335 ann.
2238 4282 2343 4335 M8
2399 4281 2563 4335 habiti
2612 4281 2978 4350 subscriptum
3027 4281 3194 4337 fuisse
3244 4295 3484 4352 acceptas

1901 4352 2103 4406 Zosimi
2156 4352 2449 4418 tractorite,
2481 4361 2736 4424 aetasque
2769 4369 2865 4423 pro
2894 4353 3167 4408 damnatis
3210 4353 3485 4412 haereticis

1900 4424 2147 4479 Pontifici
2194 4424 2418 4493 gratias,
2454 4439 2678 4494 easque,
2712 4436 2767 4478 ut
2800 4441 2895 4494 par
2923 4433 3063 4493 erat,
3094 4425 3482 4490 amplissimas.

1975 4504 2012 4529 ιη
2042 4494 2184 4558 Bal.,
2218 4496 2502 4568 integrata:
2538 4498 2715 4551 minus
2758 4499 3008 4568 apposite
3034 4498 3101 4551 ad
3122 4498 3400 4553 historiam
3431 4508 3487 4555 et

1901 4576 2138 4619 mentem
2169 4566 2474 4620 scribentis.

212 4637 466 4710 interfuit
492 4632 816 4695 Donatianus
836 4632 1173 4709 Teleptensis
1203 4640 1391 4710 prima:
1416 4632 1641 4693 sedis'in
1672 4632 1794 4706 pro-
1823 4632 1878 4693 D
1977 4637 2033 4690 ln
2063 4636 2362 4710 appendice
2385 4636 2622 4710 Salviani
2647 4637 2917 4710 aBaluzio
2947 4639 3074 4694 editi
3107 4639 3318 4710 legitur.
3347 4643 3483 4695 inte-

216 4706 410 4780 vincia
437 4707 705 4778 Byzacena
728 4706 1033 4780 episcopus.

294 4787 319 4812 ε
364 4779 540 4847 Magd.
586 4779 1023 4836 constituentium.
1073 4782 1151 4836 De
1190 4779 1453 4835 industria
1494 4779 1637 4835 forte
1675 4794 1802 4849 pec-

212 4859 484 4920 caverunt
514 4850 828 4906 heterodoxi
860 4866 970 4920 pra:
1004 4853 1311 4907 adulatione
1351 4866 1476 4920 erga
1506 4852 1801 4920 principes.

297 4918 318 4958 ί
336 4919 545 4974 Nomen
579 4918 915 4977 anetoritatis
943 4925 1173 4992 positum
1205 4922 1368 4977 estad
1385 4918 1803 4992 significandam

216 4993 690 5059 constitutionem,
722 5010 820 5047 usu
865 4990 969 5047 non
1004 4994 1342 5062 infrequente
1370 4990 1585 5046 Codicis
1634 4992 1804 5047 Theo-

218 5064 432 5116 thSialli
458 5078 475 5127 ;
508 5063 649 5118 idem
680 5066 824 5119 enim
855 5063 1140 5119 adhibetur
1171 5064 1239 5117 ad
1286 5062 1693 5132 significandam
1727 5064 1804 5117 lc-

217 5148 368 5202 gem,
399 5133 508 5202 leg.
542 5136 687 5189 unic.
722 5135 789 5188 de
811 5145 1021 5189 centur.
1047 5146 1100 5189 et
1144 5150 1237 5202 pro
1271 5136 1535 5201 rescripto
1556 5174 1570 5196 ,
1606 5133 1711 5202 leg.
1736 5136 1799 5189 3i

217 5200 291 5274 de
318 5200 489 5274 petit.
510 5219 633 5274 cap.
667 5205 719 5258 5.
755 5206 889 5261 Hinc
935 5207 1077 5274 apud
1105 5200 1455 5260 collecmretn
1490 5200 1807 5273 appendicis

222 5271 426 5345 addita}
456 5273 526 5327 ad
556 5271 840 5345 epistolam
870 5271 1152 5332 leestini
1184 5276 1249 5330 ad
1280 5271 1576 5330 Galliarum
1604 5277 1813 5343 episco-

222 5356 359 5419 pos,
381 5343 526 5398 dicta
555 5343 642 5401 est
662 5347 917 5419 regularis
945 5348 1247 5411 auctoritas,
1276 5361 1374 5415 pro
1396 5346 1655 5399 decretali
1688 5360 1813 5401 sen—

224 5415 420 5471 tentia.

299 5493 327 5532 I
353 5484 413 5540 In
441 5486 694 5557 omnibus
739 5489 900 5544 editis
937 5488 1210 5543 codicibus
1244 5487 1461 5557 legitur.
1489 5486 1649 5540 voluit
1686 5488 1815 5540 inti-

219 5557 395 5622 utari;
419 5557 514 5612 sui
543 5556 851 5613 Latinitatis
897 5560 1041 5627 leges
1072 5556 1366 5628 coegerunt
1415 5557 1678 5628 pluralem
1711 5574 1808 5612 nu-

219 5642 436 5698 merum
466 5643 564 5697 pro
592 5629 853 5698 singulari
882 5644 1161 5698 reponere.

299 5696 328 5734 ι
358 5696 957 5774 Magd._,_prouinciaruni
976 5702 1409 5771 supradictarum.
1440 5700 1578 5768 Bal.,
1599 5702 1808 5774 provin-

222 5767 327 5846 εἰς
355 5767 769 5846 supradictorum
804 5788 821 5824 :
848 5767 1170 5846 omnesnon
1201 5774 1359 5846 male.

307 5840 324 5877 ί
357 5840 617 5897 Haeresim
649 5841 782 5897 dicit
812 5844 1082 5898 exclusam
1119 5843 1186 5897 ab
1224 5842 1511 5899 universali
1538 5842 1804 5911 Ecclesia,

1909 4718 2091 4783 grata,
2134 4707 2272 4783 apud
2298 4707 2563 4783 reliquos
2612 4708 2871 4777 editores,
2904 4711 3101 4781 integra
3134 4707 3488 4783 {utrobique

1910 4777 2017 4832 non
2049 4777 2387 4851 improbabili
2414 4793 2596 4838 sensu.
2626 4795 2946 4849 quamquam
2970 4777 3207 4835 secundo
3234 4777 3483 4851 meliore,

1908 4848 2345 4926 quandoquidem
2374 4851 2660 4926 universos
2688 4851 2983 4926 alloquitur
3002 4853 3257 4905 Aurelius
3280 4848 3482 4926 (Epist.

1908 4919 2026 4990 86),
2061 4928 2117 4975 et
2152 4920 2221 4973 ab
2246 4921 2497 4974 omnibus
2528 4928 2737 4989 poterat
2762 4923 3045 4990 integram,
3072 4937 3101 4973 a
3132 4919 3316 4989 paucis
3340 4919 3484 4980 inte-

1908 5002 2113 5060 gratam
2146 4991 2603 5064 subscriptionem
2630 4993 2873 5064 exigere.
2894 4990 3025 5064 Qua:
3056 4996 3489 5064 verosubscrip—

1913 5065 1989 5114 tio
2019 5063 2229 5116 censeri
2271 5060 2467 5116 debeat
2512 5062 2743 5130 integra,
2777 5062 2965 5115 deﬁnit
2997 5063 3106 5117 Leo
3159 5063 3379 5133 Magnus
3419 5060 3491 5123 de

1914 5133 2216 5200 Pelagianis
2237 5134 2482 5187 scribens
2506 5132 2572 5186 ad
2602 5134 2840 5187 Nicetam
2867 5132 3295 5200 Aquileiensem.

1987 5202 2249 5279 acausas
2288 5203 2462 5279 affert
2490 5202 2769 5279 exigendae
2807 5202 2877 5259 ab
2917 5204 3169 5259 omnibus
3203 5207 3491 5279 episcopis

1918 5275 2332 5347 subscriptionis
2358 5277 2408 5327 in
2434 5274 2552 5347 hoc
2577 5277 2813 5345 negotio,
2838 5292 3035 5345 nempe
3074 5276 3217 5347 quod
3259 5274 3365 5333 non
3394 5274 3489 5335 iiu-

1921 5347 2113 5400 merito
2168 5346 2383 5414 quidam
2432 5345 2761 5399 haberentur
2815 5347 3052 5417 suspeeti
3092 5345 3345 5417 nomine,
3404 5352 3492 5406 vel

1921 5416 2375 5480 dissimulationis,
2431 5432 2554 5471 cum
2602 5417 2845 5472 sinerent
2902 5420 3128 5473 secretis
3175 5416 3493 5477 tractatibus
3572 5456 3588 5469 -

1924 5488 2193 5549 homines,
2235 5502 2371 5541 nova
2423 5498 2477 5542 et
2528 5488 2779 5541 inusitata
2827 5488 3173 5555 meditantes,
3219 5495 3494 5547 occultare

1926 5558 2267 5625 sacrilegium
2306 5558 2517 5628 publica
2569 5559 2887 5613 auctoritate
2918 5561 3261 5628 damnatum;
3294 5565 3374 5618 vel
3406 5581 3495 5618 ne-

1915 5630 2193 5700 gligentia,
2228 5638 2283 5681 ut
2312 5627 2406 5697 qui
2457 5644 2646 5697 pravas
2689 5630 3065 5684 haereticorum
3096 5627 3491 5701 diSputationes

1914 5702 2125 5769 publica
2165 5703 2563 5769 oppugnatione
2603 5716 2708 5754 non
2740 5701 3119 5769 destroerent;
3151 5706 3238 5760 vel
3277 5706 3494 5759 occulte

1915 5770 2209 5845 pravitatis,
2243 5783 2461 5841 propter
2498 5772 3089 5845 tacitumconsensnm,
3121 5791 3227 5845 quo
3274 5771 3529 5831 astrue-F

1914 5852 2036 5898 rent
2060 5843 2344 5897 damnatos
2374 5857 2608 5899 errores.
2642 5842 2843 5899 Unicus
2882 5854 3063 5901 autem
3105 5842 3297 5919 paenae,
3328 5862 3489 5919 quam
