  <div class='ocr_page' id='page_1' title='image "/cluster/home/n/w/nwhite01/storage/ocr_20150623/48/hvd.32044015471535/209.png"; bbox 0 0 3970 6282; ppageno 0'>
   <div class='ocr_carea' id='block_1_1' title="bbox 498 313 602 369">
    <p class='ocr_par' dir='ltr' id='par_1_1' title="bbox 498 313 602 369">
     <span class='ocr_line' id='line_1_1' title="bbox 498 313 602 369; baseline -0.01 0"><span class='ocrx_word' id='word_1_1' title='bbox 498 313 602 369; x_wconf 71' lang='grc'><strong>407</strong></span> 
     </span>
    </p>
   </div>
   <div class='ocr_carea' id='block_1_2' title="bbox 924 297 3319 369">
    <p class='ocr_par' dir='ltr' id='par_1_2' title="bbox 924 297 3319 369">
     <span class='ocr_line' id='line_1_2' title="bbox 924 297 3319 369; baseline -0.002 -1"><span class='ocrx_word' id='word_1_2' title='bbox 924 311 1018 368; x_wconf 88' lang='lat' dir='ltr'><strong>AD</strong></span> <span class='ocrx_word' id='word_1_3' title='bbox 1053 309 1341 368; x_wconf 79' lang='lat' dir='ltr'><strong>PARTEM</strong></span> <span class='ocrx_word' id='word_1_4' title='bbox 1378 308 1643 366; x_wconf 76' lang='lat' dir='ltr'><strong>PRIMAM</strong></span> <span class='ocrx_word' id='word_1_5' title='bbox 1680 306 1962 364; x_wconf 79' lang='lat' dir='ltr'><strong>OPERUM</strong></span> <span class='ocrx_word' id='word_1_6' title='bbox 2000 310 2069 364; x_wconf 83' lang='lat' dir='ltr'><strong>M.</strong></span> <span class='ocrx_word' id='word_1_7' title='bbox 2113 311 2560 369; x_wconf 79' lang='lat' dir='ltr'><strong>MERCATORIS</strong></span> <span class='ocrx_word' id='word_1_8' title='bbox 2587 297 2942 367; x_wconf 42' lang='lat' dir='ltr'><strong>‘APPENDIX</strong></span> <span class='ocrx_word' id='word_1_9' title='bbox 2982 310 3319 369; x_wconf 78' lang='lat' dir='ltr'><strong>SECUNDA.</strong></span> 
     </span>
    </p>
   </div>
   <div class='ocr_carea' id='block_1_3' title="bbox 3661 309 3765 366">
    <p class='ocr_par' dir='ltr' id='par_1_3' title="bbox 3661 309 3765 366">
     <span class='ocr_line' id='line_1_3' title="bbox 3661 309 3765 366; baseline 0.019 -2"><span class='ocrx_word' id='word_1_10' title='bbox 3661 309 3765 366; x_wconf 73' lang='grc'><strong>408</strong></span> 
     </span>
    </p>
   </div>
   <div class='ocr_carea' id='block_1_4' title="bbox 488 423 3766 500">
    <p class='ocr_par' dir='ltr' id='par_1_4' title="bbox 488 423 3766 500">
     <span class='ocr_line' id='line_1_4' title="bbox 488 423 3766 500; baseline -0.001 -17"><span class='ocrx_word' id='word_1_11' title='bbox 488 427 722 484; x_wconf 89' lang='lat' dir='ltr'><strong>dendum</strong></span> <span class='ocrx_word' id='word_1_12' title='bbox 777 441 900 482; x_wconf 89' lang='lat' dir='ltr'><strong>esse</strong></span> <span class='ocrx_word' id='word_1_13' title='bbox 955 440 1252 498; x_wconf 73' lang='lat' dir='ltr'><strong>cognosce;</strong></span> <span class='ocrx_word' id='word_1_14' title='bbox 1301 439 1409 481; x_wconf 93' lang='lat' dir='ltr'><strong>non</strong></span> <span class='ocrx_word' id='word_1_15' title='bbox 1439 424 1584 480; x_wconf 85' lang='lat' dir='ltr'><strong>enim</strong></span> <span class='ocrx_word' id='word_1_16' title='bbox 1623 426 1859 496; x_wconf 79' lang='lat' dir='ltr'><strong>patimur</strong></span> <span class='ocrx_word' id='word_1_17' title='bbox 1899 428 2073 500; x_wconf 91' lang='lat' dir='ltr'><strong>impu-</strong></span> <span class='ocrx_word' id='word_1_18' title='bbox 2100 425 2485 500; x_wconf 59' lang='lat' dir='ltr'><strong>Aponii’acius</strong></span> <span class='ocrx_word' id='word_1_19' title='bbox 2529 425 2730 500; x_wconf 83' lang='lat' dir='ltr'><strong>zosimi</strong></span> <span class='ocrx_word' id='word_1_20' title='bbox 2777 438 3058 500; x_wconf 80' lang='lat' dir='ltr'><strong>successor</strong></span> <span class='ocrx_word' id='word_1_21' title='bbox 3105 426 3192 500; x_wconf 85' lang='lat' dir='ltr'><strong>vix</strong></span> <span class='ocrx_word' id='word_1_22' title='bbox 3237 425 3375 500; x_wconf 84' lang='lat' dir='ltr'><strong>bene</strong></span> <span class='ocrx_word' id='word_1_23' title='bbox 3419 423 3766 500; x_wconf 83' lang='lat' dir='ltr'><strong>post__turbas</strong></span> 
     </span>
    </p>
   </div>
   <div class='ocr_carea' id='block_1_5' title="bbox 486 516 2104 590">
    <p class='ocr_par' dir='ltr' id='par_1_5' title="bbox 486 516 2104 590">
     <span class='ocr_line' id='line_1_5' title="bbox 486 516 2104 590; baseline 0.001 -15"><span class='ocrx_word' id='word_1_24' title='bbox 486 521 661 575; x_wconf 87' lang='lat' dir='ltr'><strong>nitum</strong></span> <span class='ocrx_word' id='word_1_25' title='bbox 692 534 818 576; x_wconf 91' lang='lat' dir='ltr'><strong>esse</strong></span> <span class='ocrx_word' id='word_1_26' title='bbox 840 527 1110 590; x_wconf 65' lang='lat' dir='ltr'><strong>pracepta</strong></span> <span class='ocrx_word' id='word_1_27' title='bbox 1140 527 1325 574; x_wconf 89' lang='lat' dir='ltr'><strong>nostra</strong></span> <span class='ocrx_word' id='word_1_28' title='bbox 1357 516 1724 573; x_wconf 90' lang='lat' dir='ltr'><strong>exsecutionis</strong></span> <span class='ocrx_word' id='word_1_29' title='bbox 1749 518 2104 590; x_wconf 76' lang='lat' dir='ltr'><strong>negligentia&#39;</strong></span> 
     </span>
    </p>
   </div>
   <div class='ocr_carea' id='block_1_6' title="bbox 483 610 2073 684">
    <p class='ocr_par' dir='ltr' id='par_1_6' title="bbox 483 610 2073 684">
     <span class='ocr_line' id='line_1_6' title="bbox 483 610 2073 684; baseline 0 -16"><span class='ocrx_word' id='word_1_30' title='bbox 483 613 765 684; x_wconf 89' lang='lat' dir='ltr'><strong>protelari.</strong></span> <span class='ocrx_word' id='word_1_31' title='bbox 798 612 956 680; x_wconf 88' lang='lat' dir='ltr'><strong>Vale,</strong></span> <span class='ocrx_word' id='word_1_32' title='bbox 989 627 1188 684; x_wconf 85' lang='lat' dir='ltr'><strong>parens</strong></span> <span class='ocrx_word' id='word_1_33' title='bbox 1227 610 1548 668; x_wconf 88' lang='lat' dir='ltr'><strong>charissime</strong></span> <span class='ocrx_word' id='word_1_34' title='bbox 1594 619 1756 683; x_wconf 88' lang='lat' dir='ltr'><strong>atque</strong></span> <span class='ocrx_word' id='word_1_35' title='bbox 1809 613 2073 668; x_wconf 87' lang='lat' dir='ltr'><strong>amantis-</strong></span> 
     </span>
    </p>
   </div>
   <div class='ocr_carea' id='block_1_7' title="bbox 487 718 2073 875">
    <p class='ocr_par' dir='ltr' id='par_1_7' title="bbox 487 718 2073 875">
     <span class='ocr_line' id='line_1_7' title="bbox 521 718 648 764; baseline 0.008 -1"><span class='ocrx_word' id='word_1_36' title='bbox 521 718 535 763; x_wconf 86' lang='lat' dir='ltr'><strong>t</strong></span> <span class='ocrx_word' id='word_1_37' title='bbox 633 750 648 764; x_wconf 92' lang='lat'><strong>.</strong></span> 
     </span>
     <span class='ocr_line' id='line_1_8' title="bbox 487 718 2073 875; baseline 0.002 -20"><span class='ocrx_word' id='word_1_38' title='bbox 487 723 516 764; x_wconf 54' lang='grc' dir='ltr'>ὃ</span> <span class='ocrx_word' id='word_1_39' title='bbox 541 718 628 855; x_wconf 57' lang='lat' dir='ltr'><strong>ut:</strong></span> <span class='ocrx_word' id='word_1_40' title='bbox 647 803 858 873; x_wconf 83' lang='lat' dir='ltr'><strong>adjecta</strong></span> <span class='ocrx_word' id='word_1_41' title='bbox 885 802 1218 875; x_wconf 69' lang='lat' dir='ltr'><strong>subscriptio.</strong></span> <span class='ocrx_word' id='word_1_42' title='bbox 1247 810 1275 840; x_wconf 79' lang='grc' dir='ltr'>ι</span> <span class='ocrx_word' id='word_1_43' title='bbox 1303 801 1598 872; x_wconf 88' lang='lat' dir='ltr'><strong>lmplcatur</strong></span> <span class='ocrx_word' id='word_1_44' title='bbox 1620 801 1766 873; x_wconf 87' lang='lat' dir='ltr'><strong>quod</strong></span> <span class='ocrx_word' id='word_1_45' title='bbox 1786 802 2073 873; x_wconf 87' lang='lat' dir='ltr'><strong>iussimus,</strong></span> 
     </span>
    </p>
   </div>
   <div class='ocr_carea' id='block_1_8' title="bbox 483 897 1333 968">
    <p class='ocr_par' dir='ltr' id='par_1_8' title="bbox 483 897 1333 968">
     <span class='ocr_line' id='line_1_9' title="bbox 483 897 1333 968; baseline -0.001 -17"><span class='ocrx_word' id='word_1_46' title='bbox 483 897 612 968; x_wconf 87' lang='lat' dir='ltr'><strong>quia</strong></span> <span class='ocrx_word' id='word_1_47' title='bbox 646 899 752 954; x_wconf 92' lang='lat' dir='ltr'><strong>hoc</strong></span> <span class='ocrx_word' id='word_1_48' title='bbox 777 897 936 953; x_wconf 66' lang='lat' dir='ltr'><strong>fama</strong></span> <span class='ocrx_word' id='word_1_49' title='bbox 967 907 1071 953; x_wconf 73' lang='lat' dir='ltr'><strong>tute</strong></span> <span class='ocrx_word' id='word_1_50' title='bbox 1096 897 1333 966; x_wconf 84' lang='lat' dir='ltr'><strong>expedit.</strong></span> 
     </span>
    </p>
   </div>
   <div class='ocr_carea' id='block_1_9' title="bbox 819 1025 1744 1066">
    <p class='ocr_par' dir='ltr' id='par_1_9' title="bbox 819 1025 1744 1066">
     <span class='ocr_line' id='line_1_10' title="bbox 819 1025 1744 1066; baseline -0.002 0"><span class='ocrx_word' id='word_1_51' title='bbox 819 1026 1060 1066; x_wconf 66' lang='lat' dir='ltr'><strong>HISTORIA</strong></span> <span class='ocrx_word' id='word_1_52' title='bbox 1100 1025 1405 1066; x_wconf 78' lang='lat' dir='ltr'><strong>SANCTIONIS</strong></span> <span class='ocrx_word' id='word_1_53' title='bbox 1440 1027 1510 1066; x_wconf 74' lang='grc' dir='ltr'><strong>ιτ</strong></span> <span class='ocrx_word' id='word_1_54' title='bbox 1547 1025 1744 1066; x_wconf 68' lang='grc' dir='ltr'><strong>ΞυΙϐτΙ.</strong></span> 
     </span>
    </p>
   </div>
   <div class='ocr_carea' id='block_1_10' title="bbox 556 1124 2077 1181">
    <p class='ocr_par' dir='ltr' id='par_1_10' title="bbox 556 1124 2077 1181">
     <span class='ocr_line' id='line_1_11' title="bbox 556 1124 2077 1181; baseline -0.001 0"><span class='ocrx_word' id='word_1_55' title='bbox 556 1124 717 1181; x_wconf 85' lang='lat' dir='ltr'><strong>Caret</strong></span> <span class='ocrx_word' id='word_1_56' title='bbox 744 1125 949 1181; x_wconf 89' lang='lat' dir='ltr'><strong>sanctio</strong></span> <span class='ocrx_word' id='word_1_57' title='bbox 977 1126 1029 1180; x_wconf 92' lang='lat' dir='ltr'><strong>in</strong></span> <span class='ocrx_word' id='word_1_58' title='bbox 1061 1125 1306 1180; x_wconf 90' lang='lat' dir='ltr'><strong>omnibus</strong></span> <span class='ocrx_word' id='word_1_59' title='bbox 1325 1124 1484 1180; x_wconf 78' lang='lat' dir='ltr'><strong>editis</strong></span> <span class='ocrx_word' id='word_1_60' title='bbox 1504 1124 1778 1180; x_wconf 73' lang='lat' dir='ltr'><strong>codicibus</strong></span> <span class='ocrx_word' id='word_1_61' title='bbox 1799 1132 1921 1178; x_wconf 90' lang='lat' dir='ltr'><strong>nota</strong></span> <span class='ocrx_word' id='word_1_62' title='bbox 1945 1138 2077 1179; x_wconf 87' lang='lat' dir='ltr'><strong>con-</strong></span> 
     </span>
    </p>
   </div>
   <div class='ocr_carea' id='block_1_11' title="bbox 485 1195 2075 1267">
    <p class='ocr_par' dir='ltr' id='par_1_11' title="bbox 485 1195 2075 1267">
     <span class='ocr_line' id='line_1_12' title="bbox 485 1195 2075 1267; baseline -0.001 -15"><span class='ocrx_word' id='word_1_63' title='bbox 485 1199 684 1264; x_wconf 86' lang='lat' dir='ltr'><strong>solum,</strong></span> <span class='ocrx_word' id='word_1_64' title='bbox 719 1199 938 1263; x_wconf 85' lang='lat' dir='ltr'><strong>mensis,</strong></span> <span class='ocrx_word' id='word_1_65' title='bbox 969 1197 1094 1263; x_wconf 90' lang='lat' dir='ltr'><strong>diei,</strong></span> <span class='ocrx_word' id='word_1_66' title='bbox 1129 1205 1290 1267; x_wconf 89' lang='lat' dir='ltr'><strong>atque</strong></span> <span class='ocrx_word' id='word_1_67' title='bbox 1310 1197 1469 1251; x_wconf 88' lang='lat' dir='ltr'><strong>etiam</strong></span> <span class='ocrx_word' id='word_1_68' title='bbox 1495 1195 1632 1260; x_wconf 93' lang='lat' dir='ltr'><strong>loci;</strong></span> <span class='ocrx_word' id='word_1_69' title='bbox 1676 1209 1847 1267; x_wconf 86' lang='lat' dir='ltr'><strong>neque</strong></span> <span class='ocrx_word' id='word_1_70' title='bbox 1887 1195 2075 1267; x_wconf 81' lang='lat' dir='ltr'><strong>hacte-</strong></span> 
     </span>
    </p>
   </div>
   <div class='ocr_carea' id='block_1_12' title="bbox 484 1265 2074 1336">
    <p class='ocr_par' dir='ltr' id='par_1_12' title="bbox 484 1265 2074 1336">
     <span class='ocr_line' id='line_1_13' title="bbox 484 1265 2074 1336; baseline 0 -14"><span class='ocrx_word' id='word_1_71' title='bbox 484 1283 588 1323; x_wconf 89' lang='lat' dir='ltr'><strong>nus</strong></span> <span class='ocrx_word' id='word_1_72' title='bbox 619 1269 767 1322; x_wconf 90' lang='lat' dir='ltr'><strong>licuit</strong></span> <span class='ocrx_word' id='word_1_73' title='bbox 793 1285 858 1323; x_wconf 91' lang='lat' dir='ltr'><strong>ex</strong></span> <span class='ocrx_word' id='word_1_74' title='bbox 891 1269 1011 1323; x_wconf 93' lang='lat' dir='ltr'><strong>nllis</strong></span> <span class='ocrx_word' id='word_1_75' title='bbox 1043 1265 1415 1336; x_wconf 78' lang='lat' dir='ltr'><strong>manuscriptis</strong></span> <span class='ocrx_word' id='word_1_76' title='bbox 1449 1267 1598 1321; x_wconf 89' lang='lat' dir='ltr'><strong>libris</strong></span> <span class='ocrx_word' id='word_1_77' title='bbox 1631 1266 1894 1321; x_wconf 72' lang='lat' dir='ltr'><strong>editorum</strong></span> <span class='ocrx_word' id='word_1_78' title='bbox 1921 1265 2074 1322; x_wconf 80' lang='lat' dir='ltr'><strong>defe-</strong></span> 
     </span>
    </p>
   </div>
   <div class='ocr_carea' id='block_1_13' title="bbox 481 1337 1652 1410">
    <p class='ocr_par' dir='ltr' id='par_1_13' title="bbox 481 1337 1652 1410">
     <span class='ocr_line' id='line_1_14' title="bbox 481 1337 1652 1410; baseline -0.003 -16"><span class='ocrx_word' id='word_1_79' title='bbox 481 1348 627 1394; x_wconf 86' lang='lat' dir='ltr'><strong>ctum</strong></span> <span class='ocrx_word' id='word_1_80' title='bbox 657 1340 929 1410; x_wconf 86' lang='lat' dir='ltr'><strong>supplere,</strong></span> <span class='ocrx_word' id='word_1_81' title='bbox 961 1339 1053 1393; x_wconf 90' lang='lat' dir='ltr'><strong>sed</strong></span> <span class='ocrx_word' id='word_1_82' title='bbox 1081 1342 1191 1394; x_wconf 89' lang='lat' dir='ltr'><strong>sola</strong></span> <span class='ocrx_word' id='word_1_83' title='bbox 1222 1340 1529 1407; x_wconf 87' lang='lat' dir='ltr'><strong>conjectura</strong></span> <span class='ocrx_word' id='word_1_84' title='bbox 1557 1337 1652 1391; x_wconf 90' lang='lat' dir='ltr'><strong>uti.</strong></span> 
     </span>
    </p>
   </div>
   <div class='ocr_carea' id='block_1_14' title="bbox 559 1409 2075 1478">
    <p class='ocr_par' dir='ltr' id='par_1_14' title="bbox 559 1409 2075 1478">
     <span class='ocr_line' id='line_1_15' title="bbox 559 1409 2075 1478; baseline -0.001 -14"><span class='ocrx_word' id='word_1_85' title='bbox 559 1409 918 1466; x_wconf 32' lang='lat' dir='ltr'><strong>Verum’cum</strong></span> <span class='ocrx_word' id='word_1_86' title='bbox 965 1410 1311 1465; x_wconf 75' lang='lat' dir='ltr'><strong>Constantius</strong></span> <span class='ocrx_word' id='word_1_87' title='bbox 1351 1409 1691 1478; x_wconf 83' lang='lat' dir='ltr'><strong>imperaverit</strong></span> <span class='ocrx_word' id='word_1_88' title='bbox 1733 1421 1828 1463; x_wconf 82' lang='lat' dir='ltr'><strong>sex</strong></span> <span class='ocrx_word' id='word_1_89' title='bbox 1867 1415 2075 1463; x_wconf 83' lang='lat' dir='ltr'><strong>tantum</strong></span> 
     </span>
    </p>
   </div>
   <div class='ocr_carea' id='block_1_15' title="bbox 480 1478 2072 1552">
    <p class='ocr_par' dir='ltr' id='par_1_15' title="bbox 480 1478 2072 1552">
     <span class='ocr_line' id='line_1_16' title="bbox 480 1478 2072 1552; baseline -0.003 -16"><span class='ocrx_word' id='word_1_90' title='bbox 480 1497 716 1548; x_wconf 87' lang='lat' dir='ltr'><strong>menses,</strong></span> <span class='ocrx_word' id='word_1_91' title='bbox 746 1493 804 1535; x_wconf 92' lang='lat' dir='ltr'><strong>ut</strong></span> <span class='ocrx_word' id='word_1_92' title='bbox 832 1481 1216 1549; x_wconf 88' lang='lat' dir='ltr'><strong>Philostorgius</strong></span> <span class='ocrx_word' id='word_1_93' title='bbox 1247 1489 1300 1534; x_wconf 88' lang='lat' dir='ltr'><strong>et</strong></span> <span class='ocrx_word' id='word_1_94' title='bbox 1329 1480 1744 1552; x_wconf 84' lang='lat' dir='ltr'><strong>Olympiodorus</strong></span> <span class='ocrx_word' id='word_1_95' title='bbox 1791 1478 2072 1552; x_wconf 87' lang='lat' dir='ltr'><strong>scribunt;</strong></span> 
     </span>
    </p>
   </div>
   <div class='ocr_carea' id='block_1_16' title="bbox 480 1550 2076 1623">
    <p class='ocr_par' dir='ltr' id='par_1_16' title="bbox 480 1550 2076 1623">
     <span class='ocr_line' id='line_1_17' title="bbox 480 1550 2076 1623; baseline -0.002 -17"><span class='ocrx_word' id='word_1_96' title='bbox 480 1553 675 1607; x_wconf 87' lang='lat' dir='ltr'><strong>obierit</strong></span> <span class='ocrx_word' id='word_1_97' title='bbox 701 1553 950 1623; x_wconf 77' lang='lat' dir='ltr'><strong>Agricola</strong></span> <span class='ocrx_word' id='word_1_98' title='bbox 980 1563 1035 1608; x_wconf 92' lang='lat' dir='ltr'><strong>et</strong></span> <span class='ocrx_word' id='word_1_99' title='bbox 1065 1551 1339 1623; x_wconf 76' lang='lat' dir='ltr'><strong>Eustatitio</strong></span> <span class='ocrx_word' id='word_1_100' title='bbox 1360 1550 1500 1605; x_wconf 82' lang='lat' dir='ltr'><strong>coss.</strong></span> <span class='ocrx_word' id='word_1_101' title='bbox 1530 1559 1588 1604; x_wconf 91' lang='lat' dir='ltr'><strong>ut</strong></span> <span class='ocrx_word' id='word_1_102' title='bbox 1607 1551 1675 1604; x_wconf 90' lang='lat' dir='ltr'><strong>ab</strong></span> <span class='ocrx_word' id='word_1_103' title='bbox 1697 1550 2076 1623; x_wconf 86' lang='lat' dir='ltr'><strong>omnibu_stra-</strong></span> 
     </span>
    </p>
   </div>
   <div class='ocr_carea' id='block_1_17' title="bbox 479 1621 2074 1691">
    <p class='ocr_par' dir='ltr' id='par_1_17' title="bbox 479 1621 2074 1691">
     <span class='ocr_line' id='line_1_18' title="bbox 479 1621 2074 1691; baseline -0.003 -12"><span class='ocrx_word' id='word_1_104' title='bbox 479 1623 660 1689; x_wconf 88' lang='lat' dir='ltr'><strong>ditur;</strong></span> <span class='ocrx_word' id='word_1_105' title='bbox 689 1621 982 1680; x_wconf 58' lang='lat' dir='ltr'><strong>exstinctus</strong></span> <span class='ocrx_word' id='word_1_106' title='bbox 1009 1625 1077 1677; x_wconf 89' lang='lat' dir='ltr'><strong>sit</strong></span> <span class='ocrx_word' id='word_1_107' title='bbox 1106 1623 1194 1677; x_wconf 89' lang='lat' dir='ltr'><strong>die</strong></span> <span class='ocrx_word' id='word_1_108' title='bbox 1233 1621 1268 1672; x_wconf 76' lang='grc'>2</span> <span class='ocrx_word' id='word_1_109' title='bbox 1303 1621 1636 1691; x_wconf 89' lang='lat' dir='ltr'><strong>Septembris</strong></span> <span class='ocrx_word' id='word_1_110' title='bbox 1657 1661 1672 1683; x_wconf 92' lang='lat'><strong>,</strong></span> <span class='ocrx_word' id='word_1_111' title='bbox 1717 1627 1856 1675; x_wconf 88' lang='lat' dir='ltr'><strong>teste</strong></span> <span class='ocrx_word' id='word_1_112' title='bbox 1895 1621 2074 1675; x_wconf 86' lang='lat' dir='ltr'><strong>Theo-</strong></span> 
     </span>
    </p>
   </div>
   <div class='ocr_carea' id='block_1_18' title="bbox 477 1691 2074 1765">
    <p class='ocr_par' dir='ltr' id='par_1_18' title="bbox 477 1691 2074 1765">
     <span class='ocr_line' id='line_1_19' title="bbox 477 1691 2074 1765; baseline -0.001 -17"><span class='ocrx_word' id='word_1_113' title='bbox 477 1695 695 1765; x_wconf 83' lang='lat' dir='ltr'><strong>phane:</strong></span> <span class='ocrx_word' id='word_1_114' title='bbox 731 1710 953 1750; x_wconf 88' lang='lat' dir='ltr'><strong>necesse</strong></span> <span class='ocrx_word' id='word_1_115' title='bbox 975 1705 1078 1761; x_wconf 89' lang='lat' dir='ltr'><strong>est,</strong></span> <span class='ocrx_word' id='word_1_116' title='bbox 1109 1694 1176 1747; x_wconf 92' lang='lat' dir='ltr'><strong>iis</strong></span> <span class='ocrx_word' id='word_1_117' title='bbox 1207 1694 1338 1765; x_wconf 80' lang='lat' dir='ltr'><strong>ipsis</strong></span> <span class='ocrx_word' id='word_1_118' title='bbox 1382 1692 1710 1765; x_wconf 77' lang='lat' dir='ltr'><strong>consulibus</strong></span> <span class='ocrx_word' id='word_1_119' title='bbox 1741 1691 2074 1747; x_wconf 87' lang='lat' dir='ltr'><strong>sanctionem</strong></span> 
     </span>
    </p>
   </div>
   <div class='ocr_carea' id='block_1_19' title="bbox 479 1761 2074 1832">
    <p class='ocr_par' dir='ltr' id='par_1_19' title="bbox 479 1761 2074 1832">
     <span class='ocr_line' id='line_1_20' title="bbox 479 1761 2074 1832; baseline -0.002 -11"><span class='ocrx_word' id='word_1_120' title='bbox 479 1761 681 1821; x_wconf 70' lang='lat' dir='ltr'><strong>cditam</strong></span> <span class='ocrx_word' id='word_1_121' title='bbox 709 1767 892 1832; x_wconf 77' lang='lat' dir='ltr'><strong>fui~se,</strong></span> <span class='ocrx_word' id='word_1_122' title='bbox 923 1765 974 1820; x_wconf 91' lang='lat' dir='ltr'><strong>id</strong></span> <span class='ocrx_word' id='word_1_123' title='bbox 996 1775 1097 1832; x_wconf 91' lang='lat' dir='ltr'><strong>est,</strong></span> <span class='ocrx_word' id='word_1_124' title='bbox 1125 1779 1249 1818; x_wconf 84' lang='lat' dir='ltr'><strong>ann.</strong></span> <span class='ocrx_word' id='word_1_125' title='bbox 1273 1761 1399 1830; x_wconf 69' lang='grc'><strong>421,</strong></span> <span class='ocrx_word' id='word_1_126' title='bbox 1422 1770 1477 1817; x_wconf 90' lang='lat' dir='ltr'><strong>et</strong></span> <span class='ocrx_word' id='word_1_127' title='bbox 1501 1777 1566 1816; x_wconf 90' lang='lat' dir='ltr'><strong>eo</strong></span> <span class='ocrx_word' id='word_1_128' title='bbox 1587 1761 1803 1831; x_wconf 87' lang='lat' dir='ltr'><strong>quidem</strong></span> <span class='ocrx_word' id='word_1_129' title='bbox 1833 1773 2074 1831; x_wconf 79' lang='lat' dir='ltr'><strong>tempore</strong></span> 
     </span>
    </p>
   </div>
   <div class='ocr_carea' id='block_1_20' title="bbox 2178 495 3767 563">
    <p class='ocr_par' dir='ltr' id='par_1_20' title="bbox 2178 495 3767 563">
     <span class='ocr_line' id='line_1_21' title="bbox 2178 495 3767 563; baseline 0 -11"><span class='ocrx_word' id='word_1_130' title='bbox 2178 497 2394 563; x_wconf 87' lang='lat' dir='ltr'><strong>Eulalii,</strong></span> <span class='ocrx_word' id='word_1_131' title='bbox 2423 499 2766 552; x_wconf 77' lang='lat' dir='ltr'><strong>constitutam</strong></span> <span class='ocrx_word' id='word_1_132' title='bbox 2797 497 2980 552; x_wconf 87' lang='lat' dir='ltr'><strong>sedem</strong></span> <span class='ocrx_word' id='word_1_133' title='bbox 3011 496 3256 563; x_wconf 90' lang='lat' dir='ltr'><strong>tenebat,</strong></span> <span class='ocrx_word' id='word_1_134' title='bbox 3289 497 3473 551; x_wconf 89' lang='lat' dir='ltr'><strong>scissis</strong></span> <span class='ocrx_word' id='word_1_135' title='bbox 3510 495 3684 550; x_wconf 90' lang='lat' dir='ltr'><strong>adhuc</strong></span> <span class='ocrx_word' id='word_1_136' title='bbox 3713 497 3767 552; x_wconf 89' lang='lat' dir='ltr'><strong>in</strong></span> 
     </span>
    </p>
   </div>
   <div class='ocr_carea' id='block_1_21' title="bbox 2181 565 3764 638">
    <p class='ocr_par' dir='ltr' id='par_1_21' title="bbox 2181 565 3764 638">
     <span class='ocr_line' id='line_1_22' title="bbox 2181 565 3764 638; baseline -0.001 -16"><span class='ocrx_word' id='word_1_137' title='bbox 2181 579 2360 638; x_wconf 86' lang='lat' dir='ltr'><strong>partes</strong></span> <span class='ocrx_word' id='word_1_138' title='bbox 2405 568 2636 624; x_wconf 88' lang='lat' dir='ltr'><strong>clericis.</strong></span> <span class='ocrx_word' id='word_1_139' title='bbox 2679 565 2939 638; x_wconf 15' lang='lat' dir='ltr'><strong>Populus,</strong></span> <span class='ocrx_word' id='word_1_140' title='bbox 2965 567 3197 638; x_wconf 84' lang='lat' dir='ltr'><strong>nondum</strong></span> <span class='ocrx_word' id='word_1_141' title='bbox 3237 567 3546 636; x_wconf 83' lang='lat' dir='ltr'><strong>quiescebat</strong></span> <span class='ocrx_word' id='word_1_142' title='bbox 3570 567 3703 622; x_wconf 80' lang='lat' dir='ltr'><strong>satis</strong></span> <span class='ocrx_word' id='word_1_143' title='bbox 3731 581 3764 620; x_wconf 93' lang='lat' dir='ltr'><strong>a</strong></span> 
     </span>
    </p>
   </div>
   <div class='ocr_carea' id='block_1_22' title="bbox 2178 637 3768 709">
    <p class='ocr_par' dir='ltr' id='par_1_22' title="bbox 2178 637 3768 709">
     <span class='ocr_line' id='line_1_23' title="bbox 2178 637 3768 709; baseline -0.002 -15"><span class='ocrx_word' id='word_1_144' title='bbox 2178 637 2400 709; x_wconf 82' lang='lat' dir='ltr'><strong>nuperis</strong></span> <span class='ocrx_word' id='word_1_145' title='bbox 2427 638 2760 694; x_wconf 89' lang='lat' dir='ltr'><strong>tumultibus.</strong></span> <span class='ocrx_word' id='word_1_146' title='bbox 2799 637 3089 693; x_wconf 66' lang='lat' dir='ltr'><strong>Praefectus</strong></span> <span class='ocrx_word' id='word_1_147' title='bbox 3115 637 3310 706; x_wconf 87' lang='lat' dir='ltr'><strong>Urbis,</strong></span> <span class='ocrx_word' id='word_1_148' title='bbox 3352 649 3413 692; x_wconf 93' lang='lat' dir='ltr'><strong>ut</strong></span> <span class='ocrx_word' id='word_1_149' title='bbox 3439 647 3556 693; x_wconf 88' lang='lat' dir='ltr'><strong>erat</strong></span> <span class='ocrx_word' id='word_1_150' title='bbox 3591 638 3768 709; x_wconf 84' lang='lat' dir='ltr'><strong>ethni-</strong></span> 
     </span>
    </p>
   </div>
   <div class='ocr_carea' id='block_1_23' title="bbox 2178 707 3766 781">
    <p class='ocr_par' dir='ltr' id='par_1_23' title="bbox 2178 707 3766 781">
     <span class='ocr_line' id='line_1_24' title="bbox 2178 707 3766 781; baseline -0.002 -15"><span class='ocrx_word' id='word_1_151' title='bbox 2178 707 2296 778; x_wconf 80' lang='lat' dir='ltr'><strong>cus,</strong></span> <span class='ocrx_word' id='word_1_152' title='bbox 2328 712 2481 766; x_wconf 91' lang='lat' dir='ltr'><strong>facile</strong></span> <span class='ocrx_word' id='word_1_153' title='bbox 2507 720 2716 781; x_wconf 85' lang='lat' dir='ltr'><strong>poterat</strong></span> <span class='ocrx_word' id='word_1_154' title='bbox 2751 710 3187 781; x_wconf 83' lang='lat' dir='ltr'><strong>persuasionibus</strong></span> <span class='ocrx_word' id='word_1_155' title='bbox 3215 709 3557 764; x_wconf 89' lang='lat' dir='ltr'><strong>facundorum</strong></span> <span class='ocrx_word' id='word_1_156' title='bbox 3589 707 3766 764; x_wconf 90' lang='lat' dir='ltr'><strong>homi-</strong></span> 
     </span>
    </p>
   </div>
   <div class='ocr_carea' id='block_1_24' title="bbox 2179 780 3768 851">
    <p class='ocr_par' dir='ltr' id='par_1_24' title="bbox 2179 780 3768 851">
     <span class='ocr_line' id='line_1_25' title="bbox 2179 780 3768 851; baseline -0.003 -14"><span class='ocrx_word' id='word_1_157' title='bbox 2179 797 2309 837; x_wconf 90' lang='lat' dir='ltr'><strong>num</strong></span> <span class='ocrx_word' id='word_1_158' title='bbox 2336 780 2521 838; x_wconf 79' lang='lat' dir='ltr'><strong>induci</strong></span> <span class='ocrx_word' id='word_1_159' title='bbox 2544 781 2611 835; x_wconf 90' lang='lat' dir='ltr'><strong>ad</strong></span> <span class='ocrx_word' id='word_1_160' title='bbox 2637 780 2986 851; x_wconf 89' lang='lat' dir='ltr'><strong>credendum,</strong></span> <span class='ocrx_word' id='word_1_161' title='bbox 3007 781 3319 850; x_wconf 85' lang='lat' dir='ltr'><strong>quaestionis</strong></span> <span class='ocrx_word' id='word_1_162' title='bbox 3339 795 3478 846; x_wconf 89' lang='lat' dir='ltr'><strong>esse,</strong></span> <span class='ocrx_word' id='word_1_163' title='bbox 3505 795 3610 835; x_wconf 92' lang='lat' dir='ltr'><strong>non</strong></span> <span class='ocrx_word' id='word_1_164' title='bbox 3637 781 3768 851; x_wconf 37' lang='lat' dir='ltr'><strong>dog:</strong></span> 
     </span>
    </p>
   </div>
   <div class='ocr_carea' id='block_1_25' title="bbox 2179 850 3769 921">
    <p class='ocr_par' dir='ltr' id='par_1_25' title="bbox 2179 850 3769 921">
     <span class='ocr_line' id='line_1_26' title="bbox 2179 850 3769 921; baseline 0 -14"><span class='ocrx_word' id='word_1_165' title='bbox 2179 851 2340 907; x_wconf 88' lang='lat' dir='ltr'><strong>matis</strong></span> <span class='ocrx_word' id='word_1_166' title='bbox 2382 852 2808 908; x_wconf 82' lang='lat' dir='ltr'><strong>altercationem.</strong></span> <span class='ocrx_word' id='word_1_167' title='bbox 2854 850 3098 907; x_wconf 87' lang='lat' dir='ltr'><strong>Offleium</strong></span> <span class='ocrx_word' id='word_1_168' title='bbox 3145 851 3390 921; x_wconf 69' lang='lat' dir='ltr'><strong>praetoris</strong></span> <span class='ocrx_word' id='word_1_169' title='bbox 3437 850 3769 918; x_wconf 86' lang='lat' dir='ltr'><strong>corruptioni</strong></span> 
     </span>
    </p>
   </div>
   <div class='ocr_carea' id='block_1_26' title="bbox 2178 921 3771 979">
    <p class='ocr_par' dir='ltr' id='par_1_26' title="bbox 2178 921 3771 979">
     <span class='ocr_line' id='line_1_27' title="bbox 2178 921 3771 979; baseline 0.001 -1"><span class='ocrx_word' id='word_1_170' title='bbox 2178 923 2470 979; x_wconf 87' lang='lat' dir='ltr'><strong>obnoxium</strong></span> <span class='ocrx_word' id='word_1_171' title='bbox 2499 933 2633 978; x_wconf 89' lang='lat' dir='ltr'><strong>erat.</strong></span> <span class='ocrx_word' id='word_1_172' title='bbox 2664 923 2722 978; x_wconf 88' lang='lat' dir='ltr'><strong>ln</strong></span> <span class='ocrx_word' id='word_1_173' title='bbox 2753 921 2874 978; x_wconf 91' lang='lat' dir='ltr'><strong>aula</strong></span> <span class='ocrx_word' id='word_1_174' title='bbox 2900 922 3207 979; x_wconf 89' lang='lat' dir='ltr'><strong>Occidentis</strong></span> <span class='ocrx_word' id='word_1_175' title='bbox 3252 922 3384 977; x_wconf 90' lang='lat' dir='ltr'><strong>nihil</strong></span> <span class='ocrx_word' id='word_1_176' title='bbox 3423 938 3529 977; x_wconf 91' lang='lat' dir='ltr'><strong>non</strong></span> <span class='ocrx_word' id='word_1_177' title='bbox 3573 922 3771 979; x_wconf 77' lang='lat' dir='ltr'><strong>licebat</strong></span> 
     </span>
    </p>
   </div>
   <div class='ocr_carea' id='block_1_27' title="bbox 2180 993 3770 1063">
    <p class='ocr_par' dir='ltr' id='par_1_27' title="bbox 2180 993 3770 1063">
     <span class='ocr_line' id='line_1_28' title="bbox 2180 993 3770 1063; baseline 0 -14"><span class='ocrx_word' id='word_1_178' title='bbox 2180 993 2432 1050; x_wconf 66' lang='lat' dir='ltr'><strong>Placidia</strong></span> <span class='ocrx_word' id='word_1_179' title='bbox 2477 994 2696 1049; x_wconf 88' lang='lat' dir='ltr'><strong>Honorii</strong></span> <span class='ocrx_word' id='word_1_180' title='bbox 2738 994 2953 1058; x_wconf 85' lang='lat' dir='ltr'><strong>sorori,</strong></span> <span class='ocrx_word' id='word_1_181' title='bbox 2997 994 3210 1049; x_wconf 66' lang='lat' dir='ltr'><strong>feminae</strong></span> <span class='ocrx_word' id='word_1_182' title='bbox 3258 1004 3538 1063; x_wconf 84' lang='lat' dir='ltr'><strong>utramque</strong></span> <span class='ocrx_word' id='word_1_183' title='bbox 3567 1000 3770 1049; x_wconf 87' lang='lat' dir='ltr'><strong>sortem</strong></span> 
     </span>
    </p>
   </div>
   <div class='ocr_carea' id='block_1_28' title="bbox 2179 1063 3773 1132">
    <p class='ocr_par' dir='ltr' id='par_1_28' title="bbox 2179 1063 3773 1132">
     <span class='ocr_line' id='line_1_29' title="bbox 2179 1063 3773 1132; baseline 0.001 -12"><span class='ocrx_word' id='word_1_184' title='bbox 2179 1075 2434 1132; x_wconf 68' lang='lat' dir='ltr'><strong>expertae,</strong></span> <span class='ocrx_word' id='word_1_185' title='bbox 2465 1075 2519 1121; x_wconf 92' lang='lat' dir='ltr'><strong>et</strong></span> <span class='ocrx_word' id='word_1_186' title='bbox 2548 1074 2607 1121; x_wconf 91' lang='lat' dir='ltr'><strong>ut</strong></span> <span class='ocrx_word' id='word_1_187' title='bbox 2628 1064 2940 1121; x_wconf 89' lang='lat' dir='ltr'><strong>dominandi</strong></span> <span class='ocrx_word' id='word_1_188' title='bbox 2968 1063 3167 1130; x_wconf 69' lang='lat' dir='ltr'><strong>avidae,</strong></span> <span class='ocrx_word' id='word_1_189' title='bbox 3195 1066 3266 1121; x_wconf 91' lang='lat' dir='ltr'><strong>ita</strong></span> <span class='ocrx_word' id='word_1_190' title='bbox 3310 1080 3481 1120; x_wconf 61' lang='lat' dir='ltr'><strong>cereas</strong></span> <span class='ocrx_word' id='word_1_191' title='bbox 3523 1064 3670 1120; x_wconf 78' lang='lat' dir='ltr'><strong>ﬂecti</strong></span> <span class='ocrx_word' id='word_1_192' title='bbox 3715 1068 3773 1122; x_wconf 87' lang='lat' dir='ltr'><strong>in</strong></span> 
     </span>
    </p>
   </div>
   <div class='ocr_carea' id='block_1_29' title="bbox 2179 1135 3772 1208">
    <p class='ocr_par' dir='ltr' id='par_1_29' title="bbox 2179 1135 3772 1208">
     <span class='ocr_line' id='line_1_30' title="bbox 2179 1135 3772 1208; baseline 0.001 -18"><span class='ocrx_word' id='word_1_193' title='bbox 2179 1151 2338 1207; x_wconf 88' lang='lat' dir='ltr'><strong>quam</strong></span> <span class='ocrx_word' id='word_1_194' title='bbox 2366 1138 2568 1208; x_wconf 88' lang='lat' dir='ltr'><strong>vellent</strong></span> <span class='ocrx_word' id='word_1_195' title='bbox 2594 1147 2800 1208; x_wconf 85' lang='lat' dir='ltr'><strong>partem</strong></span> <span class='ocrx_word' id='word_1_196' title='bbox 2829 1137 3074 1208; x_wconf 80' lang='lat' dir='ltr'><strong>homines</strong></span> <span class='ocrx_word' id='word_1_197' title='bbox 3095 1137 3300 1192; x_wconf 86' lang='lat' dir='ltr'><strong>servire</strong></span> <span class='ocrx_word' id='word_1_198' title='bbox 3323 1136 3581 1191; x_wconf 89' lang='lat' dir='ltr'><strong>volentes.</strong></span> <span class='ocrx_word' id='word_1_199' title='bbox 3609 1135 3772 1191; x_wconf 89' lang='lat' dir='ltr'><strong>Deni-</strong></span> 
     </span>
    </p>
   </div>
   <div class='ocr_carea' id='block_1_30' title="bbox 2178 1206 3773 1277">
    <p class='ocr_par' dir='ltr' id='par_1_30' title="bbox 2178 1206 3773 1277">
     <span class='ocr_line' id='line_1_31' title="bbox 2178 1206 3773 1277; baseline 0 -15"><span class='ocrx_word' id='word_1_200' title='bbox 2178 1206 2306 1277; x_wconf 84' lang='lat' dir='ltr'><strong>que,</strong></span> <span class='ocrx_word' id='word_1_201' title='bbox 2331 1207 2411 1262; x_wconf 84' lang='lat' dir='ltr'><strong>sin</strong></span> <span class='ocrx_word' id='word_1_202' title='bbox 2439 1206 2614 1264; x_wconf 80' lang='lat' dir='ltr'><strong>minus</strong></span> <span class='ocrx_word' id='word_1_203' title='bbox 2640 1211 2738 1262; x_wconf 89' lang='lat' dir='ltr'><strong>ista</strong></span> <span class='ocrx_word' id='word_1_204' title='bbox 2768 1207 2824 1262; x_wconf 93' lang='lat' dir='ltr'><strong>in</strong></span> <span class='ocrx_word' id='word_1_205' title='bbox 2854 1206 3164 1274; x_wconf 86' lang='lat' dir='ltr'><strong>Occidente,</strong></span> <span class='ocrx_word' id='word_1_206' title='bbox 3195 1209 3564 1275; x_wconf 88' lang='lat' dir='ltr'><strong>succederent,</strong></span> <span class='ocrx_word' id='word_1_207' title='bbox 3600 1217 3773 1262; x_wconf 83' lang='lat' dir='ltr'><strong>resta-</strong></span> 
     </span>
    </p>
   </div>
   <div class='ocr_carea' id='block_1_31' title="bbox 2180 1277 3773 1346">
    <p class='ocr_par' dir='ltr' id='par_1_31' title="bbox 2180 1277 3773 1346">
     <span class='ocr_line' id='line_1_32' title="bbox 2180 1277 3773 1346; baseline 0.001 -14"><span class='ocrx_word' id='word_1_208' title='bbox 2180 1277 2272 1332; x_wconf 90' lang='lat' dir='ltr'><strong>bat</strong></span> <span class='ocrx_word' id='word_1_209' title='bbox 2297 1279 2509 1346; x_wconf 79' lang='lat' dir='ltr'><strong>Oriens,</strong></span> <span class='ocrx_word' id='word_1_210' title='bbox 2541 1280 2629 1334; x_wconf 92' lang='lat' dir='ltr'><strong>ubi</strong></span> <span class='ocrx_word' id='word_1_211' title='bbox 2661 1279 2997 1334; x_wconf 87' lang='lat' dir='ltr'><strong>Theodosius</strong></span> <span class='ocrx_word' id='word_1_212' title='bbox 3027 1280 3263 1334; x_wconf 91' lang='lat' dir='ltr'><strong>nondum</strong></span> <span class='ocrx_word' id='word_1_213' title='bbox 3289 1279 3586 1334; x_wconf 72' lang='lat' dir='ltr'><strong>Pulcherias</strong></span> <span class='ocrx_word' id='word_1_214' title='bbox 3617 1293 3773 1333; x_wconf 88' lang='lat' dir='ltr'><strong>soro-</strong></span> 
     </span>
    </p>
   </div>
   <div class='ocr_carea' id='block_1_32' title="bbox 2181 1349 3772 1421">
    <p class='ocr_par' dir='ltr' id='par_1_32' title="bbox 2181 1349 3772 1421">
     <span class='ocr_line' id='line_1_33' title="bbox 2181 1349 3772 1421; baseline 0.002 -20"><span class='ocrx_word' id='word_1_215' title='bbox 2181 1349 2256 1421; x_wconf 84' lang='lat' dir='ltr'><strong>ris</strong></span> <span class='ocrx_word' id='word_1_216' title='bbox 2285 1361 2596 1406; x_wconf 82' lang='lat' dir='ltr'><strong>excusserat</strong></span> <span class='ocrx_word' id='word_1_217' title='bbox 2617 1350 2825 1421; x_wconf 88' lang='lat' dir='ltr'><strong>iugum,</strong></span> <span class='ocrx_word' id='word_1_218' title='bbox 2851 1359 2907 1405; x_wconf 90' lang='lat' dir='ltr'><strong>et</strong></span> <span class='ocrx_word' id='word_1_219' title='bbox 2933 1349 3019 1404; x_wconf 91' lang='lat' dir='ltr'><strong>illa</strong></span> <span class='ocrx_word' id='word_1_220' title='bbox 3047 1352 3196 1421; x_wconf 87' lang='lat' dir='ltr'><strong>virgo</strong></span> <span class='ocrx_word' id='word_1_221' title='bbox 3216 1395 3229 1419; x_wconf 87' lang='lat'><strong>,</strong></span> <span class='ocrx_word' id='word_1_222' title='bbox 3259 1351 3342 1421; x_wconf 82' lang='lat' dir='ltr'><strong>pia</strong></span> <span class='ocrx_word' id='word_1_223' title='bbox 3385 1349 3627 1417; x_wconf 87' lang='lat' dir='ltr'><strong>quidem.</strong></span> <span class='ocrx_word' id='word_1_224' title='bbox 3673 1349 3772 1421; x_wconf 86' lang='lat' dir='ltr'><strong>sed</strong></span> 
     </span>
    </p>
   </div>
   <div class='ocr_carea' id='block_1_33' title="bbox 2180 1419 3769 1491">
    <p class='ocr_par' dir='ltr' id='par_1_33' title="bbox 2180 1419 3769 1491">
     <span class='ocr_line' id='line_1_34' title="bbox 2180 1419 3769 1491; baseline 0.001 -17"><span class='ocrx_word' id='word_1_225' title='bbox 2180 1419 2392 1490; x_wconf 91' lang='lat' dir='ltr'><strong>imperii</strong></span> <span class='ocrx_word' id='word_1_226' title='bbox 2441 1419 2660 1486; x_wconf 86' lang='lat' dir='ltr'><strong>amans,</strong></span> <span class='ocrx_word' id='word_1_227' title='bbox 2686 1419 2918 1491; x_wconf 52' lang='lat' dir='ltr'><strong>&#39;poterat</strong></span> <span class='ocrx_word' id='word_1_228' title='bbox 2963 1421 3111 1476; x_wconf 91' lang='lat' dir='ltr'><strong>illudi</strong></span> <span class='ocrx_word' id='word_1_229' title='bbox 3140 1419 3352 1490; x_wconf 57' lang='lat' dir='ltr'><strong>&#39;specie,</strong></span> <span class='ocrx_word' id='word_1_230' title='bbox 3379 1435 3500 1476; x_wconf 91' lang='lat' dir='ltr'><strong>cum</strong></span> <span class='ocrx_word' id='word_1_231' title='bbox 3530 1420 3769 1491; x_wconf 89' lang='lat' dir='ltr'><strong>pietatis,</strong></span> 
     </span>
    </p>
   </div>
   <div class='ocr_carea' id='block_1_34' title="bbox 2181 1491 3772 1563">
    <p class='ocr_par' dir='ltr' id='par_1_34' title="bbox 2181 1491 3772 1563">
     <span class='ocr_line' id='line_1_35' title="bbox 2181 1491 3772 1563; baseline 0.001 -17"><span class='ocrx_word' id='word_1_232' title='bbox 2181 1505 2301 1563; x_wconf 85' lang='lat' dir='ltr'><strong>quae</strong></span> <span class='ocrx_word' id='word_1_233' title='bbox 2332 1492 2716 1562; x_wconf 66' lang='lat' dir='ltr'><strong>praeferebatur</strong></span> <span class='ocrx_word' id='word_1_234' title='bbox 2742 1507 2771 1546; x_wconf 90' lang='lat' dir='ltr'><strong>a</strong></span> <span class='ocrx_word' id='word_1_235' title='bbox 2801 1491 3125 1563; x_wconf 76' lang='lat' dir='ltr'><strong>Pelagianis,</strong></span> <span class='ocrx_word' id='word_1_236' title='bbox 3157 1503 3268 1546; x_wconf 90' lang='lat' dir='ltr'><strong>tum</strong></span> <span class='ocrx_word' id='word_1_237' title='bbox 3299 1492 3531 1563; x_wconf 72' lang='lat' dir='ltr'><strong>querelae</strong></span> <span class='ocrx_word' id='word_1_238' title='bbox 3562 1492 3630 1563; x_wconf 83' lang='lat' dir='ltr'><strong>de</strong></span> <span class='ocrx_word' id='word_1_239' title='bbox 3666 1491 3772 1547; x_wconf 89' lang='lat' dir='ltr'><strong>Oc-</strong></span> 
     </span>
    </p>
   </div>
   <div class='ocr_carea' id='block_1_35' title="bbox 2180 1561 3772 1632">
    <p class='ocr_par' dir='ltr' id='par_1_35' title="bbox 2180 1561 3772 1632">
     <span class='ocr_line' id='line_1_36' title="bbox 2180 1561 3772 1632; baseline 0.001 -17"><span class='ocrx_word' id='word_1_240' title='bbox 2180 1561 2407 1618; x_wconf 87' lang='lat' dir='ltr'><strong>cidentis</strong></span> <span class='ocrx_word' id='word_1_241' title='bbox 2441 1565 2690 1632; x_wconf 89' lang='lat' dir='ltr'><strong>imperio,</strong></span> <span class='ocrx_word' id='word_1_242' title='bbox 2718 1563 2804 1619; x_wconf 91' lang='lat' dir='ltr'><strong>cui</strong></span> <span class='ocrx_word' id='word_1_243' title='bbox 2847 1561 2951 1617; x_wconf 80' lang='lat' dir='ltr'><strong>aut</strong></span> <span class='ocrx_word' id='word_1_244' title='bbox 2983 1564 3254 1618; x_wconf 86' lang='lat' dir='ltr'><strong>invidebat</strong></span> <span class='ocrx_word' id='word_1_245' title='bbox 3298 1562 3528 1618; x_wconf 82' lang='lat' dir='ltr'><strong>femineo</strong></span> <span class='ocrx_word' id='word_1_246' title='bbox 3573 1561 3772 1618; x_wconf 79' lang='lat' dir='ltr'><strong>affectu</strong></span> 
     </span>
    </p>
   </div>
   <div class='ocr_carea' id='block_1_36' title="bbox 2181 1635 3772 1704">
    <p class='ocr_par' dir='ltr' id='par_1_36' title="bbox 2181 1635 3772 1704">
     <span class='ocr_line' id='line_1_37' title="bbox 2181 1635 3772 1704; baseline 0.002 -19"><span class='ocrx_word' id='word_1_247' title='bbox 2181 1646 2400 1700; x_wconf 83' lang='lat' dir='ltr'><strong>propter</strong></span> <span class='ocrx_word' id='word_1_248' title='bbox 2429 1635 2718 1689; x_wconf 87' lang='lat' dir='ltr'><strong>Placidiam</strong></span> <span class='ocrx_word' id='word_1_249' title='bbox 2751 1635 3021 1702; x_wconf 68' lang='lat' dir='ltr'><strong>aemulam,</strong></span> <span class='ocrx_word' id='word_1_250' title='bbox 3055 1643 3149 1689; x_wconf 90' lang='lat' dir='ltr'><strong>aut</strong></span> <span class='ocrx_word' id='word_1_251' title='bbox 3185 1648 3485 1704; x_wconf 85' lang='lat' dir='ltr'><strong>repugnare</strong></span> <span class='ocrx_word' id='word_1_252' title='bbox 3519 1636 3772 1700; x_wconf 86' lang='lat' dir='ltr'><strong>amabat,</strong></span> 
     </span>
    </p>
   </div>
   <div class='ocr_carea' id='block_1_37' title="bbox 2182 1705 3065 1760">
    <p class='ocr_par' dir='ltr' id='par_1_37' title="bbox 2182 1705 3065 1760">
     <span class='ocr_line' id='line_1_38' title="bbox 2182 1705 3065 1760; baseline 0.002 -4"><span class='ocrx_word' id='word_1_253' title='bbox 2182 1719 2250 1758; x_wconf 90' lang='lat' dir='ltr'><strong>ne</strong></span> <span class='ocrx_word' id='word_1_254' title='bbox 2278 1705 2517 1760; x_wconf 82' lang='lat' dir='ltr'><strong>Honorio</strong></span> <span class='ocrx_word' id='word_1_255' title='bbox 2542 1708 2748 1760; x_wconf 83' lang='lat' dir='ltr'><strong>servire</strong></span> <span class='ocrx_word' id='word_1_256' title='bbox 2776 1705 3065 1760; x_wconf 84' lang='lat' dir='ltr'><strong>videretur.</strong></span> 
     </span>
    </p>
   </div>
   <div class='ocr_carea' id='block_1_38' title="bbox 2253 1773 3773 1845">
    <p class='ocr_par' dir='ltr' id='par_1_38' title="bbox 2253 1773 3773 1845">
     <span class='ocr_line' id='line_1_39' title="bbox 2253 1773 3773 1845; baseline 0.001 -17"><span class='ocrx_word' id='word_1_257' title='bbox 2253 1773 2306 1828; x_wconf 90' lang='lat' dir='ltr'><strong>ld</strong></span> <span class='ocrx_word' id='word_1_258' title='bbox 2334 1776 2691 1831; x_wconf 87' lang='lat' dir='ltr'><strong>subodoratus</strong></span> <span class='ocrx_word' id='word_1_259' title='bbox 2721 1775 3048 1842; x_wconf 77' lang='lat' dir='ltr'><strong>Bonifacius,</strong></span> <span class='ocrx_word' id='word_1_260' title='bbox 3081 1790 3402 1845; x_wconf 90' lang='lat' dir='ltr'><strong>quamquam</strong></span> <span class='ocrx_word' id='word_1_261' title='bbox 3422 1791 3510 1831; x_wconf 89' lang='lat' dir='ltr'><strong>res</strong></span> <span class='ocrx_word' id='word_1_262' title='bbox 3533 1774 3773 1844; x_wconf 85' lang='lat' dir='ltr'><strong>Pelagia-</strong></span> 
     </span>
    </p>
   </div>
   <div class='ocr_carea' id='block_1_39' title="bbox 476 1819 3773 1917">
    <p class='ocr_par' dir='ltr' id='par_1_39' title="bbox 476 1819 3773 1917">
     <span class='ocr_line' id='line_1_40' title="bbox 476 1819 3773 1917; baseline -0.001 -11"><span class='ocrx_word' id='word_1_263' title='bbox 476 1819 972 1917; x_wconf 27' lang='lat' dir='ltr'><strong>silodjnnernoin,</strong></span> <span class='ocrx_word' id='word_1_264' title='bbox 1007 1819 1284 1917; x_wconf 50' lang='lat' dir='ltr'><strong>ab&#39;octava</strong></span> <span class='ocrx_word' id='word_1_265' title='bbox 1311 1819 1399 1917; x_wconf 78' lang='lat' dir='ltr'><strong>die</strong></span> <span class='ocrx_word' id='word_1_266' title='bbox 1432 1819 1739 1917; x_wconf 57' lang='lat' dir='ltr'><strong>Februarii.</strong></span> <span class='ocrx_word' id='word_1_267' title='bbox 1780 1849 1884 1917; x_wconf 66' lang='lat' dir='ltr'><strong>qqa</strong></span> <span class='ocrx_word' id='word_1_268' title='bbox 1925 1819 2071 1917; x_wconf 65' lang='lat' dir='ltr'><strong>an-</strong></span> <span class='ocrx_word' id='word_1_269' title='bbox 2099 1819 2150 1881; x_wconf 82' lang='grc' dir='ltr'><strong><em>Β</em></strong></span> <span class='ocrx_word' id='word_1_270' title='bbox 2180 1819 3773 1917; x_wconf 59' lang='grc' dir='ltr'><strong>ηοὶἷιιῖἴῖἷιὶῗΒὶῖεἶιιῖὲ”ἑ.ξὲιὶὲἷιῖιῖτ“,“ἷὶἰ¹ΒᾏἿρεἷεὶιῖῖίῖὲἶη</strong></span> 
     </span>
    </p>
   </div>
   <div class='ocr_carea' id='block_1_40' title="bbox 477 1903 2074 1975">
    <p class='ocr_par' dir='ltr' id='par_1_40' title="bbox 477 1903 2074 1975">
     <span class='ocr_line' id='line_1_41' title="bbox 477 1903 2074 1975; baseline -0.001 -13"><span class='ocrx_word' id='word_1_271' title='bbox 477 1903 711 1963; x_wconf 76' lang='lat' dir='ltr'><strong>stantius</strong></span> <span class='ocrx_word' id='word_1_272' title='bbox 737 1911 1040 1975; x_wconf 78' lang='lat' dir='ltr'><strong>auspicatus</strong></span> <span class='ocrx_word' id='word_1_273' title='bbox 1069 1917 1150 1962; x_wconf 91' lang='lat' dir='ltr'><strong>est</strong></span> <span class='ocrx_word' id='word_1_274' title='bbox 1177 1906 1496 1974; x_wconf 91' lang='lat' dir='ltr'><strong>imperium.</strong></span> <span class='ocrx_word' id='word_1_275' title='bbox 1539 1904 1606 1958; x_wconf 90' lang='lat' dir='ltr'><strong>ad</strong></span> <span class='ocrx_word' id='word_1_276' title='bbox 1648 1905 1938 1959; x_wconf 88' lang='lat' dir='ltr'><strong>secundam</strong></span> <span class='ocrx_word' id='word_1_277' title='bbox 1974 1903 2074 1960; x_wconf 90' lang='lat' dir='ltr'><strong>Se-</strong></span> 
     </span>
    </p>
   </div>
   <div class='ocr_carea' id='block_1_41' title="bbox 477 1975 2070 2048">
    <p class='ocr_par' dir='ltr' id='par_1_41' title="bbox 477 1975 2070 2048">
     <span class='ocr_line' id='line_1_42' title="bbox 477 1975 2070 2048; baseline 0 -16"><span class='ocrx_word' id='word_1_278' title='bbox 477 1980 764 2048; x_wconf 89' lang='lat' dir='ltr'><strong>ptembris,</strong></span> <span class='ocrx_word' id='word_1_279' title='bbox 794 1995 897 2048; x_wconf 88' lang='lat' dir='ltr'><strong>qua</strong></span> <span class='ocrx_word' id='word_1_280' title='bbox 928 1979 1031 2032; x_wconf 88' lang='lat' dir='ltr'><strong>vita</strong></span> <span class='ocrx_word' id='word_1_281' title='bbox 1063 1979 1313 2034; x_wconf 80' lang='lat' dir='ltr'><strong>excessit.</strong></span> <span class='ocrx_word' id='word_1_282' title='bbox 1342 1977 1416 2032; x_wconf 84' lang='lat' dir='ltr'><strong>De</strong></span> <span class='ocrx_word' id='word_1_283' title='bbox 1441 1990 1624 2030; x_wconf 85' lang='lat' dir='ltr'><strong>mense</strong></span> <span class='ocrx_word' id='word_1_284' title='bbox 1644 1984 1700 2030; x_wconf 91' lang='lat' dir='ltr'><strong>et</strong></span> <span class='ocrx_word' id='word_1_285' title='bbox 1723 1975 1841 2030; x_wconf 90' lang='lat' dir='ltr'><strong>loco</strong></span> <span class='ocrx_word' id='word_1_286' title='bbox 1863 1985 2070 2045; x_wconf 87' lang='lat' dir='ltr'><strong>postea,</strong></span> 
     </span>
    </p>
   </div>
   <div class='ocr_carea' id='block_1_42' title="bbox 475 2049 1235 2105">
    <p class='ocr_par' dir='ltr' id='par_1_42' title="bbox 475 2049 1235 2105">
     <span class='ocr_line' id='line_1_43' title="bbox 475 2049 1235 2105; baseline -0.003 -1"><span class='ocrx_word' id='word_1_287' title='bbox 475 2050 548 2105; x_wconf 93' lang='lat' dir='ltr'><strong>de</strong></span> <span class='ocrx_word' id='word_1_288' title='bbox 576 2049 667 2105; x_wconf 89' lang='lat' dir='ltr'><strong>die</strong></span> <span class='ocrx_word' id='word_1_289' title='bbox 694 2051 935 2104; x_wconf 78' lang='lat' dir='ltr'><strong>divinare</strong></span> <span class='ocrx_word' id='word_1_290' title='bbox 963 2065 1066 2104; x_wconf 91' lang='lat' dir='ltr'><strong>non</strong></span> <span class='ocrx_word' id='word_1_291' title='bbox 1093 2049 1235 2102; x_wconf 90' lang='lat' dir='ltr'><strong>licet.</strong></span> 
     </span>
    </p>
   </div>
   <div class='ocr_carea' id='block_1_43' title="bbox 551 2117 2076 2187">
    <p class='ocr_par' dir='ltr' id='par_1_43' title="bbox 551 2117 2076 2187">
     <span class='ocr_line' id='line_1_44' title="bbox 551 2117 2076 2187; baseline -0.002 -11"><span class='ocrx_word' id='word_1_292' title='bbox 551 2120 675 2176; x_wconf 91' lang='lat' dir='ltr'><strong>Scio</strong></span> <span class='ocrx_word' id='word_1_293' title='bbox 702 2124 838 2176; x_wconf 86' lang='lat' dir='ltr'><strong>hanc</strong></span> <span class='ocrx_word' id='word_1_294' title='bbox 863 2121 1121 2187; x_wconf 86' lang='lat' dir='ltr'><strong>temporis</strong></span> <span class='ocrx_word' id='word_1_295' title='bbox 1150 2119 1409 2172; x_wconf 87' lang='lat' dir='ltr'><strong>rationem</strong></span> <span class='ocrx_word' id='word_1_296' title='bbox 1451 2131 1559 2171; x_wconf 90' lang='lat' dir='ltr'><strong>non</strong></span> <span class='ocrx_word' id='word_1_297' title='bbox 1601 2117 1866 2186; x_wconf 87' lang='lat' dir='ltr'><strong>placuisse</strong></span> <span class='ocrx_word' id='word_1_298' title='bbox 1909 2118 2076 2187; x_wconf 92' lang='lat' dir='ltr'><strong>pluri-</strong></span> 
     </span>
    </p>
   </div>
   <div class='ocr_carea' id='block_1_44' title="bbox 474 2187 2073 2262">
    <p class='ocr_par' dir='ltr' id='par_1_44' title="bbox 474 2187 2073 2262">
     <span class='ocr_line' id='line_1_45' title="bbox 474 2187 2073 2262; baseline -0.001 -15"><span class='ocrx_word' id='word_1_299' title='bbox 474 2193 580 2247; x_wconf 90' lang='lat' dir='ltr'><strong>bus</strong></span> <span class='ocrx_word' id='word_1_300' title='bbox 624 2191 1051 2262; x_wconf 82' lang='lat' dir='ltr'><strong>chronographis</strong></span> <span class='ocrx_word' id='word_1_301' title='bbox 1073 2233 1089 2256; x_wconf 94' lang='lat'><strong>,</strong></span> <span class='ocrx_word' id='word_1_302' title='bbox 1139 2191 1437 2259; x_wconf 68' lang='lat' dir='ltr'><strong>praesertim</strong></span> <span class='ocrx_word' id='word_1_303' title='bbox 1468 2187 1878 2262; x_wconf 82' lang='lat' dir='ltr'><strong>recentioribus,</strong></span> <span class='ocrx_word' id='word_1_304' title='bbox 1908 2199 2073 2262; x_wconf 66' lang='lat' dir='ltr'><strong>aique</strong></span> 
     </span>
    </p>
   </div>
   <div class='ocr_carea' id='block_1_45' title="bbox 476 2259 2073 2331">
    <p class='ocr_par' dir='ltr' id='par_1_45' title="bbox 476 2259 2073 2331">
     <span class='ocr_line' id='line_1_46' title="bbox 476 2259 2073 2331; baseline -0.001 -15"><span class='ocrx_word' id='word_1_305' title='bbox 476 2264 582 2329; x_wconf 87' lang='lat' dir='ltr'><strong>ipsi</strong></span> <span class='ocrx_word' id='word_1_306' title='bbox 625 2265 784 2317; x_wconf 90' lang='lat' dir='ltr'><strong>etiam</strong></span> <span class='ocrx_word' id='word_1_307' title='bbox 832 2259 1101 2326; x_wconf 79' lang='lat' dir='ltr'><strong>Baronio,</strong></span> <span class='ocrx_word' id='word_1_308' title='bbox 1152 2275 1311 2331; x_wconf 88' lang='lat' dir='ltr'><strong>quem</strong></span> <span class='ocrx_word' id='word_1_309' title='bbox 1357 2259 1805 2331; x_wconf 81' lang='lat' dir='ltr'><strong>chronographus</strong></span> <span class='ocrx_word' id='word_1_310' title='bbox 1835 2259 2073 2316; x_wconf 85' lang='lat' dir='ltr'><strong>creditus</strong></span> 
     </span>
    </p>
   </div>
   <div class='ocr_carea' id='block_1_46' title="bbox 477 2329 2073 2403">
    <p class='ocr_par' dir='ltr' id='par_1_46' title="bbox 477 2329 2073 2403">
     <span class='ocr_line' id='line_1_47' title="bbox 477 2329 2073 2403; baseline -0.002 -16"><span class='ocrx_word' id='word_1_311' title='bbox 477 2332 718 2403; x_wconf 88' lang='lat' dir='ltr'><strong>Prosper</strong></span> <span class='ocrx_word' id='word_1_312' title='bbox 746 2345 799 2390; x_wconf 89' lang='lat' dir='ltr'><strong>et</strong></span> <span class='ocrx_word' id='word_1_313' title='bbox 825 2333 1024 2389; x_wconf 77' lang='lat' dir='ltr'><strong>ldatios</strong></span> <span class='ocrx_word' id='word_1_314' title='bbox 1051 2329 1478 2403; x_wconf 17' lang='lat' dir='ltr'><strong>abduxeruntiin</strong></span> <span class='ocrx_word' id='word_1_315' title='bbox 1525 2344 1690 2403; x_wconf 72' lang='lat' dir='ltr'><strong>suam</strong></span> <span class='ocrx_word' id='word_1_316' title='bbox 1723 2329 2027 2403; x_wconf 85' lang='lat' dir='ltr'><strong>opinionem</strong></span> <span class='ocrx_word' id='word_1_317' title='bbox 2055 2373 2073 2396; x_wconf 95' lang='lat'><strong>,</strong></span> 
     </span>
    </p>
   </div>
   <div class='ocr_carea' id='block_1_47' title="bbox 478 2400 2074 2471">
    <p class='ocr_par' dir='ltr' id='par_1_47' title="bbox 478 2400 2074 2471">
     <span class='ocr_line' id='line_1_48' title="bbox 478 2400 2074 2471; baseline 0 -13"><span class='ocrx_word' id='word_1_318' title='bbox 478 2405 548 2460; x_wconf 86' lang='lat' dir='ltr'><strong>de</strong></span> <span class='ocrx_word' id='word_1_319' title='bbox 586 2400 754 2460; x_wconf 78' lang='lat' dir='ltr'><strong>tribus</strong></span> <span class='ocrx_word' id='word_1_320' title='bbox 791 2403 1159 2460; x_wconf 89' lang='lat' dir='ltr'><strong>Constantiani</strong></span> <span class='ocrx_word' id='word_1_321' title='bbox 1208 2401 1417 2469; x_wconf 91' lang='lat' dir='ltr'><strong>imperii</strong></span> <span class='ocrx_word' id='word_1_322' title='bbox 1455 2402 1629 2455; x_wconf 90' lang='lat' dir='ltr'><strong>annis.</strong></span> <span class='ocrx_word' id='word_1_323' title='bbox 1662 2400 1766 2455; x_wconf 88' lang='lat' dir='ltr'><strong>Sed</strong></span> <span class='ocrx_word' id='word_1_324' title='bbox 1796 2401 2074 2471; x_wconf 85' lang='lat' dir='ltr'><strong>Olympio-</strong></span> 
     </span>
    </p>
   </div>
   <div class='ocr_carea' id='block_1_48' title="bbox 480 2473 2069 2543">
    <p class='ocr_par' dir='ltr' id='par_1_48' title="bbox 480 2473 2069 2543">
     <span class='ocr_line' id='line_1_49' title="bbox 480 2473 2069 2543; baseline -0.001 -13"><span class='ocrx_word' id='word_1_325' title='bbox 480 2475 598 2531; x_wconf 90' lang='lat' dir='ltr'><strong>dori</strong></span> <span class='ocrx_word' id='word_1_326' title='bbox 615 2486 670 2532; x_wconf 91' lang='lat' dir='ltr'><strong>et</strong></span> <span class='ocrx_word' id='word_1_327' title='bbox 689 2475 1034 2543; x_wconf 83' lang='lat' dir='ltr'><strong>TheOphanis</strong></span> <span class='ocrx_word' id='word_1_328' title='bbox 1059 2473 1436 2543; x_wconf 87' lang='lat' dir='ltr'><strong>historicorum</strong></span> <span class='ocrx_word' id='word_1_329' title='bbox 1459 2473 1636 2541; x_wconf 92' lang='lat' dir='ltr'><strong>potior</strong></span> <span class='ocrx_word' id='word_1_330' title='bbox 1654 2481 1738 2526; x_wconf 89' lang='lat' dir='ltr'><strong>est</strong></span> <span class='ocrx_word' id='word_1_331' title='bbox 1754 2473 2069 2541; x_wconf 84' lang='lat' dir='ltr'><strong>auctoritas,</strong></span> 
     </span>
    </p>
   </div>
   <div class='ocr_carea' id='block_1_49' title="bbox 479 2542 2071 2616">
    <p class='ocr_par' dir='ltr' id='par_1_49' title="bbox 479 2542 2071 2616">
     <span class='ocr_line' id='line_1_50' title="bbox 479 2542 2071 2616; baseline -0.001 -14"><span class='ocrx_word' id='word_1_332' title='bbox 479 2563 640 2616; x_wconf 86' lang='lat' dir='ltr'><strong>quam</strong></span> <span class='ocrx_word' id='word_1_333' title='bbox 672 2549 754 2602; x_wconf 84' lang='lat' dir='ltr'><strong>vel</strong></span> <span class='ocrx_word' id='word_1_334' title='bbox 782 2542 1030 2616; x_wconf 85' lang='lat' dir='ltr'><strong>Prosperi</strong></span> <span class='ocrx_word' id='word_1_335' title='bbox 1061 2546 1222 2616; x_wconf 87' lang='lat' dir='ltr'><strong>illius,</strong></span> <span class='ocrx_word' id='word_1_336' title='bbox 1255 2542 1441 2616; x_wconf 78' lang='lat' dir='ltr'><strong>omnia</strong></span> <span class='ocrx_word' id='word_1_337' title='bbox 1460 2584 1475 2616; x_wconf 55' lang='grc' dir='ltr'>ε</span> <span class='ocrx_word' id='word_1_338' title='bbox 1528 2553 1750 2616; x_wconf 81' lang='lat' dir='ltr'><strong>propter</strong></span> <span class='ocrx_word' id='word_1_339' title='bbox 1794 2544 2071 2616; x_wconf 77' lang='lat' dir='ltr'><strong>brevitatis</strong></span> 
     </span>
    </p>
   </div>
   <div class='ocr_carea' id='block_1_50' title="bbox 477 2614 2072 2687">
    <p class='ocr_par' dir='ltr' id='par_1_50' title="bbox 477 2614 2072 2687">
     <span class='ocr_line' id='line_1_51' title="bbox 477 2614 2072 2687; baseline -0.002 -14"><span class='ocrx_word' id='word_1_340' title='bbox 477 2614 738 2687; x_wconf 79' lang='lat' dir='ltr'><strong>studium,</strong></span> <span class='ocrx_word' id='word_1_341' title='bbox 767 2614 1098 2674; x_wconf 82' lang='lat' dir='ltr'><strong>confundere</strong></span> <span class='ocrx_word' id='word_1_342' title='bbox 1124 2615 1290 2682; x_wconf 89' lang='lat' dir='ltr'><strong>soliti,</strong></span> <span class='ocrx_word' id='word_1_343' title='bbox 1318 2615 1401 2669; x_wconf 89' lang='lat' dir='ltr'><strong>vel</strong></span> <span class='ocrx_word' id='word_1_344' title='bbox 1422 2614 1575 2670; x_wconf 89' lang='lat' dir='ltr'><strong>ldatii</strong></span> <span class='ocrx_word' id='word_1_345' title='bbox 1599 2614 1796 2684; x_wconf 89' lang='lat' dir='ltr'><strong>ubique</strong></span> <span class='ocrx_word' id='word_1_346' title='bbox 1816 2614 1932 2671; x_wconf 83' lang='lat' dir='ltr'><strong>fere</strong></span> <span class='ocrx_word' id='word_1_347' title='bbox 1952 2630 2072 2671; x_wconf 92' lang='lat' dir='ltr'><strong>cor-</strong></span> 
     </span>
    </p>
   </div>
   <div class='ocr_carea' id='block_1_51' title="bbox 476 2694 641 2746">
    <p class='ocr_par' dir='ltr' id='par_1_51' title="bbox 476 2694 641 2746">
     <span class='ocr_line' id='line_1_52' title="bbox 476 2694 641 2746; baseline -0.006 -2"><span class='ocrx_word' id='word_1_348' title='bbox 476 2694 641 2746; x_wconf 86' lang='lat' dir='ltr'><strong>ruoti.</strong></span> 
     </span>
    </p>
   </div>
   <div class='ocr_carea' id='block_1_52' title="bbox 546 2707 2074 2824">
    <p class='ocr_par' dir='ltr' id='par_1_52' title="bbox 546 2707 2074 2824">
     <span class='ocr_line' id='line_1_53' title="bbox 546 2707 2074 2824; baseline -0.003 -6"><span class='ocrx_word' id='word_1_349' title='bbox 546 2707 666 2818; x_wconf 50' lang='lat'><strong>5);}.</strong></span> <span class='ocrx_word' id='word_1_350' title='bbox 698 2776 829 2816; x_wconf 92' lang='lat' dir='ltr'><strong>vero</strong></span> <span class='ocrx_word' id='word_1_351' title='bbox 855 2759 1078 2816; x_wconf 75' lang='lat' dir='ltr'><strong>edenda:</strong></span> <span class='ocrx_word' id='word_1_352' title='bbox 1103 2757 1398 2813; x_wconf 89' lang='lat' dir='ltr'><strong>sanctionis</strong></span> <span class='ocrx_word' id='word_1_353' title='bbox 1420 2770 1582 2811; x_wconf 89' lang='lat' dir='ltr'><strong>causa</strong></span> <span class='ocrx_word' id='word_1_354' title='bbox 1612 2755 1730 2820; x_wconf 88' lang='lat' dir='ltr'><strong>fuit,</strong></span> <span class='ocrx_word' id='word_1_355' title='bbox 1760 2771 1918 2824; x_wconf 91' lang='lat' dir='ltr'><strong>quam</strong></span> <span class='ocrx_word' id='word_1_356' title='bbox 1946 2768 2074 2814; x_wconf 87' lang='lat' dir='ltr'><strong>ante</strong></span> 
     </span>
    </p>
   </div>
   <div class='ocr_carea' id='block_1_53' title="bbox 477 2829 2072 2900">
    <p class='ocr_par' dir='ltr' id='par_1_53' title="bbox 477 2829 2072 2900">
     <span class='ocr_line' id='line_1_54' title="bbox 477 2829 2072 2900; baseline -0.001 -15"><span class='ocrx_word' id='word_1_357' title='bbox 477 2832 662 2890; x_wconf 91' lang='lat' dir='ltr'><strong>dicere</strong></span> <span class='ocrx_word' id='word_1_358' title='bbox 683 2833 963 2900; x_wconf 68' lang='lat' dir='ltr'><strong>coepimus.</strong></span> <span class='ocrx_word' id='word_1_359' title='bbox 989 2831 1274 2886; x_wconf 61' lang='lat' dir='ltr'><strong>Caelestius</strong></span> <span class='ocrx_word' id='word_1_360' title='bbox 1295 2843 1506 2897; x_wconf 91' lang='lat' dir='ltr'><strong>nempe,</strong></span> <span class='ocrx_word' id='word_1_361' title='bbox 1533 2836 1813 2900; x_wconf 82' lang='lat' dir='ltr'><strong>postquam</strong></span> <span class='ocrx_word' id='word_1_362' title='bbox 1836 2829 2072 2900; x_wconf 81' lang='lat' dir='ltr'><strong>examini</strong></span> 
     </span>
    </p>
   </div>
   <div class='ocr_carea' id='block_1_54' title="bbox 477 2898 2072 2970">
    <p class='ocr_par' dir='ltr' id='par_1_54' title="bbox 477 2898 2072 2970">
     <span class='ocr_line' id='line_1_55' title="bbox 477 2898 2072 2970; baseline -0.003 -11"><span class='ocrx_word' id='word_1_363' title='bbox 477 2917 538 2959; x_wconf 87' lang='lat' dir='ltr'><strong>se</strong></span> <span class='ocrx_word' id='word_1_364' title='bbox 575 2898 868 2968; x_wconf 82' lang='lat' dir='ltr'><strong>subduxit,</strong></span> <span class='ocrx_word' id='word_1_365' title='bbox 910 2901 1132 2970; x_wconf 91' lang='lat' dir='ltr'><strong>tulitque</strong></span> <span class='ocrx_word' id='word_1_366' title='bbox 1175 2901 1496 2970; x_wconf 87' lang='lat' dir='ltr'><strong>sententiam</strong></span> <span class='ocrx_word' id='word_1_367' title='bbox 1539 2898 1936 2962; x_wconf 87' lang='lat' dir='ltr'><strong>damnationis,</strong></span> <span class='ocrx_word' id='word_1_368' title='bbox 1986 2901 2072 2955; x_wconf 89' lang='lat' dir='ltr'><strong>vel</strong></span> 
     </span>
    </p>
   </div>
   <div class='ocr_carea' id='block_1_55' title="bbox 479 2969 2072 3043">
    <p class='ocr_par' dir='ltr' id='par_1_55' title="bbox 479 2969 2072 3043">
     <span class='ocr_line' id='line_1_56' title="bbox 479 2969 2072 3043; baseline -0.001 -17"><span class='ocrx_word' id='word_1_369' title='bbox 479 2976 618 3043; x_wconf 89' lang='lat' dir='ltr'><strong>apud</strong></span> <span class='ocrx_word' id='word_1_370' title='bbox 641 2990 768 3029; x_wconf 88' lang='lat' dir='ltr'><strong>suos</strong></span> <span class='ocrx_word' id='word_1_371' title='bbox 796 2974 982 3028; x_wconf 65' lang='lat' dir='ltr'><strong>Romae</strong></span> <span class='ocrx_word' id='word_1_372' title='bbox 1016 2969 1436 3043; x_wconf 87' lang='lat' dir='ltr'><strong>latuerat,_quod</strong></span> <span class='ocrx_word' id='word_1_373' title='bbox 1465 2970 1938 3043; x_wconf 74' lang='lat' dir='ltr'><strong>indicarevidetur</strong></span> <span class='ocrx_word' id='word_1_374' title='bbox 1963 2972 2072 3025; x_wconf 78' lang='lat' dir='ltr'><strong>Au-</strong></span> 
     </span>
    </p>
   </div>
   <div class='ocr_carea' id='block_1_56' title="bbox 476 3040 2073 3114">
    <p class='ocr_par' dir='ltr' id='par_1_56' title="bbox 476 3040 2073 3114">
     <span class='ocr_line' id='line_1_57' title="bbox 476 3040 2073 3114; baseline -0.003 -15"><span class='ocrx_word' id='word_1_375' title='bbox 476 3040 752 3114; x_wconf 83' lang='lat' dir='ltr'><strong>gustinus;</strong></span> <span class='ocrx_word' id='word_1_376' title='bbox 777 3046 861 3099; x_wconf 88' lang='lat' dir='ltr'><strong>vel</strong></span> <span class='ocrx_word' id='word_1_377' title='bbox 888 3044 941 3098; x_wconf 93' lang='lat' dir='ltr'><strong>in</strong></span> <span class='ocrx_word' id='word_1_378' title='bbox 971 3043 1170 3099; x_wconf 86' lang='lat' dir='ltr'><strong>Urbem</strong></span> <span class='ocrx_word' id='word_1_379' title='bbox 1198 3041 1448 3114; x_wconf 81' lang='lat' dir='ltr'><strong>redierat,</strong></span> <span class='ocrx_word' id='word_1_380' title='bbox 1474 3041 1613 3108; x_wconf 93' lang='lat' dir='ltr'><strong>quod</strong></span> <span class='ocrx_word' id='word_1_381' title='bbox 1640 3040 1888 3114; x_wconf 84' lang='lat' dir='ltr'><strong>opinatur</strong></span> <span class='ocrx_word' id='word_1_382' title='bbox 1905 3042 2073 3114; x_wconf 55' lang='lat' dir='ltr'><strong>garo-</strong></span> 
     </span>
    </p>
   </div>
   <div class='ocr_carea' id='block_1_57' title="bbox 477 3111 2072 3186">
    <p class='ocr_par' dir='ltr' id='par_1_57' title="bbox 477 3111 2072 3186">
     <span class='ocr_line' id='line_1_58' title="bbox 477 3111 2072 3186; baseline -0.003 -16"><span class='ocrx_word' id='word_1_383' title='bbox 477 3111 635 3183; x_wconf 76' lang='lat' dir='ltr'><strong>nius;</strong></span> <span class='ocrx_word' id='word_1_384' title='bbox 670 3119 754 3171; x_wconf 86' lang='lat' dir='ltr'><strong>vel</strong></span> <span class='ocrx_word' id='word_1_385' title='bbox 784 3117 838 3170; x_wconf 88' lang='lat' dir='ltr'><strong>in</strong></span> <span class='ocrx_word' id='word_1_386' title='bbox 870 3114 1124 3186; x_wconf 79' lang='lat' dir='ltr'><strong>proximis</strong></span> <span class='ocrx_word' id='word_1_387' title='bbox 1151 3112 1483 3186; x_wconf 84' lang='lat' dir='ltr'><strong>substiterat,</strong></span> <span class='ocrx_word' id='word_1_388' title='bbox 1517 3111 1656 3186; x_wconf 67' lang='lat' dir='ltr'><strong>quod</strong></span> <span class='ocrx_word' id='word_1_389' title='bbox 1694 3111 1866 3186; x_wconf 76' lang='lat' dir='ltr'><strong>innuit</strong></span> <span class='ocrx_word' id='word_1_390' title='bbox 1904 3111 2072 3166; x_wconf 90' lang='lat' dir='ltr'><strong>Volu-</strong></span> 
     </span>
    </p>
   </div>
   <div class='ocr_carea' id='block_1_58' title="bbox 2177 1917 3770 1988">
    <p class='ocr_par' dir='ltr' id='par_1_58' title="bbox 2177 1917 3770 1988">
     <span class='ocr_line' id='line_1_59' title="bbox 2177 1917 3770 1988; baseline 0.001 -17"><span class='ocrx_word' id='word_1_391' title='bbox 2177 1917 2451 1988; x_wconf 85' lang='lat' dir='ltr'><strong>epistolas,</strong></span> <span class='ocrx_word' id='word_1_392' title='bbox 2479 1917 2675 1988; x_wconf 87' lang='lat' dir='ltr'><strong>quibus</strong></span> <span class='ocrx_word' id='word_1_393' title='bbox 2704 1918 2990 1974; x_wconf 76' lang='lat' dir='ltr'><strong>Ctelestius</strong></span> <span class='ocrx_word' id='word_1_394' title='bbox 3016 1919 3369 1988; x_wconf 87' lang='lat' dir='ltr'><strong>Juliannsque</strong></span> <span class='ocrx_word' id='word_1_395' title='bbox 3398 1931 3523 1971; x_wconf 89' lang='lat' dir='ltr'><strong>suos</strong></span> <span class='ocrx_word' id='word_1_396' title='bbox 3549 1918 3770 1972; x_wconf 81' lang='lat' dir='ltr'><strong>erudie—</strong></span> 
     </span>
    </p>
   </div>
   <div class='ocr_carea' id='block_1_59' title="bbox 2177 1987 3770 2059">
    <p class='ocr_par' dir='ltr' id='par_1_59' title="bbox 2177 1987 3770 2059">
     <span class='ocr_line' id='line_1_60' title="bbox 2177 1987 3770 2059; baseline 0.002 -18"><span class='ocrx_word' id='word_1_397' title='bbox 2177 1987 2306 2059; x_wconf 83' lang='lat' dir='ltr'><strong>bant</strong></span> <span class='ocrx_word' id='word_1_398' title='bbox 2329 1989 2396 2044; x_wconf 89' lang='lat' dir='ltr'><strong>ad</strong></span> <span class='ocrx_word' id='word_1_399' title='bbox 2418 1987 2760 2053; x_wconf 86' lang='lat' dir='ltr'><strong>seditionem,</strong></span> <span class='ocrx_word' id='word_1_400' title='bbox 2788 1989 3020 2058; x_wconf 79' lang='lat' dir='ltr'><strong>patuerit</strong></span> <span class='ocrx_word' id='word_1_401' title='bbox 3049 1987 3310 2059; x_wconf 77' lang='lat' dir='ltr'><strong>pontifex,</strong></span> <span class='ocrx_word' id='word_1_402' title='bbox 3343 1989 3446 2044; x_wconf 91' lang='lat' dir='ltr'><strong>nisi</strong></span> <span class='ocrx_word' id='word_1_403' title='bbox 3473 1987 3770 2058; x_wconf 82' lang='lat' dir='ltr'><strong>vigilantis-</strong></span> 
     </span>
    </p>
   </div>
   <div class='ocr_carea' id='block_1_60' title="bbox 2176 2057 3772 2129">
    <p class='ocr_par' dir='ltr' id='par_1_60' title="bbox 2176 2057 3772 2129">
     <span class='ocr_line' id='line_1_61' title="bbox 2176 2057 3772 2129; baseline 0.004 -19"><span class='ocrx_word' id='word_1_404' title='bbox 2176 2057 2313 2129; x_wconf 86' lang='lat' dir='ltr'><strong>sima</strong></span> <span class='ocrx_word' id='word_1_405' title='bbox 2340 2060 2655 2115; x_wconf 90' lang='lat' dir='ltr'><strong>clericorum</strong></span> <span class='ocrx_word' id='word_1_406' title='bbox 2686 2057 2960 2126; x_wconf 69' lang='lat' dir='ltr'><strong>diligentia</strong></span> <span class='ocrx_word' id='word_1_407' title='bbox 2986 2057 3255 2115; x_wconf 79' lang='lat' dir='ltr'><strong>nancisci:</strong></span> <span class='ocrx_word' id='word_1_408' title='bbox 3279 2059 3356 2122; x_wconf 90' lang='lat' dir='ltr'><strong>id,</strong></span> <span class='ocrx_word' id='word_1_409' title='bbox 3381 2057 3613 2129; x_wconf 89' lang='lat' dir='ltr'><strong>inquam,</strong></span> <span class='ocrx_word' id='word_1_410' title='bbox 3637 2061 3772 2116; x_wconf 90' lang='lat' dir='ltr'><strong>sub-</strong></span> 
     </span>
    </p>
   </div>
   <div class='ocr_carea' id='block_1_61' title="bbox 2177 2128 3772 2201">
    <p class='ocr_par' dir='ltr' id='par_1_61' title="bbox 2177 2128 3772 2201">
     <span class='ocr_line' id='line_1_62' title="bbox 2177 2128 3772 2201; baseline 0.001 -18"><span class='ocrx_word' id='word_1_411' title='bbox 2177 2128 2458 2198; x_wconf 88' lang='lat' dir='ltr'><strong>odoratus,</strong></span> <span class='ocrx_word' id='word_1_412' title='bbox 2484 2133 2622 2201; x_wconf 88' lang='lat' dir='ltr'><strong>apud</strong></span> <span class='ocrx_word' id='word_1_413' title='bbox 2672 2131 3042 2187; x_wconf 86' lang='lat' dir='ltr'><strong>Constantium</strong></span> <span class='ocrx_word' id='word_1_414' title='bbox 3087 2132 3228 2201; x_wconf 90' lang='lat' dir='ltr'><strong>egit,</strong></span> <span class='ocrx_word' id='word_1_415' title='bbox 3261 2140 3320 2184; x_wconf 91' lang='lat' dir='ltr'><strong>ut</strong></span> <span class='ocrx_word' id='word_1_416' title='bbox 3348 2128 3564 2201; x_wconf 86' lang='lat' dir='ltr'><strong>iuberet</strong></span> <span class='ocrx_word' id='word_1_417' title='bbox 3599 2129 3772 2185; x_wconf 83' lang='lat' dir='ltr'><strong>Volu-</strong></span> 
     </span>
    </p>
   </div>
   <div class='ocr_carea' id='block_1_62' title="bbox 2177 2203 3774 2272">
    <p class='ocr_par' dir='ltr' id='par_1_62' title="bbox 2177 2203 3774 2272">
     <span class='ocr_line' id='line_1_63' title="bbox 2177 2203 3774 2272; baseline 0.002 -18"><span class='ocrx_word' id='word_1_418' title='bbox 2177 2203 2386 2272; x_wconf 82' lang='lat' dir='ltr'><strong>sianum</strong></span> <span class='ocrx_word' id='word_1_419' title='bbox 2409 2205 2552 2272; x_wconf 87' lang='lat' dir='ltr'><strong>fungi</strong></span> <span class='ocrx_word' id='word_1_420' title='bbox 2575 2217 2819 2268; x_wconf 90' lang='lat' dir='ltr'><strong>munere,</strong></span> <span class='ocrx_word' id='word_1_421' title='bbox 2843 2203 3199 2272; x_wconf 89' lang='lat' dir='ltr'><strong>pristinasque</strong></span> <span class='ocrx_word' id='word_1_422' title='bbox 3219 2203 3774 2272; x_wconf 87' lang='lat' dir='ltr'><strong>sanctionesexsequi</strong></span> 
     </span>
    </p>
   </div>
   <div class='ocr_carea' id='block_1_63' title="bbox 2177 2270 3772 2343">
    <p class='ocr_par' dir='ltr' id='par_1_63' title="bbox 2177 2270 3772 2343">
     <span class='ocr_line' id='line_1_64' title="bbox 2177 2270 3772 2343; baseline 0.002 -19"><span class='ocrx_word' id='word_1_423' title='bbox 2177 2270 2434 2343; x_wconf 64' lang='lat' dir='ltr'><strong>adversus</strong></span> <span class='ocrx_word' id='word_1_424' title='bbox 2461 2270 2656 2328; x_wconf 64' lang='lat' dir='ltr'><strong>divina:</strong></span> <span class='ocrx_word' id='word_1_425' title='bbox 2687 2270 2922 2340; x_wconf 48' lang='lat' dir='ltr'><strong>fidei,&#39;et</strong></span> <span class='ocrx_word' id='word_1_426' title='bbox 2950 2270 3143 2343; x_wconf 84' lang='lat' dir='ltr'><strong>quietis</strong></span> <span class='ocrx_word' id='word_1_427' title='bbox 3174 2272 3399 2340; x_wconf 71' lang='lat' dir='ltr'><strong>publica:</strong></span> <span class='ocrx_word' id='word_1_428' title='bbox 3437 2270 3772 2327; x_wconf 70' lang='lat' dir='ltr'><strong>turbatores.</strong></span> 
     </span>
    </p>
   </div>
   <div class='ocr_carea' id='block_1_64' title="bbox 2178 2340 3810 2414">
    <p class='ocr_par' dir='ltr' id='par_1_64' title="bbox 2178 2340 3810 2414">
     <span class='ocr_line' id='line_1_65' title="bbox 2178 2340 3810 2414; baseline 0.001 -18"><span class='ocrx_word' id='word_1_429' title='bbox 2178 2340 2300 2411; x_wconf 83' lang='lat' dir='ltr'><strong>Egit</strong></span> <span class='ocrx_word' id='word_1_430' title='bbox 2329 2359 2454 2400; x_wconf 88' lang='lat' dir='ltr'><strong>vero</strong></span> <span class='ocrx_word' id='word_1_431' title='bbox 2479 2345 2619 2413; x_wconf 88' lang='lat' dir='ltr'><strong>apud</strong></span> <span class='ocrx_word' id='word_1_432' title='bbox 2642 2340 3011 2400; x_wconf 83' lang='lat' dir='ltr'><strong>Constantium</strong></span> <span class='ocrx_word' id='word_1_433' title='bbox 3046 2347 3250 2412; x_wconf 90' lang='lat' dir='ltr'><strong>potius,</strong></span> <span class='ocrx_word' id='word_1_434' title='bbox 3280 2357 3438 2414; x_wconf 88' lang='lat' dir='ltr'><strong>quam</strong></span> <span class='ocrx_word' id='word_1_435' title='bbox 3480 2343 3622 2410; x_wconf 90' lang='lat' dir='ltr'><strong>apud</strong></span> <span class='ocrx_word' id='word_1_436' title='bbox 3660 2343 3775 2398; x_wconf 56' lang='lat' dir='ltr'><strong>Hoc</strong></span> <span class='ocrx_word' id='word_1_437' title='bbox 3801 2353 3810 2362; x_wconf 88' lang='lat'><em>&#39;</em></span> 
     </span>
    </p>
   </div>
   <div class='ocr_carea' id='block_1_65' title="bbox 2178 2415 3774 2484">
    <p class='ocr_par' dir='ltr' id='par_1_65' title="bbox 2178 2415 3774 2484">
     <span class='ocr_line' id='line_1_66' title="bbox 2178 2415 3774 2484; baseline 0.002 -18"><span class='ocrx_word' id='word_1_438' title='bbox 2178 2415 2419 2483; x_wconf 89' lang='lat' dir='ltr'><strong>norium,</strong></span> <span class='ocrx_word' id='word_1_439' title='bbox 2453 2415 2578 2470; x_wconf 87' lang='lat' dir='ltr'><strong>licet</strong></span> <span class='ocrx_word' id='word_1_440' title='bbox 2611 2415 2770 2470; x_wconf 91' lang='lat' dir='ltr'><strong>ambo</strong></span> <span class='ocrx_word' id='word_1_441' title='bbox 2817 2415 2976 2470; x_wconf 89' lang='lat' dir='ltr'><strong>simul</strong></span> <span class='ocrx_word' id='word_1_442' title='bbox 3021 2425 3338 2484; x_wconf 85' lang='lat' dir='ltr'><strong>regnarent:</strong></span> <span class='ocrx_word' id='word_1_443' title='bbox 3383 2415 3572 2482; x_wconf 87' lang='lat' dir='ltr'><strong>partim</strong></span> <span class='ocrx_word' id='word_1_444' title='bbox 3623 2415 3774 2483; x_wconf 87' lang='lat' dir='ltr'><strong>quod</strong></span> 
     </span>
    </p>
   </div>
   <div class='ocr_carea' id='block_1_66' title="bbox 2176 2484 3768 2554">
    <p class='ocr_par' dir='ltr' id='par_1_66' title="bbox 2176 2484 3768 2554">
     <span class='ocr_line' id='line_1_67' title="bbox 2176 2484 3768 2554; baseline 0.001 -16"><span class='ocrx_word' id='word_1_445' title='bbox 2176 2498 2300 2538; x_wconf 88' lang='lat' dir='ltr'><strong>eum</strong></span> <span class='ocrx_word' id='word_1_446' title='bbox 2325 2486 2426 2541; x_wconf 91' lang='lat' dir='ltr'><strong>sibi</strong></span> <span class='ocrx_word' id='word_1_447' title='bbox 2451 2499 2609 2540; x_wconf 90' lang='lat' dir='ltr'><strong>antea</strong></span> <span class='ocrx_word' id='word_1_448' title='bbox 2628 2486 2926 2541; x_wconf 90' lang='lat' dir='ltr'><strong>studiosum</strong></span> <span class='ocrx_word' id='word_1_449' title='bbox 2949 2488 3206 2541; x_wconf 87' lang='lat' dir='ltr'><strong>sensisset</strong></span> <span class='ocrx_word' id='word_1_450' title='bbox 3232 2488 3285 2539; x_wconf 93' lang='lat' dir='ltr'><strong>in</strong></span> <span class='ocrx_word' id='word_1_451' title='bbox 3309 2484 3522 2554; x_wconf 88' lang='lat' dir='ltr'><strong>negotio</strong></span> <span class='ocrx_word' id='word_1_452' title='bbox 3551 2484 3768 2552; x_wconf 85' lang='lat' dir='ltr'><strong>Eulalii,</strong></span> 
     </span>
    </p>
   </div>
   <div class='ocr_carea' id='block_1_67' title="bbox 2178 2556 3774 2628">
    <p class='ocr_par' dir='ltr' id='par_1_67' title="bbox 2178 2556 3774 2628">
     <span class='ocr_line' id='line_1_68' title="bbox 2178 2556 3774 2628; baseline 0.001 -18"><span class='ocrx_word' id='word_1_453' title='bbox 2178 2569 2309 2628; x_wconf 6' lang='lat' dir='ltr'><strong>cum,</strong></span> <span class='ocrx_word' id='word_1_454' title='bbox 2327 2558 2520 2628; x_wconf 86' lang='lat' dir='ltr'><strong>acriter</strong></span> <span class='ocrx_word' id='word_1_455' title='bbox 2550 2557 2932 2628; x_wconf 85' lang='lat' dir='ltr'><strong>Symmachum</strong></span> <span class='ocrx_word' id='word_1_456' title='bbox 2963 2599 2977 2621; x_wconf 93' lang='lat'><strong>,</strong></span> <span class='ocrx_word' id='word_1_457' title='bbox 3013 2556 3241 2628; x_wconf 89' lang='lat' dir='ltr'><strong>necdum</strong></span> <span class='ocrx_word' id='word_1_458' title='bbox 3269 2557 3485 2622; x_wconf 67' lang='lat' dir='ltr'><strong>Caesar,</strong></span> <span class='ocrx_word' id='word_1_459' title='bbox 3527 2556 3774 2625; x_wconf 86' lang='lat' dir='ltr'><strong>impelle-</strong></span> 
     </span>
    </p>
   </div>
   <div class='ocr_carea' id='block_1_68' title="bbox 2176 2627 3772 2698">
    <p class='ocr_par' dir='ltr' id='par_1_68' title="bbox 2176 2627 3772 2698">
     <span class='ocr_line' id='line_1_69' title="bbox 2176 2627 3772 2698; baseline 0.003 -20"><span class='ocrx_word' id='word_1_460' title='bbox 2176 2637 2261 2680; x_wconf 89' lang='lat' dir='ltr'><strong>ret</strong></span> <span class='ocrx_word' id='word_1_461' title='bbox 2300 2627 2352 2681; x_wconf 86' lang='lat' dir='ltr'><strong>in</strong></span> <span class='ocrx_word' id='word_1_462' title='bbox 2401 2627 2661 2683; x_wconf 90' lang='lat' dir='ltr'><strong>bonarum</strong></span> <span class='ocrx_word' id='word_1_463' title='bbox 2712 2629 2946 2698; x_wconf 86' lang='lat' dir='ltr'><strong>partium</strong></span> <span class='ocrx_word' id='word_1_464' title='bbox 2995 2627 3342 2696; x_wconf 89' lang='lat' dir='ltr'><strong>obsequium;</strong></span> <span class='ocrx_word' id='word_1_465' title='bbox 3397 2629 3590 2695; x_wconf 89' lang='lat' dir='ltr'><strong>partim</strong></span> <span class='ocrx_word' id='word_1_466' title='bbox 3638 2628 3772 2696; x_wconf 85' lang='lat' dir='ltr'><strong>quia</strong></span> 
     </span>
    </p>
   </div>
   <div class='ocr_carea' id='block_1_69' title="bbox 2177 2699 3773 2769">
    <p class='ocr_par' dir='ltr' id='par_1_69' title="bbox 2177 2699 3773 2769">
     <span class='ocr_line' id='line_1_70' title="bbox 2177 2699 3773 2769; baseline 0.002 -18"><span class='ocrx_word' id='word_1_467' title='bbox 2177 2711 2502 2767; x_wconf 86' lang='lat' dir='ltr'><strong>prepensum</strong></span> <span class='ocrx_word' id='word_1_468' title='bbox 2528 2709 2642 2754; x_wconf 88' lang='lat' dir='ltr'><strong>erat</strong></span> <span class='ocrx_word' id='word_1_469' title='bbox 2671 2713 2924 2769; x_wconf 87' lang='lat' dir='ltr'><strong>sperare,</strong></span> <span class='ocrx_word' id='word_1_470' title='bbox 2961 2699 3030 2754; x_wconf 89' lang='lat' dir='ltr'><strong>ab</strong></span> <span class='ocrx_word' id='word_1_471' title='bbox 3058 2701 3295 2767; x_wconf 81' lang='lat' dir='ltr'><strong>Augusto</strong></span> <span class='ocrx_word' id='word_1_472' title='bbox 3335 2712 3527 2752; x_wconf 87' lang='lat' dir='ltr'><strong>recens</strong></span> <span class='ocrx_word' id='word_1_473' title='bbox 3566 2712 3773 2754; x_wconf 87' lang='lat' dir='ltr'><strong>renun-</strong></span> 
     </span>
    </p>
   </div>
   <div class='ocr_carea' id='block_1_70' title="bbox 2179 2769 3766 2838">
    <p class='ocr_par' dir='ltr' id='par_1_70' title="bbox 2179 2769 3766 2838">
     <span class='ocr_line' id='line_1_71' title="bbox 2179 2769 3766 2838; baseline 0.001 -17"><span class='ocrx_word' id='word_1_474' title='bbox 2179 2769 2309 2823; x_wconf 91' lang='lat' dir='ltr'><strong>tiato</strong></span> <span class='ocrx_word' id='word_1_475' title='bbox 2357 2770 2514 2824; x_wconf 89' lang='lat' dir='ltr'><strong>facile</strong></span> <span class='ocrx_word' id='word_1_476' title='bbox 2560 2770 2912 2825; x_wconf 89' lang='lat' dir='ltr'><strong>obtinendum</strong></span> <span class='ocrx_word' id='word_1_477' title='bbox 2962 2770 3239 2825; x_wconf 90' lang='lat' dir='ltr'><strong>decretum</strong></span> <span class='ocrx_word' id='word_1_478' title='bbox 3285 2769 3338 2822; x_wconf 91' lang='lat' dir='ltr'><strong>in</strong></span> <span class='ocrx_word' id='word_1_479' title='bbox 3389 2771 3634 2838; x_wconf 91' lang='lat' dir='ltr'><strong>eos,qui</strong></span> <span class='ocrx_word' id='word_1_480' title='bbox 3665 2769 3766 2824; x_wconf 89' lang='lat' dir='ltr'><strong>Dei</strong></span> 
     </span>
    </p>
   </div>
   <div class='ocr_carea' id='block_1_71' title="bbox 2178 2839 3765 2911">
    <p class='ocr_par' dir='ltr' id='par_1_71' title="bbox 2178 2839 3765 2911">
     <span class='ocr_line' id='line_1_72' title="bbox 2178 2839 3765 2911; baseline 0.001 -18"><span class='ocrx_word' id='word_1_481' title='bbox 2178 2839 2480 2911; x_wconf 74' lang='lat' dir='ltr'><strong>inviderent</strong></span> <span class='ocrx_word' id='word_1_482' title='bbox 2510 2841 2712 2909; x_wconf 86' lang='lat' dir='ltr'><strong>pietati,</strong></span> <span class='ocrx_word' id='word_1_483' title='bbox 2742 2857 2850 2911; x_wconf 91' lang='lat' dir='ltr'><strong>quo</strong></span> <span class='ocrx_word' id='word_1_484' title='bbox 2888 2840 3098 2910; x_wconf 92' lang='lat' dir='ltr'><strong>imperii</strong></span> <span class='ocrx_word' id='word_1_485' title='bbox 3135 2840 3371 2910; x_wconf 88' lang='lat' dir='ltr'><strong>auspicia</strong></span> <span class='ocrx_word' id='word_1_486' title='bbox 3418 2849 3765 2896; x_wconf 89' lang='lat' dir='ltr'><strong>consecraret</strong></span> 
     </span>
    </p>
   </div>
   <div class='ocr_carea' id='block_1_72' title="bbox 2178 2909 3193 2983">
    <p class='ocr_par' dir='ltr' id='par_1_72' title="bbox 2178 2909 3193 2983">
     <span class='ocr_line' id='line_1_73' title="bbox 2178 2909 3193 2983; baseline 0.001 -20"><span class='ocrx_word' id='word_1_487' title='bbox 2178 2909 2288 2983; x_wconf 79' lang='lat' dir='ltr'><strong>Deo</strong></span> <span class='ocrx_word' id='word_1_488' title='bbox 2317 2912 2473 2983; x_wconf 77' lang='lat' dir='ltr'><strong>(Aug.</strong></span> <span class='ocrx_word' id='word_1_489' title='bbox 2508 2912 2596 2967; x_wconf 81' lang='lat' dir='ltr'><strong>lib.</strong></span> <span class='ocrx_word' id='word_1_490' title='bbox 2629 2928 2647 2966; x_wconf 83' lang='grc' dir='ltr'><strong>ι</strong></span> <span class='ocrx_word' id='word_1_491' title='bbox 2673 2912 2741 2965; x_wconf 85' lang='lat' dir='ltr'><strong>ad</strong></span> <span class='ocrx_word' id='word_1_492' title='bbox 2761 2909 2944 2979; x_wconf 71' lang='lat' dir='ltr'><strong>Boni].</strong></span> <span class='ocrx_word' id='word_1_493' title='bbox 2970 2909 3090 2980; x_wconf 78' lang='lat' dir='ltr'><strong>cap.</strong></span> <span class='ocrx_word' id='word_1_494' title='bbox 3118 2911 3193 2981; x_wconf 86' lang='grc'><strong>1).</strong></span> 
     </span>
    </p>
   </div>
   <div class='ocr_carea' id='block_1_73' title="bbox 2248 2981 3770 3052">
    <p class='ocr_par' dir='ltr' id='par_1_73' title="bbox 2248 2981 3770 3052">
     <span class='ocr_line' id='line_1_74' title="bbox 2248 2981 3770 3052; baseline 0.001 -17"><span class='ocrx_word' id='word_1_495' title='bbox 2248 2981 2440 3038; x_wconf 77' lang='lat' dir='ltr'><strong>Potest</strong></span> <span class='ocrx_word' id='word_1_496' title='bbox 2461 2983 2620 3052; x_wconf 87' lang='lat' dir='ltr'><strong>igitur</strong></span> <span class='ocrx_word' id='word_1_497' title='bbox 2646 2986 2760 3038; x_wconf 71' lang='lat' dir='ltr'><strong>haec</strong></span> <span class='ocrx_word' id='word_1_498' title='bbox 2785 2984 2954 3038; x_wconf 92' lang='lat' dir='ltr'><strong>videri</strong></span> <span class='ocrx_word' id='word_1_499' title='bbox 2998 2997 3158 3036; x_wconf 87' lang='lat' dir='ltr'><strong>causa</strong></span> <span class='ocrx_word' id='word_1_500' title='bbox 3202 2997 3308 3036; x_wconf 91' lang='lat' dir='ltr'><strong>non</strong></span> <span class='ocrx_word' id='word_1_501' title='bbox 3359 2981 3770 3049; x_wconf 88' lang='lat' dir='ltr'><strong>improbabilis,</strong></span> 
     </span>
    </p>
   </div>
   <div class='ocr_carea' id='block_1_74' title="bbox 2177 3053 3771 3120">
    <p class='ocr_par' dir='ltr' id='par_1_74' title="bbox 2177 3053 3771 3120">
     <span class='ocr_line' id='line_1_75' title="bbox 2177 3053 3771 3120; baseline 0.002 -15"><span class='ocrx_word' id='word_1_502' title='bbox 2177 3067 2276 3106; x_wconf 91' lang='lat' dir='ltr'><strong>cur</strong></span> <span class='ocrx_word' id='word_1_503' title='bbox 2305 3055 2508 3107; x_wconf 90' lang='lat' dir='ltr'><strong>sanctio</strong></span> <span class='ocrx_word' id='word_1_504' title='bbox 2533 3055 2674 3108; x_wconf 89' lang='lat' dir='ltr'><strong>edita</strong></span> <span class='ocrx_word' id='word_1_505' title='bbox 2704 3055 2794 3109; x_wconf 89' lang='lat' dir='ltr'><strong>sit.</strong></span> <span class='ocrx_word' id='word_1_506' title='bbox 2824 3055 2934 3108; x_wconf 88' lang='lat' dir='ltr'><strong>Hac</strong></span> <span class='ocrx_word' id='word_1_507' title='bbox 2965 3069 3093 3108; x_wconf 91' lang='lat' dir='ltr'><strong>vero</strong></span> <span class='ocrx_word' id='word_1_508' title='bbox 3118 3055 3208 3108; x_wconf 89' lang='lat' dir='ltr'><strong>vix</strong></span> <span class='ocrx_word' id='word_1_509' title='bbox 3244 3053 3409 3108; x_wconf 86' lang='lat' dir='ltr'><strong>ullam</strong></span> <span class='ocrx_word' id='word_1_510' title='bbox 3445 3053 3680 3120; x_wconf 87' lang='lat' dir='ltr'><strong>reperias</strong></span> <span class='ocrx_word' id='word_1_511' title='bbox 3710 3053 3771 3108; x_wconf 80' lang='lat' dir='ltr'><strong>ia</strong></span> 
     </span>
    </p>
   </div>
   <div class='ocr_carea' id='block_1_75' title="bbox 2176 3123 3772 3194">
    <p class='ocr_par' dir='ltr' id='par_1_75' title="bbox 2176 3123 3772 3194">
     <span class='ocr_line' id='line_1_76' title="bbox 2176 3123 3772 3194; baseline 0.001 -17"><span class='ocrx_word' id='word_1_512' title='bbox 2176 3131 2288 3177; x_wconf 87' lang='lat' dir='ltr'><strong>toto</strong></span> <span class='ocrx_word' id='word_1_513' title='bbox 2327 3124 2514 3178; x_wconf 88' lang='lat' dir='ltr'><strong>codice</strong></span> <span class='ocrx_word' id='word_1_514' title='bbox 2551 3125 2998 3194; x_wconf 89' lang='lat' dir='ltr'><strong>imperiosiorem,</strong></span> <span class='ocrx_word' id='word_1_515' title='bbox 3033 3128 3076 3178; x_wconf 90' lang='lat' dir='ltr'><strong>si</strong></span> <span class='ocrx_word' id='word_1_516' title='bbox 3109 3125 3232 3179; x_wconf 89' lang='lat' dir='ltr'><strong>licet</strong></span> <span class='ocrx_word' id='word_1_517' title='bbox 3258 3125 3329 3180; x_wconf 88' lang='lat' dir='ltr'><strong>ita</strong></span> <span class='ocrx_word' id='word_1_518' title='bbox 3365 3123 3682 3194; x_wconf 83' lang='lat' dir='ltr'><strong>loqui;sive</strong></span> <span class='ocrx_word' id='word_1_519' title='bbox 3711 3124 3772 3178; x_wconf 87' lang='lat' dir='ltr'><strong>id</strong></span> 
     </span>
    </p>
   </div>
   <div class='ocr_carea' id='block_1_76' title="bbox 477 3182 3771 3266">
    <p class='ocr_par' dir='ltr' id='par_1_76' title="bbox 477 3182 3771 3266">
     <span class='ocr_line' id='line_1_77' title="bbox 477 3182 3771 3266; baseline -0.005 0"><span class='ocrx_word' id='word_1_520' title='bbox 477 3182 898 3266; x_wconf 57' lang='grc' dir='ltr'><strong>⁵ἷ³¹¹ίξθ.ί¹ίθίὲ¹¹⁰”</strong></span> <span class='ocrx_word' id='word_1_521' title='bbox 926 3185 969 3240; x_wconf 74' lang='grc' dir='ltr'><strong>Ε</strong></span> <span class='ocrx_word' id='word_1_522' title='bbox 1002 3185 1215 3266; x_wconf 42' lang='lat' dir='ltr'><strong>hiemis</strong></span> <span class='ocrx_word' id='word_1_523' title='bbox 1237 3193 1384 3266; x_wconf 59' lang='lat' dir='ltr'><strong>ce&quot;?</strong></span> <span class='ocrx_word' id='word_1_524' title='bbox 1411 3193 1590 3266; x_wconf 71' lang='grc' dir='ltr'><strong>Ρὶ¹¹¹¹θ⁸</strong></span> <span class='ocrx_word' id='word_1_525' title='bbox 1619 3182 1808 3266; x_wconf 62' lang='grc' dir='ltr'><strong>Είξ¹³¹ίί</strong></span> <span class='ocrx_word' id='word_1_526' title='bbox 1836 3197 2068 3266; x_wconf 69' lang='grc' dir='ltr'><strong>εμειείιιιο</strong></span> <span class='ocrx_word' id='word_1_527' title='bbox 2093 3200 2140 3262; x_wconf 82' lang='lat' dir='ltr'><strong>C</strong></span> <span class='ocrx_word' id='word_1_528' title='bbox 2172 3195 2364 3249; x_wconf 89' lang='lat' dir='ltr'><strong>fecerit</strong></span> <span class='ocrx_word' id='word_1_529' title='bbox 2400 3182 2700 3250; x_wconf 69' lang='lat' dir='ltr'><strong>Constantii</strong></span> <span class='ocrx_word' id='word_1_530' title='bbox 2742 3197 2969 3261; x_wconf 89' lang='lat' dir='ltr'><strong>indoles,</strong></span> <span class='ocrx_word' id='word_1_531' title='bbox 2984 3182 3236 3266; x_wconf 47' lang='lat' dir='ltr'><strong>&#39;qualem.</strong></span> <span class='ocrx_word' id='word_1_532' title='bbox 3267 3204 3323 3250; x_wconf 91' lang='lat' dir='ltr'><strong>et</strong></span> <span class='ocrx_word' id='word_1_533' title='bbox 3345 3182 3771 3266; x_wconf 61' lang='lat' dir='ltr'><strong>Oly&#39;mpiodorus</strong></span> 
     </span>
    </p>
   </div>
   <div class='ocr_carea' id='block_1_77' title="bbox 474 3253 2065 3324">
    <p class='ocr_par' dir='ltr' id='par_1_77' title="bbox 474 3253 2065 3324">
     <span class='ocr_line' id='line_1_78' title="bbox 474 3253 2065 3324; baseline -0.003 -12"><span class='ocrx_word' id='word_1_534' title='bbox 474 3258 637 3314; x_wconf 83' lang='lat' dir='ltr'><strong>simul</strong></span> <span class='ocrx_word' id='word_1_535' title='bbox 661 3259 896 3324; x_wconf 90' lang='lat' dir='ltr'><strong>fovebat,</strong></span> <span class='ocrx_word' id='word_1_536' title='bbox 923 3259 1260 3312; x_wconf 87' lang='lat' dir='ltr'><strong>continenter</strong></span> <span class='ocrx_word' id='word_1_537' title='bbox 1282 3253 1495 3310; x_wconf 91' lang='lat' dir='ltr'><strong>velutin</strong></span> <span class='ocrx_word' id='word_1_538' title='bbox 1519 3253 1732 3320; x_wconf 89' lang='lat' dir='ltr'><strong>specula</strong></span> <span class='ocrx_word' id='word_1_539' title='bbox 1755 3256 2065 3324; x_wconf 84' lang='lat' dir='ltr'><strong>explorans,</strong></span> 
     </span>
    </p>
   </div>
   <div class='ocr_carea' id='block_1_78' title="bbox 475 3324 2069 3448">
    <p class='ocr_par' dir='ltr' id='par_1_78' title="bbox 475 3324 2069 3448">
     <span class='ocr_line' id='line_1_79' title="bbox 475 3324 2069 3448; baseline -0.001 -66"><span class='ocrx_word' id='word_1_540' title='bbox 475 3330 651 3399; x_wconf 90' lang='lat' dir='ltr'><strong>siqua</strong></span> <span class='ocrx_word' id='word_1_541' title='bbox 681 3331 891 3384; x_wconf 88' lang='lat' dir='ltr'><strong>ratione</strong></span> <span class='ocrx_word' id='word_1_542' title='bbox 922 3335 1123 3398; x_wconf 89' lang='lat' dir='ltr'><strong>posset,</strong></span> <span class='ocrx_word' id='word_1_543' title='bbox 1151 3336 1244 3380; x_wconf 89' lang='lat' dir='ltr'><strong>aut</strong></span> <span class='ocrx_word' id='word_1_544' title='bbox 1270 3326 1391 3406; x_wconf 86' lang='lat' dir='ltr'><strong>fidei</strong></span> <span class='ocrx_word' id='word_1_545' title='bbox 1417 3367 1432 3392; x_wconf 89' lang='lat'><strong>,</strong></span> <span class='ocrx_word' id='word_1_546' title='bbox 1474 3335 1565 3379; x_wconf 90' lang='lat' dir='ltr'><strong>aut</strong></span> <span class='ocrx_word' id='word_1_547' title='bbox 1603 3324 1801 3406; x_wconf 70' lang='lat' dir='ltr'><strong>quietis</strong></span> <span class='ocrx_word' id='word_1_548' title='bbox 1830 3325 2069 3448; x_wconf 52' lang='lat' dir='ltr'><strong>lpublica:</strong></span> 
     </span>
     <span class='ocr_line' id='line_1_80' title="bbox 475 3395 2069 3448; baseline 0 0"><span class='ocrx_word' id='word_1_549' title='bbox 475 3415 662 3448; x_wconf 82' lang='lat' dir='ltr'><strong>nacem</strong></span> <span class='ocrx_word' id='word_1_550' title='bbox 693 3402 950 3448; x_wconf 82' lang='lat' dir='ltr'><strong>turbare:</strong></span> <span class='ocrx_word' id='word_1_551' title='bbox 977 3398 1209 3448; x_wconf 82' lang='lat' dir='ltr'><strong>habebat</strong></span> <span class='ocrx_word' id='word_1_552' title='bbox 1247 3411 1391 3448; x_wconf 80' lang='lat' dir='ltr'><strong>enim</strong></span> <span class='ocrx_word' id='word_1_553' title='bbox 1441 3397 1493 3448; x_wconf 91' lang='lat' dir='ltr'><strong>in</strong></span> <span class='ocrx_word' id='word_1_554' title='bbox 1541 3395 1777 3448; x_wconf 74' lang='lat' dir='ltr'><strong>Ecclesna</strong></span> <span class='ocrx_word' id='word_1_555' title='bbox 1881 3411 2069 3448; x_wconf 88' lang='lat' dir='ltr'><strong>omana</strong></span> 
     </span>
    </p>
   </div>
   <div class='ocr_carea' id='block_1_79' title="bbox 471 3395 2070 3470">
    <p class='ocr_par' dir='ltr' id='par_1_79' title="bbox 471 3395 2070 3470">
     <span class='ocr_line' id='line_1_81' title="bbox 471 3395 2070 3470; baseline -0.003 -16"><span class='ocrx_word' id='word_1_556' title='bbox 471 3395 662 3470; x_wconf 79' lang='lat' dir='ltr'><strong>pacem</strong></span> <span class='ocrx_word' id='word_1_557' title='bbox 693 3395 950 3454; x_wconf 77' lang='lat' dir='ltr'><strong>turbare:</strong></span> <span class='ocrx_word' id='word_1_558' title='bbox 977 3398 1209 3453; x_wconf 83' lang='lat' dir='ltr'><strong>habebat</strong></span> <span class='ocrx_word' id='word_1_559' title='bbox 1247 3398 1391 3470; x_wconf 83' lang='lat' dir='ltr'><strong>enim</strong></span> <span class='ocrx_word' id='word_1_560' title='bbox 1441 3397 1493 3449; x_wconf 91' lang='lat' dir='ltr'><strong>in</strong></span> <span class='ocrx_word' id='word_1_561' title='bbox 1541 3395 1777 3470; x_wconf 76' lang='lat' dir='ltr'><strong>Ecclesia</strong></span> <span class='ocrx_word' id='word_1_562' title='bbox 1830 3395 2070 3452; x_wconf 82' lang='lat' dir='ltr'><strong>Romana</strong></span> 
     </span>
    </p>
   </div>
   <div class='ocr_carea' id='block_1_80' title="bbox 475 3465 2072 3536">
    <p class='ocr_par' dir='ltr' id='par_1_80' title="bbox 475 3465 2072 3536">
     <span class='ocr_line' id='line_1_82' title="bbox 475 3465 2072 3536; baseline -0.001 -12"><span class='ocrx_word' id='word_1_563' title='bbox 475 3465 718 3526; x_wconf 74' lang='lat' dir='ltr'><strong>faventes</strong></span> <span class='ocrx_word' id='word_1_564' title='bbox 740 3473 988 3536; x_wconf 88' lang='lat' dir='ltr'><strong>clericos,</strong></span> <span class='ocrx_word' id='word_1_565' title='bbox 1012 3470 1175 3523; x_wconf 92' lang='lat' dir='ltr'><strong>immo</strong></span> <span class='ocrx_word' id='word_1_566' title='bbox 1194 3477 1248 3522; x_wconf 90' lang='lat' dir='ltr'><strong>et</strong></span> <span class='ocrx_word' id='word_1_567' title='bbox 1269 3468 1552 3536; x_wconf 85' lang='lat' dir='ltr'><strong>episcopos</strong></span> <span class='ocrx_word' id='word_1_568' title='bbox 1572 3469 1624 3519; x_wconf 92' lang='lat' dir='ltr'><strong>in</strong></span> <span class='ocrx_word' id='word_1_569' title='bbox 1649 3465 1815 3520; x_wconf 83' lang='lat' dir='ltr'><strong>Urbe.</strong></span> <span class='ocrx_word' id='word_1_570' title='bbox 1840 3483 2072 3536; x_wconf 89' lang='lat' dir='ltr'><strong>quorum</strong></span> 
     </span>
    </p>
   </div>
   <div class='ocr_carea' id='block_1_81' title="bbox 476 3537 2073 3608">
    <p class='ocr_par' dir='ltr' id='par_1_81' title="bbox 476 3537 2073 3608">
     <span class='ocr_line' id='line_1_83' title="bbox 476 3537 2073 3608; baseline -0.002 -14"><span class='ocrx_word' id='word_1_571' title='bbox 476 3543 584 3596; x_wconf 85' lang='lat' dir='ltr'><strong>dux</strong></span> <span class='ocrx_word' id='word_1_572' title='bbox 631 3541 912 3604; x_wconf 85' lang='lat' dir='ltr'><strong>Julianus,</strong></span> <span class='ocrx_word' id='word_1_573' title='bbox 955 3555 1157 3608; x_wconf 89' lang='lat' dir='ltr'><strong>eosque</strong></span> <span class='ocrx_word' id='word_1_574' title='bbox 1195 3541 1305 3592; x_wconf 90' lang='lat' dir='ltr'><strong>suis</strong></span> <span class='ocrx_word' id='word_1_575' title='bbox 1332 3537 1537 3592; x_wconf 90' lang='lat' dir='ltr'><strong>artibus</strong></span> <span class='ocrx_word' id='word_1_576' title='bbox 1565 3537 1947 3608; x_wconf 30' lang='lat' dir='ltr'><strong>animabatkut</strong></span> <span class='ocrx_word' id='word_1_577' title='bbox 1972 3538 2073 3592; x_wconf 91' lang='lat' dir='ltr'><strong>im-</strong></span> 
     </span>
    </p>
   </div>
   <div class='ocr_carea' id='block_1_82' title="bbox 477 3607 2073 3683">
    <p class='ocr_par' dir='ltr' id='par_1_82' title="bbox 477 3607 2073 3683">
     <span class='ocr_line' id='line_1_84' title="bbox 477 3607 2073 3683; baseline -0.002 -17"><span class='ocrx_word' id='word_1_578' title='bbox 477 3613 724 3683; x_wconf 85' lang='lat' dir='ltr'><strong>portunis</strong></span> <span class='ocrx_word' id='word_1_579' title='bbox 749 3612 998 3683; x_wconf 89' lang='lat' dir='ltr'><strong>precibus</strong></span> <span class='ocrx_word' id='word_1_580' title='bbox 1019 3607 1085 3665; x_wconf 86' lang='lat' dir='ltr'><strong>ab</strong></span> <span class='ocrx_word' id='word_1_581' title='bbox 1109 3613 1428 3683; x_wconf 83' lang='lat' dir='ltr'><strong>imperatore</strong></span> <span class='ocrx_word' id='word_1_582' title='bbox 1449 3617 1834 3683; x_wconf 82' lang='lat' dir='ltr'><strong>extorquerent</strong></span> <span class='ocrx_word' id='word_1_583' title='bbox 1861 3607 2073 3683; x_wconf 75' lang='lat' dir='ltr'><strong>_Zosi_mi</strong></span> 
     </span>
    </p>
   </div>
   <div class='ocr_carea' id='block_1_83' title="bbox 476 3679 2069 3752">
    <p class='ocr_par' dir='ltr' id='par_1_83' title="bbox 476 3679 2069 3752">
     <span class='ocr_line' id='line_1_85' title="bbox 476 3679 2069 3752; baseline -0.003 -14"><span class='ocrx_word' id='word_1_584' title='bbox 476 3679 583 3738; x_wconf 76' lang='lat' dir='ltr'><strong>vita</strong></span> <span class='ocrx_word' id='word_1_585' title='bbox 612 3679 778 3738; x_wconf 73' lang='lat' dir='ltr'><strong>functi</strong></span> <span class='ocrx_word' id='word_1_586' title='bbox 804 3683 1064 3752; x_wconf 89' lang='lat' dir='ltr'><strong>judicium</strong></span> <span class='ocrx_word' id='word_1_587' title='bbox 1093 3681 1413 3752; x_wconf 78' lang='lat' dir='ltr'><strong>retractari:</strong></span> <span class='ocrx_word' id='word_1_588' title='bbox 1436 3679 1565 3752; x_wconf 75' lang='lat' dir='ltr'><strong>sive</strong></span> <span class='ocrx_word' id='word_1_589' title='bbox 1602 3679 1662 3752; x_wconf 89' lang='lat' dir='ltr'><strong>in</strong></span> <span class='ocrx_word' id='word_1_590' title='bbox 1705 3679 1913 3752; x_wconf 83' lang='lat' dir='ltr'><strong>synodo</strong></span> <span class='ocrx_word' id='word_1_591' title='bbox 1955 3681 2069 3748; x_wconf 91' lang='lat' dir='ltr'><strong>ple-</strong></span> 
     </span>
    </p>
   </div>
   <div class='ocr_carea' id='block_1_84' title="bbox 477 3749 2072 3821">
    <p class='ocr_par' dir='ltr' id='par_1_84' title="bbox 477 3749 2072 3821">
     <span class='ocr_line' id='line_1_86' title="bbox 477 3749 2072 3821; baseline -0.002 -13"><span class='ocrx_word' id='word_1_592' title='bbox 477 3756 658 3819; x_wconf 86' lang='lat' dir='ltr'><strong>naria,</strong></span> <span class='ocrx_word' id='word_1_593' title='bbox 691 3755 758 3808; x_wconf 86' lang='lat' dir='ltr'><strong>ad</strong></span> <span class='ocrx_word' id='word_1_594' title='bbox 798 3749 956 3820; x_wconf 80' lang='lat' dir='ltr'><strong>quam</strong></span> <span class='ocrx_word' id='word_1_595' title='bbox 983 3753 1307 3821; x_wconf 82' lang='lat' dir='ltr'><strong>appellatum</strong></span> <span class='ocrx_word' id='word_1_596' title='bbox 1336 3749 1405 3821; x_wconf 89' lang='lat' dir='ltr'><strong>ab</strong></span> <span class='ocrx_word' id='word_1_597' title='bbox 1434 3749 1562 3817; x_wconf 87' lang='lat' dir='ltr'><strong>ipsis</strong></span> <span class='ocrx_word' id='word_1_598' title='bbox 1588 3750 1764 3821; x_wconf 82' lang='lat' dir='ltr'><strong>fuerat</strong></span> <span class='ocrx_word' id='word_1_599' title='bbox 1788 3768 1800 3801; x_wconf 93' lang='lat'><strong>:</strong></span> <span class='ocrx_word' id='word_1_600' title='bbox 1833 3751 1948 3804; x_wconf 87' lang='lat' dir='ltr'><strong>sive</strong></span> <span class='ocrx_word' id='word_1_601' title='bbox 1972 3764 2072 3820; x_wconf 84' lang='lat' dir='ltr'><strong>per</strong></span> 
     </span>
    </p>
   </div>
   <div class='ocr_carea' id='block_1_85' title="bbox 478 3819 2072 3894">
    <p class='ocr_par' dir='ltr' id='par_1_85' title="bbox 478 3819 2072 3894">
     <span class='ocr_line' id='line_1_87' title="bbox 478 3819 2072 3894; baseline -0.004 -14"><span class='ocrx_word' id='word_1_602' title='bbox 478 3826 704 3880; x_wconf 86' lang='lat' dir='ltr'><strong>idoneos</strong></span> <span class='ocrx_word' id='word_1_603' title='bbox 727 3819 955 3894; x_wconf 86' lang='lat' dir='ltr'><strong>iudices,</strong></span> <span class='ocrx_word' id='word_1_604' title='bbox 989 3819 1076 3892; x_wconf 81' lang='lat' dir='ltr'><strong>qui</strong></span> <span class='ocrx_word' id='word_1_605' title='bbox 1103 3821 1237 3894; x_wconf 83' lang='lat' dir='ltr'><strong>nihil</strong></span> <span class='ocrx_word' id='word_1_606' title='bbox 1269 3819 1694 3894; x_wconf 69' lang='lat' dir='ltr'><strong>praeiudicatiad</strong></span> <span class='ocrx_word' id='word_1_607' title='bbox 1735 3835 1948 3874; x_wconf 90' lang='lat' dir='ltr'><strong>causam</strong></span> <span class='ocrx_word' id='word_1_608' title='bbox 1976 3819 2072 3894; x_wconf 75' lang='lat' dir='ltr'><strong>af-</strong></span> 
     </span>
    </p>
   </div>
   <div class='ocr_carea' id='block_1_86' title="bbox 478 3891 2074 3966">
    <p class='ocr_par' dir='ltr' id='par_1_86' title="bbox 478 3891 2074 3966">
     <span class='ocr_line' id='line_1_88' title="bbox 478 3891 2074 3966; baseline -0.001 -17"><span class='ocrx_word' id='word_1_609' title='bbox 478 3898 702 3965; x_wconf 86' lang='lat' dir='ltr'><strong>ferrent,</strong></span> <span class='ocrx_word' id='word_1_610' title='bbox 728 3891 872 3966; x_wconf 82' lang='lat' dir='ltr'><strong>quod</strong></span> <span class='ocrx_word' id='word_1_611' title='bbox 913 3911 944 3950; x_wconf 91' lang='lat' dir='ltr'><strong>a</strong></span> <span class='ocrx_word' id='word_1_612' title='bbox 986 3891 1096 3949; x_wconf 82' lang='lat' dir='ltr'><strong>suis</strong></span> <span class='ocrx_word' id='word_1_613' title='bbox 1143 3892 1549 3948; x_wconf 89' lang='lat' dir='ltr'><strong>damnatoribus</strong></span> <span class='ocrx_word' id='word_1_614' title='bbox 1591 3891 1792 3946; x_wconf 90' lang='lat' dir='ltr'><strong>factum</strong></span> <span class='ocrx_word' id='word_1_615' title='bbox 1845 3893 2074 3948; x_wconf 89' lang='lat' dir='ltr'><strong>mentie-</strong></span> 
     </span>
    </p>
   </div>
   <div class='ocr_carea' id='block_1_87' title="bbox 479 3968 692 4022">
    <p class='ocr_par' dir='ltr' id='par_1_87' title="bbox 479 3968 692 4022">
     <span class='ocr_line' id='line_1_89' title="bbox 479 3968 692 4022; baseline 0 0"><span class='ocrx_word' id='word_1_616' title='bbox 479 3968 692 4022; x_wconf 92' lang='lat' dir='ltr'><strong>bantur.</strong></span> 
     </span>
    </p>
   </div>
   <div class='ocr_carea' id='block_1_88' title="bbox 548 4033 2072 4110">
    <p class='ocr_par' dir='ltr' id='par_1_88' title="bbox 548 4033 2072 4110">
     <span class='ocr_line' id='line_1_90' title="bbox 548 4033 2072 4110; baseline -0.003 -16"><span class='ocrx_word' id='word_1_617' title='bbox 548 4039 936 4110; x_wconf 89' lang='lat' dir='ltr'><strong>Opportunitas</strong></span> <span class='ocrx_word' id='word_1_618' title='bbox 987 4033 1244 4108; x_wconf 88' lang='lat' dir='ltr'><strong>temporis</strong></span> <span class='ocrx_word' id='word_1_619' title='bbox 1295 4033 1581 4089; x_wconf 85' lang='lat' dir='ltr'><strong>consilium</strong></span> <span class='ocrx_word' id='word_1_620' title='bbox 1625 4033 1888 4104; x_wconf 87' lang='lat' dir='ltr'><strong>iuvabat:</strong></span> <span class='ocrx_word' id='word_1_621' title='bbox 1947 4050 2072 4090; x_wconf 90' lang='lat' dir='ltr'><strong>nam</strong></span> 
     </span>
    </p>
   </div>
   <div class='ocr_carea' id='block_1_89' title="bbox 2173 3266 3772 3338">
    <p class='ocr_par' dir='ltr' id='par_1_89' title="bbox 2173 3266 3772 3338">
     <span class='ocr_line' id='line_1_91' title="bbox 2173 3266 3772 3338; baseline -0.001 -18"><span class='ocrx_word' id='word_1_622' title='bbox 2173 3266 2242 3338; x_wconf 84' lang='lat' dir='ltr'><strong>de</strong></span> <span class='ocrx_word' id='word_1_623' title='bbox 2269 3268 2400 3321; x_wconf 88' lang='lat' dir='ltr'><strong>facie</strong></span> <span class='ocrx_word' id='word_1_624' title='bbox 2425 3266 2691 3338; x_wconf 88' lang='lat' dir='ltr'><strong>depingit,</strong></span> <span class='ocrx_word' id='word_1_625' title='bbox 2730 3279 2783 3322; x_wconf 93' lang='lat' dir='ltr'><strong>et</strong></span> <span class='ocrx_word' id='word_1_626' title='bbox 2827 3267 3018 3322; x_wconf 78' lang='lat' dir='ltr'><strong>litterae</strong></span> <span class='ocrx_word' id='word_1_627' title='bbox 3056 3267 3120 3322; x_wconf 91' lang='lat' dir='ltr'><strong>ad</strong></span> <span class='ocrx_word' id='word_1_628' title='bbox 3160 3266 3538 3338; x_wconf 84' lang='lat' dir='ltr'><strong>Symmachum</strong></span> <span class='ocrx_word' id='word_1_629' title='bbox 3577 3274 3772 3320; x_wconf 83' lang='lat' dir='ltr'><strong>osten-</strong></span> 
     </span>
    </p>
   </div>
   <div class='ocr_carea' id='block_1_90' title="bbox 2175 3336 3772 3406">
    <p class='ocr_par' dir='ltr' id='par_1_90' title="bbox 2175 3336 3772 3406">
     <span class='ocr_line' id='line_1_92' title="bbox 2175 3336 3772 3406; baseline -0.001 -14"><span class='ocrx_word' id='word_1_630' title='bbox 2175 3336 2347 3401; x_wconf 91' lang='lat' dir='ltr'><strong>dunt;</strong></span> <span class='ocrx_word' id='word_1_631' title='bbox 2397 3337 2509 3391; x_wconf 91' lang='lat' dir='ltr'><strong>sive</strong></span> <span class='ocrx_word' id='word_1_632' title='bbox 2559 3339 2735 3406; x_wconf 77' lang='lat' dir='ltr'><strong>ponus</strong></span> <span class='ocrx_word' id='word_1_633' title='bbox 2774 3352 2843 3393; x_wconf 90' lang='lat' dir='ltr'><strong>eo</strong></span> <span class='ocrx_word' id='word_1_634' title='bbox 2882 3339 3110 3393; x_wconf 89' lang='lat' dir='ltr'><strong>moverit</strong></span> <span class='ocrx_word' id='word_1_635' title='bbox 3141 3336 3319 3392; x_wconf 64' lang='lat' dir='ltr'><strong>causa;</strong></span> <span class='ocrx_word' id='word_1_636' title='bbox 3352 3336 3579 3404; x_wconf 84' lang='lat' dir='ltr'><strong>iustitia,</strong></span> <span class='ocrx_word' id='word_1_637' title='bbox 3609 3344 3674 3390; x_wconf 92' lang='lat' dir='ltr'><strong>ut</strong></span> <span class='ocrx_word' id='word_1_638' title='bbox 3701 3351 3772 3391; x_wconf 81' lang='lat' dir='ltr'><strong>ne</strong></span> 
     </span>
    </p>
   </div>
   <div class='ocr_carea' id='block_1_91' title="bbox 2175 3407 3768 3479">
    <p class='ocr_par' dir='ltr' id='par_1_91' title="bbox 2175 3407 3768 3479">
     <span class='ocr_line' id='line_1_93' title="bbox 2175 3407 3768 3479; baseline 0.001 -18"><span class='ocrx_word' id='word_1_639' title='bbox 2175 3408 2584 3479; x_wconf 24' lang='lat' dir='ltr'><strong>paxiconstituta</strong></span> <span class='ocrx_word' id='word_1_640' title='bbox 2610 3409 2815 3478; x_wconf 88' lang='lat' dir='ltr'><strong>magnis</strong></span> <span class='ocrx_word' id='word_1_641' title='bbox 2834 3407 3136 3464; x_wconf 88' lang='lat' dir='ltr'><strong>Constantii</strong></span> <span class='ocrx_word' id='word_1_642' title='bbox 3157 3407 3454 3473; x_wconf 78' lang='lat' dir='ltr'><strong>conatibus,</strong></span> <span class='ocrx_word' id='word_1_643' title='bbox 3479 3408 3768 3479; x_wconf 73' lang='lat' dir='ltr'><strong>abinquie~</strong></span> 
     </span>
    </p>
   </div>
   <div class='ocr_carea' id='block_1_92' title="bbox 2175 3478 3438 3550">
    <p class='ocr_par' dir='ltr' id='par_1_92' title="bbox 2175 3478 3438 3550">
     <span class='ocr_line' id='line_1_94' title="bbox 2175 3478 3438 3550; baseline 0.001 -18"><span class='ocrx_word' id='word_1_644' title='bbox 2175 3481 2244 3534; x_wconf 90' lang='lat' dir='ltr'><strong>tis</strong></span> <span class='ocrx_word' id='word_1_645' title='bbox 2271 3478 2367 3534; x_wconf 91' lang='lat' dir='ltr'><strong>Dei</strong></span> <span class='ocrx_word' id='word_1_646' title='bbox 2391 3480 2708 3550; x_wconf 89' lang='lat' dir='ltr'><strong>imperiique</strong></span> <span class='ocrx_word' id='word_1_647' title='bbox 2734 3480 2977 3535; x_wconf 89' lang='lat' dir='ltr'><strong>hostibus</strong></span> <span class='ocrx_word' id='word_1_648' title='bbox 3005 3480 3438 3535; x_wconf 88' lang='lat' dir='ltr'><strong>labefactaretur.</strong></span> 
     </span>
    </p>
   </div>
   <div class='ocr_carea' id='block_1_93' title="bbox 2673 3570 3254 3628">
    <p class='ocr_par' dir='ltr' id='par_1_93' title="bbox 2673 3570 3254 3628">
     <span class='ocr_line' id='line_1_95' title="bbox 2673 3570 3254 3628; baseline -0.002 -2"><span class='ocrx_word' id='word_1_649' title='bbox 2673 3570 3126 3628; x_wconf 81' lang='lat' dir='ltr'><strong>CONSTITUTIO</strong></span> <span class='ocrx_word' id='word_1_650' title='bbox 3168 3571 3254 3626; x_wconf 85' lang='lat' dir='ltr'><strong>Vl.</strong></span> 
     </span>
    </p>
   </div>
   <div class='ocr_carea' id='block_1_94' title="bbox 2214 3649 3712 3722">
    <p class='ocr_par' dir='ltr' id='par_1_94' title="bbox 2214 3649 3712 3722">
     <span class='ocr_line' id='line_1_96' title="bbox 2214 3649 3712 3722; baseline -0.001 -5"><span class='ocrx_word' id='word_1_651' title='bbox 2214 3678 2446 3720; x_wconf 71' lang='grc' dir='ltr'><strong>ευιατωι</strong></span> <span class='ocrx_word' id='word_1_652' title='bbox 2488 3649 2821 3722; x_wconf 39' lang='lat' dir='ltr'><strong>PUOPOSI‘I’UI</strong></span> <span class='ocrx_word' id='word_1_653' title='bbox 2854 3682 2889 3720; x_wconf 80' lang='grc' dir='ltr'><strong>Δ</strong></span> <span class='ocrx_word' id='word_1_654' title='bbox 2915 3679 3210 3721; x_wconf 63' lang='grc' dir='ltr'><strong>νοιυεωηο</strong></span> <span class='ocrx_word' id='word_1_655' title='bbox 3239 3678 3527 3719; x_wconf 66' lang='grc' dir='ltr'><strong>ΡΒΕΡΕΩΤΟ</strong></span> <span class='ocrx_word' id='word_1_656' title='bbox 3557 3678 3712 3717; x_wconf 70' lang='grc' dir='ltr'><strong>υιωις</strong></span> 
     </span>
    </p>
   </div>
   <div class='ocr_carea' id='block_1_95' title="bbox 2395 3753 3446 3826">
    <p class='ocr_par' dir='ltr' id='par_1_95' title="bbox 2395 3753 3446 3826">
     <span class='ocr_line' id='line_1_97' title="bbox 2395 3753 3446 3826; baseline -0.001 -16"><span class='ocrx_word' id='word_1_657' title='bbox 2395 3753 2726 3812; x_wconf 62' lang='grc' dir='ltr'><strong>νοωειλιηυε</strong></span> <span class='ocrx_word' id='word_1_658' title='bbox 2757 3756 3040 3826; x_wconf 68' lang='lat' dir='ltr'><strong>praefectus</strong></span> <span class='ocrx_word' id='word_1_659' title='bbox 3073 3755 3230 3811; x_wconf 89' lang='lat' dir='ltr'><strong>Urbis</strong></span> <span class='ocrx_word' id='word_1_660' title='bbox 3259 3755 3446 3810; x_wconf 85' lang='lat' dir='ltr'><strong>edixit.</strong></span> 
     </span>
    </p>
   </div>
   <div class='ocr_carea' id='block_1_96' title="bbox 2255 3845 3774 3916">
    <p class='ocr_par' dir='ltr' id='par_1_96' title="bbox 2255 3845 3774 3916">
     <span class='ocr_line' id='line_1_98' title="bbox 2255 3845 3774 3916; baseline 0.001 -16"><span class='ocrx_word' id='word_1_661' title='bbox 2255 3859 2280 3886; x_wconf 84' lang='grc' dir='ltr'>ο</span> <span class='ocrx_word' id='word_1_662' title='bbox 2333 3847 2604 3902; x_wconf 86' lang='lat' dir='ltr'><strong>Hactenus</strong></span> <span class='ocrx_word' id='word_1_663' title='bbox 2648 3845 2963 3903; x_wconf 71' lang='lat' dir='ltr'><strong>leestium</strong></span> <span class='ocrx_word' id='word_1_664' title='bbox 3005 3859 3028 3887; x_wconf 76' lang='grc' dir='ltr'><strong>ο</strong></span> <span class='ocrx_word' id='word_1_665' title='bbox 3074 3847 3272 3902; x_wconf 66' lang='lat' dir='ltr'><strong>divinae</strong></span> <span class='ocrx_word' id='word_1_666' title='bbox 3298 3847 3460 3915; x_wconf 85' lang='lat' dir='ltr'><strong>fidei,</strong></span> <span class='ocrx_word' id='word_1_667' title='bbox 3487 3853 3543 3901; x_wconf 90' lang='lat' dir='ltr'><strong>et</strong></span> <span class='ocrx_word' id='word_1_668' title='bbox 3567 3847 3774 3916; x_wconf 88' lang='lat' dir='ltr'><strong>quietis</strong></span> 
     </span>
    </p>
   </div>
   <div class='ocr_carea' id='block_1_97' title="bbox 2183 3938 3774 4012">
    <p class='ocr_par' dir='ltr' id='par_1_97' title="bbox 2183 3938 3774 4012">
     <span class='ocr_line' id='line_1_99' title="bbox 2183 3938 3774 4012; baseline -0.001 -15"><span class='ocrx_word' id='word_1_669' title='bbox 2183 3942 2412 4012; x_wconf 65' lang='lat' dir='ltr'><strong>publica:</strong></span> <span class='ocrx_word' id='word_1_670' title='bbox 2438 3941 2769 3996; x_wconf 88' lang='lat' dir='ltr'><strong>turbatorem</strong></span> <span class='ocrx_word' id='word_1_671' title='bbox 2794 3986 2810 4011; x_wconf 90' lang='lat'><strong>,</strong></span> <span class='ocrx_word' id='word_1_672' title='bbox 2839 3938 2868 3978; x_wconf 77' lang='grc' dir='ltr'><strong>ἀ</strong></span> <span class='ocrx_word' id='word_1_673' title='bbox 2891 3941 3144 4011; x_wconf 90' lang='lat' dir='ltr'><strong>iudiciis,</strong></span> <span class='ocrx_word' id='word_1_674' title='bbox 3183 3941 3355 3996; x_wconf 88' lang='lat' dir='ltr'><strong>amica</strong></span> <span class='ocrx_word' id='word_1_675' title='bbox 3402 3941 3512 3995; x_wconf 88' lang='lat' dir='ltr'><strong>reis</strong></span> <span class='ocrx_word' id='word_1_676' title='bbox 3551 3953 3774 3996; x_wconf 85' lang='lat' dir='ltr'><strong>secreta</strong></span> 
     </span>
    </p>
   </div>
   <div class='ocr_carea' id='block_1_98' title="bbox 2182 4034 3773 4107">
    <p class='ocr_par' dir='ltr' id='par_1_98' title="bbox 2182 4034 3773 4107">
     <span class='ocr_line' id='line_1_100' title="bbox 2182 4034 3773 4107; baseline -0.001 -16"><span class='ocrx_word' id='word_1_677' title='bbox 2182 4036 2572 4092; x_wconf 85' lang='lat' dir='ltr'><strong>subduxerunt.</strong></span> <span class='ocrx_word' id='word_1_678' title='bbox 2602 4045 2627 4073; x_wconf 75' lang='grc' dir='ltr'>θ</span> <span class='ocrx_word' id='word_1_679' title='bbox 2665 4034 2782 4091; x_wconf 83' lang='lat' dir='ltr'><strong>Jam</strong></span> <span class='ocrx_word' id='word_1_680' title='bbox 2815 4035 2960 4105; x_wconf 84' lang='lat' dir='ltr'><strong>leges</strong></span> <span class='ocrx_word' id='word_1_681' title='bbox 2988 4045 3044 4092; x_wconf 90' lang='lat' dir='ltr'><strong>et</strong></span> <span class='ocrx_word' id='word_1_682' title='bbox 3082 4036 3194 4106; x_wconf 87' lang='lat' dir='ltr'><strong>iam</strong></span> <span class='ocrx_word' id='word_1_683' title='bbox 3223 4035 3399 4091; x_wconf 88' lang='lat' dir='ltr'><strong>edicta</strong></span> <span class='ocrx_word' id='word_1_684' title='bbox 3426 4049 3773 4107; x_wconf 85' lang='lat' dir='ltr'><strong>persequen-</strong></span> 
     </span>
    </p>
   </div>
   <div class='ocr_carea' id='block_1_99' title="bbox 1654 4149 2604 4209">
    <p class='ocr_par' dir='ltr' id='par_1_99' title="bbox 1654 4149 2604 4209">
     <span class='ocr_line' id='line_1_101' title="bbox 1654 4149 2604 4209; baseline 0.001 -5"><span class='ocrx_word' id='word_1_685' title='bbox 1654 4149 2207 4209; x_wconf 78' lang='lat' dir='ltr'><strong>CASTIGATIONES</strong></span> <span class='ocrx_word' id='word_1_686' title='bbox 2247 4151 2336 4208; x_wconf 85' lang='lat' dir='ltr'><strong>ET</strong></span> <span class='ocrx_word' id='word_1_687' title='bbox 2373 4151 2604 4207; x_wconf 68' lang='lat' dir='ltr'><strong>NOTAE.</strong></span> 
     </span>
    </p>
   </div>
   <div class='ocr_carea' id='block_1_100' title="bbox 553 4245 2058 4315">
    <p class='ocr_par' dir='ltr' id='par_1_100' title="bbox 553 4245 2058 4315">
     <span class='ocr_line' id='line_1_102' title="bbox 553 4245 2058 4315; baseline -0.001 -13"><span class='ocrx_word' id='word_1_688' title='bbox 553 4259 578 4285; x_wconf 70' lang='grc'>³</span> <span class='ocrx_word' id='word_1_689' title='bbox 609 4247 761 4304; x_wconf 88' lang='lat' dir='ltr'><strong>lnter</strong></span> <span class='ocrx_word' id='word_1_690' title='bbox 788 4245 1233 4304; x_wconf 88' lang='lat' dir='ltr'><strong>subscribendum</strong></span> <span class='ocrx_word' id='word_1_691' title='bbox 1263 4245 1558 4315; x_wconf 88' lang='lat' dir='ltr'><strong>imperator</strong></span> <span class='ocrx_word' id='word_1_692' title='bbox 1584 4259 1678 4300; x_wconf 89' lang='lat' dir='ltr'><strong>sua</strong></span> <span class='ocrx_word' id='word_1_693' title='bbox 1721 4259 1884 4299; x_wconf 90' lang='lat' dir='ltr'><strong>manu</strong></span> <span class='ocrx_word' id='word_1_694' title='bbox 1914 4245 2058 4301; x_wconf 89' lang='lat' dir='ltr'><strong>istud</strong></span> 
     </span>
    </p>
   </div>
   <div class='ocr_carea' id='block_1_101' title="bbox 480 4315 2060 4387">
    <p class='ocr_par' dir='ltr' id='par_1_101' title="bbox 480 4315 2060 4387">
     <span class='ocr_line' id='line_1_103' title="bbox 480 4315 2060 4387; baseline -0.001 -15"><span class='ocrx_word' id='word_1_695' title='bbox 480 4319 710 4387; x_wconf 89' lang='lat' dir='ltr'><strong>addidit,</strong></span> <span class='ocrx_word' id='word_1_696' title='bbox 752 4334 856 4384; x_wconf 91' lang='lat' dir='ltr'><strong>quo</strong></span> <span class='ocrx_word' id='word_1_697' title='bbox 881 4319 999 4387; x_wconf 91' lang='lat' dir='ltr'><strong>plus</strong></span> <span class='ocrx_word' id='word_1_698' title='bbox 1022 4319 1243 4387; x_wconf 86' lang='lat' dir='ltr'><strong>haberet</strong></span> <span class='ocrx_word' id='word_1_699' title='bbox 1285 4316 1544 4387; x_wconf 87' lang='lat' dir='ltr'><strong>momenti</strong></span> <span class='ocrx_word' id='word_1_700' title='bbox 1571 4334 1583 4368; x_wconf 91' lang='lat'><strong>:</strong></span> <span class='ocrx_word' id='word_1_701' title='bbox 1613 4315 2060 4387; x_wconf 86' lang='lat' dir='ltr'><strong>quoniam_Volu-</strong></span> 
     </span>
    </p>
   </div>
   <div class='ocr_carea' id='block_1_102' title="bbox 479 4385 2060 4457">
    <p class='ocr_par' dir='ltr' id='par_1_102' title="bbox 479 4385 2060 4457">
     <span class='ocr_line' id='line_1_104' title="bbox 479 4385 2060 4457; baseline -0.001 -13"><span class='ocrx_word' id='word_1_702' title='bbox 479 4385 838 4457; x_wconf 36' lang='lat' dir='ltr'><strong>sianus,&#39;cum</strong></span> <span class='ocrx_word' id='word_1_703' title='bbox 869 4385 1105 4443; x_wconf 85' lang='lat' dir='ltr'><strong>nondum</strong></span> <span class='ocrx_word' id='word_1_704' title='bbox 1128 4386 1468 4441; x_wconf 88' lang='lat' dir='ltr'><strong>Christianus</strong></span> <span class='ocrx_word' id='word_1_705' title='bbox 1493 4386 1662 4453; x_wconf 89' lang='lat' dir='ltr'><strong>foret,</strong></span> <span class='ocrx_word' id='word_1_706' title='bbox 1688 4397 1743 4440; x_wconf 91' lang='lat' dir='ltr'><strong>ut</strong></span> <span class='ocrx_word' id='word_1_707' title='bbox 1767 4403 1832 4441; x_wconf 84' lang='lat' dir='ltr'><strong>ex</strong></span> <span class='ocrx_word' id='word_1_708' title='bbox 1865 4385 2060 4443; x_wconf 90' lang='lat' dir='ltr'><strong>Photio</strong></span> 
     </span>
    </p>
   </div>
   <div class='ocr_carea' id='block_1_103' title="bbox 480 4457 2061 4528">
    <p class='ocr_par' dir='ltr' id='par_1_103' title="bbox 480 4457 2061 4528">
     <span class='ocr_line' id='line_1_105' title="bbox 480 4457 2061 4528; baseline 0.001 -15"><span class='ocrx_word' id='word_1_709' title='bbox 480 4460 683 4515; x_wconf 89' lang='lat' dir='ltr'><strong>dictum</strong></span> <span class='ocrx_word' id='word_1_710' title='bbox 711 4470 812 4524; x_wconf 90' lang='lat' dir='ltr'><strong>est,</strong></span> <span class='ocrx_word' id='word_1_711' title='bbox 833 4459 1002 4513; x_wconf 91' lang='lat' dir='ltr'><strong>videri</strong></span> <span class='ocrx_word' id='word_1_712' title='bbox 1033 4467 1213 4528; x_wconf 89' lang='lat' dir='ltr'><strong>posset</strong></span> <span class='ocrx_word' id='word_1_713' title='bbox 1248 4472 1356 4511; x_wconf 93' lang='lat' dir='ltr'><strong>non</strong></span> <span class='ocrx_word' id='word_1_714' title='bbox 1404 4457 1692 4528; x_wconf 83' lang='lat' dir='ltr'><strong>admodum</strong></span> <span class='ocrx_word' id='word_1_715' title='bbox 1723 4473 1914 4513; x_wconf 90' lang='lat' dir='ltr'><strong>curare</strong></span> <span class='ocrx_word' id='word_1_716' title='bbox 1939 4474 2061 4528; x_wconf 65' lang='lat' dir='ltr'><strong>que</strong></span> 
     </span>
    </p>
   </div>
   <div class='ocr_carea' id='block_1_104' title="bbox 479 4527 2059 4598">
    <p class='ocr_par' dir='ltr' id='par_1_104' title="bbox 479 4527 2059 4598">
     <span class='ocr_line' id='line_1_106' title="bbox 479 4527 2059 4598; baseline -0.001 -14"><span class='ocrx_word' id='word_1_717' title='bbox 479 4530 801 4598; x_wconf 85' lang='lat' dir='ltr'><strong>religionem</strong></span> <span class='ocrx_word' id='word_1_718' title='bbox 832 4545 1015 4584; x_wconf 89' lang='lat' dir='ltr'><strong>veram</strong></span> <span class='ocrx_word' id='word_1_719' title='bbox 1034 4527 1369 4598; x_wconf 27' lang='lat' dir='ltr'><strong>’spectarent.</strong></span> <span class='ocrx_word' id='word_1_720' title='bbox 1393 4527 1727 4596; x_wconf 85' lang='lat' dir='ltr'><strong>Quamquam</strong></span> <span class='ocrx_word' id='word_1_721' title='bbox 1763 4539 1888 4582; x_wconf 91' lang='lat' dir='ltr'><strong>tunc</strong></span> <span class='ocrx_word' id='word_1_722' title='bbox 1917 4527 2059 4584; x_wconf 84' lang='lat' dir='ltr'><strong>tem-</strong></span> 
     </span>
    </p>
   </div>
   <div class='ocr_carea' id='block_1_105' title="bbox 479 4599 2059 4668">
    <p class='ocr_par' dir='ltr' id='par_1_105' title="bbox 479 4599 2059 4668">
     <span class='ocr_line' id='line_1_107' title="bbox 479 4599 2059 4668; baseline 0.001 -14"><span class='ocrx_word' id='word_1_723' title='bbox 479 4603 628 4668; x_wconf 89' lang='lat' dir='ltr'><strong>poris</strong></span> <span class='ocrx_word' id='word_1_724' title='bbox 654 4603 794 4655; x_wconf 91' lang='lat' dir='ltr'><strong>inter</strong></span> <span class='ocrx_word' id='word_1_725' title='bbox 823 4603 1241 4655; x_wconf 85' lang='lat' dir='ltr'><strong>catechumenos</strong></span> <span class='ocrx_word' id='word_1_726' title='bbox 1271 4609 1546 4654; x_wconf 90' lang='lat' dir='ltr'><strong>versatum</strong></span> <span class='ocrx_word' id='word_1_727' title='bbox 1577 4599 1767 4664; x_wconf 91' lang='lat' dir='ltr'><strong>fuisse,</strong></span> <span class='ocrx_word' id='word_1_728' title='bbox 1795 4599 1905 4668; x_wconf 88' lang='lat' dir='ltr'><strong>iam</strong></span> <span class='ocrx_word' id='word_1_729' title='bbox 1931 4600 2059 4656; x_wconf 90' lang='lat' dir='ltr'><strong>inde</strong></span> 
     </span>
    </p>
   </div>
   <div class='ocr_carea' id='block_1_106' title="bbox 2169 4244 3768 4316">
    <p class='ocr_par' dir='ltr' id='par_1_106' title="bbox 2169 4244 3768 4316">
     <span class='ocr_line' id='line_1_108' title="bbox 2169 4244 3768 4316; baseline 0.001 -17"><span class='ocrx_word' id='word_1_730' title='bbox 2169 4244 2357 4316; x_wconf 71' lang='lat' dir='ltr'><strong>patria:</strong></span> <span class='ocrx_word' id='word_1_731' title='bbox 2377 4255 2656 4316; x_wconf 90' lang='lat' dir='ltr'><strong>parentes,</strong></span> <span class='ocrx_word' id='word_1_732' title='bbox 2701 4244 3097 4316; x_wconf 88' lang='lat' dir='ltr'><strong>sanctissimum</strong></span> <span class='ocrx_word' id='word_1_733' title='bbox 3129 4244 3403 4301; x_wconf 90' lang='lat' dir='ltr'><strong>societatis</strong></span> <span class='ocrx_word' id='word_1_734' title='bbox 3448 4245 3768 4316; x_wconf 89' lang='lat' dir='ltr'><strong>vinculum,</strong></span> 
     </span>
    </p>
   </div>
   <div class='ocr_carea' id='block_1_107' title="bbox 2167 4315 3272 4387">
    <p class='ocr_par' dir='ltr' id='par_1_107' title="bbox 2167 4315 3272 4387">
     <span class='ocr_line' id='line_1_109' title="bbox 2167 4315 3272 4387; baseline -0.004 -15"><span class='ocrx_word' id='word_1_735' title='bbox 2167 4315 2290 4387; x_wconf 82' lang='lat' dir='ltr'><strong>quae</strong></span> <span class='ocrx_word' id='word_1_736' title='bbox 2316 4315 2510 4386; x_wconf 77' lang='lat' dir='ltr'><strong>religio</strong></span> <span class='ocrx_word' id='word_1_737' title='bbox 2542 4327 2647 4379; x_wconf 87' lang='lat' dir='ltr'><strong>est,</strong></span> <span class='ocrx_word' id='word_1_738' title='bbox 2673 4315 2935 4387; x_wconf 10' lang='lat' dir='ltr'><strong>rviolatum</strong></span> <span class='ocrx_word' id='word_1_739' title='bbox 2977 4317 3272 4370; x_wconf 89' lang='lat' dir='ltr'><strong>vindicant.</strong></span> 
     </span>
    </p>
   </div>
   <div class='ocr_carea' id='block_1_108' title="bbox 2239 4384 3776 4459">
    <p class='ocr_par' dir='ltr' id='par_1_108' title="bbox 2239 4384 3776 4459">
     <span class='ocr_line' id='line_1_110' title="bbox 2239 4384 3776 4459; baseline 0.005 -18"><span class='ocrx_word' id='word_1_740' title='bbox 2239 4384 2266 4424; x_wconf 73' lang='grc' dir='ltr'><em>ά</em></span> <span class='ocrx_word' id='word_1_741' title='bbox 2299 4384 2494 4459; x_wconf 52' lang='lat' dir='ltr'><strong>Salui,</strong></span> <span class='ocrx_word' id='word_1_742' title='bbox 2510 4386 2726 4459; x_wconf 76' lang='lat' dir='ltr'><strong>judiciis</strong></span> <span class='ocrx_word' id='word_1_743' title='bbox 2753 4387 3046 4459; x_wconf 81' lang='lat' dir='ltr'><strong>amicaret&#39;s</strong></span> <span class='ocrx_word' id='word_1_744' title='bbox 3068 4403 3219 4441; x_wconf 86' lang='lat' dir='ltr'><strong>sacra</strong></span> <span class='ocrx_word' id='word_1_745' title='bbox 3240 4387 3596 4443; x_wconf 79' lang='lat' dir='ltr'><strong>subdiderunt.</strong></span> <span class='ocrx_word' id='word_1_746' title='bbox 3645 4389 3776 4448; x_wconf 88' lang='lat' dir='ltr'><strong>Non</strong></span> 
     </span>
    </p>
   </div>
   <div class='ocr_carea' id='block_1_109' title="bbox 2168 4458 3775 4530">
    <p class='ocr_par' dir='ltr' id='par_1_109' title="bbox 2168 4458 3775 4530">
     <span class='ocr_line' id='line_1_111' title="bbox 2168 4458 3775 4530; baseline 0.002 -17"><span class='ocrx_word' id='word_1_747' title='bbox 2168 4465 2296 4513; x_wconf 91' lang='lat' dir='ltr'><strong>sunt</strong></span> <span class='ocrx_word' id='word_1_748' title='bbox 2318 4458 2780 4530; x_wconf 17' lang='lat' dir='ltr'><strong>hacibaronianis</strong></span> <span class='ocrx_word' id='word_1_749' title='bbox 2813 4458 3076 4525; x_wconf 89' lang='lat' dir='ltr'><strong>meliora,</strong></span> <span class='ocrx_word' id='word_1_750' title='bbox 3104 4459 3282 4529; x_wconf 86' lang='lat' dir='ltr'><strong>qualia</strong></span> <span class='ocrx_word' id='word_1_751' title='bbox 3328 4459 3629 4515; x_wconf 90' lang='lat' dir='ltr'><strong>Salmasius</strong></span> <span class='ocrx_word' id='word_1_752' title='bbox 3679 4463 3775 4530; x_wconf 82' lang='lat' dir='ltr'><strong>ia-</strong></span> 
     </span>
    </p>
   </div>
   <div class='ocr_carea' id='block_1_110' title="bbox 2169 4529 2617 4584">
    <p class='ocr_par' dir='ltr' id='par_1_110' title="bbox 2169 4529 2617 4584">
     <span class='ocr_line' id='line_1_112' title="bbox 2169 4529 2617 4584; baseline 0 0"><span class='ocrx_word' id='word_1_753' title='bbox 2169 4538 2282 4584; x_wconf 91' lang='lat' dir='ltr'><strong>ctat</strong></span> <span class='ocrx_word' id='word_1_754' title='bbox 2310 4543 2370 4583; x_wconf 91' lang='lat' dir='ltr'><strong>se</strong></span> <span class='ocrx_word' id='word_1_755' title='bbox 2399 4529 2617 4584; x_wconf 80' lang='lat' dir='ltr'><strong>afferre.</strong></span> 
     </span>
    </p>
   </div>
   <div class='ocr_carea' id='block_1_111' title="bbox 2246 4599 3776 4667">
    <p class='ocr_par' dir='ltr' id='par_1_111' title="bbox 2246 4599 3776 4667">
     <span class='ocr_line' id='line_1_113' title="bbox 2246 4599 3776 4667; baseline 0.002 -12"><span class='ocrx_word' id='word_1_756' title='bbox 2246 4609 2270 4637; x_wconf 82' lang='lat'><strong><em>°</em></strong></span> <span class='ocrx_word' id='word_1_757' title='bbox 2310 4600 2666 4655; x_wconf 91' lang='lat' dir='ltr'><strong>Communem</strong></span> <span class='ocrx_word' id='word_1_758' title='bbox 2709 4599 3020 4665; x_wconf 89' lang='lat' dir='ltr'><strong>lectionem,</strong></span> <span class='ocrx_word' id='word_1_759' title='bbox 3054 4600 3156 4654; x_wconf 89' lang='lat' dir='ltr'><strong>etsi</strong></span> <span class='ocrx_word' id='word_1_760' title='bbox 3184 4600 3378 4654; x_wconf 89' lang='lat' dir='ltr'><strong>vitiosa</strong></span> <span class='ocrx_word' id='word_1_761' title='bbox 3407 4610 3507 4667; x_wconf 90' lang='lat' dir='ltr'><strong>est,</strong></span> <span class='ocrx_word' id='word_1_762' title='bbox 3539 4601 3776 4658; x_wconf 79' lang='lat' dir='ltr'><strong>dubita-</strong></span> 
     </span>
    </p>
   </div>
   <div class='ocr_carea' id='block_1_112' title="bbox 480 4669 3774 4740">
    <p class='ocr_par' dir='ltr' id='par_1_112' title="bbox 480 4669 3774 4740">
     <span class='ocr_line' id='line_1_114' title="bbox 480 4669 3774 4740; baseline 0.002 -16"><span class='ocrx_word' id='word_1_763' title='bbox 480 4672 550 4724; x_wconf 91' lang='lat' dir='ltr'><strong>ab</strong></span> <span class='ocrx_word' id='word_1_764' title='bbox 579 4686 704 4727; x_wconf 88' lang='lat' dir='ltr'><strong>ann.</strong></span> <span class='ocrx_word' id='word_1_765' title='bbox 730 4670 837 4726; x_wconf 73' lang='grc'><strong>412</strong></span> <span class='ocrx_word' id='word_1_766' title='bbox 865 4687 972 4724; x_wconf 92' lang='lat' dir='ltr'><strong>non</strong></span> <span class='ocrx_word' id='word_1_767' title='bbox 1003 4674 1236 4726; x_wconf 88' lang='lat' dir='ltr'><strong>obscure</strong></span> <span class='ocrx_word' id='word_1_768' title='bbox 1265 4669 1396 4740; x_wconf 87' lang='lat' dir='ltr'><strong>mihi</strong></span> <span class='ocrx_word' id='word_1_769' title='bbox 1428 4670 1614 4724; x_wconf 89' lang='lat' dir='ltr'><strong>videor</strong></span> <span class='ocrx_word' id='word_1_770' title='bbox 1657 4671 1966 4737; x_wconf 87' lang='lat' dir='ltr'><strong>perspicere</strong></span> <span class='ocrx_word' id='word_1_771' title='bbox 1994 4686 2062 4727; x_wconf 88' lang='lat' dir='ltr'><strong>ex</strong></span> <span class='ocrx_word' id='word_1_772' title='bbox 2088 4671 2144 4733; x_wconf 79' lang='grc' dir='ltr'><strong>Ι)</strong></span> <span class='ocrx_word' id='word_1_773' title='bbox 2169 4671 2225 4726; x_wconf 89' lang='lat' dir='ltr'><strong>vi</strong></span> <span class='ocrx_word' id='word_1_774' title='bbox 2254 4671 2368 4736; x_wconf 92' lang='lat' dir='ltr'><strong>diu,</strong></span> <span class='ocrx_word' id='word_1_775' title='bbox 2398 4685 2466 4724; x_wconf 90' lang='lat' dir='ltr'><strong>an</strong></span> <span class='ocrx_word' id='word_1_776' title='bbox 2499 4679 2784 4736; x_wconf 87' lang='lat' dir='ltr'><strong>mutarem,</strong></span> <span class='ocrx_word' id='word_1_777' title='bbox 2817 4671 2943 4740; x_wconf 88' lang='lat' dir='ltr'><strong>quia</strong></span> <span class='ocrx_word' id='word_1_778' title='bbox 2971 4679 3167 4740; x_wconf 73' lang='lat' dir='ltr'><strong>przeter</strong></span> <span class='ocrx_word' id='word_1_779' title='bbox 3191 4673 3456 4726; x_wconf 90' lang='lat' dir='ltr'><strong>rationem</strong></span> <span class='ocrx_word' id='word_1_780' title='bbox 3487 4672 3620 4726; x_wconf 90' lang='lat' dir='ltr'><strong>nihil</strong></span> <span class='ocrx_word' id='word_1_781' title='bbox 3665 4691 3774 4730; x_wconf 88' lang='lat' dir='ltr'><strong>oc-</strong></span> 
     </span>
    </p>
   </div>
   <div class='ocr_carea' id='block_1_113' title="bbox 480 4739 2064 4809">
    <p class='ocr_par' dir='ltr' id='par_1_113' title="bbox 480 4739 2064 4809">
     <span class='ocr_line' id='line_1_115' title="bbox 480 4739 2064 4809; baseline 0.001 -13"><span class='ocrx_word' id='word_1_782' title='bbox 480 4741 697 4809; x_wconf 89' lang='lat' dir='ltr'><strong>litteris,</strong></span> <span class='ocrx_word' id='word_1_783' title='bbox 730 4751 842 4798; x_wconf 89' lang='lat' dir='ltr'><strong>tum</strong></span> <span class='ocrx_word' id='word_1_784' title='bbox 871 4757 900 4797; x_wconf 88' lang='lat' dir='ltr'><strong>a</strong></span> <span class='ocrx_word' id='word_1_785' title='bbox 933 4740 1226 4796; x_wconf 82' lang='lat' dir='ltr'><strong>Volusiano</strong></span> <span class='ocrx_word' id='word_1_786' title='bbox 1271 4739 1337 4795; x_wconf 90' lang='lat' dir='ltr'><strong>ad</strong></span> <span class='ocrx_word' id='word_1_787' title='bbox 1388 4741 1744 4809; x_wconf 80' lang='lat' dir='ltr'><strong>Augustinum</strong></span> <span class='ocrx_word' id='word_1_788' title='bbox 1769 4783 1784 4805; x_wconf 94' lang='lat'><strong>,</strong></span> <span class='ocrx_word' id='word_1_789' title='bbox 1839 4750 1948 4795; x_wconf 93' lang='lat' dir='ltr'><strong>tum</strong></span> <span class='ocrx_word' id='word_1_790' title='bbox 1997 4742 2064 4798; x_wconf 90' lang='lat' dir='ltr'><strong>ab</strong></span> 
     </span>
    </p>
   </div>
   <div class='ocr_carea' id='block_1_114' title="bbox 481 4811 2066 4884">
    <p class='ocr_par' dir='ltr' id='par_1_114' title="bbox 481 4811 2066 4884">
     <span class='ocr_line' id='line_1_116' title="bbox 481 4811 2066 4884; baseline -0.001 -16"><span class='ocrx_word' id='word_1_791' title='bbox 481 4814 783 4884; x_wconf 85' lang='lat' dir='ltr'><strong>Augustino</strong></span> <span class='ocrx_word' id='word_1_792' title='bbox 802 4813 870 4868; x_wconf 90' lang='lat' dir='ltr'><strong>ad</strong></span> <span class='ocrx_word' id='word_1_793' title='bbox 898 4811 1272 4884; x_wconf 90' lang='lat' dir='ltr'><strong>Volusianum,</strong></span> <span class='ocrx_word' id='word_1_794' title='bbox 1306 4825 1372 4866; x_wconf 90' lang='lat' dir='ltr'><strong>eo</strong></span> <span class='ocrx_word' id='word_1_795' title='bbox 1401 4824 1664 4884; x_wconf 87' lang='lat' dir='ltr'><strong>tempore,</strong></span> <span class='ocrx_word' id='word_1_796' title='bbox 1698 4811 1766 4866; x_wconf 89' lang='lat' dir='ltr'><strong>de</strong></span> <span class='ocrx_word' id='word_1_797' title='bbox 1809 4815 2066 4880; x_wconf 56' lang='lat' dir='ltr'><strong>quaestio-</strong></span> 
     </span>
    </p>
   </div>
   <div class='ocr_carea' id='block_1_115' title="bbox 481 4883 2064 4953">
    <p class='ocr_par' dir='ltr' id='par_1_115' title="bbox 481 4883 2064 4953">
     <span class='ocr_line' id='line_1_117' title="bbox 481 4883 2064 4953; baseline 0.001 -15"><span class='ocrx_word' id='word_1_798' title='bbox 481 4883 644 4942; x_wconf 85' lang='lat' dir='ltr'><strong>nibus</strong></span> <span class='ocrx_word' id='word_1_799' title='bbox 673 4886 738 4938; x_wconf 90' lang='lat' dir='ltr'><strong>ad</strong></span> <span class='ocrx_word' id='word_1_800' title='bbox 769 4885 929 4939; x_wconf 87' lang='lat' dir='ltr'><strong>fidem</strong></span> <span class='ocrx_word' id='word_1_801' title='bbox 956 4883 1305 4939; x_wconf 88' lang='lat' dir='ltr'><strong>christianam</strong></span> <span class='ocrx_word' id='word_1_802' title='bbox 1336 4883 1724 4953; x_wconf 85' lang='lat' dir='ltr'><strong>spectantibus,</strong></span> <span class='ocrx_word' id='word_1_803' title='bbox 1756 4898 1865 4937; x_wconf 93' lang='lat' dir='ltr'><strong>non</strong></span> <span class='ocrx_word' id='word_1_804' title='bbox 1895 4885 2064 4940; x_wconf 88' lang='lat' dir='ltr'><strong>semel</strong></span> 
     </span>
    </p>
   </div>
   <div class='ocr_carea' id='block_1_116' title="bbox 481 4953 1348 5026">
    <p class='ocr_par' dir='ltr' id='par_1_116' title="bbox 481 4953 1348 5026">
     <span class='ocr_line' id='line_1_118' title="bbox 481 4953 1348 5026; baseline -0.005 -16"><span class='ocrx_word' id='word_1_805' title='bbox 481 4955 620 5026; x_wconf 84' lang='lat' dir='ltr'><strong>datis</strong></span> <span class='ocrx_word' id='word_1_806' title='bbox 641 4956 798 5026; x_wconf 80' lang='lat' dir='ltr'><strong>(Aug.</strong></span> <span class='ocrx_word' id='word_1_807' title='bbox 821 4956 972 5026; x_wconf 82' lang='lat' dir='ltr'><strong>epist.</strong></span> <span class='ocrx_word' id='word_1_808' title='bbox 1003 4955 1107 5010; x_wconf 77' lang='grc'><strong>155</strong></span> <span class='ocrx_word' id='word_1_809' title='bbox 1126 4965 1176 5008; x_wconf 87' lang='lat' dir='ltr'><strong>et</strong></span> <span class='ocrx_word' id='word_1_810' title='bbox 1197 4953 1348 5026; x_wconf 69' lang='lat'><strong>157).</strong></span> 
     </span>
    </p>
   </div>
   <div class='ocr_carea' id='block_1_117' title="bbox 553 5023 2069 5094">
    <p class='ocr_par' dir='ltr' id='par_1_117' title="bbox 553 5023 2069 5094">
     <span class='ocr_line' id='line_1_119' title="bbox 553 5023 2069 5094; baseline 0 -14"><span class='ocrx_word' id='word_1_811' title='bbox 553 5025 582 5064; x_wconf 70' lang='grc' dir='ltr'><strong>ι’</strong></span> <span class='ocrx_word' id='word_1_812' title='bbox 619 5023 790 5094; x_wconf 84' lang='lat' dir='ltr'><strong>Quam</strong></span> <span class='ocrx_word' id='word_1_813' title='bbox 819 5023 1053 5080; x_wconf 84' lang='lat' dir='ltr'><strong>divinam</strong></span> <span class='ocrx_word' id='word_1_814' title='bbox 1078 5026 1236 5081; x_wconf 86' lang='lat' dir='ltr'><strong>fidem</strong></span> <span class='ocrx_word' id='word_1_815' title='bbox 1272 5024 1595 5080; x_wconf 89' lang='lat' dir='ltr'><strong>Volusianus</strong></span> <span class='ocrx_word' id='word_1_816' title='bbox 1615 5023 1794 5078; x_wconf 83' lang='lat' dir='ltr'><strong>dixit?</strong></span> <span class='ocrx_word' id='word_1_817' title='bbox 1837 5026 1891 5080; x_wconf 91' lang='lat' dir='ltr'><strong>Si</strong></span> <span class='ocrx_word' id='word_1_818' title='bbox 1923 5033 2069 5080; x_wconf 59' lang='lat' dir='ltr'><strong>cater</strong></span> 
     </span>
    </p>
   </div>
   <div class='ocr_carea' id='block_1_118' title="bbox 481 5095 2066 5164">
    <p class='ocr_par' dir='ltr' id='par_1_118' title="bbox 481 5095 2066 5164">
     <span class='ocr_line' id='line_1_120' title="bbox 481 5095 2066 5164; baseline 0 -12"><span class='ocrx_word' id='word_1_819' title='bbox 481 5097 784 5152; x_wconf 82' lang='lat' dir='ltr'><strong>chumenus</strong></span> <span class='ocrx_word' id='word_1_820' title='bbox 830 5095 965 5161; x_wconf 89' lang='lat' dir='ltr'><strong>fuit,</strong></span> <span class='ocrx_word' id='word_1_821' title='bbox 1013 5111 1134 5152; x_wconf 92' lang='lat' dir='ltr'><strong>cum</strong></span> <span class='ocrx_word' id='word_1_822' title='bbox 1165 5097 1432 5157; x_wconf 88' lang='lat' dir='ltr'><strong>ediceret,</strong></span> <span class='ocrx_word' id='word_1_823' title='bbox 1484 5110 1601 5148; x_wconf 89' lang='lat' dir='ltr'><strong>eam</strong></span> <span class='ocrx_word' id='word_1_824' title='bbox 1630 5110 1752 5164; x_wconf 70' lang='lat' dir='ltr'><strong>qua:</strong></span> <span class='ocrx_word' id='word_1_825' title='bbox 1791 5095 1844 5150; x_wconf 93' lang='lat' dir='ltr'><strong>in</strong></span> <span class='ocrx_word' id='word_1_826' title='bbox 1876 5113 2066 5152; x_wconf 88' lang='lat' dir='ltr'><strong>verum</strong></span> 
     </span>
    </p>
   </div>
   <div class='ocr_carea' id='block_1_119' title="bbox 482 5166 2069 5238">
    <p class='ocr_par' dir='ltr' id='par_1_119' title="bbox 482 5166 2069 5238">
     <span class='ocr_line' id='line_1_121' title="bbox 482 5166 2069 5238; baseline 0 -16"><span class='ocrx_word' id='word_1_827' title='bbox 482 5168 652 5223; x_wconf 89' lang='lat' dir='ltr'><strong>Deum</strong></span> <span class='ocrx_word' id='word_1_828' title='bbox 674 5177 795 5234; x_wconf 90' lang='lat' dir='ltr'><strong>est;</strong></span> <span class='ocrx_word' id='word_1_829' title='bbox 827 5168 875 5223; x_wconf 91' lang='lat' dir='ltr'><strong>si</strong></span> <span class='ocrx_word' id='word_1_830' title='bbox 893 5169 1191 5238; x_wconf 85' lang='lat' dir='ltr'><strong>etiamnum</strong></span> <span class='ocrx_word' id='word_1_831' title='bbox 1215 5167 1397 5238; x_wconf 86' lang='lat' dir='ltr'><strong>animo</strong></span> <span class='ocrx_word' id='word_1_832' title='bbox 1421 5166 1658 5238; x_wconf 84' lang='lat' dir='ltr'><strong>gentilis,</strong></span> <span class='ocrx_word' id='word_1_833' title='bbox 1682 5181 1853 5238; x_wconf 85' lang='lat' dir='ltr'><strong>quam</strong></span> <span class='ocrx_word' id='word_1_834' title='bbox 1896 5169 2069 5238; x_wconf 89' lang='lat' dir='ltr'><strong>impe-</strong></span> 
     </span>
    </p>
   </div>
   <div class='ocr_carea' id='block_1_120' title="bbox 478 5234 2066 5308">
    <p class='ocr_par' dir='ltr' id='par_1_120' title="bbox 478 5234 2066 5308">
     <span class='ocr_line' id='line_1_122' title="bbox 478 5234 2066 5308; baseline 0.001 -16"><span class='ocrx_word' id='word_1_835' title='bbox 478 5249 688 5308; x_wconf 85' lang='lat' dir='ltr'><strong>ratores</strong></span> <span class='ocrx_word' id='word_1_836' title='bbox 737 5247 1113 5308; x_wconf 89' lang='lat' dir='ltr'><strong>sequerentur.</strong></span> <span class='ocrx_word' id='word_1_837' title='bbox 1164 5234 1627 5308; x_wconf 16' lang='lat' dir='ltr'><strong>Quidquidienim</strong></span> <span class='ocrx_word' id='word_1_838' title='bbox 1680 5234 2066 5308; x_wconf 82' lang='lat' dir='ltr'><strong>imperatorum</strong></span> 
     </span>
    </p>
   </div>
   <div class='ocr_carea' id='block_1_121' title="bbox 478 5304 2063 5375">
    <p class='ocr_par' dir='ltr' id='par_1_121' title="bbox 478 5304 2063 5375">
     <span class='ocr_line' id='line_1_123' title="bbox 478 5304 2063 5375; baseline 0 -12"><span class='ocrx_word' id='word_1_839' title='bbox 478 5307 602 5375; x_wconf 81' lang='lat' dir='ltr'><strong>fuit,</strong></span> <span class='ocrx_word' id='word_1_840' title='bbox 637 5304 931 5364; x_wconf 81' lang='lat' dir='ltr'><strong>vocabatur</strong></span> <span class='ocrx_word' id='word_1_841' title='bbox 959 5311 1108 5370; x_wconf 85' lang='lat' dir='ltr'><strong>olim.</strong></span> <span class='ocrx_word' id='word_1_842' title='bbox 1133 5304 1296 5364; x_wconf 86' lang='lat' dir='ltr'><strong>etiam</strong></span> <span class='ocrx_word' id='word_1_843' title='bbox 1321 5304 1374 5361; x_wconf 57' lang='lat' dir='ltr'><strong>&#39;a</strong></span> <span class='ocrx_word' id='word_1_844' title='bbox 1415 5304 1736 5361; x_wconf 89' lang='lat' dir='ltr'><strong>Christianis</strong></span> <span class='ocrx_word' id='word_1_845' title='bbox 1758 5347 1772 5370; x_wconf 94' lang='lat'><strong>,</strong></span> <span class='ocrx_word' id='word_1_846' title='bbox 1822 5307 2063 5363; x_wconf 90' lang='lat' dir='ltr'><strong>divinum</strong></span> 
     </span>
    </p>
   </div>
   <div class='ocr_carea' id='block_1_122' title="bbox 479 5376 2067 5446">
    <p class='ocr_par' dir='ltr' id='par_1_122' title="bbox 479 5376 2067 5446">
     <span class='ocr_line' id='line_1_124' title="bbox 479 5376 2067 5446; baseline 0 -13"><span class='ocrx_word' id='word_1_847' title='bbox 479 5389 537 5434; x_wconf 90' lang='lat' dir='ltr'><strong>et</strong></span> <span class='ocrx_word' id='word_1_848' title='bbox 562 5393 797 5434; x_wconf 86' lang='lat' dir='ltr'><strong>sacrum.</strong></span> <span class='ocrx_word' id='word_1_849' title='bbox 829 5378 964 5434; x_wconf 87' lang='lat' dir='ltr'><strong>Hinc</strong></span> <span class='ocrx_word' id='word_1_850' title='bbox 989 5379 1156 5433; x_wconf 90' lang='lat' dir='ltr'><strong>divini</strong></span> <span class='ocrx_word' id='word_1_851' title='bbox 1183 5379 1418 5442; x_wconf 84' lang='lat' dir='ltr'><strong>afﬂatus,</strong></span> <span class='ocrx_word' id='word_1_852' title='bbox 1451 5376 1628 5430; x_wconf 87' lang='lat' dir='ltr'><strong>divina</strong></span> <span class='ocrx_word' id='word_1_853' title='bbox 1664 5387 1955 5446; x_wconf 67' lang='lat' dir='ltr'><strong>praecepta,</strong></span> <span class='ocrx_word' id='word_1_854' title='bbox 1985 5380 2067 5433; x_wconf 81' lang='lat' dir='ltr'><strong>di-</strong></span> 
     </span>
    </p>
   </div>
   <div class='ocr_carea' id='block_1_123' title="bbox 480 5448 2064 5519">
    <p class='ocr_par' dir='ltr' id='par_1_123' title="bbox 480 5448 2064 5519">
     <span class='ocr_line' id='line_1_125' title="bbox 480 5448 2064 5519; baseline 0.001 -16"><span class='ocrx_word' id='word_1_855' title='bbox 480 5451 625 5506; x_wconf 86' lang='lat' dir='ltr'><strong>valia</strong></span> <span class='ocrx_word' id='word_1_856' title='bbox 654 5452 1224 5519; x_wconf 79' lang='lat' dir='ltr'><strong>statuta,saucti0ties</strong></span> <span class='ocrx_word' id='word_1_857' title='bbox 1263 5448 1668 5514; x_wconf 60' lang='lat' dir='ltr'><strong>sacratissima,</strong></span> <span class='ocrx_word' id='word_1_858' title='bbox 1720 5462 1815 5516; x_wconf 90' lang='lat' dir='ltr'><strong>pro</strong></span> <span class='ocrx_word' id='word_1_859' title='bbox 1857 5449 2064 5519; x_wconf 89' lang='lat' dir='ltr'><strong>legibus</strong></span> 
     </span>
    </p>
   </div>
   <div class='ocr_carea' id='block_1_124' title="bbox 479 5518 2060 5590">
    <p class='ocr_par' dir='ltr' id='par_1_124' title="bbox 479 5518 2060 5590">
     <span class='ocr_line' id='line_1_126' title="bbox 479 5518 2060 5590; baseline 0.002 -16"><span class='ocrx_word' id='word_1_860' title='bbox 479 5519 882 5590; x_wconf 82' lang='lat' dir='ltr'><strong>imperialibus;</strong></span> <span class='ocrx_word' id='word_1_861' title='bbox 903 5518 1029 5576; x_wconf 88' lang='lat' dir='ltr'><strong>hinc</strong></span> <span class='ocrx_word' id='word_1_862' title='bbox 1044 5534 1217 5576; x_wconf 71' lang='lat' dir='ltr'><strong>sacras</strong></span> <span class='ocrx_word' id='word_1_863' title='bbox 1243 5520 1578 5590; x_wconf 86' lang='lat' dir='ltr'><strong>largitiones,</strong></span> <span class='ocrx_word' id='word_1_864' title='bbox 1598 5533 1770 5574; x_wconf 73' lang='lat' dir='ltr'><strong>sacras</strong></span> <span class='ocrx_word' id='word_1_865' title='bbox 1795 5518 2060 5590; x_wconf 62' lang='lat' dir='ltr'><strong>epistolas,</strong></span> 
     </span>
    </p>
   </div>
   <div class='ocr_carea' id='block_1_125' title="bbox 479 5590 1472 5660">
    <p class='ocr_par' dir='ltr' id='par_1_125' title="bbox 479 5590 1472 5660">
     <span class='ocr_line' id='line_1_127' title="bbox 479 5590 1472 5660; baseline -0.002 -14"><span class='ocrx_word' id='word_1_866' title='bbox 479 5599 536 5646; x_wconf 89' lang='lat' dir='ltr'><strong>et</strong></span> <span class='ocrx_word' id='word_1_867' title='bbox 563 5600 757 5646; x_wconf 68' lang='lat' dir='ltr'><strong>ctetera</strong></span> <span class='ocrx_word' id='word_1_868' title='bbox 786 5605 905 5660; x_wconf 68' lang='lat' dir='ltr'><strong>qua:</strong></span> <span class='ocrx_word' id='word_1_869' title='bbox 934 5590 1136 5659; x_wconf 88' lang='lat' dir='ltr'><strong>ubique</strong></span> <span class='ocrx_word' id='word_1_870' title='bbox 1161 5602 1472 5646; x_wconf 92' lang='lat' dir='ltr'><strong>occurrunt.</strong></span> 
     </span>
    </p>
   </div>
   <div class='ocr_carea' id='block_1_126' title="bbox 559 5661 2061 5731">
    <p class='ocr_par' dir='ltr' id='par_1_126' title="bbox 559 5661 2061 5731">
     <span class='ocr_line' id='line_1_128' title="bbox 559 5661 2061 5731; baseline 0.003 -17"><span class='ocrx_word' id='word_1_871' title='bbox 559 5672 581 5699; x_wconf 75' lang='grc' dir='ltr'><strong>ο</strong></span> <span class='ocrx_word' id='word_1_872' title='bbox 621 5661 981 5730; x_wconf 89' lang='lat' dir='ltr'><strong>Imperatores</strong></span> <span class='ocrx_word' id='word_1_873' title='bbox 1023 5664 1380 5731; x_wconf 87' lang='lat' dir='ltr'><strong>insequuntur</strong></span> <span class='ocrx_word' id='word_1_874' title='bbox 1407 5661 1725 5730; x_wconf 65' lang='lat' dir='ltr'><strong>haereticos,</strong></span> <span class='ocrx_word' id='word_1_875' title='bbox 1774 5663 1922 5718; x_wconf 90' lang='lat' dir='ltr'><strong>velut</strong></span> <span class='ocrx_word' id='word_1_876' title='bbox 1960 5663 2061 5718; x_wconf 83' lang='lat' dir='ltr'><strong>ho-</strong></span> 
     </span>
    </p>
   </div>
   <div class='ocr_carea' id='block_1_127' title="bbox 478 5732 2061 5801">
    <p class='ocr_par' dir='ltr' id='par_1_127' title="bbox 478 5732 2061 5801">
     <span class='ocr_line' id='line_1_129' title="bbox 478 5732 2061 5801; baseline 0.003 -15"><span class='ocrx_word' id='word_1_877' title='bbox 478 5740 596 5788; x_wconf 85' lang='lat' dir='ltr'><strong>stes</strong></span> <span class='ocrx_word' id='word_1_878' title='bbox 622 5733 815 5788; x_wconf 76' lang='lat' dir='ltr'><strong>divina:</strong></span> <span class='ocrx_word' id='word_1_879' title='bbox 838 5733 960 5788; x_wconf 85' lang='lat' dir='ltr'><strong>fidei</strong></span> <span class='ocrx_word' id='word_1_880' title='bbox 993 5741 1051 5789; x_wconf 91' lang='lat' dir='ltr'><strong>et</strong></span> <span class='ocrx_word' id='word_1_881' title='bbox 1079 5732 1274 5801; x_wconf 84' lang='lat' dir='ltr'><strong>quietis</strong></span> <span class='ocrx_word' id='word_1_882' title='bbox 1301 5733 1530 5800; x_wconf 80' lang='lat' dir='ltr'><strong>publicae</strong></span> <span class='ocrx_word' id='word_1_883' title='bbox 1562 5733 1903 5789; x_wconf 90' lang='lat' dir='ltr'><strong>turbatores:</strong></span> <span class='ocrx_word' id='word_1_884' title='bbox 1938 5750 2061 5791; x_wconf 88' lang='lat' dir='ltr'><strong>nam</strong></span> 
     </span>
    </p>
   </div>
   <div class='ocr_carea' id='block_1_128' title="bbox 480 5803 2063 5873">
    <p class='ocr_par' dir='ltr' id='par_1_128' title="bbox 480 5803 2063 5873">
     <span class='ocr_line' id='line_1_130' title="bbox 480 5803 2063 5873; baseline 0.003 -15"><span class='ocrx_word' id='word_1_885' title='bbox 480 5819 609 5860; x_wconf 82' lang='lat' dir='ltr'><strong>cum</strong></span> <span class='ocrx_word' id='word_1_886' title='bbox 639 5805 749 5860; x_wconf 86' lang='lat' dir='ltr'><strong>sint</strong></span> <span class='ocrx_word' id='word_1_887' title='bbox 788 5804 882 5860; x_wconf 87' lang='lat' dir='ltr'><strong>filii</strong></span> <span class='ocrx_word' id='word_1_888' title='bbox 922 5804 1178 5860; x_wconf 70' lang='lat' dir='ltr'><strong>Ecclesiae</strong></span> <span class='ocrx_word' id='word_1_889' title='bbox 1203 5845 1220 5870; x_wconf 91' lang='lat'><strong>,</strong></span> <span class='ocrx_word' id='word_1_890' title='bbox 1253 5803 1588 5860; x_wconf 90' lang='lat' dir='ltr'><strong>ulciscuntur</strong></span> <span class='ocrx_word' id='word_1_891' title='bbox 1629 5814 1893 5873; x_wconf 90' lang='lat' dir='ltr'><strong>matrem;</strong></span> <span class='ocrx_word' id='word_1_892' title='bbox 1940 5821 2063 5862; x_wconf 91' lang='lat' dir='ltr'><strong>cum</strong></span> 
     </span>
    </p>
   </div>
   <div class='ocr_carea' id='block_1_129' title="bbox 2170 4741 3773 4810">
    <p class='ocr_par' dir='ltr' id='par_1_129' title="bbox 2170 4741 3773 4810">
     <span class='ocr_line' id='line_1_131' title="bbox 2170 4741 3773 4810; baseline 0.001 -11"><span class='ocrx_word' id='word_1_893' title='bbox 2170 4742 2446 4810; x_wconf 90' lang='lat' dir='ltr'><strong>currebat,</strong></span> <span class='ocrx_word' id='word_1_894' title='bbox 2476 4741 2629 4810; x_wconf 87' lang='lat' dir='ltr'><strong>cuius</strong></span> <span class='ocrx_word' id='word_1_895' title='bbox 2656 4744 2976 4796; x_wconf 89' lang='lat' dir='ltr'><strong>auctoritate</strong></span> <span class='ocrx_word' id='word_1_896' title='bbox 3006 4745 3229 4796; x_wconf 81' lang='lat' dir='ltr'><strong>niterer.</strong></span> <span class='ocrx_word' id='word_1_897' title='bbox 3277 4741 3474 4796; x_wconf 83' lang='lat' dir='ltr'><strong>Vitium</strong></span> <span class='ocrx_word' id='word_1_898' title='bbox 3507 4755 3773 4809; x_wconf 62' lang='lat' dir='ltr'><strong>apertum</strong></span> 
     </span>
    </p>
   </div>
   <div class='ocr_carea' id='block_1_130' title="bbox 2170 4812 3776 4886">
    <p class='ocr_par' dir='ltr' id='par_1_130' title="bbox 2170 4812 3776 4886">
     <span class='ocr_line' id='line_1_132' title="bbox 2170 4812 3776 4886; baseline 0.002 -17"><span class='ocrx_word' id='word_1_899' title='bbox 2170 4823 2271 4877; x_wconf 88' lang='lat' dir='ltr'><strong>est,</strong></span> <span class='ocrx_word' id='word_1_900' title='bbox 2304 4827 2465 4886; x_wconf 89' lang='lat' dir='ltr'><strong>quem</strong></span> <span class='ocrx_word' id='word_1_901' title='bbox 2495 4814 2639 4886; x_wconf 86' lang='lat' dir='ltr'><strong>enim</strong></span> <span class='ocrx_word' id='word_1_902' title='bbox 2662 4826 2880 4866; x_wconf 91' lang='lat' dir='ltr'><strong>sensum</strong></span> <span class='ocrx_word' id='word_1_903' title='bbox 2913 4813 3116 4867; x_wconf 91' lang='lat' dir='ltr'><strong>faciunt</strong></span> <span class='ocrx_word' id='word_1_904' title='bbox 3138 4813 3224 4886; x_wconf 71' lang='lat' dir='ltr'><strong>me</strong></span> <span class='ocrx_word' id='word_1_905' title='bbox 3241 4827 3402 4886; x_wconf 77' lang='lat' dir='ltr'><strong>v_oces</strong></span> <span class='ocrx_word' id='word_1_906' title='bbox 3425 4829 3439 4866; x_wconf 88' lang='lat'><strong>:</strong></span> <span class='ocrx_word' id='word_1_907' title='bbox 3466 4812 3593 4886; x_wconf 6' lang='lat' dir='ltr'><strong>iam,</strong></span> <span class='ocrx_word' id='word_1_908' title='bbox 3621 4817 3776 4886; x_wconf 87' lang='lat' dir='ltr'><strong>leges</strong></span> 
     </span>
    </p>
   </div>
   <div class='ocr_carea' id='block_1_131' title="bbox 2169 4883 3773 4954">
    <p class='ocr_par' dir='ltr' id='par_1_131' title="bbox 2169 4883 3773 4954">
     <span class='ocr_line' id='line_1_133' title="bbox 2169 4883 3773 4954; baseline 0 -14"><span class='ocrx_word' id='word_1_909' title='bbox 2169 4883 2333 4940; x_wconf 26' lang='lat' dir='ltr'><strong>etiam’</strong></span> <span class='ocrx_word' id='word_1_910' title='bbox 2349 4884 2508 4938; x_wconf 79' lang='lat' dir='ltr'><strong>edicti</strong></span> <span class='ocrx_word' id='word_1_911' title='bbox 2537 4894 2904 4952; x_wconf 80' lang='lat' dir='ltr'><strong>persequentur</strong></span> <span class='ocrx_word' id='word_1_912' title='bbox 2927 4885 3181 4938; x_wconf 79' lang='lat' dir='ltr'><strong>absentem</strong></span> <span class='ocrx_word' id='word_1_913' title='bbox 3207 4883 3230 4936; x_wconf 80' lang='lat'><strong>?</strong></span> <span class='ocrx_word' id='word_1_914' title='bbox 3261 4884 3327 4937; x_wconf 84' lang='lat' dir='ltr'><strong>Et</strong></span> <span class='ocrx_word' id='word_1_915' title='bbox 3352 4899 3456 4954; x_wconf 91' lang='lat' dir='ltr'><strong>qua</strong></span> <span class='ocrx_word' id='word_1_916' title='bbox 3484 4883 3773 4941; x_wconf 70' lang='lat' dir='ltr'><strong>Latiniia-</strong></span> 
     </span>
    </p>
   </div>
   <div class='ocr_carea' id='block_1_132' title="bbox 2169 4955 3776 5026">
    <p class='ocr_par' dir='ltr' id='par_1_132' title="bbox 2169 4955 3776 5026">
     <span class='ocr_line' id='line_1_134' title="bbox 2169 4955 3776 5026; baseline 0.002 -16"><span class='ocrx_word' id='word_1_917' title='bbox 2169 4958 2240 5011; x_wconf 92' lang='lat' dir='ltr'><strong>tis</strong></span> <span class='ocrx_word' id='word_1_918' title='bbox 2287 4957 2403 5025; x_wconf 90' lang='lat' dir='ltr'><strong>lege</strong></span> <span class='ocrx_word' id='word_1_919' title='bbox 2446 4963 2872 5026; x_wconf 79' lang='lat' dir='ltr'><strong>connectuntur,</strong></span> <span class='ocrx_word' id='word_1_920' title='bbox 2924 4955 3056 5026; x_wconf 82' lang='lat' dir='ltr'><strong>leges</strong></span> <span class='ocrx_word' id='word_1_921' title='bbox 3099 4955 3296 5008; x_wconf 81' lang='lat' dir='ltr'><strong>edicti?</strong></span> <span class='ocrx_word' id='word_1_922' title='bbox 3345 4955 3462 5025; x_wconf 85' lang='lat' dir='ltr'><strong>Quo</strong></span> <span class='ocrx_word' id='word_1_923' title='bbox 3519 4961 3776 5024; x_wconf 87' lang='lat' dir='ltr'><strong>pertinet</strong></span> 
     </span>
    </p>
   </div>
   <div class='ocr_carea' id='block_1_133' title="bbox 2168 5023 3770 5096">
    <p class='ocr_par' dir='ltr' id='par_1_133' title="bbox 2168 5023 3770 5096">
     <span class='ocr_line' id='line_1_135' title="bbox 2168 5023 3770 5096; baseline 0 -14"><span class='ocrx_word' id='word_1_924' title='bbox 2168 5023 2498 5095; x_wconf 81' lang='lat' dir='ltr'><strong>coniunctio,</strong></span> <span class='ocrx_word' id='word_1_925' title='bbox 2544 5027 2698 5096; x_wconf 82' lang='lat' dir='ltr'><strong>etiam</strong></span> <span class='ocrx_word' id='word_1_926' title='bbox 2718 5027 2744 5077; x_wconf 70' lang='grc' dir='ltr'><em>γ</em></span> <span class='ocrx_word' id='word_1_927' title='bbox 2769 5023 2851 5079; x_wconf 83' lang='lat' dir='ltr'><strong>An</strong></span> <span class='ocrx_word' id='word_1_928' title='bbox 2874 5026 2941 5079; x_wconf 91' lang='lat' dir='ltr'><strong>ad</strong></span> <span class='ocrx_word' id='word_1_929' title='bbox 2965 5023 3264 5096; x_wconf 79' lang='lat' dir='ltr'><strong>absentem,</strong></span> <span class='ocrx_word' id='word_1_930' title='bbox 3288 5023 3439 5096; x_wconf 79' lang='lat' dir='ltr'><strong>quasi</strong></span> <span class='ocrx_word' id='word_1_931' title='bbox 3463 5023 3770 5096; x_wconf 66' lang='lat' dir='ltr'><strong>prtcfectus</strong></span> 
     </span>
    </p>
   </div>
   <div class='ocr_carea' id='block_1_134' title="bbox 2168 5095 3772 5166">
    <p class='ocr_par' dir='ltr' id='par_1_134' title="bbox 2168 5095 3772 5166">
     <span class='ocr_line' id='line_1_136' title="bbox 2168 5095 3772 5166; baseline 0.002 -15"><span class='ocrx_word' id='word_1_932' title='bbox 2168 5098 2457 5151; x_wconf 87' lang='lat' dir='ltr'><strong>amoliatur</strong></span> <span class='ocrx_word' id='word_1_933' title='bbox 2486 5095 2812 5150; x_wconf 90' lang='lat' dir='ltr'><strong>calumniam</strong></span> <span class='ocrx_word' id='word_1_934' title='bbox 2832 5141 2846 5164; x_wconf 89' lang='lat'><strong>,</strong></span> <span class='ocrx_word' id='word_1_935' title='bbox 2877 5096 3020 5166; x_wconf 88' lang='lat' dir='ltr'><strong>quod</strong></span> <span class='ocrx_word' id='word_1_936' title='bbox 3067 5098 3118 5150; x_wconf 93' lang='lat' dir='ltr'><strong>in</strong></span> <span class='ocrx_word' id='word_1_937' title='bbox 3150 5095 3544 5152; x_wconf 33' lang='lat' dir='ltr'><strong>Urbe’vers’ari</strong></span> <span class='ocrx_word' id='word_1_938' title='bbox 3574 5097 3772 5154; x_wconf 61' lang='lat' dir='ltr'><strong>Caele-</strong></span> 
     </span>
    </p>
   </div>
   <div class='ocr_carea' id='block_1_135' title="bbox 2173 5166 3764 5236">
    <p class='ocr_par' dir='ltr' id='par_1_135' title="bbox 2173 5166 3764 5236">
     <span class='ocr_line' id='line_1_137' title="bbox 2173 5166 3764 5236; baseline 0.002 -13"><span class='ocrx_word' id='word_1_939' title='bbox 2173 5169 2337 5223; x_wconf 90' lang='lat' dir='ltr'><strong>stium</strong></span> <span class='ocrx_word' id='word_1_940' title='bbox 2375 5166 2749 5236; x_wconf 87' lang='lat' dir='ltr'><strong>permisisset?</strong></span> <span class='ocrx_word' id='word_1_941' title='bbox 2780 5167 2887 5221; x_wconf 90' lang='lat' dir='ltr'><strong>Cur</strong></span> <span class='ocrx_word' id='word_1_942' title='bbox 2918 5168 3096 5235; x_wconf 91' lang='lat' dir='ltr'><strong>inepte</strong></span> <span class='ocrx_word' id='word_1_943' title='bbox 3148 5167 3493 5221; x_wconf 88' lang='lat' dir='ltr'><strong>interseritur</strong></span> <span class='ocrx_word' id='word_1_944' title='bbox 3534 5168 3764 5226; x_wconf 87' lang='lat' dir='ltr'><strong>duabus</strong></span> 
     </span>
    </p>
   </div>
   <div class='ocr_carea' id='block_1_136' title="bbox 2173 5237 3767 5307">
    <p class='ocr_par' dir='ltr' id='par_1_136' title="bbox 2173 5237 3767 5307">
     <span class='ocr_line' id='line_1_138' title="bbox 2173 5237 3767 5307; baseline 0 -15"><span class='ocrx_word' id='word_1_945' title='bbox 2173 5239 2293 5294; x_wconf 80' lang='lat' dir='ltr'><strong>aliis</strong></span> <span class='ocrx_word' id='word_1_946' title='bbox 2323 5237 2588 5292; x_wconf 85' lang='lat' dir='ltr'><strong>vocibus?</strong></span> <span class='ocrx_word' id='word_1_947' title='bbox 2612 5238 2695 5291; x_wconf 86' lang='lat' dir='ltr'><strong>An</strong></span> <span class='ocrx_word' id='word_1_948' title='bbox 2725 5238 2790 5291; x_wconf 86' lang='lat' dir='ltr'><strong>ad</strong></span> <span class='ocrx_word' id='word_1_949' title='bbox 2824 5240 3067 5304; x_wconf 85' lang='lat' dir='ltr'><strong>verbum,</strong></span> <span class='ocrx_word' id='word_1_950' title='bbox 3094 5239 3473 5307; x_wconf 78' lang='lat' dir='ltr'><strong>persequendi?</strong></span> <span class='ocrx_word' id='word_1_951' title='bbox 3515 5240 3634 5305; x_wconf 87' lang='lat' dir='ltr'><strong>Quo</strong></span> <span class='ocrx_word' id='word_1_952' title='bbox 3677 5250 3767 5293; x_wconf 84' lang='lat' dir='ltr'><strong>to-</strong></span> 
     </span>
    </p>
   </div>
   <div class='ocr_carea' id='block_1_137' title="bbox 2174 5308 3767 5379">
    <p class='ocr_par' dir='ltr' id='par_1_137' title="bbox 2174 5308 3767 5379">
     <span class='ocr_line' id='line_1_139' title="bbox 2174 5308 3767 5379; baseline 0.002 -17"><span class='ocrx_word' id='word_1_953' title='bbox 2174 5308 2383 5364; x_wconf 86' lang='lat' dir='ltr'><strong>lerabili</strong></span> <span class='ocrx_word' id='word_1_954' title='bbox 2415 5309 2626 5363; x_wconf 81' lang='lat' dir='ltr'><strong>sensu?</strong></span> <span class='ocrx_word' id='word_1_955' title='bbox 2665 5311 2745 5362; x_wconf 87' lang='lat' dir='ltr'><strong>An</strong></span> <span class='ocrx_word' id='word_1_956' title='bbox 2788 5308 2856 5362; x_wconf 88' lang='lat' dir='ltr'><strong>ad</strong></span> <span class='ocrx_word' id='word_1_957' title='bbox 2893 5308 3127 5363; x_wconf 90' lang='lat' dir='ltr'><strong>edictum</strong></span> <span class='ocrx_word' id='word_1_958' title='bbox 3159 5317 3214 5361; x_wconf 88' lang='lat' dir='ltr'><strong>et</strong></span> <span class='ocrx_word' id='word_1_959' title='bbox 3259 5311 3425 5378; x_wconf 82' lang='lat' dir='ltr'><strong>leges,</strong></span> <span class='ocrx_word' id='word_1_960' title='bbox 3473 5325 3595 5379; x_wconf 84' lang='lat' dir='ltr'><strong>quae</strong></span> <span class='ocrx_word' id='word_1_961' title='bbox 3634 5310 3767 5378; x_wconf 90' lang='lat' dir='ltr'><strong>jam</strong></span> 
     </span>
    </p>
   </div>
   <div class='ocr_carea' id='block_1_138' title="bbox 2174 5381 3772 5449">
    <p class='ocr_par' dir='ltr' id='par_1_138' title="bbox 2174 5381 3772 5449">
     <span class='ocr_line' id='line_1_140' title="bbox 2174 5381 3772 5449; baseline 0.001 -15"><span class='ocrx_word' id='word_1_962' title='bbox 2174 5381 2400 5449; x_wconf 91' lang='lat' dir='ltr'><strong>primum</strong></span> <span class='ocrx_word' id='word_1_963' title='bbox 2427 5386 2836 5449; x_wconf 86' lang='lat' dir='ltr'><strong>persequantur,</strong></span> <span class='ocrx_word' id='word_1_964' title='bbox 2868 5381 2950 5433; x_wconf 88' lang='lat' dir='ltr'><strong>vel</strong></span> <span class='ocrx_word' id='word_1_965' title='bbox 2981 5381 3144 5434; x_wconf 89' lang='lat' dir='ltr'><strong>etiam</strong></span> <span class='ocrx_word' id='word_1_966' title='bbox 3171 5394 3292 5449; x_wconf 73' lang='lat' dir='ltr'><strong>quas</strong></span> <span class='ocrx_word' id='word_1_967' title='bbox 3342 5381 3642 5435; x_wconf 86' lang='lat' dir='ltr'><strong>iterentur?</strong></span> <span class='ocrx_word' id='word_1_968' title='bbox 3689 5383 3772 5436; x_wconf 84' lang='lat' dir='ltr'><strong>At</strong></span> 
     </span>
    </p>
   </div>
   <div class='ocr_carea' id='block_1_139' title="bbox 2173 5449 3770 5521">
    <p class='ocr_par' dir='ltr' id='par_1_139' title="bbox 2173 5449 3770 5521">
     <span class='ocr_line' id='line_1_141' title="bbox 2173 5449 3770 5521; baseline 0.002 -16"><span class='ocrx_word' id='word_1_969' title='bbox 2173 5465 2347 5518; x_wconf 87' lang='lat' dir='ltr'><strong>neque</strong></span> <span class='ocrx_word' id='word_1_970' title='bbox 2390 5450 2748 5521; x_wconf 84' lang='lat' dir='ltr'><strong>imperator,</strong></span> <span class='ocrx_word' id='word_1_971' title='bbox 2778 5452 2862 5505; x_wconf 92' lang='lat' dir='ltr'><strong>vel</strong></span> <span class='ocrx_word' id='word_1_972' title='bbox 2906 5449 3192 5521; x_wconf 58' lang='lat' dir='ltr'><strong>praefectus</strong></span> <span class='ocrx_word' id='word_1_973' title='bbox 3241 5451 3523 5505; x_wconf 64' lang='lat' dir='ltr'><strong>haareticos</strong></span> <span class='ocrx_word' id='word_1_974' title='bbox 3585 5451 3770 5508; x_wconf 86' lang='lat' dir='ltr'><strong>aliter</strong></span> 
     </span>
    </p>
   </div>
   <div class='ocr_carea' id='block_1_140' title="bbox 2170 5520 3768 5591">
    <p class='ocr_par' dir='ltr' id='par_1_140' title="bbox 2170 5520 3768 5591">
     <span class='ocr_line' id='line_1_142' title="bbox 2170 5520 3768 5591; baseline 0.005 -19"><span class='ocrx_word' id='word_1_975' title='bbox 2170 5536 2328 5591; x_wconf 88' lang='lat' dir='ltr'><strong>quam</strong></span> <span class='ocrx_word' id='word_1_976' title='bbox 2359 5521 2563 5591; x_wconf 89' lang='lat' dir='ltr'><strong>legibus</strong></span> <span class='ocrx_word' id='word_1_977' title='bbox 2592 5531 2648 5575; x_wconf 91' lang='lat' dir='ltr'><strong>et</strong></span> <span class='ocrx_word' id='word_1_978' title='bbox 2688 5520 2879 5576; x_wconf 90' lang='lat' dir='ltr'><strong>edictis</strong></span> <span class='ocrx_word' id='word_1_979' title='bbox 2909 5520 3358 5591; x_wconf 77' lang='lat' dir='ltr'><strong>persequuntur;</strong></span> <span class='ocrx_word' id='word_1_980' title='bbox 3399 5536 3570 5591; x_wconf 89' lang='lat' dir='ltr'><strong>neque</strong></span> <span class='ocrx_word' id='word_1_981' title='bbox 3616 5532 3768 5580; x_wconf 89' lang='lat' dir='ltr'><strong>tunc</strong></span> 
     </span>
    </p>
   </div>
   <div class='ocr_carea' id='block_1_141' title="bbox 2168 5591 3764 5663">
    <p class='ocr_par' dir='ltr' id='par_1_141' title="bbox 2168 5591 3764 5663">
     <span class='ocr_line' id='line_1_143' title="bbox 2168 5591 3764 5663; baseline 0.002 -17"><span class='ocrx_word' id='word_1_982' title='bbox 2168 5593 2401 5662; x_wconf 91' lang='lat' dir='ltr'><strong>primum</strong></span> <span class='ocrx_word' id='word_1_983' title='bbox 2424 5591 2510 5647; x_wconf 90' lang='lat' dir='ltr'><strong>lex</strong></span> <span class='ocrx_word' id='word_1_984' title='bbox 2529 5602 2583 5646; x_wconf 91' lang='lat' dir='ltr'><strong>et</strong></span> <span class='ocrx_word' id='word_1_985' title='bbox 2602 5591 2836 5647; x_wconf 91' lang='lat' dir='ltr'><strong>edictum</strong></span> <span class='ocrx_word' id='word_1_986' title='bbox 2867 5593 3197 5663; x_wconf 90' lang='lat' dir='ltr'><strong>propositum</strong></span> <span class='ocrx_word' id='word_1_987' title='bbox 3219 5603 3300 5646; x_wconf 90' lang='lat' dir='ltr'><strong>est</strong></span> <span class='ocrx_word' id='word_1_988' title='bbox 3329 5593 3383 5646; x_wconf 92' lang='lat' dir='ltr'><strong>in</strong></span> <span class='ocrx_word' id='word_1_989' title='bbox 3406 5591 3764 5661; x_wconf 73' lang='lat' dir='ltr'><strong>leestium;</strong></span> 
     </span>
    </p>
   </div>
   <div class='ocr_carea' id='block_1_142' title="bbox 2171 5664 3765 5735">
    <p class='ocr_par' dir='ltr' id='par_1_142' title="bbox 2171 5664 3765 5735">
     <span class='ocr_line' id='line_1_144' title="bbox 2171 5664 3765 5735; baseline 0.003 -18"><span class='ocrx_word' id='word_1_990' title='bbox 2171 5679 2345 5733; x_wconf 89' lang='lat' dir='ltr'><strong>neque</strong></span> <span class='ocrx_word' id='word_1_991' title='bbox 2375 5666 2582 5731; x_wconf 89' lang='lat' dir='ltr'><strong>iterari,</strong></span> <span class='ocrx_word' id='word_1_992' title='bbox 2611 5664 2758 5735; x_wconf 85' lang='lat' dir='ltr'><strong>quod</strong></span> <span class='ocrx_word' id='word_1_993' title='bbox 2780 5675 3062 5735; x_wconf 86' lang='lat' dir='ltr'><strong>utrumque</strong></span> <span class='ocrx_word' id='word_1_994' title='bbox 3085 5664 3407 5733; x_wconf 88' lang='lat' dir='ltr'><strong>oportuerit,</strong></span> <span class='ocrx_word' id='word_1_995' title='bbox 3432 5667 3602 5733; x_wconf 89' lang='lat' dir='ltr'><strong>potuit</strong></span> <span class='ocrx_word' id='word_1_996' title='bbox 3636 5681 3765 5722; x_wconf 86' lang='lat' dir='ltr'><strong>non</strong></span> 
     </span>
    </p>
   </div>
   <div class='ocr_carea' id='block_1_143' title="bbox 2171 5733 3765 5806">
    <p class='ocr_par' dir='ltr' id='par_1_143' title="bbox 2171 5733 3765 5806">
     <span class='ocr_line' id='line_1_145' title="bbox 2171 5733 3765 5806; baseline 0.001 -17"><span class='ocrx_word' id='word_1_997' title='bbox 2171 5749 2290 5790; x_wconf 89' lang='lat' dir='ltr'><strong>esse</strong></span> <span class='ocrx_word' id='word_1_998' title='bbox 2317 5733 2654 5804; x_wconf 16' lang='lat' dir='ltr'><strong>probrosumd&#39;</strong></span> <span class='ocrx_word' id='word_1_999' title='bbox 2679 5733 2985 5790; x_wconf 85' lang='lat' dir='ltr'><strong>Volusiano.</strong></span> <span class='ocrx_word' id='word_1_1000' title='bbox 3019 5734 3093 5789; x_wconf 89' lang='lat' dir='ltr'><strong>lta</strong></span> <span class='ocrx_word' id='word_1_1001' title='bbox 3139 5735 3300 5804; x_wconf 85' lang='lat' dir='ltr'><strong>igitur</strong></span> <span class='ocrx_word' id='word_1_1002' title='bbox 3330 5736 3605 5806; x_wconf 86' lang='lat' dir='ltr'><strong>legendum</strong></span> <span class='ocrx_word' id='word_1_1003' title='bbox 3647 5752 3765 5804; x_wconf 86' lang='lat' dir='ltr'><strong>pu-</strong></span> 
     </span>
    </p>
   </div>
   <div class='ocr_carea' id='block_1_144' title="bbox 2172 5806 3765 5879">
    <p class='ocr_par' dir='ltr' id='par_1_144' title="bbox 2172 5806 3765 5879">
     <span class='ocr_line' id='line_1_146' title="bbox 2172 5806 3765 5879; baseline 0.003 -18"><span class='ocrx_word' id='word_1_1004' title='bbox 2172 5806 2301 5870; x_wconf 89' lang='lat' dir='ltr'><strong>tavi,</strong></span> <span class='ocrx_word' id='word_1_1005' title='bbox 2318 5811 2434 5876; x_wconf 87' lang='lat' dir='ltr'><strong>jam</strong></span> <span class='ocrx_word' id='word_1_1006' title='bbox 2466 5807 2599 5876; x_wconf 86' lang='lat' dir='ltr'><strong>leges</strong></span> <span class='ocrx_word' id='word_1_1007' title='bbox 2629 5816 2678 5861; x_wconf 79' lang='lat' dir='ltr'><strong>et</strong></span> <span class='ocrx_word' id='word_1_1008' title='bbox 2695 5810 2811 5879; x_wconf 86' lang='lat' dir='ltr'><strong>jam</strong></span> <span class='ocrx_word' id='word_1_1009' title='bbox 2841 5806 3008 5861; x_wconf 84' lang='lat' dir='ltr'><strong>edicta</strong></span> <span class='ocrx_word' id='word_1_1010' title='bbox 3037 5816 3421 5877; x_wconf 80' lang='lat' dir='ltr'><strong>persequentur.</strong></span> <span class='ocrx_word' id='word_1_1011' title='bbox 3450 5806 3578 5874; x_wconf 70' lang='lat' dir='ltr'><strong>Qum</strong></span> <span class='ocrx_word' id='word_1_1012' title='bbox 3591 5821 3765 5866; x_wconf 79' lang='lat' dir='ltr'><strong>com-</strong></span> 
     </span>
    </p>
   </div>
  </div>
