3900 6268
144 348 253 407 I09

558 349 861 410 DISSERT.
901 349 989 406 Ill.
1030 349 1122 405 DE
1160 346 1813 408 CONSTITUTIONIBUS
1853 348 2353 406 IMPERATORUM
2392 348 2459 405 IN
2495 347 2725 407 CAUSA
2765 349 3007 406 PELAG.

3296 346 3408 407 ιω

147 480 235 526 tur
262 469 552 526 absentem
584 489 597 524 :
632 471 755 537 cui,
780 470 923 541 quod
954 469 1182 539 primum
1203 479 1306 536 est,
1338 480 1553 523 aiter-na
1578 468 1727 524 urbis
1753 476 1807 532 Α
1828 483 1949 539 quae
1973 469 2171 524 saeculo
2196 479 2380 525 nostro
2409 479 2675 542 tyrannus
2722 469 3015 553 inviderat,
3046 484 3217 539 prona
3244 468 3415 525 devo-

146 572 379 634 negatur
407 563 689 633 habitatio,
721 572 779 618 ut
809 564 854 619 si
878 563 966 619 vel
992 564 1043 617 in
1077 563 1336 633 proximis
1366 560 1529 618 fuerit
1550 561 1726 619 diver-

152 670 323 723 satus,
364 667 391 693 ι
417 657 657 712 debitum
691 672 796 712 non
823 658 1015 713 evadat
1050 657 1291 725 exitium,
1322 654 1351 694 δ
1392 671 1492 728 pro
1536 658 1729 712 merito

113 782 125 789 -
151 751 471 807 temeritatis
493 761 655 821 atque
674 766 839 807 ausus
865 752 968 806 sui.

218 842 465 898 Cunctos
490 844 651 898 etiam
676 844 835 913 hujus
849 845 1012 900 edicti
1041 845 1287 900 cautione
1309 860 1726 915 praemonemus,

153 952 219 993 ne
244 938 376 1007 quis
398 937 616 1005 iniquus
659 937 819 991 noxio
845 936 1103 991 latebram
1137 947 1289 1007 putet
1336 953 1461 995 esse
1488 938 1732 1008 praeben-

157 1031 274 1086 dam
302 1045 319 1094 ;
359 1039 383 1067 ε
418 1043 509 1095 ne,
537 1044 660 1083 cum
686 1028 995 1097 hujusmodi
1016 1032 1086 1083 sit
1114 1032 1287 1099 posita
1320 1044 1496 1097 pmna,
1530 1028 1731 1099 suppli-

159 1124 288 1177 cium
319 1136 389 1176 ac
423 1121 619 1192 stylum
650 1136 871 1176 necesse
900 1122 970 1175 sit
1000 1121 1408 1192 proscriptionis
1434 1123 1729 1189 incurrere,

160 1211 451 1286 quisquis‘l
492 1215 698 1286 legibus
743 1215 937 1271 divinis
990 1215 1347 1287 humanisque
1395 1231 1543 1271 reum
1594 1215 1732 1286 apud

162 1326 214 1365 se
235 1308 507 1379 putaverit
532 1309 936 1364 occultandam.

650 1442 1099 1500 CONSTITUTIO
1153 1444 1262 1499 VII.

261 1573 637 1613 VALENTINIANI
682 1574 737 1613 Ill
783 1575 849 1613 AD
883 1574 1116 1613 AMACIUI
1147 1575 1231 1612 PP.
1285 1574 1623 1625 ολιιιιειωί,

184 1675 247 1730 De
268 1676 617 1730 conveniendis
642 1692 730 1745 per
762 1674 1061 1747 Patroclum
1084 1676 1429 1730 Arelatensem
1484 1676 1733 1747 episcopis

623 1748 929 1817 quibusdam
956 1746 1273 1818 Pelagianis.

1826 560 1973 615 tione
2000 575 2316 615 revocamus
2341 579 2353 615 :
2383 561 2593 617 scilicet
2632 571 2691 617 ut
2720 556 2978 633 quidquid
3022 575 3054 616 a
3082 559 3221 616 divis
3251 559 3403 631 prin-

1826 653 2038 723 cipibus
2066 654 2415 709 constitutum
2444 665 2551 723 est,
2581 655 2663 711 vel
2689 671 2809 727 quae
2838 655 3031 726 singuli
3056 655 3252 725 quique
3270 652 3416 709 anti-

1827 750 1981 802 stites
2001 746 2379 819 impetrarunt,
2407 749 2517 819 jugi
2560 748 2789 805 solidata
2833 748 3135 804 aeternitate
3184 762 3413 803 serven-

1830 852 1934 907 tur,
1961 857 2060 897 nec
2090 842 2401 913 cujusquam
2432 843 2628 899 audeat
2672 843 2895 898 titillare
2928 841 3303 913 praesumptio.
3348 838 3413 897 In

1830 949 1937 1005 quo
1970 948 2069 989 nos
2100 934 2255 990 nobis
2288 936 2458 1005 magis
2486 936 2778 1005 praestitum
2804 934 2883 989 ire
2920 932 3260 990 confitemur.
3290 932 3416 988 Cle-

1830 1028 1973 1081 ricos
2002 1027 2186 1094 etiam,
2221 1043 2357 1098 quos
2388 1027 2724 1083 indiscretim
2767 1026 2834 1081 ad
2871 1026 3158 1082 saeculares
3196 1024 3410 1095 judices

1832 1119 2031 1175 debere
2060 1120 2253 1174 deduci
2284 1119 2551 1175 infaustus
2593 1128 2949 1190 praesumptor
2991 1116 3261 1184 edixerat,
3295 1117 3415 1187 epi-

1832 1213 2034 1283 scopali
2064 1212 2354 1268 audientiae
2376 1228 2754 1278 reservamus;
2782 1212 2866 1266 his
2896 1210 3263 1276 manentibus,
3293 1222 3414 1279 qum

1833 1304 1975 1359 circa
2006 1319 2101 1359 eos
2145 1306 2325 1359 sanxit
2375 1305 2705 1375 antiquitas:
2758 1303 2838 1358 fas
2877 1304 3021 1359 enim
3067 1315 3172 1356 non
3231 1307 3314 1355 est
3358 1307 3419 1354 ut

1834 1395 2003 1450 divini
2060 1398 2302 1451 muneris
2375 1396 2610 1451 ministri
2666 1395 3039 1464 temporalium
3089 1402 3417 1463 potestatum

1835 1490 2137 1545 su’bdantur
2189 1492 2433 1547 arbitrio.
2488 1490 2722 1546 lllustris
2766 1492 2946 1559 itaque
2977 1489 3265 1543 auctoritas
3297 1498 3417 1554 tua,

1836 1583 1985 1637 omni
2014 1599 2127 1638 aevo
2155 1598 2407 1638 mansura
2453 1598 2573 1653 quae
2598 1582 2895 1652 iussimus,
2939 1581 2990 1634 in
3023 1578 3419 1651 provinciarum

1836 1678 2002 1731 missa
2034 1678 2301 1746 notitiam,
2331 1676 2628 1747 praecipiet,
2657 1677 2820 1729 etiam
2860 1673 2959 1728 sub
3006 1686 3163 1743 pinna
3195 1670 3420 1725 sacrile-

1837 1770 1933 1839 gii,
1964 1770 2244 1835 custodiri,
2276 1769 2585 1839 specialiter
2632 1767 2685 1821 id
2720 1766 3019 1821 illustribus
3061 1762 3419 1833 comprehen-

218 1873 240 1900 ⁸
279 1864 429 1933 lmpp.
473 1862 857 1935 Turonosmjs,
888 1872 941 1935 et
970 1862 1403 1935 Vttsurtuuuus
1447 1859 1470 1899 ί
1499 1860 1691 1917 cassa
1755 1866 1804 1927 B
1829 1879 1955 1919 sura
1981 1865 2290 1935 praeceptis,
2325 1872 2382 1919 ut
2416 1865 2468 1918 in
2495 1862 2743 1918 omnibus
2765 1863 2907 1917 circa
2925 1860 3290 1916 ecclesiastica
3311 1858 3422 1930 pri-

446 1944 471 1982 ε
500 1934 724 1989 Amacio
755 1933 815 1986 V.
850 1934 945 1987 inl.
989 1933 1089 1987 PP.
1115 1932 1416 1987 Galliarum

237 2046 507 2117 Privilegia
542 2048 929 2113 Ecclesiarum,
967 2048 1049 2103 vel
1082 2048 1406 2103 clericorum
1447 2050 1687 2105 omnium
1710 2093 1727 2117 ,

1837 1960 2029 2030 vilegia
2057 1972 2296 2016 veterum
2321 1960 2620 2031 principum
2653 1968 2851 2012 statuta
2877 1967 3183 2011 serventur.

1909 2055 2157 2111 Diversos
2189 2070 2320 2109 vero
2345 2054 2626 2125 episcopos
2648 2050 2912 2107 nefarium
2942 2047 3211 2120 Pelagiani
3229 2055 3284 2103 et
3303 2046 3424 2103 Cm-

1319 2204 1857 2265 CASTIGATIONES
1896 2210 1982 2264 ET
2021 2210 2245 2265 NOTAE.

177 2316 326 2373 moda
355 2332 439 2374 est
462 2318 635 2371 oratio
668 2317 904 2373 hominis
929 2316 1407 2386 reprehensionem
1449 2319 1739 2388 impatien-

180 2402 249 2444 ter
275 2392 516 2454 ferentis,
550 2399 606 2441 et
629 2404 861 2457 purgare
901 2404 960 2442 se
1002 2388 1253 2453 volentis,
1286 2391 1436 2457 quasi
1485 2391 1733 2445 diceret:

179 2462 381 2514 Dicatur
404 2478 527 2514 sane
549 2458 813 2514 Ctelestius
841 2460 1085 2512 hactenus
1115 2460 1325 2513 latuisse
1348 2462 1490 2527 apud
1520 2463 1735 2527 amicos,

178 2534 264 2584 etsi
288 2547 398 2585 vere
425 2548 527 2585 non
552 2533 736 2597 latuit,
758 2533 872 2596 jam
914 2532 1047 2602 leges
1078 2532 1243 2599 ipsum
1294 2543 1340 2584 et
1378 2533 1491 2601 jam
1533 2534 1696 2587 edicta
1721 2576 1736 2599 ,

180 2605 289 2656 licet
317 2602 584 2662 absentem.
617 2612 1007 2672 persequentur.

250 2683 275 2708 ⁸
317 2672 475 2729 Pana
501 2675 689 2741 capitis
725 2674 1035 2742 proponitur
1061 2672 1344 2738 leestio,
1379 2676 1424 2728 si
1474 2675 1558 2729 vel
1602 2675 1739 2730 intra

183 2748 527 2798 centesimum
554 2744 779 2813 lapidem
808 2748 1108 2798 diversatus
1136 2743 1321 2797 fuerit:
1356 2756 1515 2811 atque
1538 2746 1639 2800 hoc
1659 2758 1742 2801 est

188 2814 330 2883 quod
354 2816 676 2887 querebatur
702 2815 965 2887 Julianus,
988 2813 1125 2868 sitiri
1144 2829 1373 2887 suorum
1400 2816 1738 2887 sanguinem,

191 2897 246 2938 et
272 2887 321 2938 in
350 2885 494 2954 ipsos
522 2886 757 2953 stipulam
796 2886 994 2940 furoris
1034 2884 1232 2953 publici
1264 2884 1602 2942 inﬂammari.
1634 2884 1742 2942 [λοέ-

186 2970 309 3009 cum
332 2966 484 3011 antea
517 2957 843 3024 protulimus.

254 3024 281 3062 δ
317 3025 470 3082 Ratio
494 3028 648 3095 jussit
672 3030 949 3084 emendari
982 3031 1121 3085 hunc
1152 3032 1350 3092 locum,
1387 3037 1573 3085 contra
1599 3028 1747 3083 codi-

185 3111 299 3149 cum
323 3099 713 3168 testimonium;
747 3102 864 3167 quis
904 3103 1045 3156 enim
1078 3100 1371 3168 probabilis
1414 3116 1607 3156 sensus
1652 3100 1748 3154 lia—

188 3181 292 3221 rum
323 3182 540 3223 vocum:
574 3167 813 3224 Debitum
834 3188 934 3225 non
958 3173 1138 3226 euadat
1173 3175 1401 3226 exitium.
1436 3171 1543 3226 Pro
1569 3173 1747 3225 merito

186 3240 320 3315 etiam
350 3242 647 3295 temeritatis
676 3252 828 3307 atque
854 3260 1027 3315 ausus
1050 3247 1127 3297 sui
1160 3253 1367 3297 cunctos
1392 3243 1548 3315 hujus
1594 3243 1748 3298 edicti

187 3310 407 3363 cautione
436 3327 809 3378 pra’monemus
841 3314 865 3366 ?

254 3391 273 3418 ⁸
314 3382 507 3457 Salm.,
535 3384 833 3450 cuicumque
864 3385 1058 3437 horridi
1087 3386 1150 3437 sit
1184 3386 1350 3451 posita
1374 3401 1522 3457 paena
1549 3388 1751 3457 suppli-

190 3451 266 3527 cii,
288 3468 344 3527 ac
377 3454 587 3527 stylum
618 3470 811 3527 uertisse
841 3456 904 3507 sit
938 3458 1319 3527 proscriptionis
1352 3451 1658 3511 incurrere:
1684 3459 1749 3512 Et

193 3520 288 3592 haec
314 3520 472 3591 longe
505 3524 687 3592 pejora
718 3524 1053 3581 Baronianis.

256 3590 278 3628 ἀ
313 3590 611 3648 Ηίοειίθὴι
653 3597 1027 3650 emendatione
1068 3597 1167 3650 fuit
1209 3611 1365 3664 opus,
1413 3598 1600 3652 codice
1642 3615 1742 3652 ms.

197 3676 374 3729 lucem,
402 3665 527 3719 licet
549 3665 791 3731 dubiam,
826 3672 1165 3735 prmierente.
1218 3669 1383 3731 Leges
1431 3684 1591 3736 porro
1614 3670 1748 3722 divi-

192 3748 262 3787 nte
286 3750 384 3808 pro
432 3736 710 3808 sanctione
741 3737 1115 3807 imperatoris,
1151 3738 1395 3792 humanae
1429 3755 1525 3808 pro
1570 3741 1747 3795 ediCto

192 3806 413 3872 praefecti
444 3807 601 3860 dicta:
628 3816 768 3860 sunt.

252 3886 272 3913 ο
311 3878 427 3931 Etsi
454 3879 729 3948 utriusque
760 3879 1096 3948 imperatoris
1128 3880 1194 3935 de
1222 3895 1371 3934 more
1404 3896 1594 3934 nomen
1623 3895 1752 3935 con-

188 3947 385 4019 stitutio
412 3947 681 4017 praeferat,
717 3960 771 4004 et
802 3947 1030 4017 primum
1062 3951 1276 4019 quidem
1302 3950 1591 4005 Theodosii
1617 3996 1631 4017 ,
1683 3968 1750 4006 ex

190 4018 346 4074 tribus
375 4028 553 4073 tamen
583 4032 792 4075 constat
826 4024 890 4076 ad
924 4018 1285 4077 Theodosium
1320 4037 1423 4075 non
1458 4024 1748 4090 pertinere,

190 4090 316 4157 quod
366 4093 639 4145 nonnullis
668 4094 875 4157 visum;
918 4093 1012 4147 sed
1057 4093 1121 4146 ad
1172 4092 1620 4146 Valentinianum.
1671 4093 1751 4147 Ex

189 4159 294 4215 loco
323 4161 531 4217 scilicet
556 4163 697 4217 unde
730 4165 851 4219 data
883 4172 997 4229 est;
1029 4179 1094 4218 ex
1122 4163 1317 4217 illustri
1348 4164 1462 4217 viro
1493 4164 1560 4216 ad
1590 4180 1750 4229 quem

190 4230 413 4303 directa;
448 4245 500 4287 et
526 4249 591 4288 ex
616 4246 931 4303 argumento
954 4250 1047 4288 seu
1077 4234 1268 4287 dandae
1298 4248 1479 4289 causa.
1508 4234 1638 4287 Data
1669 4243 1754 4289 est

196 4300 462 4373 Aquileiae,
495 4320 611 4371 quze
633 4300 824 4359 civitas
851 4306 916 4358 ad
944 4305 1290 4359 Occidentale
1323 4305 1604 4373 imperium
1636 4320 1755 4372 per-

200 4372 420 4439 tinebat;
463 4374 528 4429 ad
583 4377 896 4442 przrfectum
931 4376 990 4429 P.
1021 4375 1349 4440 Galliarum,
1400 4372 1489 4442 qui
1536 4376 1755 4429 suberat

200 4442 489 4516 Occidentis
512 4448 866 4510 moderatori;
893 4447 959 4500 de
980 4448 1268 4516 episc0pis,
1284 4444 1376 4513 qui
1401 4447 1754 4499 versabantur

198 4514 247 4567 in
267 4513 547 4570 Gallicanis
578 4518 904 4586 regionibus,
938 4513 1033 4583 per
1056 4513 1360 4571 Patroclum
1384 4516 1751 4571 Arelatensem

193 4589 568 4641 conveniendis
592 4606 606 4642 :
637 4605 701 4642 ex
735 4589 817 4642 bis
846 4590 987 4642 enim
1022 4591 1160 4642 notis
1181 4598 1331 4642 certo
1356 4589 1596 4657 dignosci
1620 4588 1755 4641 solet

194 4657 253 4709 ad
279 4674 438 4724 quem
468 4661 843 4726 imperatorem
876 4674 1209 4728 unaquaeque
1239 4660 1323 4713 lex
1369 4666 1604 4727 spectet,
1654 4659 1755 4713 etsi

195 4729 421 4793 plurium
487 4745 681 4783 nomen
743 4732 793 4782 in
845 4730 1015 4783 fronte
1063 4740 1244 4799 gerat;
1306 4730 1564 4796 siquidem
1619 4730 1756 4783 alter

193 4814 475 4869 numquam
500 4801 720 4854 alterius
745 4801 976 4869 negotiis
1003 4815 1062 4853 se
1090 4801 1416 4854 immisceret
1439 4841 1451 4862 ,
1492 4801 1603 4854 suis
1634 4802 1753 4866 qui-

195 4869 315 4923 libet
355 4871 616 4924 limitibus
642 4879 946 4924 contentus.
976 4873 1308 4938 Quamquam
1361 4870 1507 4938 leges
1552 4886 1671 4939 qua:
1702 4872 1753 4924 in

194 4955 282 4992 una
310 4951 464 5009 parte
491 4942 698 5010 imperii
728 4941 1054 5008 ferebantur,
1084 4941 1429 4995 mittebantur
1452 4957 1663 5009 quoque
1690 4943 1755 4995 ad

1842 2339 1937 2390 per
1967 2323 2245 2379 Helionem
2270 2323 2569 2377 ofﬁciorum
2602 2323 2915 2393 magistrum
2945 2319 3033 2374 die
3057 2320 3136 2393 25A
3149 2319 3419 2384 Octobris,

1841 2409 1961 2448 cum
1992 2397 2329 2463 septennium
2362 2396 2636 2462 ingressus
2666 2390 2809 2447 esset
2833 2391 3259 2463 (Olympiadem:
3281 2390 3427 2463 apud

1843 2462 2090 2519 Photium
2114 2466 2230 2519 cod.
2256 2466 2367 2533 80).
2402 2468 2473 2519 Ex
2496 2466 2691 2534 quibus
2712 2472 2897 2533 aperte
2919 2462 3204 2534 coniicitur
3226 2462 3424 2517 editam

1843 2538 2060 2590 nomine
2109 2532 2465 2591 Valentiniani
2516 2532 2857 2591 sanctionem
2888 2575 2903 2598 ,
2960 2532 3214 2587 Placidia:
3263 2534 3422 2588 matri

1841 2607 2094 2677 Augusta:
2135 2608 2295 2661 tribui
2327 2607 2545 2661 debere.

1913 2673 2029 2745 Quo
2060 2681 2108 2731 in
2142 2679 2259 2731 loco
2286 2681 2447 2732 silere
2471 2694 2574 2730 non
2601 2691 2842 2744 possum,
2867 2673 3007 2742 quod
3032 2688 3178 2743 saepe
3200 2675 3427 2729 miratus

1843 2762 1985 2813 sum,
2019 2753 2180 2802 totius
2210 2750 2358 2802 orbis
2388 2748 2614 2803 Romani
2643 2749 2849 2802 clavum
2884 2746 3118 2803 tenuisse
3142 2756 3267 2799 tunc
3293 2755 3427 2799 tem-

1845 2819 1990 2887 νοτὶς
2017 2820 2151 2873 duas
2180 2820 2427 2882 feminas,
2465 2819 2801 2873 Pulcheriam
2836 2816 3127 2871 Theodosii
3158 2830 3423 2881 sororem,

1844 2903 1895 2944 et
1928 2890 2222 2945 Placidiam
2249 2889 2607 2944 Valentiniani
2642 2902 2869 2942 matrem
2897 2929 2913 2953 ,
2948 2888 3297 2956 femineisque
3328 2888 3431 2942 im-

1846 2962 2008 3030 periis
2036 2971 2091 3017 et
2120 2962 2256 3017 forte
2276 2962 2464 3015 studiis
2485 2960 2738 3015 serviisse
2760 2959 3033 3030 Orientem
3053 2955 3429 3030 Occidentem-

1846 3028 1988 3099 que,
2035 3047 2155 3088 cum
2205 3034 2330 3086 olim
2373 3034 2461 3085 vix
2510 3032 2731 3087 obedire
2778 3031 2940 3085 vellet
2973 3028 3341 3085 Constantinis
3372 3037 3430 3085 et

1846 3102 2173 3157 Tlieodosiis
2207 3104 2432 3172 Magnis.

1921 3184 1945 3221 ε
1990 3176 2065 3228 lta
2095 3170 2315 3242 quidem
2336 3174 2675 3235 Sirmondus,
2707 3172 2800 3226 sed
2830 3182 3215 3242 repugnantem
3247 3170 3434 3226 habuit

1849 3244 2177 3305 Cltilletium.
2214 3247 2264 3298 in
2296 3246 2438 3298 netis
2468 3244 2532 3297 ad
2561 3242 2915 3307 Ferrandum,
2948 3247 3032 3297 ubi
3059 3245 3223 3296 fretus
3247 3251 3434 3297 aucto-

1850 3317 2008 3369 ritate
2038 3316 2242 3370 codicis
2281 3316 2616 3369 Divionensis
2642 3355 2656 3377 ,
2698 3315 2934 3368 asseruit
2962 3330 3060 3384 pro
3091 3314 3299 3366 Amacio
3336 3328 3424 3367 re-

1850 3386 2157 3453 ponendum
2213 3386 2500 3439 Atmachio.
2555 3385 2927 3441 Contendebat
2984 3386 3033 3437 in
3096 3384 3424 3439 contrarium

1850 3452 2167 3512 Sirmondus
2191 3497 2207 3521 ,
2261 3456 2403 3511 notis
2430 3456 2495 3508 ad
2522 3452 2754 3510 Chilletii
2806 3456 2979 3509 locum
3011 3455 3388 3524 manuscriptis
3412 3496 3431 3522 ,

1852 3529 2186 3581 Almachium
2216 3543 2336 3581 esse
2363 3541 2550 3581 vocem
2580 3528 2915 3595 peregrinam
2940 3567 2955 3589 ,
2996 3526 3273 3579 Amacium
3303 3540 3433 3580 vero

1853 3598 2055 3652 dictum
2091 3614 2185 3667 pro
2217 3598 2495 3667 Amacliio,
2524 3600 2641 3651 sive
2670 3596 2933 3660 Amacho,
2976 3596 3431 3667 quemadmodum

1855 3669 2258 3722 Pammachium
2290 3684 2385 3736 pro
2412 3666 2760 3722 Pammacho.
2813 3668 2883 3721 At
2910 3667 2962 3721 id
2994 3668 3275 3735 occnpavit
3301 3666 3432 3722 Chi-

1853 3739 2266 3808 ﬂetius,negans
2289 3754 2471 3792 vocem
2486 3739 2751 3792 Almachii
2779 3742 2846 3791 ita
2874 3738 3209 3807 peregrinam
3236 3738 3430 3807 videri,

1852 3811 1978 3878 quin
2031 3813 2233 3864 mentio
2263 3809 2354 3863 llat
2386 3812 2435 3861 in
2470 3809 2847 3880 Martyrologio
2896 3810 3137 3861 Romano
3166 3808 3435 3880 Almacltii

1856 3885 2108 3952 martyris
2132 3923 2144 3938 .
2197 3884 2495 3952 imperante
2525 3878 2787 3952 Honorio,
2818 3879 3003 3952 Roma:
3036 3879 3175 3948 passi
3204 3878 3320 3952 kal.
3337 3880 3436 3952 Ja-

1856 3950 2062 4014 nuarii;
2103 3960 2159 4005 et
2185 3951 2449 4005 Almachii
2482 3951 2727 4016 praefecti
2755 3992 2769 4014 ,
2804 3950 2903 4002 sub
2932 3966 3067 4015 quo,
3100 3951 3432 4016 temporibus

1856 4023 2182 4082 Alexandri.
2231 4022 2441 4076 Caecilia
2482 4023 2796 4091 martyrium
2842 4020 2967 4072 fecit
2997 4035 3026 4072 x
3074 4018 3179 4091 kal.
3210 4018 3434 4074 Decem-

1855 4092 1990 4147 bris.
2026 4092 2225 4147 Verum
2252 4094 2409 4146 docet
2456 4090 2718 4145 Baronius
2750 4092 2801 4142 in
2851 4093 2992 4141 notis
3021 4091 3084 4140 ad
3117 4090 3437 4158 Martyrolo-

1856 4166 2022 4231 gium,
2056 4178 2163 4216 non
2187 4162 2547 4223 Almachium,
2572 4162 2613 4215 si
2640 4178 2741 4229 qua
2771 4159 2902 4231 fides
2923 4159 3265 4212 Tlteodoreto
3290 4160 3432 4228 (Lib.

1855 4230 1889 4287 v
1923 4235 2061 4287 Hist.
2093 4250 2210 4303 cap.
2242 4234 2313 4286 26
2337 4236 2353 4301 )
2378 4274 2391 4293 ,
2439 4230 2945 4303 sedTelemacltum
2998 4241 3286 4299 martyrem
3329 4232 3436 4287 dici

1856 4304 2086 4369 debere;
2118 4301 2235 4357 acta
2263 4318 2391 4357 vero
2421 4302 2670 4366 Caeciliae,
2700 4310 2756 4355 ut
2780 4301 3018 4369 pluribus
3054 4310 3263 4354 scatent
3290 4317 3439 4355 men-

1856 4374 1959 4440 dis,
1978 4374 2055 4429 sic
2074 4377 2125 4429 in
2150 4375 2249 4427 hac
2273 4388 2403 4427 voce
2431 4388 2653 4441 peccare
2676 4382 2984 4442 potuerunt.
3004 4369 3134 4427 Utut
3155 4372 3243 4437 sit,
3273 4374 3437 4427 nolint

1857 4461 1957 4515 ego
1990 4456 2163 4500 tantos
2196 4447 2335 4499 inter
2365 4445 2509 4498 viros
2539 4444 2687 4499 litem
2719 4445 2785 4498 de
2816 4458 2923 4497 uno
2966 4443 3181 4497 nomine
3217 4458 3439 4514 compo-

1859 4532 2008 4570 nere.

1930 4586 2292 4642 Gothofredus
2340 4585 2731 4657 primamlegis
2762 4592 2977 4657 partem
3024 4585 3181 4657 titulo
3207 4584 3275 4639 de
3316 4588 3438 4655 epi-

1860 4661 2042 4726 scopis
2068 4702 2081 4720 ,
2116 4655 2439 4727 postremam
2482 4656 2634 4711 titulo
2660 4658 2727 4710 de
2758 4656 3026 4727 haereticis
3050 4655 3329 4719 exhibuit,
3385 4666 3442 4712 ut

1859 4725 1976 4784 erat
2006 4725 2167 4797 prius,
2203 4730 2379 4783 datam
2409 4729 2574 4783 Basso
2604 4728 2785 4781 comiti
2819 4729 2881 4781 ll.
2912 4725 2998 4787 P.,
3027 4727 3120 4781 sed
3158 4728 3315 4797 simul
3346 4729 3442 4781 ad-

1861 4796 2068 4853 monuit
2098 4811 2335 4854 erratum
2367 4800 2419 4853 in
2447 4800 2528 4853 his
2557 4798 2778 4852 vocibus
2801 4839 2817 4862 ,
2863 4799 3035 4850 comiti
3082 4796 3150 4850 If.
3199 4796 3264 4849 P.
3299 4798 3438 4862 Quid

1861 4872 2005 4925 enim
2030 4874 2306 4925 continent
2338 4871 2482 4939 leges
2507 4869 2649 4937 quod
2675 4873 2739 4920 ad
2777 4868 3027 4922 comitem
3055 4883 3232 4939 rerum
3264 4871 3440 4939 priva-

1864 4952 2035 4994 tarum
2086 4942 2324 5007 Spectet‘!
2379 4936 2597 4994 Censuit
2642 4940 2803 5007 igitur
2852 4936 3221 5006 reponendum
3273 4937 3439 4992 Basso

195 5002 410 5065 alter-am
438 5055 453 5078 ,
488 5026 539 5064 ut
569 5002 610 5066 si
642 5013 855 5080 quando
884 5026 1019 5079 Opus
1043 5002 1219 5076 esset,
1254 5012 1449 5079 ubique
1472 5002 1758 5065 servarent-—
1782 5002 1834 5062 D
1863 5010 2007 5074 PP.,
2036 5002 2302 5079 att-quem
2332 5010 2521 5066 eodem
2552 5002 2694 5062 anno
2730 5010 2866 5062 dattr
2894 5002 3441 5080 leguntur‘Ravennze

193 5092 295 5145 tur;
328 5094 385 5134 et
407 5083 579 5136 unitas
602 5083 809 5152 imperii
839 5084 889 5135 in
916 5082 1155 5150 pluribus
1177 5082 1439 5151 capitibus
1462 5082 1760 5136 consisten-

194 5156 251 5203 tis
277 5155 675 5207 ostenderetur.

259 5221 275 5258 ί
304 5224 441 5277 Cum
467 5223 579 5278 haec
602 5224 912 5278 constitutio
926 5224 1187 5292 Aquileia:
1214 5224 1333 5277 data
1359 5222 1427 5276 sit
1455 5237 1524 5275 vit
1553 5222 1624 5275 id.
1650 5222 1755 5276 Jul.

194 5292 497 5348 Theodosio
526 5310 578 5348 xt
604 5302 661 5348 et
694 5294 1066 5348 Valentiniano
1094 5295 1307 5348 Caesare
1351 5309 1517 5358 coss.,
1556 5295 1604 5346 id
1632 5305 1715 5347 est
1740 5336 1755 5356 ,

193 5378 308 5416 anu.
344 5364 491 5427 425.
548 5368 723 5419 datam
750 5374 960 5433 oportet
999 5381 1028 5417 a
1073 5364 1445 5418 Valentiniano
1490 5364 1574 5416 vix
1621 5366 1757 5419 bene

192 5438 430 5500 sexenni,
460 5449 605 5490 Certe
628 5437 859 5489 nondum
884 5439 1143 5505 Augusto,
1167 5436 1258 5489 sed
1287 5445 1488 5488 tantum
1511 5434 1753 5505 Caesare:

192 5516 342 5559 natus
372 5517 452 5560 est
482 5507 741 5575 siquidem
770 5522 899 5560 anu.
930 5504 1035 5560 419
1063 5548 1075 5566 .
1126 5508 1211 5559 die
1240 5508 1275 5560 2
1303 5506 1385 5561 vel
1414 5508 1447 5561 5
1475 5505 1622 5559 Julii.
1668 5504 1758 5559 Di-

194 5587 306 5629 ctus
361 5592 389 5628 a
437 5576 742 5632 Theodosio
801 5578 1267 5645 Constantin0p0li
1348 5576 1755 5640 nobilissimus,

195 5646 428 5700 Horror-io
458 5649 632 5715 adhuc
657 5648 967 5715 superstite,
1004 5649 1054 5702 id
1079 5656 1182 5715 est,
1215 5648 1505 5701 ante‘diem
1540 5648 1608 5703 19
1650 5650 1758 5701 Au-

191 5721 326 5789 gusti
359 5734 483 5771 ann.
514 5710 617 5771 425
640 5759 653 5779 ,
687 5710 787 5784 qua
825 5710 1179 5772 lato'l'unctus'
1209 5729 1292 5772 est
1324 5718 1606 5789 Honorius.
1654 5723 1765 5789 Ap-

194 5788 420 5858 pellatus
445 5790 622 5844 Caesar
650 5806 794 5842 anno
835 5801 1195 5858 co;tsequente
1217 5831 1231 5853 ,
1263 5790 1347 5843 die
1378 5788 1445 5841 24
1474 5789 1716 5844 Octobris
1744 5832 1760 5855 ,

196 5856 611 5914 Thessalonice.
640 5860 907 5930 Augustus
940 5856 1164 5929 denique
1212 5862 1545 5916 renuntiatus
1576 5861 1758 5915 Roma:

1866 5095 2095 5149 quatuor
2123 5076 2245 5134 alia:
2275 5082 2417 5151 leges
2442 5122 2458 5147 ,
2508 5094 2700 5148 nempe
2728 5081 2901 5151 prima
2925 5076 2993 5151 de
3022 5076 3440 5151 conductoribus

1866 5148 1919 5205 et
1970 5152 2172 5207 homin.
2229 5148 2419 5206 donius
2476 5148 2773 5219 Augustas,
2827 5148 2998 5218 pridie
3043 5163 3173 5219 non.
3223 5148 3437 5217 Martii,

1866 5223 2048 5277 ultima
2079 5224 2145 5276 de
2176 5222 2383 5277 libertis
2413 5238 2470 5276 ιιι
2500 5217 2606 5275 kal.
2639 5217 2845 5288 April.,
2875 5219 3104 5285 septima
3131 5217 3199 5273 de
3226 5229 3442 5287 aposta-

1865 5294 1932 5365 tis
1964 5309 2035 5347 vn
2064 5295 2137 5349 id.
2168 5294 2361 5365 April.,
2395 5304 2449 5349 et
2480 5293 2733 5363 vrgesima
2761 5302 2949 5345 octava
2973 5290 3040 5344 de
3063 5289 3263 5345 Judmis
3281 5306 3333 5345 vr
3362 5292 3437 5348 id.

1864 5364 2036 5433 April.

1938 5435 2089 5501 Quod
2120 5435 2165 5489 si
2194 5436 2283 5489 lex
2306 5451 2333 5487 a
2360 5434 2647 5490 Sirmondo
2674 5433 2818 5488 edita
2850 5432 3007 5485 trium
3036 5431 3345 5500 complexio
3369 5432 3441 5487 sit

1859 5522 1888 5559 a
1941 5506 2313 5560 Valentiniano
2360 5506 2572 5561 (lassare
2617 5503 2879 5574 Aquileiae
2913 5505 3217 5574 datarum,
3267 5505 3437 5573 prima

1860 5578 2028 5631 Basso
2059 5576 2159 5629 PP.
2193 5578 2392 5630 direCIa
2416 5577 2520 5631 dici
2554 5572 2731 5645 potest
2757 5591 2849 5630 vnt
2874 5573 2946 5627 id.
2980 5572 3249 5636 Octobris,
3272 5572 3437 5628 tertia

1858 5648 2033 5703 eidem
2066 5663 2153 5701 vm
2185 5648 2257 5701 id.
2285 5647 2529 5717 AuguSti,
2564 5647 2735 5701 media
2762 5646 2985 5700 Amacio
3015 5646 3116 5700 PP.
3142 5646 3438 5717 Galliarum

1861 5734 1933 5773 vn
1961 5720 2033 5772 id.
2059 5718 2191 5780 Jul.,
2216 5716 2385 5786 eaque
2402 5721 2608 5773 ratione
2630 5719 2752 5773 iniri
2775 5718 2910 5771 forte
2933 5718 3130 5786 poterit
3151 5716 3435 5773 concordia

1862 5791 2210 5861 pugnantium
2250 5790 2583 5859 opinionum.
