3970 6282
485 357 594 418 415

917 359 1012 416 AD
1048 358 1330 418 PARTEM
1368 358 1638 416 PRIMAM
1675 357 1963 415 UPERUM
2002 359 2071 416 Μ.
2114 355 2557 414 MERCATORIS
2595 357 2944 415 APPENDIX
2984 356 3328 415 SECUNDA.

3653 358 3764 417 ιισ

482 476 658 531 tiones
682 473 1014 548 dissolveudi
1040 486 1414 548 argumentum
1441 489 1472 529 a
1494 474 1760 548 baptismo
1784 473 2065 548 in_lantium
2092 479 2149 542 Α
2169 475 2324 548 insito
2345 477 2461 548 jam
2498 475 2554 528 in
2592 483 2836 548 naturam
2864 477 3031 541 ipsam
3077 485 3319 548 peccato,
3340 477 3394 529 in
3438 487 3771 547 peccatorum

482 562 582 615 pro
611 555 831 615 peccato
857 544 1382 618 originali'petitum,
1412 544 1578 617 quam
1601 545 1794 618 quibus
1822 544 2069 601 Theodo-

481 631 575 701 rus
602 628 924 701 usus‘esset.
949 615 1061 701 :Sic
1107 615 1274 701 enim
1295 615 1530 701 loquitur
1559 635 1589 701 εΔ
1607 615 1714 672 Sed
1749 616 1968 688 fortasse
2004 633 2068 672 ne

480 688 606 771 ipse.
635 688 840 771 quidem
883 687 1056 744 volens
1100 691 1200 744 huc
1240 687 1487 745 deductus
1517 697 1612 752 est,
1645 687 1962 760 tantumque,
2011 698 2069 744 ut

481 759 666 814 dubios
691 776 764 813 sic
791 762 1124 828 quterentium
1169 763 1334 816 nodos
1373 761 1618 815 dissolvat
1657 759 1872 828 :Quare
1918 761 2068 828 pueri

481 778 666 814 auctos
691 778 764 813 sic
791 778 1124 828 quterenttum
1169 778 1334 816 noaos
1373 778 1618 815 atssowat
1657 778 1872 828 zuuare
1918 778 2064 832 pueri

480 832 814 886 sanctissimis
854 833 1102 901 mysteriis
1147 833 1563 886 communicant?
1609 828 1713 886 Cur
1759 831 2064 897 baptismate

479 902 628 975 digni
664 902 996 975 judicantur,
1032 905 1131 959 nisi
1175 906 1299 975 quia
1323 913 1370 959 et
1389 904 1489 976 ipsi
1527 903 1747 974 peccatis
1773 905 2060 968 abundant,

2175 547 2314 600 enim
2335 545 2446 600 hate
2470 547 2823 600 remissionem
2851 545 3186 614 conferuntur
3207 547 3233 600 .’
3277 545 3468 600 Verum
3501 547 3776 616 oportebat

2173 628 2222 671 et
2249 616 2398 670 illam
2423 616 2811 683 dubitationem,
2857 619 3043 673 multas
3063 617 3259 684 alioqui
3285 616 3548 673 habentem
3575 621 3775 677 dissol-

2173 690 2324 764 vendi
2349 690 2478 764 pias,
2510 689 2616 742 alio
2646 692 2797 743 modo
2828 691 3124 764 dissolvere,
3155 689 3493 758 absurdisque
3521 691 3629 746 illis
3655 708 3778 764 qua

2170 760 2241 831 ad
2261 760 2420 830 ipsius
2451 769 2778 831 peccatorum
2800 761 3152 817 remissionem
3179 772 3560 831 consequuntur
3588 760 3775 821 consi-

2170 830 2381 899 deratis,
2415 830 2546 888 nihil
2569 831 2822 906 ejusmodi
2853 834 3149 905 prodigiose
3168 830 3482 902 conﬁngere,
3511 843 3622 892 etc.

1623 1127 2396 1216 DISSERTATIO
2471 1129 2627 1214 IV.

1170 1294 1255 1346 DE
1285 1289 1893 1346 SUBSCRIPTIONIBUS
1927 1287 2193 1342 EXACTIS
2225 1287 2291 1340 IN
2324 1287 2532 1340 CAUSA
2563 1285 3082 1340 PELAGIANORUM.

482 1416 554 1482 In
591 1419 727 1482 hoc
757 1420 957 1484 verba
987 1420 1173 1483 Marii
1208 1421 1584 1484 Mercatoris
1619 1440 1635 1480 :
1671 1417 1974 1482 Julianus
2013 1424 2074 1477 et
2103 1414 2333 1494 reliqui
2375 1412 2704 1494 complices
2737 1413 3122 1476 subscribere
3154 1412 3600 1494 detrectantes,
3633 1433 3772 1479 non

562 1501 765 1581 solum
783 1500 1214 1581 imperialibus
1234 1499 1496 1581 legibus,
1521 1499 1627 1562 sed
1649 1509 1703 1560 et
1729 1493 2532 1581 sacerdotalibus’statutis,
2561 1493 2835 1574 depositi
2854 1502 3037 1575 atque
3059 1498 3486 1570 exauctorati,
3511 1508 3567 1558 et
3595 1495 3774 1560 omni

561 1580 756 1643 Italia
789 1575 1109 1643 deturbati
1134 1575 1314 1644 sunt:
1341 1575 1746 1664 (Commonit.
1783 1596 1924 1657 cap.
1962 1575 2052 1658 3.)

555 1701 824 1758 Hactenus
861 1717 1143 1771 supremas
1183 1713 1481 1774 potestates
1524 1703 1689 1768 duas,
1730 1700 2065 1774 ecclesiasti-

2170 1697 2516 1754 adversarios
2567 1697 2830 1763 crimine,
2879 1695 3219 1763 dicerentur;
3286 1697 3473 1754 Patres
3525 1699 3772 1759 Africani

482 1789 599 1864 eam
642 1787 695 1828 et
735 1768 1782 1864 imperatoriam:'conjunctasjvidimus
1833 1774 1884 1856 in
1915 1772 2064 1826 exci-
2097 1802 2145 1864 B
2171 1769 2688 1864 retu'lleruntiierutp
2717 1769 2782 1864 ad
2809 1783 3079 1864 summum
3107 1768 3420 1852 pontiﬁcem
3443 1771 3510 1825 de
3527 1787 3585 1826 re
3616 1780 3768 1864 toLta;

482 1845 630 1901 dium
657 1839 836 1917 unius:
853 1844 1250 1917 erroris,'illam
1293 1839 1345 1899 in
1385 1845 1633 1917 synodis.
1673 1845 1828 1898 istam
1859 1843 1912 1898 in
1936 1859 2069 1917 san-
2099 1839 2145 1864 ³³
2171 1851 2227 1894 et
2266 1839 2604 1917 ille_certior
2643 1839 2852 1917 iactus,
2894 1839 3142 1917 homines
3172 1855 3292 1917 c_ur_n
3335 1841 3773 1917 s‘uis‘erroribus

483 1915 754 1972 ctionibus
798 1914 1054 1972 Ecclesiae
1085 1917 1353 1986 judicium
1399 1914 1597 1972 secutis
1633 1935 1644 1970 :
1677 1925 1892 1983 Oportet
1917 1915 2067 1968 dein-

483 2001 612 2056 cepa
655 1987 941 2058 ostendere
983 1989 1105 2058 quis
1152 1989 1315 2043 fuerit
1352 1989 1655 2043 communis
1695 1987 1787 2042 ille
1815 1995 2064 2058 conatus,

479 2056 888 2128 communisque
946 2056 1136 2113 modus
1200 2059 1511 2123 adhibitus,
1575 2059 1642 2113 ad
1702 2057 2065 2126 praastandum

480 2129 778 2185 efﬁcaciter
803 2127 946 2198 quod
977 2130 1266 2197 prudenter
1295 2131 1349 2184 in
1379 2130 1620 2184 Ecclesia
1651 2139 1706 2184 et
1731 2130 1784 2183 in
1821 2129 1942 2182 aula
1972 2127 2069 2183 de-

479 2199 764 2255 liberatum
791 2199 987 2256 fuerat.
1016 2201 1206 2256 Nullus
1231 2217 1360 2256 vero
1395 2203 1495 2255 fuit
1517 2201 1672 2266 alius,
1705 2202 1748 2254 si
1782 2199 2067 2256 Mercatori

479 2271 781 2338 Credimus,
821 2273 907 2326 cui
951 2273 1281 2342 Augustinus
1311 2271 1697 2341 Possidiusque
1725 2285 1789 2327 ac
1833 2272 2065 2340 Prosper

478 2342 858 2414 asﬁpulantur,
901 2358 1063 2414 quam
1112 2344 1254 2410 quod
1297 2343 1556 2412 imperata
1607 2352 1690 2398 est
1739 2343 2068 2410 subscriptio

478 2414 722 2469 facienda
766 2415 1000 2470 decretis
1038 2415 1295 2471 Ecclesia:
1333 2415 1605 2485 Pelagium
1643 2414 2068 2483 leestiumque

479 2495 534 2541 et
562 2487 802 2554 reliquos
841 2485 1087 2555 ejusdem
1118 2487 1409 2556 impietatis
1448 2485 1762 2541 defensores
1803 2485 2069 2540 damnan-

477 2558 566 2610 tis.
598 2556 675 2613 De
703 2557 1102 2626 subscriptione
1132 2557 1503 2625 hujuscemodi
1536 2558 1590 2612 in
1632 2571 1792 2612 causa
1823 2556 2067 2626 Pelagia-

479 2643 671 2684 norum
700 2637 888 2684 exacta
923 2634 1096 2684 futura
1128 2639 1217 2686 est
1238 2640 1430 2700 quarta
1456 2628 1926 2700 hmcdissertatrio,
1961 2642 2065 2700 qua

475 2701 732 2770 illustrari
758 2701 1032 2770 postulant
1052 2716 1158 2755 non
1182 2698 1340 2755 allata
1368 2701 1544 2755 solum
1571 2699 1884 2770 Mercatoris
1905 2698 2068 2753 verba

475 2786 545 2825 ex
590 2768 1044 2842 Commonitorio,
1077 2771 1173 2828 sed
1202 2773 1304 2828 alia
1334 2772 1534 2842 passim
1583 2771 1636 2826 in
1678 2771 1817 2826 libro
1847 2769 2065 2826 Sulmo-

479 2844 744 2898 talionum
771 2843 953 2900 obvia.

994 2935 1225 2992 CAPUT
1263 2933 1556 2992 PRIMUM.

480 3053 610 3120 ρυω
653 3068 811 3109 causa
856 3065 904 3109 et
949 3057 1081 3109 ratio
1109 3053 1480 3109 dissertationis
1508 3053 1573 3106 de
1611 3049 2068 3123 subscriptionibus

809 3127 1002 3182 exactis
1030 3128 1087 3181 in
1113 3142 1266 3180 causa
1297 3125 1721 3198 Pelagianorum.

545 3262 701 3320 Nulla
737 3264 836 3320 fuit
873 3264 1118 3332 haeresis,
1149 3262 1291 3334 quod
1326 3262 1436 3331 jam
1475 3261 1677 3317 dictum
1707 3261 1827 3331 plus
1868 3261 2062 3334 semel,

476 3344 571 3391 aut
598 3337 928 3409 pertinacior
957 3351 1119 3409 quam
1153 3333 1460 3409 Pelagiana,
1486 3341 1586 3409 aut
1605 3349 1725 3409 quae
1743 3333 2068 3409 obstinatius

475 3416 532 3463 et
561 3404 903 3464 artiﬁciosius
943 3404 1205 3463 restiterit
1239 3404 1502 3461 adversus
1544 3404 1805 3460 Ecclesia:
1851 3405 2068 3459 decreta

475 3488 641 3548 atque
672 3481 1058 3546 imperatorum
1081 3479 1409 3533 sanctiones.
1440 3477 1618 3531 Videri
1647 3478 1820 3545 pomit
1839 3486 2066 3544 cognata

475 3547 680 3606 morbis
703 3552 794 3621 qui
814 3549 1069 3606 remediis
1090 3558 1350 3618 augentur
1373 3565 1389 3615 ;
1413 3548 1498 3602 vel
1524 3548 1836 3621 graminum
1852 3547 2063 3621 similis,

475 3637 594 3690 qua:
648 3618 831 3677 excisa
883 3621 1254 3688 sobolescunt,
1304 3632 1359 3675 et
1407 3629 1598 3675 exusta
1638 3618 1751 3672 suis
1791 3618 2065 3674 cineribus

476 3706 753 3748 seruntur.

546 3761 854 3821 Pertractus
876 3765 1050 3821 fuerat
1071 3762 1362 3820 Caelestius
1384 3761 1449 3816 ad
1473 3759 1784 3830 episcopale
1806 3759 2067 3829 judicium

475 3833 686 3909 Aurelii
713 3837 1180 3909 Carthaginensis,
1215 3835 1268 3889 in
1294 3848 1466 3909 eoque
1486 3831 1869 3909 communione
1893 3835 2070 3909 priva-

475 3915 587 3971 tus,
626 3908 798 3964 donec
833 3902 1049 3965 errbres
1101 3921 1230 3961 suos
1276 3905 1594 3969 damnaret;
1633 3903 1730 3958 sed
1781 3902 2069 3958 batreticus

475 3978 722 4048 apprime
749 3981 995 4036 eruditus
1041 3979 1147 4034 lori
1175 3976 1402 4038 artibus.
1436 3978 1760 4032 sententiam
1797 3975 2063 4044 episcopi,

475 4048 694 4105 obtenta
735 4052 879 4107 sedis
909 4051 1219 4121 apostolica:
1257 4048 1647 4121 appellatione,
1680 4061 1841 4121 quam
1883 4060 2068 4121 prose-

473 4123 564 4190 qui
615 4139 720 4177 non
767 4118 1001 4179 habebat
1052 4123 1106 4178 in
1145 4122 1347 4182 animo,
1387 4119 1698 4184 declinavit,
1741 4118 2067 4190 interimque

474 4189 635 4248 latius
655 4195 1030 4250 disseminavit
1057 4193 1332 4256 haaresim,
1359 4190 1678 4260 profugiens
1704 4191 1822 4258 ipse
1846 4189 2063 4256 quidem

473 4263 525 4336 in
552 4265 758 4332 Asiam,
783 4269 877 4322 sed
902 4281 998 4336 per
1019 4281 1150 4322 suos
1175 4263 1501 4333 Carthagine
1533 4262 1776 4327 relictos,
1802 4260 2062 4325 Africam,

472 4335 749 4392 obnitente
777 4335 913 4392 licet
934 4339 1254 4401 Augustino,
1290 4337 1381 4390 vix
1414 4350 1518 4387 non
1551 4343 1896 4401 pervertens.

545 4407 793 4479 Pelagius
829 4404 1130 4479 Diospolim,
1157 4404 1484 4479 vocatus;ad
1515 4406 1892 4479 episcoporum
1933 4418 2065 4458 con-

471 4475 699 4544 cilium;
720 4481 868 4534 venit
898 4475 1081 4534 certus
1111 4477 1332 4532 fallendi
1379 4476 1592 4541 Patres,
1633 4475 2064 4545 quibuscumque

2168 1919 2284 1987 totp
2303 1911 2435 1987 orbe
2455 1910 2952 1987 proscripsitA(Aug_.
2977 1910 3063 1964 tib.
3091 1925 3129 1964 ιι
3148 1911 3216 1964 ad
3236 1909 3581 1987 Bonifacium,
3603 1924 3690 1970 etc
3719 1916 3768 1987 )_.

2241 1981 2424 2037 Pomit
2457 1990 2589 2037 tunc
2620 1981 3038 2050 videri'penitus
3068 1991 3336 2050 prostrata
3372 1981 3626 2048 heresis,
3659 1981 3768 2041 sed

2168 2053 2298 2123 inde
2343 2063 2521 2108 tamen
2569 2053 2734 2108 altius
2783 2051 2979 2107 extulit
3023 2062 3213 2121 caput;
3263 2053 3398 2108 adeo
3444 2064 3502 2108 ut
3545 2071 3664 2123 quae
3711 2058 3773 2112 in

2167 2121 2314 2179 hunc
2338 2139 2512 2196 usque
2536 2124 2678 2196 diem
2707 2138 2806 2195 per
2832 2123 2967 2196 duos
2993 2123 3262 2192 homines,
3291 2134 3442 2181 certe
3471 2121 3778 2196 perobscu-

2168 2210 2262 2250 ros
2280 2237 2304 2267 ,ί
2349 2195 2694 2263 mussitabat,
2742 2210 2868 2249 ausa
2912 2195 2986 2249 sit
3029 2195 3333 2267 octodecim
3383 2195 3773 2267 episcoporum

2168 2280 2265 2321 ore
2296 2266 2442 2334 loqui
2471 2267 2525 2321 in
2555 2267 2728 2332 Italia,
2760 2280 3058 2337 omnesque
3088 2266 3386 2322 catholicos
3416 2266 3639 2324 infando
3671 2285 3775 2324 no-

2169 2337 2314 2392 mine
2344 2338 2674 2411 Manichzeos
2703 2337 2928 2411 liberius
2957 2337 3265 2411 appellare_.
3309 2337 3538 2411 ﬁdeique
3578 2340 3775 2398 defen-

2169 2423 2324 2464 sores
2353 2410 2547 2463 laxatae
2578 2423 2788 2464 morum
2821 2409 3053 2463 licentiae
3079 2423 3202 2463 reos
3228 2409 3431 2466 facere.

2241 2480 2538 2548 Quaesitum
2567 2492 2651 2535 est
2678 2479 2974 2535 remedium
3003 2495 3097 2550 par
3119 2490 3268 2535 tanto
3299 2482 3464 2548 malo,
3489 2497 3592 2537 nec
3619 2483 3773 2539 aliud

2169 2550 2239 2605 ab
2267 2551 2590 2622 Augustino,
2623 2552 2847 2620 aliisque
2888 2551 3005 2605 zelo
3040 2552 3132 2606 Dei
3163 2551 3481 2608 ardentibus
3523 2555 3774 2610 inveniri

2168 2625 2367 2696 potuit,
2398 2637 2557 2693 quam
2588 2623 2635 2676 si
2665 2623 2970 2696 exigeretur
3002 2623 3072 2696 ab
3105 2622 3390 2696 omnibus,
3419 2640 3524 2680 non
3551 2627 3774 2696 episco-

2170 2693 2253 2766 pis
2279 2703 2483 2749 tantum
2515 2703 2570 2748 et
2592 2693 2942 2766 presbyteris,
2970 2693 3065 2748 sed
3089 2693 3251 2766 etiam
3275 2693 3774 2752 minoribus'cleri-

2168 2764 2270 2830 cis,
2321 2766 2488 2820 immo
2533 2773 2588 2820 et
2636 2764 2810 2831 laicis,
2845 2780 3072 2835 quorum
3120 2765 3253 2820 ﬁdes
3296 2769 3350 2820 in
3399 2769 3768 2836 suspicionem

2170 2836 2435 2902 venisset,
2469 2848 2526 2891 ut
2555 2837 2715 2906 plane
2745 2847 3039 2906 aperteque
3073 2837 3484 2893 subscriberent
3515 2837 3665 2894 facta:
3693 2840 3767 2894 ab

2173 2907 2418 2963 Ecclesia
2463 2907 2794 2980 damnationi
2839 2906 3090 2973 haeresis,
3138 2915 3530 2980 auctorumque
3599 2911 3768 2966 simul

2170 2980 2261 3048 qui
2295 2979 2434 3034 hanc
2464 2979 2516 3034 in
2547 2980 2743 3048 vulgus
2772 2981 3133 3047 sparsissent;
3165 2979 3246 3034 sic
3284 2979 3638 3034 enimvisum
3681 2992 3777 3037 est

2171 3051 2388 3104 occurri
2431 3065 2589 3116 posse
2628 3049 2876 3121 malignis
2911 3049 3449 3121 artibusihominum,
3481 3051 3568 3121 qui
3597 3053 3776 3107 modo

2172 3122 2353 3175 verbis
2386 3121 2652 3189 ambiguis
2692 3119 2785 3174 sua
2816 3119 3070 3190 dogmata
3112 3119 3552 3187 dissimulabant,
3596 3124 3778 3180 modo

2092 3197 2138 3259 ο
2172 3192 2480 3262 dogmatnm
2509 3203 2758 3246 auctores
2782 3206 2886 3262 (per
2909 3191 3079 3244 solam
3103 3191 3503 3262 subi-cptionem
3531 3192 3778 3249 damna-

2171 3272 2409 3337 tos_esse
2432 3264 2708 3337 jactabant
2739 3261 2980 3337 (Nestor.
3011 3264 3173 3337 epist._
3199 3262 3236 3316 2
3263 3261 3331 3316 ad
3359 3262 3420 3318 S.
3448 3262 3780 3337 Cosmum).

2243 3334 2397 3390 Tunc
2423 3335 2687 3404 primum,
2718 3333 2914 3402 opinor
2933 3374 2947 3399 ,
2974 3333 3236 3403 contigit,
3266 3343 3321 3388 ut
3347 3334 3631 3404 conjuncta
3663 3333 3780 3392 Ec-

2171 3405 2354 3460 clesite
2409 3409 2902 3474 imperatorumque
2973 3407 3334 3472 auctoritate,
3414 3404 3781 3463 mandaretur

2171 3477 2422 3531 omnibus
2445 3477 2836 3546 cujuscumque
2860 3476 3069 3530 ordinis
3098 3476 3365 3537 ﬁdelibus.
3390 3486 3450 3530 ut
3469 3476 3781 3536 deﬁnitioni

2171 3548 2315 3603 sedis
2363 3547 2706 3618 apostolica},
2750 3549 2826 3618 sic
2874 3559 3143 3615 tamquam
3182 3548 3456 3602 communi
3507 3547 3784 3607 Ecclesiae

2171 3617 2456 3687 doctrinae,
2483 3629 2751 3686 certaeque
2783 3617 2906 3672 ﬁdei
2936 3619 3158 3688 regulas,
3193 3628 3268 3688 et,
3303 3630 3362 3672 ut
3402 3618 3641 3688 loquitur
3673 3636 3785 3688 pu-

2173 3700 2315 3762 tatus
2357 3691 2592 3752 Prosuer
2617 3688 2705 3758 (In
2745 3689 2969 3760 append.
3002 3687 3148 3758 epist.
3195 3687 3458 3762 Calestini
3482 3687 3566 3742 ad
3605 3687 3782 3762 episc.

2171 3760 2362 3832 Galt.),
2394 3775 2763 3834 aucroalrut
2799 3775 3090 3834 _nscuum_
3128 3761 3562 3834 subscriberent;
3584 3760 3788 3834 eaque

2172 3830 2383 3888 ratione
2413 3848 2564 3887 suam
2595 3833 2663 3886 ita
2696 3830 2992 3902 probarent
3026 3831 3206 3896 ﬁdem,
3236 3842 3296 3886 ut
3322 3831 3546 3902 legitimi
3578 3830 3782 3890 Eccle—

2171 3904 2268 3958 siae
2317 3904 2411 3974 ﬁlii
2446 3921 2470 3954 a
2521 3901 2882 3972 supposititiis
2929 3905 3096 3957 latere
3127 3901 3436 3974 volentibus
3483 3905 3535 3958 in
3587 3905 3783 3974 turba,

2170 3974 2221 4029 id
2254 3987 2360 4039 εει,
2385 3973 2480 4029 ﬁlii
2501 3975 2635 4028 lucis
2661 3991 2687 4025 a
2714 3973 2836 4027 ﬁliis
2852 3975 3201 4028 tenebrarum
3228 3973 3705 4031 discernerentur.

2241 4045 2436 4120 Totum
2468 4046 2570 4120 hoc
2600 4046 2871 4120 negotium
2905 4055 3303 4120 peractunrest
3319 4044 3512 4120 quinto
3543 4049 3785 4120 saiculo,

2169 4131 2277 4186 quo
2308 4117 2515 4170 nullum
2547 4117 2643 4170 fuit
2671 4117 2905 4181 doctius,
2935 4117 3142 4171 nullum
3172 4115 3472 4184 disciplinas
3502 4115 3789 4174 ecclesia;

2169 4190 2319 4242 alica:
2359 4190 2770 4253 observantius,
2803 4187 3030 4256 ideoque
3076 4187 3130 4241 in
3162 4187 3293 4241 illud
3323 4202 3424 4256 ego
3455 4189 3790 4248 existimavi

2169 4259 2512 4328 diligentiore
2543 4274 2670 4313 cura
2712 4258 3122 4327 inquirendum;
3152 4273 3259 4312 non
3305 4269 3509 4313 tantum
3543 4271 3601 4313 ut
3650 4260 3790 4317 illu-

2169 4327 2472 4384 strarentur
2502 4333 2664 4384 verba
2693 4329 3028 4396 Mercatoris,
3062 4345 3182 4399 quae
3213 4327 3447 4396 adduxi;
3480 4329 3577 4384 sed
3605 4334 3790 4391 etiam

2169 4411 2246 4466 ut,
2279 4401 2558 4470 patefactis
2587 4403 2651 4454 iis
2677 4416 2796 4470 quas
2828 4411 2955 4454 tunc
2984 4411 3132 4469 gesta
3157 4408 3285 4454 sunt
3312 4415 3341 4454 a
3363 4401 3497 4456 viris
3526 4403 3789 4458 omnium

2169 4473 2260 4540 qui
2291 4488 2543 4542 umquam
2574 4472 2724 4525 fuere
2754 4471 3276 4539 sanctissimisjuxta
3305 4480 3361 4524 et
3383 4487 3563 4527 rerum
3594 4476 3790 4530 eccle-

510 4543 853 4617 ossetdolis;
887 4551 1114 4640 ideoque
1139 4549 1418 4640 damtiavit
1446 4543 1802 4640 omnia,qu
1832 4545 2060 4640 objicie-
2088 4579 2142 4640 Β
2168 4545 2508 4640 siasticartim
2559 4543 2920 4640 peritissimis,
2969 4545 3285 4640 plistruatur
3325 4544 3790 4640 osvloquentium

471 4564 654 4674 posset
683 4564 853 4617 dolis;
887 4564 1114 4620 meoque
1139 4564 1418 4604 namnam
1446 4564 1648 4615 omnia,
1681 4564 1802 4617 quae
1832 4564 2060 4614 onjicie-

493 4629 687 4691 tantur,
715 4631 964 4678 metuens
992 4621 1233 4691 alioquin
1278 4618 1646 4691 damnationis
1672 4618 1830 4688 (Aug.
1874 4616 1962 4669 lib.
1999 4618 2064 4669 de

475 4690 622 4752 Grai.
655 4692 893 4762 Christi).
924 4690 1171 4760 Cumque
1197 4691 1376 4747 verbis
1413 4690 1681 4758 ambiguis
1710 4696 1872 4762 caput
1903 4703 2058 4762 suum

468 4765 803 4840 anathemati
844 4758 1212 4826 subduxiSSet,
1245 4764 1348 4840 sub
1373 4761 1842 4840 ementita_specie
1869 4758 2061 4840 catho:

469 4835 581 4906 lici,
610 4837 858 4892 securius
894 4845 1080 4906 postea
1118 4836 1582 4906 perniciosiusque
1617 4831 1911 4906 docuisset.
1956 4831 2057 4884 nisi

468 4901 784 4964 Theodotus
807 4911 859 4964 in
887 4901 1133 4972 Oriente,
1162 4914 1348 4962 coacta
1380 4903 1608 4975 synodo,
1638 4901 1970 4972 Augustinus
1991 4917 2059 4956 ex

465 4976 773 5046 Occidente,
809 4979 989 5034 missis
1017 4978 1174 5034 libris
1197 4977 1519 5032 obstitisset.

541 5042 778 5121 Uierque
807 5067 836 5104 a
874 5050 1003 5121 sede
1042 5048 1370 5121 apostolica,
1398 5047 1742 5121 cui‘prteerat
1789 5042 2058 5121 Innocen-

467 5120 573 5175 tius
592 5120 635 5190 l,
663 5113 877 5177 d'uobus
907 5113 1383 5190 Africteconciliis
1413 5116 1798 5190 referentibus,
1828 5113 2056 5190 damna-

468 5185 698 5266 tusAerat
729 5193 889 5266 (Aug.
922 5208 1074 5266 scrin.
1105 5189 1141 5243 2
1179 5192 1243 5266 de
1277 5190 1440 5266 verbis
1482 5187 1733 5260 Apostoli.
1775 5185 1938 5266 etc.)‘§
1970 5201 2059 5266 re-

467 5263 669 5332 scripta
697 5257 957 5320 venei'ant
995 5262 1164 5318 Roma
1198 5265 1249 5316 in
1288 5257 1555 5325 Africam;
1588 5271 1860 5332 causaque
1905 5257 2055 5311 ﬁnita

465 5327 604 5408 erat,
631 5335 675 5390 si
703 5338 824 5406 jure
856 5346 1108 5407 ageretur
1142 5353 1153 5386 :
1191 5350 1297 5389 non
1332 5345 1416 5408 est
1448 5341 1625 5408 tamen
1672 5327 1854 5408 ﬁnitus
1877 5341 2054 5391 error,

465 5405 560 5460 sed
591 5401 950 5476 compresstis
994 5415 1232 5479 tantum;
1277 5414 1332 5460 et
1375 5404 1445 5479 ita
1489 5401 1705 5479 quidem
1753 5401 1962 5479 leviter,
1997 5407 2057 5452 ut

466 5470 750 5551 postquam
783 5479 937 5551 latuit
961 5478 1243 5551 tantiSper,
1269 5478 1420 5546 quasi
1447 5470 1524 5529 ad'
1541 5470 1860 5551 reﬁciendas
1886 5470 2052 5551 vires,

466 5541 620 5602 ianto
667 5549 931 5622 pluribus,
983 5541 1387 5622 dum'obsc'ure
1429 5548 1622 5622 serpit,
1656 5541 1912 5622 probatus
1955 5541 2048 5622 §i!.

463 5611 951 5688 quanto'audacius
977 5631 1230 5676 auctores
1259 5618 1429 5688 ipsius
1453 5611 1703 5688 iurarent
1721 5627 1780 5668 se
1808 5611 1926 5666 solo
1955 5612 2056 5666 iui-

465 5690 729 5768 migorum
757 5692 882 5768 odio
913 5692 1264 5762 potentiaque
1287 5689 1552 5768 opprimi._

536 5761 667 5819 Cum
698 5765 859 5820 ambo
890 5757 1110 5825 rursus.
1152 5757 1271 5833 post
1301 5757 1505 5818 obitum
1537 5757 1868 5833 Inpocentii,
1900 5768 2054 5809 men-

463 5835 688 5893 dacibus
729 5837 929 5893 libellis
961 5849 1098 5904 pene
1129 5829 1486 5909 obtinuissent
1527 5847 1556 5909 ξι
1589 5829 1924 5909 Zosimopt
1954 5842 2052 5909 sua

463 5919 625 5964 causa
672 5902 1100 5970 retractaretur,
1143 5907 1309 5962 immo
1343 5913 1401 5959 ut
1439 5902 1720 5968 catholici,
1762 5902 1966 5968 rejecto
1997 5902 2049 5954 in

2170 4615 2375 4687 iniqua,
2404 4623 2457 4668 et
2482 4623 2722 4668 nostram
2752 4619 2802 4665 in
2830 4628 2895 4668 eo
2915 4623 3132 4687 aetatem
3160 4617 3552 4681 accusantium,
3585 4618 3635 4668 in
3659 4633 3791 4687 quo

2169 4685 2436 4752 majorum
2467 4688 2614 4754 leges
2636 4694 2690 4739 et
2718 4685 2963 4752 exempla
2993 4694 3256 4740 sectatur.

2236 4754 2466 4810 ldoueus
2498 4764 2700 4818 autem,
2747 4768 2871 4809 meo
2897 4755 3117 4824 quidem
3158 4755 3391 4826 judicio,
3434 4756 3646 4811 iuturus
3688 4772 3792 4817 est

2166 4827 2477 4896 inquirendi
2510 4826 2725 4891 modus,
2761 4827 2804 4878 si
2834 4829 3074 4881 secundo
3102 4827 3358 4894 deinceps
3388 4829 3564 4894 eripite
3589 4832 3791 4894 expli-

2163 4909 2318 4952 cetur
2347 4898 2475 4970 quid
2508 4902 2725 4951 nomine
2754 4897 3175 4970 subscriptionis
3198 4898 3250 4953 iu
3284 4897 3386 4953 hac
3407 4915 3462 4953 re
3489 4898 3793 4970 intelliga-

2164 4977 2272 5033 tur,
2305 4985 2425 5039 quze
2453 4968 2623 5038 ipsius
2647 4983 2846 5032 causai,
2870 4984 2990 5036 qua}
3017 4969 3242 5034 utilitas,
3266 4983 3372 5024 etc.
3393 4982 3410 5035 ;
3437 4972 3618 5037 tertio,
3645 4968 3790 5038 uitae

2163 5051 2306 5096 tanta
2358 5039 2516 5108 hujus
2563 5040 2786 5094 remedii
2839 5042 3130 5095 necessitas
3181 5041 3445 5095 adversus
3502 5040 3785 5099 haeresim

2162 5110 2541 5180 Pelagianam;
2591 5121 2783 5180 quarto
2832 5126 3059 5179 quorum
3110 5111 3445 5166 damnationi
3486 5113 3786 5172 subscribi

2161 5183 2473 5237 mandatum
2497 5183 2588 5242 sit,
2613 5198 2677 5234 an
2698 5181 3013 5250 dogmatum
3036 5192 3264 5246 tantum,
3290 5199 3358 5236 an
3383 5187 3544 5236 etiam
3567 5197 3783 5238 aucto-

2163 5268 2314 5318 rum;
2340 5254 2549 5321 quinto,
2582 5269 2649 5306 an
2680 5252 2926 5307 homines
2949 5254 3046 5318 illi,
3069 5268 3300 5322 quorum
3327 5253 3611 5308 damnatio
3633 5257 3790 5312 sub-

2160 5323 2526 5390 scribebatur,
2557 5323 2857 5378 faterentur
2884 5339 2944 5379 se
2971 5340 3032 5378 ea
3062 5326 3262 5380 sentire
3283 5339 3404 5394 quae
3427 5324 3790 5394 objicieban-

2159 5405 2281 5461 tur;
2321 5404 2499 5459 sexto,
2540 5411 2658 5465 qua:
2688 5395 2870 5458 fuerit,
2900 5404 2954 5450 et
2978 5411 3009 5449 a
3036 5410 3142 5464 quo
3175 5397 3490 5465 praescripta
3529 5395 3787 5456 formula

2161 5466 2283 5521 ﬁdei
2315 5465 2704 5520 subscribenda
2724 5482 2738 5530 ;
2760 5468 3013 5535 septimo,
3037 5483 3138 5535 qua
3159 5468 3486 5522 auctoritate
3515 5467 3607 5522 lex
3631 5470 3788 5525 sub-

2159 5539 2430 5592 scribendi
2467 5538 2570 5591 lata
2610 5538 2699 5596 sit.
2738 5552 2804 5590 an
2847 5539 2964 5591 sola
2994 5537 3341 5603 sacerdotali,
3387 5555 3454 5594 an
3493 5540 3791 5608 imperiali

2157 5624 2406 5680 quoque;
2434 5617 2645 5674 octavo,
2669 5608 2864 5679 quibus
2904 5611 3168 5678 imperata
3197 5611 3267 5665 sit
3303 5610 3656 5680 subscriptio,
3691 5628 3789 5672 an

2157 5675 2613 5750 solis'episcopis,
2647 5675 2715 5734 an
2758 5680 2877 5734 aliis
2908 5675 3069 5735 etiam
3100 5681 3167 5736 de
3211 5681 3382 5745 clero,
3414 5675 3581 5736 immo
3605 5675 3662 5737 et
3690 5685 3790 5744 de

2158 5751 2341 5820 plebe,
2370 5762 2422 5805 et
2440 5767 2566 5826 quae
2591 5765 2747 5818 ptena
2772 5751 3115 5808 subscribere
3144 5753 3510 5809 abnuentibus
3533 5762 3785 5826 statuta;

2161 5838 2331 5888 ιιοιιο,
2363 5823 2489 5891 quid
2523 5832 2834 5896 recusantes
2866 5835 3237 5890 causarentur,
3269 5833 3324 5880 et
3362 5841 3521 5895 quam
3553 5825 3605 5879 in
3631 5823 3789 5896 par;

2158 5902 2266 5952 tem
2288 5902 2512 5963 accepta
2556 5894 2624 5949 sit
2657 5904 2999 5950 recusantum
3037 5896 3321 5966 exceptio;
3352 5894 3595 5962 decimo,
3624 5894 3784 5963 qui-
