3970 6282
520 226 632 286 415

949 227 1046 285 AD
1081 222 1360 286 PARTEM
1398 220 1666 308 PRM/[Alii
1704 220 1988 282 OPERUM
2027 223 2114 279 M.‘
2136 219 2571 280 MERCATORIS
2607 217 2955 279 APPENDIX
2991 214 3334 279 SECUNDA.

3670 211 3783 279 ιςη

521 341 600 396 vel
621 339 772 394 etiam
805 340 1102 411 allegandas
1125 339 1362 411 putavit,
1405 337 1549 406 quasi
1590 353 1706 411 eum
1731 335 1845 411 hinc
1866 352 2104 411 perversa
2127 343 2181 402 Α
2205 336 2528 391 adversarios
2554 339 2686 411 ejus,
2729 337 3024 408 frustraque
3050 335 3196 411 aliud
3231 335 3408 406 lingua
3444 339 3783 407 pratendere,

523 414 728 476 sentire,
757 408 927 466 omnes
946 411 1036 475 qui
1052 408 1364 464 vehementes
1387 418 1436 463 et
1462 408 1840 476 quodammodo
1862 410 2098 464 ardentes

520 487 590 536 ad
625 483 807 537 bonam
852 485 1004 536 vitam
1034 483 1409 535 exhortationes
1455 481 1566 550 eius
1614 478 1911 547 audiebant,
1947 479 2099 550 facile

520 555 652 608 scire
679 572 779 608 non
816 554 1091 626 potuerint.
1125 553 1191 606 Et.
1234 559 1412 626 postea
1435 567 1472 626 Δε
1514 549 1922 626 Porrouautem,
1963 551 2097 626 sicut

517 641 611 694 ego
631 621 877 680 rationem
897 626 962 679 de
986 628 1084 678 hac
1109 639 1218 675 mea
1263 622 1478 686 epistola
1507 621 1733 694 reddidi,
1761 623 1836 674 ita
1873 623 1936 694 de
1965 623 2092 689 suis,

517 691 563 748 si
586 707 714 752 esset
735 712 955 758 necesse,
983 695 1251 748 redderent
1272 703 1486 759 quorum
1510 691 1818 762 allegantur,
1848 691 2092 758 dicentes,

518 767 595 820 vel
621 768 744 832 quid
772 767 1101 838 putaverint,_
1112 765 1188 838 vel
1215 764 1756 838 quid_ignoraverint,
1784 762 1860 816 vel
1886 779 2094 838 quara-

515 831 656 892 tione
708 831 1023 908 scripserint.
1065 831 1292 889 Proinde
1333 831 1608 902 Pelagius,
1657 831 2094 908 de‘quorumlibet

515 903 1060 965 sanctorum'amicitia
1085 923 1139 961 se
1154 908 1457 976 jactaverit,
1499 903 1840 976 quorumlibet
1884 905 1948 958 de
1985 907 2093 959 suis

515 979 754 1034 laudibus
785 979 974 1033 litteras
1001 975 1197 1046 legerit,
1226 977 1457 1047 quaelibet
1489 975 1803 1046 purgationis
1823 991 1928 1028 sua:
1951 985 2092 1047 gesta

410 1048 416 1054 ’
514 1052 817 1122 protulerit,
847 1049 944 1104 nisi
978 1065 1037 1102 ea
1052 1044 1178 1113 'qum
1201 1055 1376 1122 contra
1402 1044 1501 1122 Dei
1543 1044 2091 1122 gratiam,_qua_t7oca-

513 1115 631 1176 mur
676 1131 725 1176 et
767 1115 1134 1193 justiﬁcamur,
1179 1117 1410 1193 posuisse
1446 1116 1497 1168 in
1537 1115 1831 1193 libris.suis
1860 1118 2090 1193 _idoneo-
2129 1167 2132 1171 .

512 1209 628 1247 rum
656 1185 858 1247 testium
888 1185 990 1260 [ide
1003 1185 1260 1260 probatur,
1278 1185 2086 1260 confessusanathematisaverit,

511 1280 573 1316 ac
599 1264 783 1318 deinde
821 1257 1132 1317 contra'hwc
1159 1260 1271 1330 ipsa
1312 1257 1571 1327 scripserit
1613 1275 1673 1312 ac
1716 1258 2086 1330 disputaverit,

510 1351 829 1404 nequaquam
871 1333 950 1388 his
978 1332 1158 1403 quibus
1180 1329 1385 1399 plenius
1425 1337 1572 1382 notus
1601 1337 1676 1384 est
1701 1329 1950 1384 videbitur
1981 1346 2087 1385 esse

508 1422 624 1459 corr
654 1416 698 1458 Cl
769 1445 784 1460 ο

578 1423 918 1533 (Eiarinon;
966 1485 1628 1542 κεκενοιεκτιιιιιθοιυω
1661 1485 1856 1541 nempe
1881 1472 1971 1542 qui
2000 1472 2084 1528 vel

507 1549 761 1617 opinione
789 1545 1113 1617 sanctitatis,
1145 1544 1230 1598 vel
1259 1541 1522 1598 doctrina:
1552 1543 1722 1611 fama,
1771 1543 1858 1598 vel
1889 1541 2082 1613 opibus

505 1616 562 1673 et
590 1620 822 1674 potentia
850 1616 1125 1672 ﬂorerent.

621 1691 850 1754 aulinus,
883 1703 1002 1742 cum
1031 1687 1262 1757 primum
1314 1684 1532 1743 haeresis
1576 1685 1864 1755 Pelagiana
1910 1683 2080 1738 infor-

505 1730 1125 1826 mar'ei-ur',ws’anctitartis
1703 1730 1888 1810 gculos
1921 1757 1970 1809 in
2019 1772 2080 1812 se
2109 1730 2159 1790 Β

505 1842 846 1887 converterat
874 1829 1046 1901 (Apud
1078 1830 1297 1901 August.
1323 1829 1412 1883 lib.
1445 1827 1508 1881 de
1534 1827 1715 1882 Gratia
1743 1827 1934 1880 Christi
1961 1843 2077 1901 cap.

505 1903 636 1972 35);
675 1902 815 1958 hunc
842 1899 956 1956 suis
986 1899 1179 1972 litteris
1212 1900 1456 1972 Pelagius
1488 1902 1594 1972 “vix
1617 1913 1743 1972 inon
1782 1899 2001 1972 attraxit
2027 1903 2082 1954 in

506 1969 635 2028 suas
683 1985 894 2044 partes;
923 1984 1073 2044 certe
1105 1971 1174 2026 ita
1207 1969 1675 2044 sibihconciliavit,
1719 1978 1777 2024 ut
1799 1969 1866 2044 ab
1895 1969 2082 2044 Augu-

501 2046 648 2100 stino
671 2038 755 2100 vir
789 2053 1006 2100 sanctus
1030 2043 1098 2098 de
1123 2041 1375 2098 cavendis
1404 2041 1613 2096 insidiis
1641 2040 1848 2095 moneri
1878 2038 2080 2095 debue-

503 2116 617 2189 rit_(
633 2115 805 2189 Epist.
830 2117 861 2189 ι
869 2115 943 2189 86
958 2115 997 2186 ).

573 2180 1028 2260 Pan'imachius'et
1047 2184 1300 2260 Oceanus
1327 2183 1528 2260 eodem
1549 2189 1793 2260 tempore
1827 2180 2081 2260 nobilita-

501 2267 608 2315 tem
634 2263 851 2330 generis
893 2253 1175 2330 sanctitate
1220 2270 1448 2330 morum,
1478 2253 1790 2330 vincebant,
1819 2268 1977 2330 versa
2023 2253 2078 2308 in

498 2321 884 2386 monasterium
911 2328 1073 2383 domo
1102 2325 1480 2399 (Augustalib.
1517 2326 1582 2399 de
1606 2322 1826 2399 Peccato
1855 2321 2004 2399 0rig_.
2029 2342 2076 2399 c.

499 2401 606 2472 3);
636 2402 690 2456 in
722 2402 858 2456 hanc
875 2400 1076 2472 aditum
1107 2394 1208 2452 sibi
1225 2394 1492 2466 patefecit
1516 2395 1804 2472 leestius
1834 2410 1930 2464 per
1960 2394 2080 2449 Ori—

498 2467 827 2543 génistarum
876 2470 1094 2543 odium,
1125 2477 1184 2524 ut
1211 2483 1474 2533 errorem,
1500 2467 1548 2522 si
1588 2482 1694 2538 qua
1725 2477 1938 2536 posset,
1970 2482 2078 2522 non

499 2541 778 2600 meliorem
806 2541 1052 2598 inferret.

569 2615 784 2679 Proba,
837 2613 1083 2677 Juliana,
1140 2611 1436 2666 Demetrias
1474 2609 1792 2664 Anicianum
1839 2617 2077 2682 stemma

494 2685 778 2741 humilitati
804 2685 1001 2741 Christi
1029 2691 1474 2752 postposuerant;
1504 2683 1676 2735 aviam
1707 2680 1884 2748 specie
1911 2680 2077 2752 virtu;-

496 2757 585 2820 tis,
608 2767 834 2812 matrem
856 2750 1070 2810 viduam
1105 2750 1504 2808 adulationibus
1537 2753 1796 2821 virginem
1831 2750 2077 2806 laudibus

497 2825 748 2898 Pelagius
784 2825 1112 2898 oppugnavit
1134 2823 1329 2895 (Epist.
1365 2824 1679 2898 llappend.
1711 2823 1845 2875 inter
1868 2823 2075 2898 _A_ugus-

496 2891 657 2969 tin.).'
687 2907 742 2953 et
770 2891 907 2953 forte
934 2891 1326 2969 'expugnaSset,
1352 2895 1454 2948 nisi
1489 2893 1702 2948 fortiter
1754 2891 2078 2948 restitissent

496 2966 706 3039 Alipius
743 2977 905 3038 atque
935 2966 1280 3039 Augustinus.

567 3034 800 3107 Albinae,
819 3034 1042 3094 Piniani
1069 3047 1122 3091 et
1147 3035 1388 3090 Melaniae
1419 3034 1620 3107 familia
1650 3044 1778 3107 tunc
1819 3036 2076 3103 temporis

496 3105 841 3167 monasteriis
873 3111 1044 3180 impar
1069 3122 1174 3180 no_n
1198 3117 1323 3180 erat
1345 3105 1618 3180 religionis
1643 3105 1820 3180 studio
1845 3109 1933 3180 ;_i_n
1955 3121 2072 3159 eam
2097 3108 2146 3171 ο
2176 3105 2512 3180 supplantat,
2532 3115 2637 3180 etc.

493 3180 740 3252 irrepere
765 3175 990 3252 conatus
1013 3186 1098 3236 est
1125 3177 1411 3252 Britannus
1447 3176 1691 3252 coluber,
1706 3175 1819 3252 sed
1833 3177 2070 3252 gliscen-

495 3243 625 3308 tem'
641 3253 912 3322 prohibuit
938 3251 1262 3321 Augustinus
1291 3247 1531 3322 (Lib._de
1570 3246 1751 3322 Gratia
1779 3243 1988 3322 Christi,
2021 3254 2071 3322 et

494 3324 588 3395 lib.
619 3317 683 3379 de
709 3323 862 3395 Pecc.
895 3317 1088 3395 0τὶςῖ),
1127 3317 1821 3395 piasqueanimasduobus
1848 3317 2071 3386 integris

494 3394 650 3450 libris
675 3393 892 3450 edocuit
919 3388 1062 3449 artes
1089 3388 1392 3458 versipellis
1418 3388 1676 3444 haeretici.

569 3465 882 3522 Innocentio
911 3463 1181 3533 pontiﬁci.
1206 3477 1313 3531 quo
1355 3460 1484 3515 nihil
1530 3459 1629 3516 fuit
1654 3475 1721 3514 ea
1753 3469 2071 3533 tempestate

493 3537 753 3602 sanctius,
779 3551 872 3590 sua
904 3529 1239 3605 persuasisse
1273 3533 1546 3605 Pelagium
1587 3547 1775 3586 rumor
1812 3529 1915 3605 fuit
1942 3547 1955 3582 :
2002 3546 2070 3605 eo

497 3607 568 3662 de
587 3621 804 3662 rumore
834 3601 1007 3674 questi
1051 3613 1174 3658 sunt
1204 3603 1314 3658 suis
1352 3603 1544 3656 litteris
1570 3605 1806 3674 quinque
1835 3601 2070 3671 episcopi

495 3677 738 3750 Africani
759 3671 960 3750 (Epist.
996 3675 1117 3750 177,
1142 3674 1286 3750 inter
1313 3671 1722 3750 Augustinian.).

568 3743 998 3812 Sixtus'Romte,
1026 3745 1080 3802 in
1127 3745 1307 3800 Africa
1333 3743 1700 3813 Augustinus,
1747 3745 1798 3797 in
1850 3743 2070 3798 Oriente

495 3819 732 3876 Joannes
757 3818 1278 3890 Hierosolymitanus
1295 3856 1312 3883 ,
1334 3817 1400 3890 Ain
1429 3813 1662 3890 @g-ypto
1687 3813 2072 3890 Cyrillus,i_Se-

497 3907 656 3948 verus
681 3891 975 3961 Sulpitius,
1005 3885 1177 3961 sancti
1194 3886 1404 3942 Martini
1435 3885 1743 3956 discipulus
1768 3889 1820 3940 in
1850 3885 2068 3961 Galliis,

498 3964 742 4019 doctrina
775 3957 1018 4017 celebres
1047 3959 1368 4015 exstiterunt
1396 3969 1636 4026 tempore
1665 3957 1935 4012 nascentis
1959 3957 2070 4012 hae-

497 4035 657 4090 resis.
705 4034 916 4092 Sixtum
961 4032 1156 4086 favisse
1193 4029 1493 4098 Pelagianis
1536 4027 1712 4083 doluit
1738 4029 2071 4098 Augustinus

495 4105 704 4175 (Epist.
745 4120 864 4160 mos
906 4105 1020 4170 cit.,
1051 4111 1100 4157 et
1129 4101 1286 4175 epist.
1316 4101 1482 4175 l86)._
1501 4098 1569 4175 Et
1599 4099 2071 4175 ipsegAugus‘tinus

497 4167 691 4233 litteris
719 4191 749 4232 a
789 4167 1015 4244 Pelagio
1035 4167 1291 4228 invitatus
1319 4167 1594 4244 rescripsit
1618 4167 1771 4244 (Lib.
1815 4171 1878 4222 de
1906 4167 2071 4244 Gestis

495 4264 613 4318 cap.
643 4247 716 4302 24
733 4249 775 4317 ),
802 4241 943 4301 unde
960 4241 1894 4318 haereticusamicumsmijactarct.
1918 4241 2071 4318 Joan-

496 4314 620 4374 nem
644 4332 676 4372 a
704 4314 918 4386 Pelagio
945 4317 1224 4371 seductum
1249 4314 1610 4386 Innocentius,
1633 4314 1855 4368 Orosius
1881 4323 1934 4366 et
1962 4315 2072 4367 Au-

535 4387 743 4444 ustinus
769 4383 1129 4456 scripserunt;
1157 4385 1414 4457 Cyrillum
1435 4400 1464 4437 a
1491 4383 1778 4438 Valeriano
1809 4392 2070 4438 tentatum

497 4406 770 4516 Eusebius
809 4458 1054 4516 tradidit:
1092 4472 1122 4511 a
1152 4455 1450 4516 Pelagianis
1484 4453 1744 4510 Severum
1786 4454 2070 4516 deceptum

547 4461 770 4558 usebiaus
809 4453 1054 4558 tradidit;
1092 4472 1122 4511 a
1148 4453 1450 4558 Pelagianis
1484 4453 1744 4510 Severum
1786 4454 2070 4524 deceptum
2094 4497 2151 4558 Β

497 4531 804 4588 Gennadius
831 4539 1054 4583 teStatus
1083 4537 1188 4584 est.

568 4602 717 4656 Inter
735 4600 1030 4666 Romanos,
1054 4603 1458 4668 quorumantea
1481 4595 1592 4650 dixi
1615 4604 1877 4666 captatam
1900 4595 2066 4668 bene-

495 4673 787 4729 volentiam
806 4686 838 4726 a
863 4667 1182 4739 Pelagianis,
1205 4667 1383 4722 nullus
1404 4684 1511 4722 non
1529 4668 1718 4737 Opibus
1741 4667 2064 4736 abundabat,

497 4746 552 4802 in
601 4745 756 4814 cujus
801 4739 1092 4814 amicitiam
1121 4739 1412 4814 subrepere
1453 4754 1556 4793 non
1599 4739 2068 4814 tentariutcallidi

497 4754 552 4802 in
601 4754 756 4814 cujus
801 4754 1092 4797 amicutam
1121 4754 1412 4863 subrepere
1453 4754 1556 4793 non
1599 4754 1854 4794 tentannt
1887 4754 2068 4794 cantat

497 4815 769 4881 homines,
789 4813 1062 4883 religionis
1085 4811 1251 4866 induti
1298 4825 1504 4877 arvam,
1525 4826 1627 4879 qua
1648 4809 1856 4866 facilius
1873 4811 2071 4880 impru-

495 4889 689 4944 dentes
717 4882 996 4956 caperent.
1028 4882 1085 4956 ld
1132 4890 1309 4956 autem
1351 4890 1498 4936 tanto
1524 4883 1829 4938 nitebantur
1853 4883 2068 4956 eﬂicere

495 4954 857 5030 appetentius,
899 4955 1042 5030 quod
1067 4961 1184 5010 erat
1224 4954 1402 5008 tutura
1433 4966 1734 5030 quaastuosa
1773 4954 2075 5030 sanctitatis
2160 5007 2167 5014 ,

497 5024 703 5100 opinio.
721 5027 1204 5100 copiosissimeque
1224 5032 1440 5100 pastura
1467 5024 1614 5094 ipsos
1633 5040 1848 5100 quoque
1863 5027 1954 5100 qu_i
1979 5031 2096 5100 pr_o‘

496 5095 646 5158 sécta
689 5095 1038 5164 scriberent;
1085 5097 1439 5168 perfecissent
1480 5111 1630 5161 vero,
1682 5097 1782 5150 nisi
1810 5104 1870 5150 ut
1894 5095 2079 5168 Ctesi-

500 5177 754 5243 phontem
812 5167 1346 5243 Hieronymumusic
1395 5167 1501 5243 alii
1539 5169 1672 5222 alios
1718 5167 2091 5243 monuissent.,

2207 425 2318 461 cum
2348 424 2501 461 manu
2521 407 2669 461 aliud
2697 411 2883 463 sentire
2912 407 3322 478 camprobentur.

2271 478 2607 534 Marcellinus
2637 482 2879 535 tribunus
2905 489 2959 535 et
2989 479 3230 533 Valerius
3255 492 3439 534 comes
3462 481 3633 549 gratia
3661 479 3786 549 plu-

2203 549 2398 604 rimum
2431 559 2678 618 poterant
2697 553 2833 621 apud
2863 553 3242 621 imperatorem
3270 550 3586 617 Honorium,
3612 553 3786 608 immo

2198 631 2253 692 et
2277 623 2485 688 pietate
2525 622 2882 691 praestabant,
2916 638 2983 677 eo
3011 624 3127 691 ipso
3157 630 3396 688 tempore
3423 637 3532 691 quo
3555 637 3785 692 sparge-

2197 690 2354 745 batur
2374 692 2446 746 Pe
2457 690 2695 762 Iagianus
2724 708 2912 758 error;
2943 690 3045 748 sed
3065 700 3124 748 et
3147 690 3492 747 Marcellinus
3513 690 3781 762 praiterea

2196 763 2385 816 doctus
2401 774 2517 818 erat
2544 765 2595 817 in
2623 765 2832 832 paucis,
2868 763 3114 819 Valerius
3146 765 3200 817 in
3227 763 3457 818 excelsis
3483 764 3645 819 etiam
3678 765 3781 819 bo~

2191 833 2416 906 {toribus
2445 835 2758 891 modestiam
2780 845 2944 906 atque
2971 837 3023 888 in
3051 833 3173 906 aula
3205 833 3513 902 pudicitiam
3538 834 3778 906 colebat.

2197 902 2491 985 Utrumque
2523 902 2869 986 tentaverunt'
2909 905 3200 987 Pelagiani,
3232 914 3286 959 et
3325 906 3396 959 ita
3437 905 3678 1029 quidem,
3719 915 3782 962 ut

2197 973 2440 1029 debuerit
2459 978 2788 1029 Augustinus
2817 987 3030 1029 scribtis
3051 978 3116 1029 ad
3144 986 3431 1029 utrumaue
3475 977 3604 1029 tbris
3621 986 3779 1029 artes

2193 973 2440 1046 debuerit
2459 977 2788 1045 Augustinus
2817 978 3030 1044 scriptis
3042 973 3116 1030 ad
3144 986 3431 1046 utrumque
3451 973 3604 1032 libris
3620 986 3779 1046 artes

2189 1044 2426 1118 nefarias
2482 1044 2854 1102 hereticorum
2891 1047 3102 1118 aperire
3148 1044 3359 1118 (Libris
3399 1061 3455 1101 ιιι
3504 1049 3568 1102 de
3607 1045 3772 1102 Pecc.

2193 1114 2368 1189 Merit.
2401 1126 2446 1170 et
2476 1119 2617 1172 libris
2648 1133 2684 1175 ιι
2709 1121 2770 1172 de
2791 1114 2963 1189 Napi.
2987 1129 3033 1189 et
3053 1114 3406 1189 Con'cupisc.).

2262 1187 2377 1243 Huc
2406 1190 2638 1258 pertinet
2663 1187 2804 1258 quod
2834 1187 3134 1244 incredibili
3178 1187 3570 1245 st’udio‘omnes
3601 1190 3781 1260 majo-

2190 1273 2308 1312 rum
2354 1261 2562 1315 sedium
2610 1260 2878 1315 Ecclesias
2927 1260 3141 1322 fallere,
3199 1260 3421 1314 tentatis
3471 1262 3775 1330 episcopis,

2187 1331 2403 1401 connixi
2431 1340 2557 1401 sunt
2585 1349 2597 1382 :
2624 1330 2939 1395 Romanam,
2968 1332 3018 1384 in
3045 1330 3376 1398 Innocentio,
3400 1330 3636 1401 Zosimo,
3663 1332 3774 1387 Bo-

2187 1400 2405 1469 nifacio,
2428 1400 2740 1468 Caelestino,
2766 1404 2938 1466 Sixto,
2961 1413 3015 1456 et
3043 1401 3239 1467 Leone,
3267 1417 3362 1470 per
3389 1418 3576 1457 omnes
3605 1400 3778 1460 Scala:

2188 1471 2494 1540 principes;
2523 1473 3022 1543 Carthaginiensem,
3053 1473 3105 1526 in
3131 1473 3368 1543 Aurelio,
3407 1472 3774 1540 Ephesinam-

2185 1558 2311 1614 que,
2333 1545 2383 1596 in
2405 1544 2713 1614 Hepaclide,
2730 1541 2830 1612 per
2847 1543 3180 1610 Caelestiuni;
3202 1541 3770 1613 Thessalonicensem,

2184 1612 2239 1666 in
2269 1615 2429 1686 Rufo,
2459 1612 2554 1684 per
2579 1614 2893 1686 lulianum;
2945 1615 3395 1686 Alexandrinam,
3450 1617 3500 1686 in
3537 1612 3770 1686 Cyrillo,

2183 1697 2280 1752 per
2332 1684 2702 1749 Valerianum;
2751 1684 3287 1755 Hierosolymitanam
3314 1727 3329 1748 ,
3373 1688 3425 1738 in
3458 1684 3668 1742 JOanne
3714 1701 3772 1744 et

2188 1755 2432 1827 Praylio,
2491 1771 2584 1826 per
2637 1755 2947 1827 Pelagium;
2987 1757 3630 1824 Constantinopolitanam
3661 1801 3676 1824 ,
3713 1760 3770 1814 in

2186 1825 2396 1894 Attico,
2429 1825 2668 1900 Sisinnio
2691 1836 2747 1900 et
2791 1825 3062 1891 Nestorio,
3105 1842 3201 1896 per
3228 1828 3612 1896 septemdecim
3642 1831 3769 1900 epi-

2183 1912 2378 1964 sc0pos
2400 1915 2468 1952 ex
2496 1899 2644 1954 Italia
2675 1897 2895 1966 eiectos.

2253 1969 2486 2025 Λιιτιιιυε
2534 1983 2809 2024 ιοιιηυιι
2850 1984 3132 2038 NOBILIUI,
3182 1984 3564 2034 NOVI'I'A'I'ISQUE
3587 1987 3733 2027 ΔΙΔΝ

2183 2055 2333 2105 τιωι,
2365 2056 2498 2111 quas
2526 2041 2792 2095 adulando
2835 2041 3094 2111 malisque
3121 2042 3330 2111 artibus
3354 2040 3474 2094 aliis
3505 2042 3605 2096 sibi
3633 2059 3773 2098 con-

2182 2109 2839 2184 ciliarant.7Hieronymus
2866 2110 2959 2184 (In
3003 2112 3154 2178 epist.
3191 2113 3260 2164 ad
3287 2109 3516 2179 Ctesiph.
3541 2112 3594 2184 ):
3626 2113 3771 2181 Quid

2183 2185 2359 2236 volunt
2406 2183 2603 2236 misera:
2630 2181 2945 2236 muliercqu
2971 2193 3193 2236 onerati:
3241 2185 3483 2251 peccatis,
3512 2181 3628 2253 quc
3667 2188 3772 2239 cir-

2181 2254 2536 2324 cumferuntur
2575 2255 2713 2307 omni
2757 2261 2903 2306 vento
2945 2253 3212 2318 doctrinas,
3269 2269 3464 2324 semper
3491 2256 3768 2322 discentes,

2181 2332 2230 2376 et
2257 2341 2534 2395 numquam
2550 2325 2618 2378 ad
2645 2325 2908 2377 scientiam
2927 2325 3152 2378 veritatis
3179 2327 3521 2391 pervenientes
3544 2341 3562 2377 :
3591 2337 3640 2380 et
3669 2343 3768 2382 cte-

2181 2396 2275 2447 teri
2318 2398 2735 2468 muliercularum
2765 2395 2912 2458 socii,
2947 2395 3230 2468 prurientes
3269 2395 3511 2468 auribus,
3542 2404 3590 2450 et
3615 2397 3768 2468 igno-

2179 2477 2350 2520 rantes
2377 2467 2501 2536 quid
2540 2467 2755 2519 audiant
2782 2477 2825 2518 et
2853 2467 2978 2536 quid
3017 2466 3290 2536 loquantur
3313 2481 3333 2532 ,'
3359 2467 3450 2536 qui
3480 2466 3766 2524 vetustissi-

2179 2551 2321 2588 mum
2344 2554 2543 2591 canum
2589 2537 2735 2607 quasi
2772 2553 2951 2590 novam
2998 2538 3286 2605 suscipiunt
3329 2544 3768 2604 temperaturam;

2179 2610 2267 2676 qui
2277 2611 2434 2680 juxta
2467 2607 2781 2661 Ezechielent
2808 2608 2994 2671 liniunt
3029 2609 3277 2680 parietem
3299 2608 3487 2680 absque
3512 2619 3766 2678 tempera-

2180 2689 2366 2745 mento,
2397 2690 2444 2733 et
2473 2681 2704 2733 veniente
2742 2680 2970 2732 veritatis
2999 2679 3172 2746 pluvia
3195 2679 3510 2744 dissipantur
3532 2682 3557 2734 ?
3577 2681 3767 2738 Simon

2181 2748 2372 2822 Magus
2393 2749 2892 2822 hmresintcondidit,
2913 2749 3124 2822 Helena:
3138 2751 3349 2821 adjutus
3376 2752 3594 2822 auxilio.
3612 2752 3763 2807 Mon-

2180 2819 2331 2874 tanus
2375 2821 2564 2875 multas
2595 2820 2852 2892 Ecclesias
2889 2838 2976 2889 per
3027 2819 3259 2875 Priscum
3300 2829 3347 2874 et
3392 2821 3752 2892 Maximinum,

2179 2894 2372 2966 nobiles
2398 2904 2447 2966 et
2477 2893 2748 2966 opulentas
2791 2891 3046 2966 feminas,
3088 2895 3308 2966 primum
3326 2964 3335 2966 _
3354 2909 3480 2966 auro
3507 2891 3756 2966 corrupit,

2181 2963 2364 3017 deinde
2386 2962 2566 3018 hteresi
2585 2962 2788 3033 polluit.
2815 2963 2992 3032 Arius,
3022 2975 3074 3016 ut
3090 2962 3272 3017 orbem
3300 2964 3574 3033 deciperet,
3605 2962 3762 3020 saro-

2179 3051 2284 3089 rem
2307 3035 2552 3106 principis
2592 3043 2709 3087 ante
2737 3034 3051 3104 decepit.....
3081 3035 3291 3106 Duplex
3313 3049 3459 3088 sexus
3483 3046 3765 3106 utrumque

2249 3174 2314 3231 Et
2356 3176 2467 3230 alio
2501 3177 2551 3229 in
2586 3176 2702 3230 loco
2725 3175 2970 3246 (Dialog.
3013 3176 3040 3230 l
3071 3177 3315 3230 adversus
3370 3174 3592 3246 Pelag.)
3625 3191 3641 3228 :
3673 3177 3762 3233 Tu

2173 3258 2330 3303 tanta:
2361 3247 2682 3301 liberalitatis
2719 3264 2769 3300 es
2796 3246 3104 3317 (Pelagium
3143 3248 3490 3316 alloquitur),
3523 3258 3579 3300 ut
3607 3251 3767 3318 [avo-

2172 3336 2278 3374 rem
2324 3318 2413 3372 tibi
2449 3317 2589 3389 apud
2615 3318 2901 3372 Amasonas
2949 3329 3066 3372 tuas
3091 3321 3363 3384 concilies,
3391 3327 3446 3371 ut
3489 3317 3763 3389 scripseris

2171 3391 2436 3446 scientiam
2465 3389 2619 3454 legis,
2664 3392 2816 3443 etiam
2864 3391 3082 3454 feminas
3112 3389 3294 3445 habere
3324 3389 3616 3444 debere.....
3666 3407 3762 3444 nec

2171 3463 2351 3534 stt/ficit
2373 3462 2463 3515 tibi
2492 3460 2691 3514 dedisse
2713 3462 2904 3534 agmini
2933 3471 3022 3515 tuo
3042 3463 3308 3516 scientiam
3329 3460 3725 3531 Scripturarum
3741 3504 3757 3527 ,

2172 3532 2272 3587 nisi
2302 3548 2479 3586 earum
2504 3547 2621 3584 voce
2653 3541 2700 3586 et
2727 3532 2936 3587 canticis
2961 3533 3246 3587 delecteris.

2244 3603 2578 3674 Augustinus
2614 3600 2891 3674 lulianum
2923 3603 3202 3674 alloquens
3232 3602 3383 3672 (Lib.
3427 3619 3482 3658 τι
3509 3604 3759 3658 adversus

2172 3673 2286 3728 Jul.
2315 3671 2432 3743 cap.
2460 3671 2534 3743 4)
2563 3689 2578 3726 :
2611 3671 2716 3726 Tui
2742 3690 2881 3738 vero,
2902 3675 2976 3728 vel
3003 3671 3107 3729 tua:
3135 3675 3308 3744 quales
3334 3676 3462 3741 sint,
3495 3675 3628 3728 nihil
3648 3691 3766 3729 mea

2170 3746 2402 3811 interest,
2435 3760 2561 3815 quos
2591 3753 2667 3817 tu,
2691 3744 2767 3799 vel
2788 3761 2946 3815 quas,
2976 3748 3047 3800 sic
3067 3745 3234 3817 fallis,
3264 3756 3320 3800 ut
3349 3747 3492 3817 dicas
3518 3762 3598 3801 me
3625 3746 3762 3816 deﬁ-

2174 3818 2303 3880 nire,
2352 3831 2413 3870 ne
2455 3817 2510 3869 in
2559 3815 2758 3870 carioso
2797 3817 3004 3886 quidem
3048 3815 3260 3888 corpore
3301 3816 3563 3872 libidinem
3609 3815 3763 3888 posse

2198 3905 2370 3942 renart
2377 3927 2390 3940 .

2173 3889 2487 4032 incitanda
2514 3956 2656 4032 apud
2696 3958 2944 4032 eumdem
2996 3959 3377 4032 Hieronymum
3404 3958 3581 4032 (Dial.
3609 3959 3647 4014 2
3666 3959 3765 4032 94"

2173 4047 2346 4086 versus
2371 4027 2602 4100 Pelagi),
2625 4027 3094 4101 Augustinumque
3121 4031 3140 4101 (
3166 4027 3281 4084 Lib.
3315 4034 3378 4086 de
3407 4027 3549 4086 Gest.
3576 4047 3622 4084 c.
3656 4029 3762 4101 6),

2172 4113 2227 4156 et
2250 4097 2601 4173 Mercatorem
2633 4097 2729 4173 (In
2748 4097 3055 4173 Commonit.
3072 4097 3219 4170 parte
3233 4104 3300 4158 l6
3315 4114 3362 4157 et
3389 4097 3763 4173 sequentibus),

2172 4188 2297 4242 qua:
2320 4171 2588 4244 adulando
2607 4171 2780 4226 vidua:
2802 4172 3050 4244 Pelagius
3078 4173 3215 4229 adeo
3244 4173 3430 4244 putida
3453 4171 3763 4242 Scripserit,

2172 4254 2230 4299 ut
2253 4255 2469 4300 coactus
2499 4243 2571 4296 sit
2615 4257 2725 4312 pra:
2763 4243 2970 4312 pudore
3016 4243 3349 4300 mendaciter
3399 4258 3594 4314 negare
3638 4259 3769 4301 esse

2173 4331 2294 4370 sua.

2247 4388 2578 4460 Lanctrtons
2608 4400 3086 4460 snssuosyusnpn,
3135 4396 3241 4442 etc.
3270 4387 3582 4460 Gennadius
3605 4387 3763 4460 (Lib.

2176 4460 2238 4511 de
2267 4457 2464 4529 Script.
2493 4476 2610 4528 cap.
2639 4458 2742 4528 45)
2775 4475 2788 4508 :
2821 4457 2922 4510 Hic
2967 4455 3217 4530 Julianus
3245 4458 3598 4530 eleemosynis,
3616 4455 3766 4512 tem-

2177 4544 2301 4597 pore
2331 4530 2484 4600 famis
2509 4539 2559 4601 et
2588 4529 3231 4601 angustiae,_indigentibus
3260 4529 3491 4601 omnibus
3514 4531 3620 4583 suis
3647 4545 3766 4600 pro-

2174 4598 2391 4672 rogatis,
2421 4599 2628 4663 multos,
2657 4598 3013 4672 miserationis
3026 4603 3212 4672 specie,
3237 4600 3482 4655 nobilium
3502 4598 3769 4670 pra-cipue

2173 4680 2221 4724 et
2239 4670 2624 4741 religiosorum,
2655 4670 2875 4723 illiciens
2904 4685 3010 4724 siue
3034 4671 3218 4726 haresi
3243 4673 3474 4728 sociavit.

2234 4783 2262 4847 θ
2291 4782 2356 4833 ΙΙ.
2379 4782 2606 4834 Secunda
2627 4795 2772 4832 causa
2797 4782 3342 4895 eﬁgamcgertlnacis,
3366 4783 3620 4834 calumniae
3643 4790 3698 4832 et

2249 4951 2354 5006 Cur
2382 4961 2487 5005 tam
2511 4951 2616 5005 alte
2641 4959 2858 5021 tamque
2884 4949 3154 5005 obstinate
3179 4951 3468 5006 multorum
3496 4949 3770 5021 mentibus

2203 5023 2440 5078 nsederit
2463 5020 2786 5093 Pelagianos
2810 5036 2982 5085 error,
3009 5021 3147 5077 hanc
3175 5022 3400 5076 alteram
3423 5036 3638 5076 causam
3663 5020 3772 5075 Pa-

2205 5110 2292 5150 res
2314 5094 2566 5157 ailerunt,
2585 5094 2725 5163 quod
2746 5093 3026 5162 religiosos
3049 5096 3284 5157 animos,
3299 5096 3553 5162 pacisque
3575 5106 3774 5146 aman-

2186 5177 2288 5231 tes,
2319 5167 2413 5220 sed
2445 5167 2624 5218 minus
2654 5179 2837 5219 rerum
2883 5164 3177 5232 prudentes
3226 5163 3497 5234 Pelagiani
3526 5163 3773 5232 quinque

2161 5023 2194 5042 νς

502 5235 648 5299 ιιιυά
675 5259 766 5315 per
815 5251 864 5296 te
889 5235 1083 5296 sancite
1123 5248 1172 5293 et
1215 5236 1431 5294 illustris
1467 5239 1650 5294 domus
1679 5238 2080 5315 conciliabulum
2186 5236 2583 5315 mendaciorum
2603 5235 2887 5315 generibus
2902 5236 3308 5315 occupaverint.
3319 5235 3769 5315 iactaruntenim

500 5303 688 5387 precor'
709 5325 859 5384 atque
885 5327 1116 5368 common
1183 5351 1199 5376 ,
1229 5325 1294 5364 ne
1324 5327 1412 5378 per
1445 5327 1626 5371 unum,
1657 5319 1747 5363 aut
1768 5311 1837 5364 ad
1865 5308 2084 5363 multum
2188 5303 2378 5378 dogma
2407 5323 2505 5363 suo
2548 5303 2898 5370 contrarium,
2930 5305 2982 5361 id
3005 5303 3119 5370 est,
3156 5308 3509 5370 catholicum,
3537 5318 3658 5360 esse
3687 5303 3776 5373 ip—

500 5395 603 5439 tres
628 5384 985 5462 homunculos,
1017 5326 1263 5462 susczu'at
1309 5391 1567 5462 tantarum
1607 5381 1760 5462 [taces
1801 5382 2082 5462 hereseon,
2189 5374 2416 5453 iammet
2444 5378 2856 5462 abominandam
2887 5376 3162 5462 Mandatum
3207 5377 3633 5462 heresim;_non
3653 5373 3776 5462 dis:

500 5384 603 5439 tres
628 5384 985 5452 homunculos,
1017 5399 1132 5437 susc

1197 5382 1263 5434 iat
1309 5391 1567 5435 tantarum
1607 5381 1758 5452 [taces
1801 5382 2082 5445 hcreseon,

2189 5373 2416 5453 iammet
2444 5378 2856 5453 abominandam
2887 5376 3162 5453 Maiiicbrei
3207 5377 3628 5453 heresim;_non
3653 5373 3777 5430 dis-

501 5464 614 5538 cut,
645 5464 913 5538 utparum
929 5447 1118 5538 dicant,
1147 5447 1450 5538 infamiam:
1481 5465 1536 5508 ut
1567 5447 2084 5538 ubiprimum‘vi‘rtus
2112 5537 2119 5538 ί
2163 5447 2376 5538 ξῂιιιειιιθ
2404 5467 2463 5506 se
2488 5451 2572 5534 _de
2615 5451 2901 5538 dogmate,
2925 5449 3038 5538 ‘sed
3071 5449 3141 5504 de
3170 5449 3465 5538 quaestione
3489 5447 3778 5538 dun-itala“

503 5537 554 5582 et
580 5519 821 5581 sanctitas
861 5519 1219 5596 laudabatur,
1259 5524 1327 5577 ibi
1379 5519 1792 5596 prmummionis
1821 5524 2088 5596 diabolica
2110 5537 2125 5562 ³
2169 5519 2503 5596 inonmagni
2525 5522 2820 5596 momenti;
2852 5520 3055 5596 nullum
3098 5536 3221 5596 esse
3250 5521 3352 5596 sibi
3383 5535 3505 5596 cum
3530 5528 3640 5596 tota
3674 5519 3780 5596 lic-

504 5609 552 5654 et
576 5598 942 5654 sordidissimte
988 5595 1249 5652 societatis
1275 5599 1538 5668 turpitudo
1579 5595 1825 5652 versetur.
1861 5595 1964 5660 Qui
1992 5595 2088 5668 hu-

497 5670 733 5744 jusmodi
761 5669 1046 5724 hominibus
1072 5683 1198 5744 opes
1211 5665 1508 5744 suggerunt
1529 5712 1544 5737 ,
1575 5669 1927 5744 haereticorum
1954 5665 2090 5744 mul-

2189 5595 2352 5650 clesia
2385 5589 2681 5664 negotium,
2713 5591 2808 5646 sed
2835 5606 2956 5647 cum
2984 5593 3213 5664 duobus
3241 5594 3360 5664 fere
3380 5590 3515 5664 solis
3535 5589 3783 5664 homini-

2190 5667 2309 5733 bus,
2342 5658 2674 5736 Hieronymo
2691 5670 2748 5718 et
2773 5663 3092 5736 Augustino,
3125 5664 3237 5733 qui,
3276 5661 3556 5736 quia__odio
3601 5667 3659 5715 et
3692 5658 3783 5712 in-

501 5732 775 5802 }itudinem
801 5732 1128 5808 congregare,
1158 5732 1349 5794 Chris'ti
1378 5732 1546 5796 hostes
1569 5742 1758 5808 facere,
1791 5747 1840 5795 et
1861 5737 2088 5795 enutrirc
2179 5732 2338 5793 .vidia
2358 5732 2660 5808 ﬂagrabant
2688 5735 2740 5790 in
2779 5735 2924 5790 viros
2973 5732 3214 5805 apprime
3236 5732 3550 5797 catholicos,
3597 5738 3782 5787 totum
