3900 6268
840 180 876 188 -α

504 252 729 313 “1-

943 222 1039 322 Ᾰο
1070 264 1357 330 PARTEM
1393 270 1661 332 parum
1696 276 1981 337 OPERUM
2020 281 2090 339 Μ.
2129 283 2571 347 maneamus
2608 291 2960 351 aereum
2997 293 3319 358 seems

3649 300 3757 362 ω
3864 270 3865 315 ξ

503 375 738 481 inloco,-
760 394 884 481 cum
913 385 1141 481 etprius
1161 388 1227 445 ad
1265 390 1639 481 praeiatipnem
1670 396 1826 481 antea
1859 400 2084 457 relatam
2110 406 2167 466 Α
2260 406 2313 460 7.
2354 406 2581 465 Mortem
2616 411 2833 481 quidem
2861 426 2986 468 eum
3025 414 3321 469 secundm
3363 413 3638 472 hominum
3682 418 3753 477 le-

506 459 1269 540 nen‘paucageaposuerimus
1309 460 1651 540 Pelagianam
1695 480 1911 540 causam
1960 485 2082 540 spe-

501 519 729 584 ctantia,
761 519 995 610 e‘t.plu'ra
1024 531 1373 610 prosecuturi.
1394 519 1562 610 simus
1593 519 1647 589 in
1676 519 1910 594 secunda
1929 519 2082 610 psi-ie

501 600 751 669 cperum_
782 590 1094 652 mercatoris
1116 638 1132 663 ,
1182 614 1286 669 qua
1332 600 1649 659 Nestoriana
1694 590 2079 666 eademin}:

500 668 678 712 netur.
735 662 755 677 “

569 727 958 806 Restatjgitur
1012 749 1237 794 monere
1274 740 1604 798 mentionem
1650 745 1806 800 istius
1845 749 2076 806 svmholi

493 812 640 877 nunc
666 798 1007 877 _ﬁeri,'imm_o
1030 813 1198 877 totum
1231 809 1482 877 describi,
1510 827 1577 867 ex
1596 798 2074 874 versionem;ch

494 869 627 921 toris
659 871 772 951 (qui
804 880 860 926 et
892 873 1265 951 refutationem
1295 869 1554 951 scripsit),
1593 892 1650 937 ut
1676 899 1744 939 ex
1785 869 2074 946 collati—one

490 939 782 1019 cum-aliis
832 942 1262 1025 confessionibus
1309 939 1607 1025 intelligere
1654 954 1844 1025 lectori
1882 939 2069 1025 liceat:

488 1020 596 1091 quo
621 1008 746 1091 jure
773 1020 1021 1091 suspecta
1048 1013 1180 1091 dixi,
1211 1031 1331 1091 quas
1364 1018 1432 1091 de
1456 1008 1811 1091 processione
1839 1008 2069 1091 spiritus,

486 1078 659 1160 sancti
679 1088 850 1160 _atqu_e
870 1078 1244 1160 incarnatione
1257 1078 1483 1160 ‘Verbia
1508 1078 1808 1160 Pelagianis
1835 1078 2070 1153 adet-un:

485 1153 576 1199 tur
588 1164 616 1236 ἐ
650 1147 910 1236 siquidem
941 1165 1063 1207 cum
1088 1154 1498 1236 Theodorianis,
1537 1160 1623 1216 sin
1636 1147 1833 1219 "minus
1863 1147 2063 1236 reipsa,

486 1216 658 1271 verbo
686 1219 876 1273 saltem
904 1232 1224 1280 consonent.

630 1340 761 1381 PARS
782 1343 1110 1388 'I'IIOLOGICA
1124 1374 1138 1398 ,
1172 1349 1241 1389 DE
1268 1349 1605 1397 SANC‘I'ISSIIA
1625 1355 1937 1401 ηιιητιτε.

554 1416 605 1473 1.
646 1417 769 1485 Qui,
794 1428 887 1474 aut
912 1437 1052 1478 nunc
1074 1423 1303 1493 primum
1333 1427 1388 1481 in
1406 1428 1778 1487 ecclesiasticis
1806 1434 2063 1492 erudiun-

480 1514 568 1561 tur
592 1508 930 1579 dogmatibus
972 1512 1175 1584 liquido
1203 1520 1609 1587 cognoscendis,
1652 1531 1746 1578 aut
1773 1524 1843 1579 ab
1886 1525 2057 1584 haere-

477 1597 585 1655 tico
612 1614 797 1657 errore
824 1607 1066 1660 converti
1091 1606 1431 1666 decreverint
1460 1611 1527 1668 ad
1540 1613 1844 1685 veritatem,
1874 1617 2056 1675 doceri

474 1703 571 1746 eos
601 1702 836 1760 oportet.
866 1697 1117 1763 quoniam

2180 507 2299 565 gem
2343 511 2647 566 praeparans
2678 503 2951 571 experiri;
2980 506 3232 559 suscitans
3272 520 3389 560 vero
3437 522 3469 559 a
3516 512 3748 577 mortuis,

2178 595 2225 639 et
2250 586 2303 640 in
2339 590 2521 643 catum
2548 591 2839 659 sublevans,
2867 595 3041 650 sedere
3070 596 3190 665 fecit
3228 597 3297 649 ad
3324 597 3592 651 dexteram
3635 597 3746 668 Dei,

2174 683 2385 745 propter
2406 680 2545 745 quod
2569 697 2723 751 super
2748 698 2948 739 omnem
2976 687 3341 757 principatum,
3366 697 3417 743 et
3438 696 3748 758 potestatem,

2173 774 2223 818 et
2270 764 2691 839 dominationem,
2720 784 2768 829 et
2810 776 3067 843 virtutem,
3109 786 3158 832 et
3198 795 3347 834 omne
3397 796 3584 834 nomen
3620 785 3746 851 quod

2172 858 2485 931 nominatur,
2519 878 2621 918 non
2648 867 2817 921 solum
2845 869 2900 922 in
2929 869 3025 924 hoc
3053 872 3268 936 seculo,
3296 873 3386 926 sed
3416 874 3576 927 etiam
3600 875 3648 927 in
3666 880 3743 944 fu-

2172 952 2287 1001 turo
2311 948 2528 1020 (Ephes.
2563 968 2617 1020 ι,
2642 954 2761 1027 21),
2782 956 2851 1013 ab
2878 960 3025 1015 omni
3046 970 3292 1017 creatura
3319 962 3610 1019 adorabilis
3634 981 3741 1021 sus-

2167 1039 2315 1108 cepit
2362 1045 2778 1114 venerationem,
2839 1057 3107 1121 tamquam
3163 1053 3580 1123 inseparabilem
3629 1068 3739 1111 cum

2165 1126 2346 1183 divina
2376 1143 2567 1190 natura
2598 1136 2807 1193 habens
2849 1140 3312 1211 conjunctionem,
3362 1152 3418 1198 et
3465 1143 3569 1211 illi,
3618 1154 3737 1199 tam-

2162 1231 2324 1288 quam
2370 1222 2499 1291 Deo,
2543 1239 2708 1296 supra
2752 1244 2966 1286 omnem
3008 1232 3393 1302 cogitationem
3438 1240 3497 1290 et
3540 1235 3735 1291 intelle-

2161 1319 2331 1378 ctum,
2358 1313 2613 1370 universa
2636 1327 2883 1373 creatura
2910 1322 3269 1377 reverentiam
3296 1324 3614 1380 exhibente.

2232 1403 2286 1458 8.
2326 1403 2396 1459 Et
2423 1421 2597 1477 neque
2625 1406 2762 1464 duos
2790 1410 3019 1467 dicimus
3045 1410 3237 1482 Filios,
3267 1429 3369 1470 nec
3392 1414 3533 1470 duos
3559 1415 3732 1470 Domi-

2160 1508 2282 1561 nos,
2312 1498 2564 1566 quoniam
2592 1514 2729 1555 unus
2749 1500 2918 1557 Filius
2948 1503 3244 1559 secundum
3271 1505 3591 1571 essentiam,
3609 1505 3729 1563 Ver-

2157 1584 2284 1641 bum
2318 1588 2477 1655 Deus,
2511 1592 2816 1661 unigenitus
2844 1593 3015 1651 Filius
3043 1594 3238 1663 Patris,
3271 1598 3359 1653 cui
3383 1596 3489 1654 iste
3518 1598 3729 1667 conjun-

2156 1685 2312 1747 ctus,
2365 1680 2740 1750 particepsque
2789 1682 3124 1752 divinitatis,
3178 1700 3524 1742 communem
3580 1687 3729 1743 habet

545 1779 600 1834 2,
660 1782 942 1841 Credimus
987 1787 1042 1841 ίη
1093 1803 1256 1845 unum
1305 1791 1472 1849 Deum
1521 1791 1733 1854 patrem
1779 1798 2053 1870 θεωρίων,
2079 1774 2129 1837 Β
2150 1765 2752 1870 filii-nuncupationem
2783 1782 2837 1829 et
2867 1774 3170 1870 honorem:
3211 1776 3566 1870 nihilominus
3592 1793 3727 1833 unus

470 1882 597 1924 num
624 1888 637 1925 :
668 1886 776 1928 non
816 1878 905 1944 qui
933 1880 1274 1945 postmodum
1301 1884 1528 1953 coeperit
1554 1895 1611 1942 ut
1635 1896 1801 1952 esset,
1831 1891 1926 1946 sed
1953 1893 2045 1962 qui

468 1959 539 2015 ab
569 1969 773 2017 aeterno
793 1966 884 2033 sit,
916 1970 1283 2039 sempiternus
1313 1974 1487 2042 Deus;
1515 1990 1616 2033 nec
1641 1978 1732 2049 qui
1759 1990 1939 2049 postea
1968 1959 2045 2039 ia-

466 2061 584 2107 ctus
609 2052 679 2109 sit
706 2054 884 2125 Pater,
914 2061 1166 2129 quoniam
1212 2078 1427 2136 semper
1467 2076 1585 2124 erat
1622 2069 1784 2139 Deus,
1830 2088 2046 2146 semper

465 2153 582 2199 erat
611 2145 750 2202 Deus
780 2147 923 2205 Deus
952 2151 1132 2209 Pater.

533 2236 588 2291 5.
628 2236 909 2296 Credimus
930 2252 986 2297 et
1015 2244 1068 2298 in
1100 2260 1264 2303 unum
1304 2248 1500 2306 Filium
1551 2251 1648 2309 Dei
1678 2255 2038 2331 unigenitum,

461 2324 551 2393 qui
588 2336 671 2381 est
710 2328 778 2385 de
817 2330 1119 2389 substantia
1149 2337 1236 2392 vel
1277 2342 1513 2397 essentia
1540 2342 1734 2414 Patris,
1771 2324 2038 2418 tamquam

460 2428 588 2472 vere
614 2416 807 2488 Filius,
834 2432 889 2477 et
913 2424 1155 2492 ejusdem
1190 2430 1441 2487 essentia:
1479 2447 1603 2489 cum
1630 2449 1717 2501 eo.
1763 2416 1915 2508 cujus
1958 2449 2042 2497 est

458 2514 513 2561 et
540 2508 780 2565 creditur
797 2525 918 2569 esse
942 2512 1127 2571 Filius.

526 2600 582 2655 4.
624 2601 690 2657 Et
715 2604 767 2658 in
789 2603 1050 2674 Spiritum
1078 2618 1342 2681 sanctum,
1366 2613 1458 2683 qui
1478 2613 1547 2670 sit
1566 2614 1635 2671 de
1665 2613 1762 2673 Dei
1788 2618 2041 2678 substan-

457 2691 529 2747 tia
562 2693 643 2747 vel
680 2695 941 2765 essentia,
969 2701 1195 2769 non'qui
1231 2702 1397 2759 Filius
1425 2705 1497 2761 sit
1525 2723 1539 2760 :
1572 2707 1711 2763 Deus
1744 2718 1925 2767 autem
1951 2727 2037 2769 es-

455 2785 652 2853 sentia,
685 2795 955 2858 tamquam
1006 2791 1100 2860 qui
1145 2792 1216 2847 sit
1260 2794 1407 2850 illius
1458 2800 1731 2867 essentia,
1763 2802 1916 2872 cujus
1953 2813 2036 2860 est

454 2874 599 2932 Deus
627 2877 809 2945 Pater,
858 2894 926 2937 ex
963 2898 1071 2952 quo
1099 2888 1392 2943 secundum
1437 2893 1726 2948 essentiam
1772 2906 1874 2950 est.
1918 2897 2033 2953 Nos

454 2969 612 3034 enim,
645 2970 818 3040 inquit
846 2970 1144 3043 Scriptura,
1177 2992 1279 3030 non
1298 2979 1537 3047 spiritum
1567 2984 1745 3037 mundi
1764 2984 1923 3058 hujus
1945 3005 2033 3043 ac-

454 3060 698 3128 cepimus,
728 3062 817 3116 sed
844 3063 1084 3132 spiritum
1125 3067 1214 3136 qui
1249 3083 1315 3123 ex
1337 3068 1444 3124 Deo
1472 3081 1548 3125 est
1576 3073 1617 3144 (Ι
1648 3072 1768 3129 Cor.
1801 3091 1868 3141 ιι,
1904 3077 2027 3148 12),

2149 1858 2407 1916 Dominus
2436 1863 2729 1919 secundum
2755 1868 3049 1923 essentiam
3078 1868 3221 1925 Deus
3244 1868 3485 1925 Verbum
3512 1879 3615 1936 est,
3644 1871 3725 1925 cui

2146 1950 2274 2020 quia
2308 1952 2627 2022 conjunctus
2656 1956 2756 2012 iste
2791 1967 2847 2013 et
2876 1958 3111 2015 sociatus
3151 1969 3259 2029 est,
3290 1961 3721 2017 communionem

2149 2039 2310 2097 habet
2337 2042 2556 2100 honoris
2581 2059 2701 2102 cum
2730 2047 2859 2115 illo;
2882 2058 2935 2105 et
2967 2058 3249 2120 propterea
3279 2066 3459 2122 neque
3486 2052 3620 2107 duos
3649 2053 3724 2108 di-

2143 2133 2316 2190 cimus
2340 2134 2530 2202 Filios,
2561 2152 2736 2209 neque
2764 2140 3023 2198 Dominus
3047 2142 3208 2212 duos,
3236 2145 3518 2215 quoniam,
3550 2144 3653 2200 hoc
3673 2146 3719 2200 in

2145 2226 2432 2283 manifesto
2456 2231 2747 2299 existente,
2780 2233 2873 2304 qui
2898 2236 3193 2292 secundum
3220 2239 3517 2295 essentiam
3546 2239 3721 2295 Domi-

2142 2332 2246 2374 nus
2274 2327 2333 2375 et
2370 2319 2538 2378 Filius
2577 2334 2683 2391 est,
2713 2327 3127 2397 inseparabilem
3158 2329 3320 2386 habet
3344 2331 3416 2386 ad
3445 2345 3569 2386 eum
3598 2347 3721 2388 con-

2137 2410 2468 2481 junctionem
2491 2424 2546 2470 et
2574 2415 2881 2473 societatem
2915 2435 2929 2472 :
2960 2419 3081 2475 ideo
3103 2420 3195 2490 qui
3230 2436 3328 2490 pro
3361 2432 3553 2479 nostra
3582 2424 3718 2479 salu-

2142 2512 2195 2559 te
2225 2514 2531 2576 assumptus
2544 2515 2644 2574 est,
2660 2510 2997 2566 conret'ertur
3017 2519 3125 2567 tam
3144 2515 3535 2584 nuncupationi
3558 2530 3713 2586 quam

2138 2595 2331 2651 honori
2356 2606 2411 2653 et
2438 2597 2563 2654 Filii
2611 2610 2667 2655 et
2716 2600 2962 2669 Domini;
3012 2616 3119 2658 non
3162 2603 3302 2660 sicut
3352 2608 3717 2679 unusquisque

2138 2694 2382 2744 nostrum
2404 2703 2470 2744 ex
2499 2704 2561 2747 se
2584 2692 2822 2749 existens
2841 2693 3145 2765 appellatur
3171 2690 3311 2752 ﬁlius
3340 2696 3462 2766 Dei,
3499 2700 3644 2757 unde
3669 2710 3717 2757 et

2137 2779 2320 2849 plures
2360 2781 2457 2837 Ilii
2504 2782 2598 2840 Dei
2643 2785 2894 2853 dicimur,
2925 2787 3219 2843 secundum
3252 2788 3477 2846 beatum
3506 2801 3715 2862 aposto-

2136 2870 2244 2924 lum
2268 2871 2488 2927 Paulum
2516 2872 2664 2945 (Gal.
2695 2890 2785 2944 ιιι,
2812 2876 2930 2949 26),
2959 2878 3056 2935 sed
3098 2879 3454 2950 singulariter
3494 2882 3602 2938 hoc
3630 2883 3715 2939 ha-

2133 2959 2267 3016 hens
2295 2978 2311 3013 :
2340 2962 2462 3020 ideo
2485 2965 2627 3035 quod
2652 2966 2764 3023 Deo
2794 2967 2976 3024 Verbo
3004 2959 3348 3041 conjunctus,
3376 2980 3463 3029 est
3487 2973 3713 3044 dignita-

2133 3053 2200 3108 tis
2228 3053 2347 3109 Filii
2384 3064 2438 3111 et
2483 3057 2866 3117 dominationis
2913 3063 3211 3132 particeps;
3269 3064 3444 3120 aufert
3499 3066 3709 3135 quidem

454 3145 523 3201 ab
569 3149 714 3202 οιηηί
760 3163 882 3205 eum
922 3161 1168 3208 creatura
1207 3154 1469 3223 alienam,
1501 3137 1614 3216 υθέ,
1638 3177 1767 3218 γεω
1795 3137 2029 3237 co'njm'l;
2056 3137 2103 3199 C
2134 3144 2354 3200 omnino
2381 3146 2609 3203 duorum
2646 3150 2996 3208 Dominorum
3023 3162 3081 3210 et
3114 3153 3373 3212 Filiorum
3412 3157 3714 3230 intelligen-

451 3251 584 3307 gens
611 3246 667 3294 et
697 3241 978 3310 copulans,
1015 3258 1081 3299 ex
1114 3259 1220 3314 quo
1250 3246 1335 3302 vel
1357 3247 1425 3303 de
1454 3264 1561 3319 quo
1608 3260 1693 3309 est
1729 3256 2026 3314 secundum

449 3331 767 3400 essentiam,
814 3336 1032 3404 speciali
1060 3338 1311 3395 videlicet
1349 3342 1558 3399 ratione
1603 3360 1764 3416 supra
1807 3362 2023 3407 omnem

448 3422 760 3479 omnimodo
783 3434 1111 3496 creaturam,
1136 3445 1257 3501 qua:
1285 3447 1391 3488 non
1416 3437 1712 3495 secundum
1734 3444 2027 3500 essentiam

453 3509 569 3579 Dei,
598 3514 691 3568 sed
743 3517 1041 3571 secundum
1080 3520 1221 3589 quod
1263 3521 1472 3579 factura
1517 3535 1619 3593 est,
1669 3544 1883 3586 causam
1928 3533 2025 3587 ha-

448 3599 604 3670 bens,
652 3618 720 3659 ex
762 3604 873 3661 Deo
910 3622 1033 3665 esse
1061 3619 1323 3679 putatur:
1374 3630 1534 3685 quem
1592 3634 1765 3690 neque
1809 3622 2023 3693 Filium,

450 3705 625 3760 neque
652 3708 748 3764 per
773 3695 967 3753 Filium
994 3702 1334 3759 existentiam
1360 3709 1636 3779 accepisse
1676 3723 1943 3781 putamus.

518 3784 571 3838 5.
615 3784 943 3843 Coniitemur
970 3798 1149 3847 autem
1178 3791 1390 3851 Patrem
1431 3799 1729 3868 perfectum
1760 3804 1811 3858 in
1840 3820 2025 3876 perso-

2133 3234 2292 3302 tiam;
2324 3249 2731 3306 praestatautem
2756 3244 2931 3312 nobis,
2951 3246 3004 3301 in
3025 3246 3405 3317 conjunctione
3430 3249 3532 3306 Dei
3554 3250 3713 3309 Verbi

2130 3342 2345 3385 omnem
2374 3330 2572 3390 habere
2599 3334 2781 3404 fidem,
2803 3353 3126 3410 omnemque
3147 3342 3484 3400 intellectum
3507 3353 3567 3401 et
3590 3361 3713 3403 con-

2130 3422 2558 3491 templationem.
2591 3427 2674 3485 Ob
2715 3430 2834 3487 haec
2852 3440 2908 3489 et
2935 3434 3336 3492 venerationem
3374 3452 3445 3493 ex
3481 3438 3582 3495 Dei
3631 3454 3713 3497 so—

2129 3511 2326 3569 cietate
2359 3515 2427 3571 ab
2453 3519 2600 3573 omni
2627 3521 2852 3592 percipit
2873 3535 3139 3581 creatura.

2199 3600 2253 3655 9.
2286 3601 2459 3659 Unum
2485 3605 2645 3676 igitur
2676 3610 2844 3666 Deum
2869 3612 3093 3671 dicimus
3114 3626 3170 3674 et
3194 3617 3486 3676 Dominum
3515 3619 3708 3678 Jesum

2129 3687 2426 3760 Christum,
2470 3715 2561 3768 per
2586 3716 2734 3769 quem
2765 3706 2936 3759 omnia
2964 3708 3102 3777 facta
3151 3718 3271 3763 sunt
3301 3709 3508 3783 (Joan.
3534 3728 3575 3781 I,
3608 3711 3645 3766 5
3670 3714 3710 3783 ),

2129 3783 2496 3855 principaliter
2537 3793 2755 3862 quidem
2804 3796 2975 3853 Deum
3028 3800 3267 3857 Verbum
3319 3803 3709 3875 intelligentes.

447 3887 537 3941 na,
568 3882 624 3930 ει
657 3873 851 3933 Filium
894 3880 1162 3951 similiter,
1203 3884 1465 3956 smmum
1518 3907 1735 3964 quoque
1781 3873 2023 3954 sabulum
2122 3877 2219 3945 qui
2242 3881 2537 3938 secundum
2566 3887 2855 3943 essentiam
2884 3888 3055 3946 Filius
3087 3892 3184 3949 Dei
3220 3902 3304 3950 est
3329 3902 3387 3951 et
3414 3896 3709 3951 Dominus:

450 3967 564 4034 pari
590 3969 769 4038 modo,
798 3973 947 4029 salva
986 3976 1143 4033 nobis
1167 3981 1376 4038 ratione
1409 3983 1647 4054 pietatis,
1677 3988 1731 4043 in
1768 4004 1873 4059 qua
1922 3991 2026 4047 Pa-

448 4065 615 4124 trem,
646 4067 701 4114 et
721 4060 938 4131 Filium,
963 4075 1017 4122 et
1050 4066 1313 4137 Spiritum
1355 4082 1602 4130 sanctum
1651 4092 1758 4133 non
1789 4089 1895 4136 tres
1922 4081 2023 4136 ali-

445 4163 580 4220 quas
608 4150 852 4209 diversas
898 4165 1144 4227 putemus
1196 4177 1317 4219 esse
1364 4167 1648 4237 essentias,
1696 4170 1792 4227 sed
1839 4187 2021 4241 unam,

445 4255 603 4311 quam
623 4242 679 4299 in
708 4245 936 4302 Deitatis
957 4250 1159 4307 unitate
1188 4261 1244 4309 et
1265 4255 1532 4324 parilitate
1555 4261 1949 4331 cognoscimus.

512 4347 642 4389 PARS
678 4351 1031 4406 (ICONOIICA;
1062 4358 1129 4398 DE
1159 4360 1548 4405 ιιωλιιιςλτιοκι
1572 4366 1727 4406 VIIII
1756 4368 1944 4409 DIVINI.

513 4426 568 4481 ο.
607 4427 831 4496 Oportet
853 4440 1033 4488 autem
1064 4444 1119 4491 et
1149 4436 1219 4493 de
1242 4438 1668 4510 dispensatione,
1716 4459 1877 4513 quam
1929 4461 2019 4502 se-

2128 3968 2332 4037 pariter
2352 3972 2513 4027 etiam
2540 3978 2840 4045 cogitantes
2887 3996 3035 4047 eum,
3084 3985 3175 4054 qui
3204 3996 3487 4056 susceptus
3526 3996 3615 4043 est
3660 3990 3709 4043 in

2131 4056 2361 4113 humana
2382 4074 2568 4131 carne,
2594 4064 2779 4122 Jesum
2819 4083 2847 4121 a
2889 4069 3177 4140 Naaareth,
3202 4089 3360 4144 quem
3389 4079 3540 4130 unxit
3568 4077 3708 4133 Deus

2130 4148 2338 4217 Spiritu
2368 4164 2545 4210 sancto
2598 4167 2646 4212 et
2690 4160 2878 4215 virtute
2903 4162 3038 4233 (Act.
3070 4180 3126 4232 x,
3151 4165 3265 4237 58),
3310 4178 3582 4239 tamquam
3643 4170 3707 4225 ad

2127 4240 2409 4299 Dominum
2430 4244 2666 4304 Verbum
2695 4250 2983 4309 habentem
3011 4257 3469 4329 conjunctionem,
3496 4272 3554 4317 et
3577 4277 3707 4333 par-

2127 4330 2443 4401 ticipantem
2465 4335 2679 4393 Domini
2710 4348 2764 4396 et
2784 4340 2906 4397 Filii
2932 4343 3201 4414 dignitati.

2199 4424 2285 4479 10.
2316 4424 2417 4491 Qui
2440 4432 2770 4487 etsecundus
2790 4433 2957 4488 Adam
2982 4438 3316 4508 appellatur,
3350 4441 3486 4497 sicut
3511 4443 3705 4499 beatus

444 4515 675 4570 cundum
728 4518 1010 4577 Dominum
1041 4524 1225 4582 Iesum
1253 4506 1524 4586 Ch‘ﬁsmm
1560 4506 1663 4602 Ρτᾶ
1702 4506 1875 4591 εξηυιθ
1916 4552 2019 4592 ηο,
2044 4506 2099 4567 D
2126 4516 2403 4585 apostolus
2433 4520 2584 4574 testis
2615 4532 2703 4577 est
2728 4524 2923 4581 Paulus
2947 4526 2989 4597 (l
3009 4506 3128 4583 Cor.
3160 4545 3249 4597 xv,
3278 4531 3395 4602 45),
3420 4532 3510 4602 qui
3562 4541 3703 4588 tam-

444 4618 554 4663 stra
581 4616 972 4670 consummavit
999 4616 1257 4674 Dominus
1299 4621 1462 4688 Deus,
1502 4638 1664 4680 nosse
1708 4640 1829 4691 nos,
1878 4642 2019 4699 quo-

442 4702 583 4755 niam
628 4702 719 4759 Dei
766 4704 997 4764 Verbum
1037 4709 1308 4767 hominem
1339 4715 1573 4783 suscepit
1613 4716 1906 4786 perfectum
1950 4736 2019 4777 ex

440 4793 649 4849 semine
688 4795 955 4854 Abraham
987 4810 1043 4856 et
1068 4802 1255 4871 David,
1288 4806 1581 4862 secundum
1609 4808 2015 4879 Scripturarum

439 4883 739 4942 divinarum
769 4888 980 4960 eloquia
1008 4910 1024 4948 :
1068 4894 1170 4951 hoc
1197 4905 1495 4953 exstantem
1536 4904 1831 4958 secundum
1862 4914 2017 4961 natu-

439 4987 576 5040 ram,
607 4977 747 5046 quod
784 4989 939 5036 erant
982 4991 1038 5038 et
1081 4985 1179 5052 illi,
1211 5001 1438 5057 quorum
1486 5000 1605 5046 erat
1650 5007 1714 5047 ex
1763 4997 2010 5052 semine:

439 5068 707 5123 hominem
740 5081 931 5128 natura
973 5076 1294 5146 perfectum,
1344 5095 1411 5136 ex
1441 5082 1617 5138 anima
1666 5086 1911 5142 rationali
1959 5097 2014 5143 et

435 5171 600 5215 carne
630 5159 864 5219 humana
892 5168 1265 5238 constitutum,
1302 5187 1570 5244 quemque
1614 5176 1889 5233 hominem
1926 5194 2014 5235 se-

437 5249 672 5304 cundum
700 5267 798 5309 nos
840 5259 1170 5328 naturaliter,
1204 5262 1402 5321 virtute
1426 5274 1479 5320 et
1510 5267 1746 5335 potentia
1780 5267 2011 5339 Spiritus

436 5342 604 5394 sancti
652 5344 703 5396 in
732 5345 969 5416 Virginis
1000 5359 1157 5407 utero
1203 5354 1488 5425 ﬁguratum
1514 5374 1528 5411 :
1558 5355 1778 5413 Factum
1803 5376 1866 5416 ex
1890 5379 2006 5417 mu-

436 5428 579 5495 .‘iere,
611 5434 808 5503 factum
826 5440 919 5492 sub
940 5442 1068 5510 lege,
1097 5455 1151 5498 ut
1172 5460 1347 5500 omnes
1376 5463 1468 5502 nos
1488 5463 1552 5503 ea:
1582 5450 1857 5505 maledicto
1886 5451 2015 5525 legis

436 5530 483 5573 et
506 5524 743 5581 servitute
780 5529 1069 5599 redimeret,
1111 5536 1438 5607 adoptiuum
1465 5540 1693 5610 ﬁliorum
1718 5544 1841 5598 olim
1871 5524 2010 5615 prte-

435 5610 741 5669 destinatam
787 5622 1084 5691 recipientes
1126 5626 1268 5699 (Gal.
1316 5645 1394 5697 Iv,
1439 5631 1522 5704 4),
1577 5610 2011 5696 inenarrabiliter

434 5707 708 5778 copulavit
731 5712 836 5771 sibi
860 5725 1019 5792 atque
1038 5721 1335 5795 conjunxit.

2123 4618 2282 4674 quam
2310 4606 2557 4676 ejusdem
2592 4611 2663 4665 sit
2691 4621 2921 4683 naturae,
2960 4616 3115 4688 cujus
3142 4627 3231 4674 est
3256 4620 3449 4689 Adam,
3473 4622 3704 4679 manife-

2122 4700 2284 4753 stavit
2327 4700 2485 4756 nobis
2514 4704 2729 4773 quidem
2773 4706 3008 4764 futurum
3060 4719 3258 4767 statum
3300 4732 3312 4766 :
3362 4722 3570 4769 tantam
3627 4715 3694 4771 ad

2122 4788 2272 4845 illum
2306 4798 2486 4849 tamen
2535 4795 2704 4851 Adam
2746 4797 2950 4855 habens
3001 4801 3381 4871 diﬂ'erentiam,
3434 4815 3699 4876 quantam

2119 4896 2243 4936 esse
2269 4885 2511 4952 oportuit
2534 4886 2676 4943 inter
2703 4904 2848 4960 eum,
2867 4892 2959 4961 qui
2989 4892 3210 4964 largitor
3239 4905 3296 4952 et
3320 4896 3576 4953 minister
3597 4899 3700 4953 erit

2123 4978 2392 5028 tantorum
2421 4974 2686 5032 bonorum
2717 4986 2891 5035 status
2918 4982 3104 5048 futuri,
3131 4993 3187 5041 et
3205 5000 3328 5042 eum
3353 4988 3445 5059 qui
3463 5002 3700 5057 praisen-

2122 5063 2255 5118 tium
2286 5066 2516 5123 tristium
2547 5071 2702 5126 nobis
2728 5072 2938 5129 initium
2969 5075 3168 5132 intulit.

2192 5154 2280 5210 11.
2315 5156 2451 5212 llinc
2478 5158 2639 5217 simili
2670 5164 2833 5219 modo
2861 5174 2916 5221 et
2954 5168 3229 5224 secundus
3257 5170 3425 5228 Adam
3452 5176 3697 5245 appella-

2121 5254 2225 5312 tur,
2256 5256 2525 5320 tamquam
2567 5255 2658 5322 qui
2696 5257 2993 5314 secundum
3046 5263 3415 5321 enuntiaverit
3441 5274 3647 5325 statum
3686 5290 3697 5325 :

2119 5344 2174 5392 et
2194 5341 2448 5408 quoniam
2462 5340 2631 5399 Adam
2649 5344 2846 5414 prioris
2861 5349 3005 5406 illius
3018 5354 3293 5420 mortalis,
3314 5363 3370 5412 et
3390 5360 3691 5427 passibilis,

2117 5437 2174 5484 et
2205 5431 2347 5498 pleni
2402 5433 2696 5490 multorum
2723 5439 2987 5495 malorum
3031 5442 3242 5500 initium
3284 5445 3462 5504 factus
3500 5460 3608 5515 est,
3643 5454 3693 5505 in

2117 5536 2290 5593 eoque
2325 5524 2394 5581 ad
2409 5540 2532 5583 eum
2562 5530 2869 5600 accepimus
2915 5534 3352 5607 similitudinem,
3384 5542 3692 5598 secundum

2114 5636 2314 5684 statum
2338 5630 2723 5688 demonstravit
2759 5633 2995 5690 futurum
3026 5635 3287 5696 Dominus
3328 5641 3604 5711 Christus,
3628 5643 3692 5699 de

2114 5731 2269 5801 culis
2304 5748 2603 5810 apparens,
2648 5739 2740 5813 qui
2784 5753 2973 5799 omnes
3018 5755 3119 5801 nos
3163 5744 3218 5801 in
3246 5757 3402 5802 suam
3453 5744 3688 5805 adducet
