3900 6268
83 183 174 238 M9
236 122 561 236 ὀιεειςιλπ
593 174 661 231 ν.
704 174 793 232 DE
831 171 1142 233 LIBELLIS
1177 167 1364 229 FIDEI
1403 163 1711 228 SCRIPTIS
1746 161 1837 223 AB
1874 160 2313 224 AUGTORIBUS
2349 162 2677 223 HERESIS
2714 159 3158 223 PELAGIANE.
3231 158 3340 222 ‘50

54 276 57 339 ί
83 268 392 354 familiarem
445 291 911 349 communitatem.
964 290 1177 347 Primus
1227 291 1363 345 enim
1388 330 1406 357 ,
1451 287 1644 359 inquit,
1673 288 1730 351 Α
1754 292 1958 359 tantum
1988 284 2116 359 inde
2135 280 2417 359 profecit,
2444 289 2504 338 ut
2536 295 2693 337 suum
2723 279 2847 359 ﬁdei
2875 279 3119 337 libellum
3150 281 3340 359 volue-

84 393 220 445 Iwmo
265 388 333 442 de
367 396 507 442 terra
536 393 785 451 terrenus,
812 384 1067 440 secundus
1108 382 1266 439 homo
1298 381 1549 439 Dominus
1586 381 1650 437 de

84 481 193 539 cato
212 476 663 554 (lCor.,xv,47);
698 477 805 533 hoc
837 475 1559 544 est,indevisendus,utnos
1581 474 1651 532 ad

84 572 153 630 sui
182 570 543 627 imitationem
590 567 847 624 adducat.
875 565 1033 626 (inde
1080 574 1137 624 et
1185 565 1428 639 adjungit
1458 582 1473 622 :
1505 565 1646 635 Qua-

87 668 142 722 lis
188 670 444 727 terrenus,
472 661 601 716 tales
628 667 679 715 et
709 660 931 726 terreni;
954 669 1001 714 et
1025 657 1195 730 qualis
1240 658 1478 726 caelestis,
1521 658 1653 713 tales

86 769 125 814 et
184 755 409 810 micam
456 766 476 807 :
530 753 661 808 sicut
702 753 1020 822 portavimus
1080 752 1359 824 imaginem
1419 752 1649 821 terreni,

87 858 331 924 portunus
399 854 449 901 et
520 845 802 917 imaginem
862 844 1079 901 calcatis
1116 842 1302 917 (Ibid.
1334 884 1352 913 ,
1396 843 1530 915 68).
1592 843 1651 900 In

89 944 208 1008 isto,
240 938 437 1009 inquit,
470 936 563 1009 qui
609 946 794 1007 paret,
851 946 907 993 et
952 937 1170 995 videtur
1226 939 1295 994 ab
1327 951 1655 1009 unoquoque

90 1045 298 1096 eorum,
355 1029 447 1099 qui
498 1026 781 1099 iudicandi
830 1036 989 1095 sunt,
1038 1027 1326 1085 invisibilis
1376 1028 1541 1085 faciet
1563 1028 1656 1099 ju-

91 1123 268 1180 dicium
308 1119 491 1177 divina
534 1128 729 1176 natura
751 1161 770 1189 ,
825 1120 1124 1177 secundum
1167 1121 1471 1192 apostolum
1514 1120 1656 1177 Pau—

94 1215 200 1280 lum,
224 1211 318 1282 qui
346 1211 456 1265 ait:
494 1208 562 1264 Et
594 1219 824 1282 tempora
872 1210 1078 1280 quidem
1115 1210 1431 1281 ignorantia:
1466 1218 1655 1266 nostra

94 1305 355 1377 despiciens
385 1301 548 1369 Deus,
578 1318 715 1356 nunc
740 1301 951 1356 mandat
970 1302 1159 1373 ubique
1185 1302 1417 1357 omnibus
1437 1303 1655 1358 homini-

94 1398 168 1451 bus
194 1394 545 1464 panitentiam
568 1409 749 1466 agere,
772 1393 898 1463 quia
923 1392 1107 1447 statuit
1135 1392 1270 1448 diem
1294 1392 1350 1447 in
1372 1407 1474 1464 qua
1503 1392 1657 1465 judi-

96 1500 283 1541 cotsnss
310 1493 387 1541 est
418 1485 589 1540 orbem
612 1492 870 1539 terrarum
896 1483 953 1537 in
967 1483 1197 1554 iustitia,
1225 1484 1282 1538 in
1325 1485 1455 1553 uiro,
1477 1485 1533 1538 in
1554 1498 1655 1554 quo

95 1580 290 1650 deﬁniit,
324 1580 482 1649 ﬁdem
510 1586 785 1647 prastans,
812 1576 1071 1633 suscitans
1081 1592 1198 1633 eum
1223 1592 1258 1633 a
1274 1578 1493 1633 mortuis
1510 1576 1652 1649 (Act.

96 1688 204 1739 xm,
223 1671 333 1741 50).

153 1764 236 1821 12.
265 1763 390 1819 Haec
442 1761 948 1819 ecclesiasticorum
1003 1759 1315 1832 dogmatum
1372 1758 1650 1826 doctrina;

94 1869 237 1927 atque
258 1857 397 1914 adeo
423 1856 626 1925 omnis,
654 1855 748 1926 qui
772 1862 965 1910 contra
993 1854 1110 1910 haec
1136 1854 1338 1919 sentit,
1367 1852 1653 1909 anathema

92 1962 167 2006 Sil.

379 2162 935 2248 LIBELLUS
1010 2160 1330 2245 FIDEI

94 2326 127 2377 Δ
163 2321 389 2376 RUFINO
422 2321 817 2375 PALAESTINE
848 2320 1210 2376 PROVINCUE
1238 2318 1652 2375 PRESBYTERO

702 2463 1020 2513 SCBMUS.

150 2664 367 2720 Ruﬁnus
393 2663 462 2718 de
482 2676 592 2733 quo
613 2676 757 2718 nunc
781 2662 964 2731 agitur
990 2662 1124 2719 duos
1148 2662 1274 2718 ﬁdei
1300 2676 1411 2718 suae
1434 2661 1650 2718 libellos

87 2734 247 2790 edidit
287 2753 300 2787 :
338 2748 504 2789 unum
545 2734 919 2802 prolixiorem,
959 2733 1051 2802 qui
1093 2748 1236 2789 nunc
1287 2733 1646 2799 describitur;

85 2804 379 2859 breviorem
421 2803 670 2875 alterum,
717 2805 812 2875 qui
850 2803 1314 2875 anathematismis
1361 2803 1647 2875 duodecim

86 2876 130 2927 in
157 2877 389 2943 primam
425 2873 772 2942 appendicem
805 2874 1024 2943 rejectis
1062 2877 1391 2930 continetur.
1439 2874 1646 2943 Appel—

87 2944 254 2998 lantur
304 2944 450 2999 enim
495 2943 922 2999 anathematismi
967 2944 1046 2999 illi
1091 2958 1123 2998 a
1168 2944 1467 3000 Mercatore
1523 2943 1647 2999 ﬁdei

1752 356 1825 411 rit
1863 368 1987 412 esse
2039 351 2315 410 Ruﬁniani
2366 366 2505 422 pene
2553 351 2982 420 compendium:
3036 351 3338 422 exscripsit

1751 425 1898 508 enim
1914 425 2213 508 aliquandn
2238 422 2519 508 totasnfere
2540 423 2795 508 paginas.

1823 491 2055 567 Scripsit
2096 495 2322 551 Ruﬁnus
2368 491 2558 567 Graece
2604 491 2665 547 in
2719 492 2964 567 Oriente,
3020 492 3338 567 priusquam

1751 562 1968 645 [eniret'
1989 566 2223 645 anam
2240 581 2255 619 :
2293 564 2453 645 genit
2478 571 2656 645 autem
2686 577 2816 617 ann.
2844 562 2880 616 2
2904 562 3219 645 _Anastasii,
3243 563 3339 645 qui

1752 635 1957 694 Christi
1984 636 2085 692 fuit
2120 635 2248 693 399.
2292 632 2522 704 Scripsit
2548 633 2711 704 igitur
2761 632 2951 704 paucis
2993 640 3129 704 antg
3154 632 3337 704 annis,

1754 706 2016 777 siquidem
2042 704 2387 777 Theodorum
2414 701 2725 777 magistrnm
2751 701 2959 767 audiit,
3005 712 3070 777 et_
3086 701 3341 777 Theodo-

1753 771 1848 834 rus
1896 777 2092 833 docere
2128 776 2297 846 coepit
2332 788 2458 846 ann.
2490 771 2614 846 590.
2645 771 2845 846 Yerum
2895 786 3019 846 cum
3054 772 3145 828 hic
3199 772 3341 846 liber

1753 856 2027 919 Oppugnet
2082 841 2345 919 acerrime
2405 842 2817 919 yacednnianos
2860 841 3027 919 tacito
3069 843 3291 919 nomine
3316 882 3335 910 ,

1754 912 1947 993 aperfn
1999 917 2230 993 Arianos
2276 925 2354 993 et_
2395 912 2734 993 Origenistas
2757 954 2773 979 ,
2830 913 3096 993 suspicari
3154 921 3341 993 posset

1754 983 2043 1058 quispiam,
2084 988 2260 1058 ipsum
2282 984 2448 1058 [uisse
2474 986 2854 1058 compositum,
2875 983 3044 1038 etiam
3063 993 3193 1058 ante
3220 983 3339 1058 pri-

1754 1052 1905 1113 mum
1950 1052 2240 1113 concilium
2283 1052 2971 1122 Constantinopolitanum,
2998 1052 3145 1122 quod
3188 1052 3337 1109 cele-

1755 1127 1971 1183 bratum
1995 1137 2077 1182 est
2103 1140 2228 1182 ann.
2256 1126 2381 1194 581,
2414 1124 2581 1194 immo
2624 1131 2751 1178 ante
2779 1122 3105 1194 igjectionem
3156 1122 3338 1194 Mace-

1757 1197 1907 1254 donii
1925 1212 1957 1253 e
1981 1197 2132 1265 sede,
2177 1210 2296 1266 quae
2319 1192 2547 1263 centigit
2568 1207 2694 1266 ann.
2718 1192 2856 1266 360,
2884 1206 3193 1266 agmenque
3217 1192 3340 1248 Ma-

1756 1267 1971 1324 cedonii
1999 1261 2223 1323 tacitum
2251 1308 2266 1334 ,
2293 1261 2496 1337 quippe
2520 1262 2787 1337 ιιρξιίιψη⁸
2809 1261 2878 1337 ab
2907 1261 3149 1317 Ecclesia
3180 1272 3344 1319 nota-

1758 1282 1971 1324 cedonii
1999 1282 2223 1323 taettum
2251 1308 2266 1334 ,
2293 1282 2385 1337 qut
2426 1282 2496 1334 ρο
2520 1282 2755 1318 nonnum
2809 1282 2878 1316 ID
2907 1282 3149 1317 ιαοιεειε
3180 1282 3339 1319 11013-

1758 1348 1892 1416 t_um.
1919 1337 2129 1416 _Yerunr
2143 1350 2371 1416 accensa
2391 1282 2524 1416 'bilis
2553 1332 2653 1416 ilia
2674 1331 2730 1416 in
2750 1330 3055 1416 (irigenem,
3086 1348 3205 1416 quae
3224 1342 3339 1415 toto

1757 1406 1873 1464 fere
1919 1408 2060 1464 libro
2102 1406 2365 1472 funditur,
2419 1402 2660 1460 ostendit
2709 1402 2840 1456 satis
2878 1409 3007 1458 tunc
3053 1403 3339 1472 scripsisse

1758 1488 2060 1545 auctorem,
2083 1492 2205 1533 cum
2232 1473 2589 1545 subiracunde
2612 1473 2973 1545 Hieronymus
2985 1472 3045 1545 in
3060 1471 3336 1545 Joannem

1757 1539 2304 1621 Hierosolymitanum
2325 1539 2854 1621 inveheretnr,_id_es:t
2875 1555 2966 1596 an.
2985 1539 3091 1621 59}
3100 1552 3194 1598 aut
3204 1544 3332 1601 39d.

1828 1609 2052 1675 Librum
2071 1618 2307 1676 eGraeco
2335 1616 2584 1674 Latinum
2598 1610 2728 1683 fecit
2745 1609 3239 1683 Julianus_Rom:e,
3268 1628 3340 1671 ea

1679 1662 1730 1725 Β
1757 1662 2649 1814 terE'IéEIBeEé'téﬁumﬁhE
2658 1662 3333 1764 initiati—siadd;

1753 1772 1862 1814 aue
1897 1760 2151 1814 docebat.
2181 1775 2285 1814 non
2536 1755 2758 1809 aducem
2784 1760 2979 1814 peccat:
3004 1767 3023 1806 :
3051 1763 3110 1808 ut
3136 1753 3333 1814 doama

1753 1772 1862 1829 que
1897 1752 2151 1829 docebat,
2181 1752 2310 1814 non'
2334 1752 2759 1829 Maducem
2784 1752 2979 1829 peccati
3004 1767 3023 1806 :
3051 1763 3110 1808 ut
3136 1753 3335 1829 dogma

1753 1823 2018 1905 nefarium
2047 1843 2116 1885 eo
2137 1823 2327 1905 minus
2353 1826 2577 1905 haberet
2595 1823 2835 1905 invidiae,
2864 1823 3148 1905 minusqne
3199 1824 3337 1880 hor-

1751 1899 1896 1954 roris
1916 1899 2137 1965 faceret,
2154 1899 2300 1965 quod
2326 1898 2395 1954 ab
2418 1894 2856 1965 imprudentibus
2884 1892 3183 1950 lectoribus
3204 1907 3332 1951 creo

1751 1967 1975 2026 deretur
2003 1985 2125 2026 esse
2151 1965 2501 2026 Orientalium
2530 1965 2684 2022 ﬁdes.

1826 2040 1955 2096 Duas
1997 2049 2126 2096 sunt
2174 2039 2345 2122 ipsius
2385 2045 2612 2121 _partes,
2655 2035 2827 2090 altera
2881 2048 3016 2160 quae.
3048 2033 3331 2105 prolixior,

1828 2124 1920 2160 era
1946 2124 2066 2160 cum
2092 2111 2310 2160 brevmr
2339 2127 2353 2160 :
2382 2109 2495 2160 Illa.
2527 2121 2646 2160 uuas
2672 2118 2867 2160 cornus
2920 2104 3023 2160 tbn
3062 2114 3164 2160 est.
3198 2121 3331 2160 con-

1752 2108 1920 2188 a_ltera
1946 2104 2310 2188 qua:_b_revior
2324 2127 2353 2188 ξ
2373 2104 2495 2188 ilia,
2527 2121 2646 2188 qua:
2665 2118 2867 2188 corpus
2894 2104 3023 2188 libri
3054 2104 3164 2172 est,
3198 2104 3332 2188 con-_é

1751 2179 1888 2235 tinet
1904 2176 2297 2247 expositionem
2318 2179 2440 2235 ﬁdei
2470 2194 2501 2233 a
2530 2176 2815 2244 Trinitate,
2842 2176 2933 2247 qui
2966 2176 3107 2247 Deus
3133 2184 3239 2247 est,
3259 2177 3334 2233 ad

1751 2245 2205 2306 resurrectionem
2250 2251 2468 2315 carnis;
2502 2249 2623 2318 ista.
2645 2261 2767 2318 quae
2811 2245 3009 2315 prioris
3032 2246 3335 2318 appendix,

1753 2320 2049 2389 respondet
2089 2321 2407 2377 Arianorum
2434 2314 2691 2389 quaesitis.
2717 2314 2954 2389 Utraque
2995 2314 3167 2389 videri
3196 2331 3336 2389 pos—

1749 2398 1834 2444 set
1850 2386 2115 2468 catholici
2137 2390 2404 2468 dogmatis
2425 2386 2732 2468 plenissima
2764 2425 2782 2454 ,
2836 2386 2885 2441 si
2913 2386 3084 2468 modo
3108 2388 3336 2457 excipe-

1750 2466 1971 2531 rentur,
2004 2476 2125 2531 quae
2178 2463 2245 2516 ad
2288 2461 2490 2531 primos
2517 2465 2772 2531 parentes
2814 2461 3091 2525 pertinent
3116 2472 3339 2531 Lque-

1750 2543 1857 2599 que
1898 2530 1967 2585 ad
2012 2526 2303 2599 peccatum'
2360 2526 2581 2600 originis
2633 2535 2688 2584 et
2725 2526 3028 2600 daemonum
3079 2526 3331 2600 culpam,

1750 2596 1913 2669 atque
1940 2596 2104 2655 etiam
2145 2602 2212 2655 ad
2271 2596 2696 2669 incarnationem
2736 2596 2937 2653 Verbi:
2988 2596 3129 2669 forte
3180 2596 3329 2669 enim

1752 2667 2057 2740 versipellis
2109 2670 2399 2740 basreticus
2455 2667 2875 2740 in_vidiae_metu
2916 2667 3097 2740 verbis
3142 2667 3339 2724 catho-

1749 2738 1871 2795 licis
1900 2735 2032 2795 texit
2084 2755 2296 2795 errores
2333 2737 2624 2793 Theodori.
2673 2735 2835 2790 Certe
2879 2748 2991 2790 non
3028 2737 3149 2791 sine
3198 2751 3339 2793 con-

1748 2809 1875 2866 silio
1900 2808 2103 2865 studuit
2127 2810 2192 2865 iis
2235 2808 2516 2865 sententiis
2545 2805 2644 2873 uti,
2674 2820 2807 2876 quas
2844 2818 3006 2861 nemo
3054 2805 3334 2864 Theodori

1749 2880 2012 2951 sectarius
2030 2887 2258 2951 gravate
2280 2885 2583 2951 usurparet.

1820 2950 1990 3005 Totus
2028 2945 2167 3006 liber
2202 2959 2286 3005 est
2329 2945 2825 3018 de'qutestionibus
2874 2959 3010 3018 quas
3034 2947 3216 3013 ,‘tum
3259 2963 3331 3005 ex

89 3014 309 3079 nomine,
334 3023 390 3091 et
420 3028 615 3091 revera
659 3013 928 3091 confessio
972 3014 1216 3091 quaedam
1273 3022 1399 3091 su_n_t
1430 3031 1451 3091 :_
1499 3013 1646 3091 unde
1674 3018 1721 3085 C
1751 3019 2139 3091 imperatorum
2161 3020 2369 3091 legibus
2388 3060 2403 3083 ,
2431 3013 2541 3073 tum
2568 3031 2637 3072 ex
2657 3013 3064 3091 _I’atrumlibris
3089 3020 3159 3073 ab
3201 3034 3337 3075 ann.

90 3094 321 3153 poterant
342 3084 447 3155 hoc
473 3085 526 3137 in
552 3084 672 3155 l9co
710 3084 903 3140 iterum
925 3083 1139 3154 reponi,
1170 3083 1216 3140 si
1253 3083 1382 3155 quid
1420 3084 1489 3141 de
1513 3084 1647 3154 ipsis

88 3152 371 3221 superesset
393 3152 705 3209 dicendum.

150 3225 289 3279 Ante
317 3224 507 3293 viginti
534 3238 705 3280 annos
726 3223 887 3280 Pater
918 3223 1243 3281 Sirmondus
1276 3223 1471 3279 librum
1502 3223 1647 3280 hunc

91 3296 417 3361 prolixiorem
439 3293 508 3349 de
535 3293 667 3359 ﬁde,
684 3310 714 3348 e
741 3293 934 3351 Greco
962 3308 1214 3350 sermone
1255 3294 1385 3349 olim
1415 3308 1643 3349 converc

88 3380 194 3418 sum
222 3365 273 3417 in
303 3364 579 3429 Latinum,
610 3365 823 3434 publice
854 3366 1156 3434 proposuit,
1183 3365 1388 3419 incerto
1410 3364 1646 3434 auctoris

90 3434 495 3505 interpretisque
535 3433 775 3505 nomine.
807 3434 993 3503 Neque
1033 3437 1201 3505 enimn
1228 3434 1437 3503 putavit
1490 3433 1647 3489 valde

88 3503 423 3571 credendum,
458 3514 551 3559 aut
579 3504 772 3559 Joanni
816 3505 1046 3561 diacono
1089 3503 1343 3560 Ruﬁnum
1371 3513 1643 3559 auctorem

88 3573 287 3629 facienti
312 3614 330 3641 ,
377 3583 470 3629 aut
521 3572 941 3631 Corbeiensibus
991 3574 1388 3644 exemplaribus
1443 3573 1647 3644 Pelagii

88 3660 268 3699 nomen
325 3644 763 3713 prmfcrentibus.
815 3644 933 3701 Non
983 3643 1180 3700 Joanni
1219 3645 1469 3713 quidem,
1521 3643 1644 3712 quia

87 3716 266 3786 mirum
289 3725 561 3786 quantum
589 3713 807 3786 Origeni
855 3715 1086 3770 Ruﬁnus
1126 3715 1378 3786 studuit,
1404 3713 1647 3786 infensus

86 3800 201 3839 vero
228 3783 334 3841 fuit
356 3785 479 3839 libri
503 3783 736 3855 auctor':
767 3800 875 3841 non
928 3784 1327 3855 exemplaribus
1357 3783 1647 3855 Corbeienf

88 3856 241 3923 sibus,
299 3856 558 3924 quoniam
613 3853 717 3910 hoc
773 3855 825 3910 in
870 3856 1011 3911 libro
1064 3853 1398 3924 praecipuum
1443 3853 1647 3922 Pelagii

84 3926 265 3994 dogma
320 3926 494 3981 everti
526 3925 740 3980 videtur
782 3925 926 3995 quod
956 3924 1185 3979 Adamus
1237 3925 1343 3979 sive
1373 3932 1645 3995 peccasset,

84 3996 176 4067 sive
194 4012 294 4050 non
314 4004 593 4067 peccasset,
622 3997 903 4067 moriturus
930 4003 1076 4049 esset.

149 4065 217 4119 ita
244 4062 515 4121 sentiebat
543 4066 938 4120 eruditissimus
984 4078 1175 4130 senex,
1225 4077 1327 4119 nec
1374 4062 1649 4130 inquiren-

84 4134 196 4189 dum
238 4136 470 4190 ulterius
513 4134 761 4202 putavit:
820 4133 1077 4190 monebat
1106 4142 1314 4197 tamen,
1368 4140 1646 4186 auctorem

84 4205 218 4271 libri,
247 4205 495 4275 quisquis
518 4204 608 4260 ille
637 4204 817 4271 fuerit,
843 4214 967 4259 ante
990 4202 1204 4275 Pelagii
1242 4202 1647 4275 damnationem

82 4270 588 4344 scripsissefeaque
614 4275 682 4330 de
710 4270 867 4329 causa
893 4317 909 4342 ,
940 4272 1036 4328 sed
1068 4270 1321 4337 maxime,
1345 4270 1469 4341 quia
1508 4272 1648 4344 inter

1749 3087 1855 3161 370
1885 3090 1953 3161 ad
1980 3090 2088 3161 400
2109 3087 2322 3161 scriptis
2348 3091 2598 3145 novimus
2615 3126 2633 3156 ,
2656 3087 2955 3161 inclinante
2983 3096 3194 3161 _qua_rto
3231 3103 3338 3145 sa:-

1748 3160 1894 3226 culo,
1926 3157 2233 3217 Ecclesiam’
2266 3161 2605 3223 exercuisse,
2646 3157 2950 3228 praesertim
2980 3157 3045 3228 in,
3084 3158 3331 3225 Oriente,

1747 3230 1862 3285 sive
1892 3238 2019 3286 tunc
2045 3231 2277 3302 primum
2306 3238 2440 3285 ortae
2469 3227 2657 3283 essent
2676 3268 2693 3292 ,
2750 3229 2867 3282 sive
2906 3227 3147 3283 nondum
3198 3230 3335 3285 satis

1748 3301 2053 3357 exstinctae.
2108 3301 2348 3357 Fuerunt
2398 3298 2506 3354 illa:
2548 3312 2680 3369 vero
2724 3297 2912 3369 decem
2960 3298 3249 3369 praecipuae
3302 3314 3337 3356 a

1784 3316 2053 3357 ιειιηειω.
2109 3316 2348 3357 ruerunt
2398 3317 2412 3354 Ι

1748 3369 1981 3426 diversis
2010 3370 2281 3426 haereticis
2311 3377 2496 3436 motae,
2537 3367 2606 3425 de
2634 3367 2830 3439 quibus
2846 3368 3091 3439 singulis
3110 3367 3336 3424 senten-

1747 3440 1876 3495 tiam
1907 3440 2041 3497 dicit
2062 3440 2288 3497 Ruﬁnus
2322 3458 2334 3493 :
2366 3436 3042 3509 Anthropoinorphitarum
3101 3438 3341 3506 scilicet,

1746 3509 1816 3565 de
1839 3520 2028 3566 natura
2055 3511 2176 3573 Dei,
2206 3527 2353 3565 num.
2386 3508 2415 3562 1
2441 3518 2490 3564 et
2515 3508 2947 3575 2;’Arianorum,
2991 3508 3061 3563 de
3100 3510 3341 3565 consub-

1748 3580 2097 3636 stantialitate
2139 3580 2285 3645 Filii,
2322 3596 2463 3634 num.
2498 3578 2553 3647 5,
2581 3579 2637 3644 9,
2691 3587 2739 3631 et
2763 3588 2868 3632 tota
2894 3579 3201 3647 appendice;
3228 3580 3339 3635 Bla-

1748 3595 2097 3636 stanttatttate
2141 3595 2285 3645 r‘tltt,
2322 3596 2463 3634 num.
2499 3595 2553 3647 ο,
2581 3595 2637 3644 υ,
2691 3595 2739 3631 et
2763 3595 2868 3632 tata
2894 3595 3201 3701 alipenatce;
3228 3595 3334 3635 ma-

1747 3651 2238 3720 nomiattorum,rde
2257 3650 2458 3720 Spiritu
2489 3658 2699 3720 sancto,
2746 3664 2888 3700 num.
2958 3691 2992 3720 ,_
3018 3649 3075 3714 5,
3104 3649 3163 3720 6,
3187 3652 3243 3717 Ἰ,
3276 3650 3334 3717 8,

1747 3719 1839 3784 io,
1868 3721 1956 3789 ii,
1989 3719 2190 3792 12,715,
2217 3717 2355 3792 idet
2378 3717 2469 3785 i5;
2493 3717 2946 3792 Origenistanum,
2962 3718 3033 3792 de
3058 3718 3339 3792 principiis

1746 3786 2006 3859 rerum'et
2034 3786 2625 3859 aliis'pluribusmum.
2655 3786 2871 3859 36,”,
2926 3787 3022 3853 i9,
3060 3786 3139 3845 ξι)
3165 3786 3335 3859 εεἙις

1748 3858 2149 3940 ξῇοιίᾳξδιςμο
2171 3855 2512 3940 Ᾱροιιὶιηιέῑὶ,
2539 3858 2607 3940 de
2642 3855 3068 3940 Chrislounum.
3109 3860 3203 3929 42,
3242 3855 3339 3940 ἐξ),

1747 3926 1819 3982 44
1845 3941 1892 3983 et
1916 3929 2006 3993 45;
2049 3926 2605 3997 Novatianorum,_de
2644 3928 2962 3997 paenitentia
2993 3972 3009 3997 ,
3043 3926 3196 3985 num.
3243 3926 3343 3995 5οὲ

1747 3992 2085 4073 aliorum,de
2104 3998 2341 4073 hpminis
2361 3992 2666 4073 creatione,
2713 3993 2782 4048 de
2830 3992 3078 4067 ejusdem
3129 3992 3339 4067 anima;

1748 4066 1817 4136 de
1846 4081 2093 4136 corpore,
2124 4066 2193 4120 de
2211 4073 2463 4136 peccato
2476 4066 2778 4136 primorum
2818 4066 3127 4136 parentum,
3188 4066 3337 4124 mm.

1747 4134 1820 4211 ἓξ
1844 4146 1901 4211 ei
1918 4130 2012 4211 ξι,
2032 4130 2184 4211 nam.
2205 4130 2297 4201 2'5,
2326 4133 2417 4211 ξς,
2434 4130 2697 4211 εχει-28,
2716 4130 2867 4211 num.
2888 4138 2984 4211 :29,
3006 4130 3217 4206 50,751,
3238 4140 3333 4211 '52,

1747 4204 1838 4267 33.
1872 4206 1939 4260 δι
1965 4214 2012 4258 et
2032 4205 2125 4268 35,
2156 4221 2297 4258 num.
2339 4204 2429 4269 57,
2460 4202 2550 4268 '58,
2581 4204 2674 4270 39,
2704 4206 2776 4261 ιο
2800 4216 2847 4261 et
2875 4206 2966 4261 Η.

1822 4274 2118 4348 Utramque
2146 4283 2376 4348 partem,
2398 4273 2565 4348 iidem
2593 4276 2853 4348 nimirum
2868 4285 2927 4348 ret
2954 4280 3334 4348 appendicem,

82 4340 290 4437 (it-recns
318 4340 545 4425 vixerii,
564 4346 803 4437 _venialm
821 4340 1086 4437 "mergi,
1113 4351 1454 4437 (ilppugnaif,
1482 4340 1655 4437 circa
1677 4375 1732 4437 Β
1755 4342 1946 4437 ndiditk
1970 4340 2504 4437 Pat'nr'Sirrnondus‘,
2548 4345 2767 4437 snisque
2792 4340 3114 4437 ‘illustna'vit
3149 4340 3334 4437 notis,

82 4427 353 4483 peccatum
383 4414 626 4486 originis,
656 4415 939 4486 catholicas
964 4412 1457 4479 ﬁdei.'l‘uncenim,
1482 4424 1656 4480 neque

81 4486 142 4541 ab
187 4486 434 4541 Ecclesia
480 4484 761 4540 definitum
789 4484 1078 4555 quidquam
1110 4492 1231 4555 e_ra_t
1267 4496 1430 4551 super
1479 4495 1544 4537 ea
1572 4495 1654 4555 re,

80 4570 244 4626 neque
275 4556 417 4610 ﬁdes
440 4555 664 4623 hujusce
685 4552 953 4626 dogmatis
975 4552 1146 4626 _apud
1184 4552 1436 4626 Graecos,
1457 4559 1517 4626 ut
1537 4553 1658 4621 qui-

80 4621 189 4679 dem
211 4626 431 4707 videtur
470 4621 781 4692 nonnullis;
795 4621 1086 4680 admodum
1116 4630 1372 4679 constans
1414 4622 1537 4688 fuit,
1564 4628 1659 4677 aut

78 4709 395 4750 communis.

139 4766 541 4846 Abstinuissem
579 4764 766 4846 procul
816 4763 1019 4846 dubio,
1061 4764 1191 4845 ianti
1238 4762 1342 4846 viri
1393 4760 1659 4846 judicium

77 4838 366 4901 reveritus,
393 4834 463 4890 ab
507 4832 855 4902 inquisitione
883 4834 1182 4889 curiosiore
1205 4832 1443 4888 auctoris
1488 4840 1544 4888 et
1568 4832 1650 4887 in-

76 4908 323 4975 terpretis
344 4924 360 4957 :
384 4904 483 4975 qui
504 4904 651 4959 enim
673 4918 948 4975 sperarem
975 4918 1062 4975 me
1083 4911 1477 4975 assecuturum,
1505 4902 1649 4973 quod

72 4972 421 5031 Sirinondum
465 4972 715 5044 fugisset,
745 4972 849 5029 nisi
886 4974 1088 5044 Marius
1123 4974 1391 5029 Mercator
1427 4973 1498 5029 de
1524 4972 1649 5028 ’au-

72 5055 237 5113 ctore,
252 5046 326 5102 de
348 5042 651 5110 interprete
676 5044 995 5099 Sirmondus
1019 5042 1137 5113 ipse
1161 5044 1382 5100 minime
1407 5045 1651 5113 cogitans

68 5115 414 5172 monuisset?
441 5113 539 5170 Ille
564 5115 707 5170 enim
736 5114 986 5169 Ruﬁnum
1010 5113 1209 5172 Svrum
1235 5115 1480 5169 meminit
1498 5114 1652 5170 Pela-

68 5186 130 5253 gii
151 5194 206 5240 et
228 5185 483 5242 leestii
509 5186 853 5254 magistrum;
878 5185 979 5239 iste
1008 5183 1247 5240 libellum
1275 5184 1472 5240 Juliani
1499 5199 1651 5239 com-

69 5254 210 5311 misit
237 5257 382 5311 mibi
434 5254 751 5321 diligentius
799 5255 1180 5311 excutiendum
1216 5271 1228 5306 :
1263 5255 1403 5309 unde
1432 5264 1547 5311 orta
1568 5263 1654 5311 est

64 5324 125 5394 de
145 5334 385 5381 auctore
431 5332 488 5380 et
532 5323 865 5394 interprete,
912 5325 994 5380 sin
1026 5325 1203 5378 minus
1230 5334 1378 5379 certa
1431 5333 1655 5380 senten-

195 5397 404 5451 saltem
449 5392 798 5465 conjectura,
825 5409 927 5451 nec
956 5393 1220 5461 difﬁcilis,
1255 5409 1354 5451 nec
1381 5395 1659 5465 improba-

90 5481 194 5520 iis.

90 5481 194 5521 ως.

121 5537 342 5606 Auctor
390 5534 584 5606 igitur,
618 5544 676 5591 ut
723 5549 823 5591 suo
870 5534 990 5606 loco
1033 5535 1395 5606 ostendimus,
1444 5535 1657 5592 videtur

59 5604 289 5666 Ruﬁnus
316 5604 531 5673 Svrns,
572 5606 844 5675 interpres
879 5604 1127 5664 Julianus
1175 5605 1513 5678 Eclanensis,
1562 5607 1654 5677 qui

1757 4414 2015 4484 brevibus
2044 4414 2151 4469 illis
2178 4413 2415 4484 quidem,
2441 4425 2497 4470 ut
2522 4413 2696 4483 solet,
2726 4415 2822 4472 sed
2864 4419 3115 4479 eruditis.
3147 4413 3343 4479 Fidem

1760 4483 1969 4559 edimus
2006 4492 2061 4559 et
2089 4483 2210 4559 nos,
2241 4483 2415 4559 immo;
2436 4494 2493 4541 et
2516 4486 2891 4559 appendicem,
2919 4491 3021 4544 etsi
3073 4493 3345 4559 potuisses

1761 4553 1938 4609 omitti
1971 4554 2114 4609 :viri
2162 4564 2345 4630 tamen
2385 4553 2682 4630 doctissimi
2724 4568 2881 4613 notas
2906 4572 3013 4614 non
3040 4553 3338 4630 descripsi.
3414 4578 3417 4581 λ

1762 4639 1906 4694 mus,
1929 4640 2101 4695 neque
2140 4626 2282 4681 enim
2310 4625 2379 4680 iis
2398 4625 2686 4681 admodum
2715 4641 2851 4695 opus
2878 4637 2963 4683 est
2993 4629 3059 4683 ad
3091 4645 3205 4684 rem
3223 4625 3338 4684 ἠο-

1762 4702 1949 4762 stram,
1978 4696 2070 4765 qui
2100 4697 2194 4751 toti
2217 4710 2403 4751 sumus
2426 4696 2885 4765 inicomparandis
2904 4697 3047 4754 inter
3073 4713 3136 4755 se
3162 4702 3342 4756 homi-

1767 4780 1915 4830 num,
1939 4764 2073 4835 quos
2103 4765 2354 4831 diximus,
2376 4764 2827 4821 confessionibus.

1836 4834 2151 4907 Sirmondus
2188 4836 2460 4907 sexaginta
2490 4844 2547 4907 et
2576 4849 2684 4907 uno
2709 4834 2945 4907 numeris
2977 4843 3143 4892 totum
3192 4852 3338 4907 opus

1758 4904 2024 4976 distinxit,
2054 4907 2167 4961 sive
2197 4905 2300 4960 hoc
2318 4903 2391 4976 ita
2420 4904 2520 4973 ipsi
2544 4903 2716 4958 visum
2755 4913 2859 4976 est,
2898 4904 3012 4961 sive
3056 4903 3333 4976 repertum
3445 4903 3453 4920 ⁵

1758 4975 1813 5030 in
1844 4975 2117 5031 codicibus
2169 4989 2301 5031 mss.
2348 4974 2612 5030 Numeros
2640 4974 2997 5040 servavimus,
3029 4974 3148 5032 cum
3181 4986 3335 5034 tanto

1757 5045 1875 5101 viro
1897 5059 2003 5101 non
2026 5045 2251 5115 obsequi
2284 5045 2735 5116 religiosumslt:
2767 5043 3118 5116 nihilominus
3144 5060 3336 5104 aucto—

1758 5130 1874 5199 rem
1903 5117 2070 5199 secuti
2096 5113 2265 5199 totum
2286 5113 2828 5199 opuntiistribuirnns
2874 5115 2929 5169 in
2974 5120 3328 5199 oc_to_capita,

1758 5186 1871 5241 suis
1897 5186 2104 5257 singula
2132 5183 2375 5257 formulis
2398 5185 2667 5243 distincta.
2700 5183 2941 5257 Primum
2962 5196 3049 5241 est
3091 5187 3158 5243 de
3194 5183 3329 5253 Deo;

1758 5254 2075 5322 secundum,
2127 5256 2194 5311 de
2231 5257 2501 5313 creatione
2544 5265 2600 5312 et
2636 5254 2997 5310 invisibilibus
3043 5259 3331 5324 creaturis;

1761 5327 1996 5393 tertium,
2015 5327 2083 5381 de
2098 5328 2408 5382 coelestibus
2419 5325 2751 5394 corporibus;
2766 5333 3040 5393 quartum,
3063 5328 3131 5382 de
3154 5327 3335 5384 homi-

1758 5395 1843 5450 nis
1863 5397 2062 5461 anima;
2084 5396 2352 5466 quintum,
2371 5396 2439 5451 de
2458 5394 2698 5464 ejusdem
2727 5407 2976 5466 corpore;
3001 5407 3209 5452 sextum
3227 5438 3241 5464 ,
3261 5398 3335 5456 de

1757 5466 2056 5534 primorum
2100 5465 2379 5535 parentum
2428 5470 2689 5535 peccato;
2718 5465 3030 5535 septimum,
3055 5469 3123 5523 de
3146 5467 3329 5525 incar-

1758 5533 1976 5592 natione
2003 5533 2208 5602 Verbi;
2237 5533 2515 5604 octavum,
2568 5533 2640 5591 de
2689 5533 2962 5593 solvendis
3005 5534 3332 5596 Arianorum

1755 5610 2157 5683 quaestionibus.
2457 5672 2469 5679 ﬁ
2536 5662 2540 5666 ,
2564 5658 2567 5661 .
2588 5646 2607 5662 η.
