3970 6282
510 216 616 285 δδί
923 221 1045 282 'AD
1079 216 1372 280 PARTEM
1404 216 1672 278 PRlMA‘M
1706 213 1993 274 OPEBUM
2029 213 2101 272 Μ.

1149 334 1378 392 CAPUT
1410 333 1451 390 Ῑ.

1182 428 1262 484 De
1297 426 1429 482 Deo.

584 524 713 580 Hinc
749 529 933 578 nostra
971 520 1105 577 ﬁdes
1125 531 1228 590 est,
1251 535 1410 593 quam
1433 517 1723 574 didicimus
1769 531 1801 572 a
1829 515 1943 572 Deo
1971 513 2100 571 edo-

517 620 621 678 ctis
645 616 798 683 viris,
824 615 1012 689 Moyse
1031 614 1154 670 dico
1182 623 1237 670 et
1262 612 1475 670 caneris
1497 611 1804 683 prophetis,
1829 609 1921 681 qui
1947 615 2100 663 vetus

517 710 766 768 Hebreis
785 709 1187 764 Testamentum
1211 706 1662 778 praedicaverunt;
1685 719 1787 762 nec
1809 720 1914 759 non
1937 703 2099 760 etiam

518 817 550 858 a
579 802 779 858 sanctis
805 809 862 856 et
899 799 1072 856 beatis
1113 799 1374 870 apostolis
1404 808 1458 855 et
1488 797 1856 869 evangelistis,
1879 795 1968 864 qui
1998 809 2102 851 no-

517 906 646 948 vum
674 891 876 948 Christi
904 890 1314 948 Testamentum
1350 890 1506 947 nobis
1544 889 1838 947 salubriter
1864 887 2100 944 insinua-

520 994 669 1042 runt.

597 1077 651 1132 l.
680 1075 833 1145 Quod
855 1091 995 1132 unus
1018 1083 1105 1134 est
1132 1076 1292 1145 Deus,
1326 1075 1533 1132 habens
1557 1073 1788 1131 Verbum
1819 1068 2103 1128 substanti-

522 1182 666 1236 vum,
691 1169 897 1239 aequale
923 1184 1021 1240 per
1047 1171 1228 1224 omnia
1253 1168 1377 1238 sibi,
1407 1168 1655 1226 similiter
1676 1175 1735 1224 et
1771 1163 2101 1235 Sapientiam

520 1259 939 1332 substantivam,
994 1263 1256 1333 aequalem
1294 1261 1398 1317 sibi
1449 1275 1548 1331 per
1575 1260 1774 1316 omnia.
1806 1257 1924 1314 Una
1976 1255 2104 1311 sub-

521 1356 719 1411 stantia
747 1354 924 1413 Patris
947 1361 1006 1412 et
1045 1352 1306 1426 unigeniti
1333 1352 1499 1409 Verbi
1537 1361 1594 1409 et
1634 1352 1866 1423 Spiritus
1901 1349 2102 1415 sancti,

521 1461 628 1503 una
656 1449 891 1519 potentia
923 1465 939 1502 :
985 1462 1126 1504 unus
1171 1446 1430 1504 Dominus
1451 1490 1467 1516 ,
1525 1447 1642 1503 sine
1669 1446 1956 1518 principio,
1987 1443 2106 1499 sine

523 1536 657 1606 ﬁne,
688 1540 922 1611 simplex
969 1547 1025 1596 et
1078 1539 1505 1610 incompositus,
1549 1536 1928 1609 incorporalis,
1987 1535 2106 1591 sine

520 1628 711 1701 ﬁgura,
739 1633 858 1688 sine
879 1632 1306 1688 circumdatione
1332 1649 1347 1686 :
1373 1641 1489 1688 non
1529 1645 1800 1699 crescens,
1846 1643 1954 1686 non
2009 1628 2107 1684 de-

527 1721 738 1789 ﬁciens,
767 1738 876 1780 non
900 1723 1168 1794 indigens,
1198 1723 1478 1790 indivisus,
1506 1723 1767 1792 inﬁnitus,
1797 1719 2109 1789 invisibilis,

520 1813 1103 1885 incomprehensibilis,
1124 1816 1572 1886 inconvertibilis,
1603 1815 1720 1872 sine
1740 1815 1978 1880 interitu,
2003 1812 2109 1868 im-

525 1907 819 1977 mutabilis,
847 1909 953 1966 hoe
976 1909 1123 1981 quod
1143 1917 1246 1980 est,
1276 1923 1494 1982 semper
1521 1916 1577 1966 et
1624 1909 1767 1966 idem
1802 1908 1907 1965 erit
1934 1925 1948 1961 :
1976 1921 2110 1963 con-

526 1999 673 2055 ditor
688 1999 951 2068 omnium,
973 2010 1293 2072 potestatem
1313 2003 1542 2071 habens,
1563 2001 1808 2074 provisor
1821 1997 2106 2070 benignus,

523 2092 702 2165 justus
727 2094 894 2165 iudex
922 2095 1168 2152 vivorum
1195 2104 1251 2154 et
1271 2103 1634 2156 mortuorum.

597 2183 665 2240 Et
683 2185 828 2255 quod
849 2187 1037 2242 unicus
1056 2187 1203 2244 Deus
1224 2187 1466 2247 Verbum
1504 2189 1561 2245 in
1605 2196 1850 2245 extremo
1898 2193 2114 2256 tempo-

526 2280 647 2334 rum
670 2288 828 2334 natus
847 2288 930 2336 est
947 2294 1017 2336 ex
1038 2280 1246 2351 Spiritu
1265 2289 1456 2339 sancto
1479 2290 1534 2339 et
1561 2281 1727 2338 Maria
1751 2293 1972 2350 semper
2002 2277 2114 2332 vir-

529 2368 684 2439 gine;
706 2378 762 2426 et
785 2370 927 2442 quod
957 2373 1245 2430 cruciﬁxus
1267 2383 1512 2430 mortuus
1535 2381 1619 2430 est
1637 2380 1861 2443 propter
1890 2382 2029 2433 nos;
2060 2373 2118 2422 et

531 2461 676 2534 quod
703 2463 864 2519 tertia
893 2463 981 2521 die
1008 2467 1331 2534 resurrexit,
1361 2475 1419 2524 et
1463 2465 1708 2524 ascendit
1751 2464 1806 2519 in
1845 2460 2033 2526 cmios,
2061 2464 2119 2513 et

530 2554 685 2638 sedet
712 2556 768 2610 in
793 2556 1019 2613 dextera
1039 2557 1225 2615 Patris
1245 2560 1350 2626 sui;
1382 2567 1439 2616 et
1481 2559 1627 2631 quod
1671 2557 2008 2628 iudicaturus
2031 2555 2118 2607 est

531 2646 683 2704 vivos
716 2655 770 2703 et
796 2657 1080 2718 mortuos;
1106 2660 1162 2708 et
1189 2651 1334 2723 quod
1383 2666 1508 2708 cum
1552 2651 1741 2708 eadem
1785 2663 1980 2719 carne,
2031 2659 2120 2702 se-

534 2739 770 2796 cundum
799 2740 939 2795 facta
965 2754 1085 2808 sua,
1114 2743 1486 2814 unusquisque
1512 2743 1688 2800 vicem
1715 2742 1960 2812 recipiet.

605 2892 1262 2974 ObservavitSirmondus
1280 2893 1571 2974 Sapientiae
1598 2911 1796 2974 nomen
1827 2891 2121 2974 in__divinis

538 2963 804 3045 personis,
826 2963 970 3045 quod
993 2963 1296 3045 tribui'tnos
1320 2963 1404 3021 est
1444 2966 1605 3045 Filio,
1628 2968 1797 3022 fuisse
1844 2966 1973 3021 olim
2027 2964 2120 3033 qui

538 3033 761 3103 Spiritui
801 3042 988 3103 sancto
1037 3035 1394 3100 ascriberent,
1437 3047 1495 3090 ut
1541 3039 1628 3091 hic
1657 3046 1862 3103 noster,
1911 3044 1964 3090 et
1995 3042 2118 3088 ante

539 3091 1492 3176 illumTheophilusAntiochenuset
1525 3091 1760 3162 lrenaeus
1795 3091 2114 3176 Lugdunen-
2145 3091 2192 3156 C

540 3173 813 3248 sis._Addo
834 3189 933 3248 ego
963 3175 1187 3248 Marium
1228 3175 1584 3248 Victorinum.
1637 3173 1918 3248 Theophili
1971 3177 2114 3248 enim

543 3244 706 3328 verba
730 3255 856 3328 sunt
902 3244 922 3317 (
950 3245 1065 3328 Lib.
1114 3246 1241 3328 uad
1260 3246 1609 3318 Autolycum)
1639 3265 1652 3300 :
1686 3244 1810 3302 Tres
1825 3245 1993 3328 _dies,
2025 3245 2118 3327 qui

541 3315 1060 3398 (liminarium‘ortum
1083 3315 1484 3398 antecesserunt,
1515 3315 1669 3398 typus
1690 3328 1808 3398 sunt
1825 3316 2113 3384 Trinitatis,

539 3383 659 3461 ρει,
682 3395 730 3439 et
750 3385 918 3461 _Verbi
943 3389 1125 3461 ipsius,
1143 3396 1190 3442 et
1214 3389 1492 3461 Sapientiae
1513 3383 1697 3461 ipsius.
1729 3389 1962 3444 [renatus
1982 3383 2116 3461 vero

541 3406 659 3452 uel,
682 3406 730 3439 ιι
769 3406 796 3442 γ
811 3406 918 3442 ενοι
943 3406 1125 3513 :pstus,
1143 3406 1190 3442 ει
1214 3406 1492 3453 adurentia:
1513 3406 1697 3461 ψεωε.
1729 3406 1962 3444 ιιειιωυς
1982 3406 2116 3442 vero

541 3454 712 3540 Deum
733 3457 889 3512 docet
913 3473 941 3511 a
1019 3473 1107 3540 res
1131 3459 1498 3540 producendas
1521 3462 1834 3540 angelorum
1876 3459 2117 3540 ministe-

542 3529 629 3610 rio
657 3541 764 3610 non
794 3541 984 3610 ‘egere.
1029 3529 1310 3596 Ministrat,
1341 3531 1575 3610 inquit}
1601 3531 1719 3610 Lib.
1747 3545 1804 3585 tv
1833 3546 1955 3610 cap.
1979 3529 2043 3610 Π
2070 3535 2119 3583 et

677 3597 807 3681 etad
830 3599 1116 3681 omnicana
1140 3595 1486 3681 progenies—et
1506 3595 1754 3681 ﬁgurati}!
1780 3595 1906 3681 sua,
1933 3601 1990 3681 id
2019 3606 2118 3681 est,

545 3662 717 3748 Pilius
748 3675 810 3748 ,οι
849 3667 1080 3748 Spiritus
1097 3662 1585 3748 sanctus,_Verbutit
1629 3680 1676 3725 et
1707 3662 1996 3748 Sapientia.
2021 3662 2120 3748 _Et

543 3736 649 3790 alio
670 3737 727 3790 in
748 3738 869 3792 loco
896 3755 909 3790 :
945 3739 1199 3813 Quoniam
1222 3749 1270 3794 et
1323 3739 1617 3811 Sapientia,
1644 3756 1757 3813 qua
1785 3736 1858 3813 est
1889 3740 2120 3809 Spiritus

543 3816 770 3877 sanctus,
799 3815 906 3861 erat
927 3810 1069 3877 apud
1095 3809 1261 3864 Deum
1282 3809 1412 3864 ante
1444 3809 2117 3875 omnem'constitutionem,

547 3890 638 3944 per
659 3874 986 3957 Sqiomonent
1013 3881 1086 3957 ait
1114 3880 1254 3957 De_us
1277 3882 1591 3957 {Sapientia
1625 3881 1886 3957 fundauit
1905 3874 2120 3957 terram,

545 3949 940 4036 ξιξιιθιιιιὶςέιῇιειιιΔ
964 3950 1148 4036 emtum
1173 3949 1468 4036 Prudentia
1479 3949 1673 4036 λῃτοοὺ.
1701 3967 1782 4032 in,
1806 3950 1916 4030 19)ς
1941 3949 2122 4036 Victo-

548 4016 702 4096 rinus
722 4015 858 4096 (Lib.
891 4032 940 4068 tv
963 4019 1026 4070 de
1055 4017 1226 4096 Tria.)
1257 4021 1439 4096 :A_Cum_
1476 4015 1840 4096 Christusvita
1870 4015 1967 4096 sit,
1990 4017 2118 4087 Spi-

545 4087 676 4140 ritus
695 4095 872 4167 autem
891 4095 1096 4167 sanctus
1123 4086 1336 4139 scientia
1358 4096 1404 4167 et
1424 4089 1786 4167 intelligentia,
1827 4088 1999 4142 omnia
2035 4086 2123 4139 ta-

548 4156 921 4242 mpnﬁ‘piritu‘s
941 4164 1326 4242 sanctus,‘qutle
1355 4156 1554 4242 habet”
1575 4156 1614 4211 ᾱ
1653 4157 1856 4212 Christo
1904 4157 2119 4236 accepit,

549 4223 782 4307 Qhristus
798 4242 832 4307 ει
851 4223 1030 4289 Patre,
1054 4224 1108 4307 id
1123 4223 1311 4307 est,’.ab
1340 4242 1398 4281 eo
1419 4227 1554 4307 quod
1582 4236 1656 4307 est
1694 4243 1847 4307 essen
1874 4223 2123 4307 exstiterit

547 4297 672 4377 rita,
698 4305 742 4348 et
766 4294 831 4377 ab
856 4309 928 4377 eo
933 4295 1072 4376 quod
1095 4295 1374 4377 est_viuere,
1397 4293 1643 4377 eicstiterit
1670 4297 1884 4377 scientia
1903 4305 1949 4348 et
1964 4293 2122 4348 intel-

549 4363 1017 4446 ligerpLetcLTam
1055 4364 1333 4446 insolentis
1379 4367 1752 4446 appellationis
1789 4380 1952 4446 causa
2005 4372 2120 4433 est,

551 4434 694 4504 quod
716 4434 948 4516 Spiritus
973 4437 1327 4516 sanctus,._v_el
1357 4450 1386 4488 a
1416 4434 1570 4491 'd‘ono
1610 4436 1894 4505 sapientiae
1922 4449 2122 4490 nomen

553 4503 790 4585 accepit,
837 4503 945 4585 vel,
987 4512 1062 4585 ut.
1085 4506 1392 4585 credibilius
1415 4519 1524 4585 est,
1576 4503 1816 4585 omnium
1865 4507 2120 4585 virtutum

551 4575 778 4656 fousest
798 4581 958 4656 atque
985 4575 1157 4644 origo.
1186 4575 1324 4656 Quid
1341 4576 1693 4656 si_Pla_tonico
1735 4591 1923 4656 more_
1935 4575 2125 4656 sophia

553 4646 723 4726 posita
744 4654 826 4700 est
850 4658 944 4726 pro
986 4659 1170 4726 amore
1199 4646 1473 4726 sapientiae
1491 4646 1524 4726 ?_
1573 4653 1658 4726 est
1703 4648 1846 4703 enim
1891 4646 2125 4716 Spiritus

550 4715 883 4797 sanctussui
923 4715 1193 4797 principii,
1233 4716 1675 4797 quae-Sapientia
1723 4715 2014 4787 generatis,
2069 4723 2126 4770 et

551 4783 825 4856 Sapientia
853 4785 1060 4854 genita,
1089 4783 1820 4854 amor'quidam'subsistehs.

621 4943 678 4998 2.
717 4941 958 5012 Simplex
997 4951 1052 4999 et
1093 4942 1482 5013 incdmpositus
1525 4949 1613 5000 est
1660 4944 1822 5011 Deus,
1872 4957 1940 5000 eo
1983 4941 2128 5014 quod

555 5050 662 5092 non
687 5041 774 5090 est
798 5047 999 5104 corpus
1037 5032 1290 5091 divinitas
1319 5051 1332 5088 :
1361 5035 1685 5105 compositio
1728 5035 1872 5092 enim
1906 5034 2131 5104 propria

556 5138 643 5186 est
663 5141 970 5197 corporum.
996 5125 1238 5198 Simplex
1257 5135 1312 5183 et
1331 5127 1741 5198 incompositus,
1768 5141 1835 5182 eo
1857 5124 1999 5195 quod
2021 5139 2132 5181 non

559 5219 754 5277 accidit
779 5219 832 5275 ei
857 5215 1092 5275 Verbum
1117 5225 1174 5275 et
1198 5218 1472 5289 Sapientia
1499 5233 1515 5272 :
1548 5216 1868 5288 compositio
1895 5215 2038 5271 enim
2063 5229 2132 5270 ex

557 5311 853 5370 substantia
880 5313 1046 5370 simul
1075 5321 1132 5370 et
1165 5313 1534 5370 accidentibus
1575 5321 1828 5368 constare
1866 5309 2134 5378 dignosci-

562 5414 671 5461 tur.
710 5405 954 5476 Simplex
989 5413 1048 5461 et
1073 5404 1502 5473 incompositus:
1533 5417 1712 5473 neque
1746 5402 1889 5456 enim
1918 5401 2132 5455 diversa

557 5503 645 5554 est
666 5496 842 5553 Patris
869 5494 1080 5553 et‘Filii
1114 5503 1169 5550 et
1195 5493 1448 5565 Spiritus
1473 5493 1645 5550 sancti
1679 5491 1998 5559 substantia,
2035 5487 2136 5546 sed

557 5601 670 5672 una
693 5590 910 5671 penitus
925 5588 1227 5660 eademque
1249 5583 1600 5645 monstratur.
1712 5621 1735 5634 ι.
2028 5583 2036 5590 ·

627 5682 688 5744 δ.
725 5682 798 5741 Et
829 5680 975 5753 quod
1003 5696 1110 5740 una
1144 5691 1227 5740 est
1269 5680 1567 5752 eademque
1601 5696 1780 5756 patri,
1822 5693 2038 5756 εινγῃῖῖ
2078 5701 2133 5753 ει

2141 208 2592 272 MERCATORIS
2625 206 2976 272 A’PPENNX
3014 204 3350 271 SEQUNDA.
3667 207 3784 266 461

2124 330 2178 393 Α
2202 327 2437 399 Spiritus
2461 326 2633 383 sancti
2666 325 2965 382 substantia
2986 333 3042 382 et
3062 324 3249 391 Virtus,
3279 321 3434 380 testis
3462 329 3547 378 est
3587 320 3781 376 Domi-

2202 437 2306 478 nus
2334 430 2523 477 noster
2557 420 2714 476 Jesus
2743 419 3008 486 Christus,
3040 419 3108 474 de
3151 416 3442 486 semetipso
3481 414 3686 470 docens
3728 420 3787 469 et

2200 513 2268 568 de
2297 512 2501 584 Spiritu
2528 521 2734 568 sancto.
2769 511 2847 566 De
2873 525 2934 566 se
2960 509 3199 581 quidem,
3228 523 3354 564 cum
3383 506 3517 562 dicit
3541 524 3555 560 :
3585 503 3706 578 Ego
3737 513 3790 560 et

2201 604 2361 662 Pater
2388 622 2549 661 unum
2571 621 2747 660 sumus
2767 603 2948 676 (Joan.
2970 618 3027 671 x,
3057 601 3182 672 50);
3213 608 3270 657 et
3298 599 3489 656 iterum
3512 613 3527 655 :
3568 597 3671 664 Qui
3703 610 3792 649 me

2199 699 2348 766 uidit,
2375 700 2498 753 vidit
2523 707 2571 753 et
2593 697 2804 753 Patrem
2827 695 3007 770 (Joan.
3031 711 3142 765 xiv,
3164 694 3247 766 9).
3277 693 3372 749 liis
3398 691 3557 747 dictis
3584 697 3782 745 osten-

2201 789 2283 845 dit
2309 800 2518 858 aperte,
2549 805 2707 845 unam
2738 804 2858 845 esse
2885 789 3265 853 substantiam,
3284 784 3643 853 eamdemque
3669 781 3790 836 vir-

2202 891 2408 950 tutem;
2449 898 2572 938 nam
2601 897 2722 942 cum
2751 881 2979 938 dixisset
3020 879 3270 950 Philippo
3297 894 3315 933 :
3347 876 3512 932 Tanto
3544 883 3783 944 tempore

2201 976 2462 1032 vobiscum
2501 992 2644 1043 sum,
2689 984 2738 1030 et
2779 990 2880 1030 non
2909 973 3217 1043 cognovistis
3240 985 3320 1024 me
3340 984 3362 1025 :
3390 968 3490 1032 Qui
3528 981 3609 1020 me
3636 963 3791 1031 vidit,

2202 1068 2331 1123 uidit
2356 1076 2402 1123 et
2431 1065 2674 1134 Patrem;
2713 1065 2911 1122 docere
2962 1064 3152 1131 voluit,
3189 1075 3352 1117 unum
3382 1073 3483 1114 nos
3522 1057 3702 1127 ipsum
3739 1058 3799 1109 et

2204 1160 2422 1217 Patrem
2465 1159 2824 1228 eumdemque
2857 1170 3105 1221 cernere,
3149 1154 3351 1210 virtute
3395 1148 3578 1216 simul,
3627 1154 3800 1216 atque

2205 1253 2530 1322 substantia,
2577 1268 2645 1310 ex
2684 1250 3027 1308 mirabilibus
3077 1262 3196 1320 quae
3246 1245 3497 1301 faciebat.
3549 1241 3801 1309 Quorum

2207 1348 2351 1403 enim
2390 1362 2493 1402 una
2538 1346 2805 1412 voluntas,
2855 1343 3153 1412 eademque
3197 1346 3324 1394 sunt
3365 1349 3554 1407 opera,
3598 1343 3801 1388 eorum

2207 1452 2422 1510 quoque
2458 1445 2540 1494 est
2568 1436 2755 1492 eadem
2787 1432 3120 1497 substantia;
3167 1429 3401 1499 ideoque
3439 1425 3658 1481 dicebat
3700 1421 3804 1478 Ju-

2208 1531 2343 1588 daais
2368 1549 2384 1587 :
2415 1531 2477 1588 Si
2499 1547 2600 1585 non
2631 1529 2768 1598 facio
2796 1542 2958 1598 opera
2988 1523 3164 1580 Patris
3185 1521 3314 1586 mei,
3346 1517 3504 1573 nolite
3530 1516 3656 1570 mihi
3681 1528 3804 1568 cre-

2211 1624 2364 1690 dere;
2393 1623 2477 1677 sin
2503 1630 2672 1676 autem
2697 1619 2858 1689 facio,
2888 1626 2935 1671 et
2956 1616 3000 1671 si
3030 1614 3158 1669 mihi
3183 1628 3286 1668 non
3309 1609 3532 1682 creditis,
3561 1605 3806 1677 aperibais
3864 1649 3868 1653 .

2141 1709 2194 1774 B
2217 1719 2426 1786 credite,
2449 1725 2505 1770 ut
2530 1716 2699 1772 sciatis
2722 1723 2770 1768 et
2797 1710 3096 1781 intelligatis
3144 1706 3283 1778 quod
3314 1705 3476 1760 Pater
3501 1710 3578 1758 est
3611 1701 3666 1754 in
3694 1715 3805 1767 me,

2215 1821 2267 1870 et
2289 1828 2382 1886 ego
2403 1812 2458 1866 in
2494 1812 2607 1881 ipso
2652 1805 2832 1880 (Joan.
2861 1821 2916 1871 x,
2948 1805 3064 1876 '57).
3107 1802 3238 1858 Mire
3274 1808 3455 1854 autem
3494 1795 3659 1852 etiam
3693 1792 3810 1848 hoc

2214 1883 2423 1975 docuit,
2453 1920 2562 1962 non
2586 1903 2763 1968 aliter,
2795 1899 2902 1955 nisi
2929 1913 2998 1954 ex
3022 1895 3296 1968 operibus,
3328 1889 3670 1947 divinitatem
3706 1883 3812 1941 de-

2213 2003 2345 2061 bere
2372 1997 2623 2072 cognosci
2647 2014 2662 2052 :
2685 1995 2882 2066 quippe
2906 2006 3029 2048 cum
3057 1985 3376 2045 naturaliter
3396 1978 3684 2038 invisibilis
3704 1976 3809 2042 sit,

2219 2102 2274 2152 et
2306 2107 2413 2149 non
2441 2067 2598 2146 aliter
2626 2088 2895 2152 videatur,
2925 2095 3085 2154 quam
3115 2095 3182 2136 ex
3220 2077 3333 2133 suis
3368 2073 3620 2144 operibus
3643 2078 3700 2125 et
3726 2067 3813 2123 fa-

2217 2185 2340 2252 ctis,
2372 2194 2430 2239 ut
2464 2182 2625 2239 etiam
2655 2176 2930 2248 Sapientia
2960 2180 3209 2236 testatur,
3233 2168 3457 2224 dicens:
3485 2162 3566 2217 Ea:
3601 2158 3814 2232 magni-

2220 2277 2396 2330 tudine
2421 2274 2554 2327 enim
2579 2281 2626 2326 et
2657 2266 3043 2339 putchritudine
3071 2275 3304 2330 operum,
3322 2259 3664 2324 competenter
3680 2265 3815 2304 con-

2223 2369 2359 2423 ditor
2378 2381 2554 2420 eorum
2582 2361 2888 2433 perspicitur
2913 2356 3074 2430 (Sap.
3093 2367 3215 2417 xm,
3238 2350 3316 2421 5).
3342 2348 3603 2405 Similiter
3623 2350 3815 2433 autem

2222 2460 2383 2517 etiam
2409 2432 2598 2512 beatus
2622 2432 2817 2508 Paulus
2838 2445 3113 2519 apostolus
3138 2443 3309 2497 dicit:
3344 2433 3635 2492 Invisibitia
3671 2432 3817 2486 enim

2220 2552 2382 2625 ipsius
2408 2565 2442 2603 a
2478 2556 2713 2602 creatura
2751 2541 2934 2598 mundi
2963 2555 3053 2610 per
3074 2553 3136 2591 ea
3160 2549 3276 2606 qua:
3307 2531 3446 2601 facta
3474 2537 3615 2591 sunt,
3649 2522 3817 2578 intel-

2224 2620 2354 2701 lecta
2392 2641 2808 2712 conspiciuntur;
2848 2634 3156 2705 sempiterna
3189 2621 3387 2697 quoque
3421 2626 3534 2694 ejus
3572 2620 3737 2673 uirtus
3768 2622 3819 2670 et

2224 2737 2467 2792 divinitas
2496 2732 2671 2805 (Rom.
2699 2746 2738 2795 ι,
2773 2726 2889 2798 20).
2923 2725 3091 2779 Docet
3127 2725 3306 2775 autem
3348 2716 3543 2770 iterum
3587 2716 3818 2766 sanctus

2225 2800 2784 2902 apostolus'Joannes,
2812 2818 2955 2891 quod
2977 2816 3234 2872 Dominus
3258 2819 3446 2866 noster
3465 2807 3622 2864 Jesus
3646 2800 3819 2858 Chri-

2225 2893 2342 2978 sius
2370 2926 2553 2992 aperte
2585 2917 2822 2986 seipsum
2862 2909 3179 2982 praedicaret
3225 2900 3426 2960 Judreis
3467 2897 3663 2992 Filium
3712 2893 3819 2948 Dei

2226 2987 2520 3071 secundum
2551 3005 2924 3070 substantiam,
2957 3003 3009 3057 in
3037 3016 3104 3057 eo
3138 2997 3280 3067 quod
3317 2994 3449 3051 dicit
3479 3009 3491 3044 :
3522 2987 3820 3060 Propterea

2221 3105 2386 3178 magis
2414 3101 2708 3174 quarebant
2728 3113 2845 3153 eum
2873 3093 3049 3149 Judaei
3079 3090 3324 3151 occidere,
3347 3083 3482 3154 quod
3506 3095 3606 3135 non
3639 3079 3820 3132 solum

2220 3171 2446 3252 seuiebat
2471 3194 2767 3255 sabbatum;
2803 3203 2978 3242 rerum
3009 3186 3162 3238 etiam
3209 3180 3420 3235 Patrem
3454 3189 3606 3230 suum
3641 3171 3822 3225 Deum

2223 3306 2334 3345 esse
2359 3287 2582 3351 dicebat,
2607 3282 2860 3354 (aqualem
2887 3296 2941 3334 se
2966 3278 3160 3349 faciens
3189 3274 3298 3327 Deo
3331 3269 3507 3341 (Joan.
3531 3281 3586 3332 ν,
3607 3264 3726 3331 18).
3753 3264 3825 3317 Et

2225 3382 2330 3436 hoc
2381 3388 2508 3434 tunc
2554 3374 2934 3430 intellexerunt
2973 3366 3180 3430 Judaei,
3213 3361 3357 3434 quod
3402 3359 3557 3416 Jesus
3606 3362 3825 3410 semet-

2225 3473 2400 3544 ipsum
2442 3465 2836 3531 manifestavit,
2871 3460 3066 3517 Filium
3109 3455 3402 3512 secundum
3459 3449 3826 3506 substantiam

2226 3539 2383 3630 esse,
2418 3575 2541 3616 cum
2581 3558 2785 3613 diceret
2812 3553 2878 3609 ad
2905 3552 3030 3607 illos
3064 3567 3080 3604 :
3113 3548 3272 3601 Pater
3302 3559 3441 3600 meus
3469 3555 3630 3612 usque
3658 3539 3827 3594 modo

2227 3664 2488 3728 aperatur,
2515 3660 2562 3706 et
2590 3665 2681 3722 ego
2707 3662 2888 3720 aperor
2911 3641 3090 3715 (Joan.
3120 3656 3172 3707 ν,
3204 3637 3319 3708 l7).

2297 3749 2354 3803 4.
2398 3747 2506 3804 Sed
2554 3745 2670 3800 haec
2712 3741 2928 3812 quidem
2973 3737 3042 3794 de
3088 3734 3267 3804 seipso
3313 3730 3575 3786 Dominus
3625 3734 3827 3781 noster

2228 3843 2389 3897 Jesus
2428 3837 2677 3893 Christus
2714 3831 2913 3888 docuit.
2962 3827 3155 3882 Docuit
3181 3832 3364 3879 autem
3402 3821 3566 3876 etiam
3594 3816 3664 3873 de
3693 3815 3831 3884 Spi-

2230 3934 2336 3987 ritu
2357 3939 2568 3994 sancto,
2603 3940 2668 3981 eo
2707 3922 2849 3994 quod
2876 3922 2943 3976 de
2986 3920 3082 3974 Dei
3111 3915 3414 3972 substantia
3443 3923 3546 3979 est,
3578 3919 3634 3965 et
3673 3909 3833 3979 quod

2232 4039 2295 4078 ea
2330 4037 2450 4091 quae
2487 4019 2614 4074 facit
2641 4017 2783 4071 Deus
2821 4013 3002 4077 Pater,
3029 4009 3218 4066 eadem
3249 4007 3452 4077 pariter
3485 4003 3646 4058 etiam
3695 3999 3833 4070 Spi-

2231 4089 2368 4167 ritus
2389 4112 2546 4174 facit;
2579 4123 2701 4162 cum
2732 4104 2902 4161 dicit:
2933 4101 3164 4170 Spiritus
3198 4098 3450 4161 veritatis,
3479 4093 3569 4162 qui
3594 4109 3628 4145 a
3656 4089 3834 4146 Patre

2229 4203 2458 4274 procedit
2498 4198 2676 4272 (Joan.
2709 4211 2795 4264 xv,
2819 4193 2932 4264 26).
2980 4191 3150 4247 Porro
3193 4197 3369 4244 autem
3423 4199 3545 4240 cum
3592 4181 3834 4251 ejiceret

2230 4272 2570 4348 adversarius
2626 4293 2938 4358 potestates.
2989 4296 3122 4352 quas
3165 4281 3317 4350 juxta
3367 4272 3834 4332 consuetudinem

2231 4382 2510 4440 hominum
2541 4381 2814 4435 daemones
2842 4374 3100 4446 appellat,
3133 4371 3382 4426 dicebat:
3416 4367 3478 4422 Si
3517 4374 3692 4418 autem
3724 4379 3834 4434 ego

2147 4459 2210 4529 Di
2228 4475 2286 4529 in
2307 4475 2467 4545 digito
2483 4471 2581 4526 Dei
2600 4470 2750 4544 ejicio
2771 4467 3024 4521 dwmones
3051 4461 3200 4532 (Luc.
3220 4475 3294 4526 xt,
3312 4458 3430 4526 20).
3453 4455 3606 4524 Quod
3629 4463 3830 4510 autem

2233 4566 2459 4636 digitum
2508 4562 2600 4618 Dei
2653 4558 2918 4630 Spiritum
2965 4562 3212 4612 sanctum
3262 4550 3534 4614 nominet,
3577 4546 3839 4616 apertius

2231 4659 2415 4715 caeteri
2452 4653 2802 4724 evangelista:
2846 4650 2910 4706 ad
2947 4653 3088 4705 hunc
3133 4649 3310 4702 locum
3355 4643 3628 4699 dixerunt.
3680 4639 3839 4695 Mat-

2232 4753 2408 4807 thteus
2436 4745 2677 4818 quidem,
2710 4758 2830 4798 cum
2857 4743 2935 4797 sic
2959 4741 3088 4795 dicit
3113 4757 3126 4790 :
3161 4737 3222 4793 Si
3243 4745 3412 4789 autent
3431 4735 3485 4787 in
3509 4731 3698 4803 spiritu
3718 4729 3840 4785 Dei

2232 4859 2328 4912 ego
2359 4841 2509 4911 ejicio
2549 4839 2806 4893 dwmones
2847 4833 3057 4908 (Matth.
3098 4846 3208 4897 xu,
3243 4828 3354 4900 28).
3402 4825 3611 4882 Marcus
3643 4837 3789 4878 vero
3819 4843 3834 4876 :

2243 4933 2562 5001 Quicumque
2596 4924 3014 4998 blasphemaverit
3042 4925 3098 4978 in
3135 4921 3338 4988 Spiritu
3369 4927 3566 4985 sancto,
3601 4932 3708 4969 non
3743 4915 3845 4969 in-

2239 5024 2482 5095 dulgetur
2507 5022 2553 5076 ei
2579 5023 2633 5075 in
2670 5019 2934 5083 saeculum,
2963 5017 3051 5072 sed
3076 5015 3324 5069 obnoxius
3352 5011 3447 5065 erit
3478 5019 3668 5064 interno
3698 5024 3844 5077 pec-

2236 5125 2376 5184 cato,
2423 5131 2481 5168 eo
2507 5114 2658 5184 quod
2699 5111 2932 5166 dicebant
2971 5108 3272 5180 :Spiritum
3318 5104 3641 5158 immundum
3671 5100 3848 5156 habet

2242 5207 2438 5280 (Marc.
2462 5223 2543 5272 ιιι,
2573 5207 2704 5276 25).
2764 5204 2875 5260 Hoc
2899 5218 3018 5265 cum
3050 5201 3274 5256 dixisset
3312 5197 3590 5262 Dominus,
3632 5204 3852 5262 aperte

2237 5299 2427 5355 docuit
2455 5313 2615 5354 unam
2643 5295 2994 5362 eamdemque
3022 5293 3244 5347 credere
3271 5287 3623 5344 substantiam
3647 5283 3854 5340 Patris

2237 5399 2299 5447 et
2326 5389 2557 5460 Spiritus
2587 5385 2775 5449 sancti,
2803 5385 2999 5454 quippe
3043 5395 3162 5436 cum
3199 5379 3419 5450 digitus,
3457 5377 3609 5444 cujus
3633 5383 3723 5428 est
3753 5375 3856 5428 di-

2237 5483 2402 5554 gitus,
2453 5479 2691 5549 ejusdem
2739 5465 2899 5531 etiam
2953 5471 3264 5528 substanticc
3316 5470 3597 5524 habeatur.
3651 5461 3856 5522 Porro

2163 5621 2172 5625 η
2238 5582 2419 5629 autem
2445 5585 2564 5628 cum
2592 5567 2798 5624 diceret
2825 5566 3100 5636 discipulis
3128 5563 3240 5619 suis
3270 5578 3284 5617 :
3319 5560 3548 5628 Accipite
3566 5556 3857 5626 Spiritum

2196 5749 2200 5752 ν
2242 5681 2506 5737 sanctum;
2536 5683 2752 5739 quorum
2781 5655 3076 5721 dimiseritis
3104 5661 3338 5734 peccata,
3367 5656 3693 5714 dimittln’tur
3723 5657 3816 5713 eis
3831 5675 3860 5725 ς
