3900 6268
118 182 235 242 453
314 180 628 242 DlSSER'l‘.
667 183 737 243 ν.
776 166 869 244 n‘i:
906 163 1216 248 mestus
1252 180 1435 247 FIDE!
1472 167 1780 248 scritr'rts
1815 187 1906 245 AB
1941 183 2374 249 aucromnus
2411 186 2730 251 HERESIS
2766 190 3200 253 remotam.
3281 190 3390 257 tu

118 300 374 357 similiter
396 300 716 357 ostendebat
740 300 939 359 debere
959 294 1207 373 credere,
1231 320 1391 361 unam
1422 305 1700 361 eamdem-
1728 303 1782 365 Α
1806 304 2095 374 sapientia,
2127 320 2248 378 quae
2289 313 2456 364 totum
2495 320 2715 363 sensum
2745 317 2990 364 nostrum
3020 309 3181 364 altius
3221 324 3388 379 pene-

118 408 225 465 que
255 406 377 449 esse
400 394 755 451 substantiam
783 394 957 453 Patris
985 405 1040 454 et
1064 397 1321 471 Spiritus.
1360 398 1500 457 Dicit
1535 399 1697 457 etiam

118 489 313 547 beatus
352 488 555 545 Paulus
582 482 781 547 docens
812 506 830 550 :
874 489 1100 548 Nescitis
1143 494 1280 566 quod
1321 492 1568 568 templum
1606 492 1706 549 Dei

120 583 267 650 estis,
289 592 338 637 et
366 572 599 655 Spiritus
628 584 725 641 Dei
746 570 945 642 habitat
967 588 1025 643 in
1048 587 1231 646 vobis?
1253 590 1299 646 si
1322 590 1437 662 quis
1461 585 1706 662 templum

120 672 224 728 Dei
260 674 547 743 violaverit,
588 677 853 750 disperdet
894 680 1043 737 illum
1072 680 1214 740 Deus
1251 682 1301 758 (Ι
1322 683 1444 743 Cor.
1466 699 1556 752 tn,
1588 679 1701 754 16).

118 767 236 824 Hoc
262 784 384 824 cum
417 769 667 843 dixisset,
697 781 885 849 aperte
912 774 1097 833 docuit
1147 793 1311 836 unam
1351 778 1704 849 eamdemque

122 875 243 917 esse
286 863 642 920 substantiam
681 873 845 938 atque
882 869 1139 927 virtutem
1194 871 1292 929 Dei
1342 880 1398 929 et
1445 870 1702 942 Spiritus.

122 953 318 1024 quippe
346 969 471 1011 cum
501 970 609 1014 non
630 972 697 1015 ex
721 958 827 1016 alia
849 976 909 1017 re
935 974 1296 1036 cognoscatur
1319 965 1577 1036 templum
1605 962 1701 1019 Dei

120 1061 261 1115 esse,
294 1049 401 1105 nisi
430 1053 592 1108 etiam
636 1068 706 1110 ex
742 1053 1077 1115 inhabitants
1111 1056 1321 1128 Spiritu
1356 1056 1471 1115 Dei.
1504 1056 1705 1113 Scribit

120 1140 280 1198 etiam
307 1141 501 1201 beatus
533 1143 730 1202 Paulus
756 1147 824 1204 de
852 1146 1057 1220 Spiritu
1087 1158 1297 1222 sancto,
1339 1151 1420 1208 sic
1463 1149 1649 1206 dicens
1681 1164 1699 1205 :

120 1234 242 1291 Cum
269 1252 393 1293 vero
426 1254 701 1297 conuersus
734 1241 893 1313 fuerit
917 1244 988 1299 ad
1013 1243 1311 1314 Dominum,
1339 1242 1540 1300 tollitur
1559 1244 1700 1298 vela-

117 1342 247 1383 men.
278 1326 535 1387 Dominus
574 1341 745 1388 autem
787 1337 1000 1410 spiritus
1041 1346 1152 1406 est;
1198 1338 1287 1393 ubi
1320 1352 1438 1394 vero
1467 1337 1700 1409 Spiritus

120 1415 347 1491 Domini,
396 1422 467 1479 ibi
504 1424 714 1482 libertas
749 1420 831 1501 (ll
868 1426 988 1485 Cor.
1021 1445 1103 1497 lli,
1133 1428 1221 1498 l6,
1257 1428 1370 1501 i7).
1409 1429 1535 1487 Haec
1574 1444 1698 1485 cum

120 1509 361 1580 dixisset,
393 1515 630 1571 ostendit
672 1518 917 1577 eamdem
964 1534 1087 1577 esse
1116 1522 1495 1589 substantiam,
1535 1536 1603 1578 ex
1631 1535 1698 1577 eo

120 1602 250 1672 quod
274 1601 510 1677 Spiritus
538 1617 621 1665 est
646 1608 927 1683 Dominus,
948 1621 1004 1671 et
1026 1612 1259 1686 Spiritus
1289 1615 1500 1673 Domini
1522 1614 1690 1672 liber-

119 1702 276 1752 tatem
305 1696 533 1771 largitur
556 1709 612 1759 et
638 1703 825 1763 donat.

183 1831 448 1912 Deinceps
461 1836 821 1912 vehementer
839 1840 1095 1912 disputat
1118 1851 1308 1901 contra
1346 1845 1689 1902 Macedonia‘

118 1914 213 1956 nos
237 1903 305 1985 de
329 1903 571 1985 spiritus
581 1981 591 1985 _
602 1913 778 1985 sancti
816 1903 1117 1979 divinitate,
1159 1925 1215 1972 et
1259 1917 1447 1972 eadem
1478 1930 1689 1985 unaque

119 1985 232 2057 eum
254 1974 413 2057 Patre
434 1989 488 2036 et
514 1978 651 2037 Filio
671 1984 967 2039 substantia
993 2002 1006 2038 :
1030 1974 1182 2057 cujus
1202 1988 1512 2055 quaestionis
1528 1974 1687 2042 causa

387 2047 492 2107 hoc
525 2058 706 2123 caput,
740 2061 908 2111 totum
946 2044 1344 2128 quanium'est,
1382 2057 1686 2114 confectum

182 2245 233 2303 5.
274 2248 371 2306 Est
406 2259 586 2311 autem
612 2248 781 2314 Filius
819 2255 875 2317 in
900 2257 1081 2331 Patre,
1114 2275 1223 2319 non
1249 2261 1394 2319 sicut
1429 2261 1484 2317 in
1515 2261 1636 2318 loco
1666 2276 1683 2317 :

119 2351 283 2409 neque
305 2344 449 2399 enim
475 2345 671 2404 ﬁnibus
700 2348 1070 2409 circumdatur
1088 2353 1206 2423 ejus
1228 2355 1556 2421 substantia;
1588 2354 1685 2412 sed

117 2429 245 2485 sicut
275 2435 501 2493 verbum
531 2438 586 2494 in
612 2449 815 2509 mente,
838 2442 979 2499 sicut
1005 2444 1235 2517 simplex
1261 2446 1317 2502 in
1346 2446 1593 2519 simplici,
1626 2455 1683 2505 ut

116 2522 347 2580 :‘niinitus
376 2528 429 2584 in
469 2528 703 2599 infinito,
739 2542 796 2591 et
837 2532 1071 2593 iniectus
1113 2538 1169 2596 in
1204 2524 1425 2610 infecto,
1468 2547 1527 2596 ut
1567 2541 1685 2597 sine

114 2614 372 2689 principio
403 2619 455 2674 in
486 2635 553 2679 eo
576 2624 665 2695 qui
687 2625 806 2683 sine
824 2627 1108 2699 principio,
1131 2639 1187 2687 et
1213 2631 1469 2688 Dominus
1491 2632 1543 2688 in
1573 2632 1683 2688 Do-

113 2708 278 2778 mino,
305 2720 360 2767 et
394 2713 531 2770 Deus
560 2715 613 2771 in
645 2716 777 2784 Deo,
823 2728 881 2777 et
907 2720 1153 2791 ejusdem
1183 2724 1496 2783 substantias
1524 2723 1683 2781 simul

111 2810 274 2872 atque
296 2806 566 2873 potentiae.
587 2807 846 2869 Similiter
866 2827 993 2871 vero
1015 2824 1071 2871 et
1090 2816 1249 2873 Pater
1273 2816 1329 2873 in
1360 2817 1522 2885 Filio,
1550 2826 1605 2875 et
1626 2825 1683 2873 ut

111 2907 302 2949 sensus
330 2910 437 2951 non
466 2902 789 2970 separandus
810 2919 842 2958 a
872 2905 1036 2961 verbo
1061 2924 1076 2961 :
1106 2923 1327 2965 sensum
1357 2918 1539 2966 autem
1561 2910 1684 2967 dico

113 2982 341 3052 Patrem,
369 3002 435 3043 ex
464 2991 620 3047 nobis
663 2995 936 3064 accipiens
964 2999 1293 3068 exemplum,
1324 3010 1385 3056 ut
1413 3015 1512 3057 nos
1541 3002 1684 3058 scili-

115 3084 192 3130 cet
214 3076 595 3149 intelligamus,
627 3060 1076 3153 quemadmodum
1100 3060 1263 3147 Pater
1280 3060 1339 3148 in
1367 3092 1526 3160 Filio,
1549 3103 1602 3150 et
1628 3095 1683 3151 in
1710 3060 1757 3125 Ο

117 3165 266 3225 Patre
292 3166 456 3227 Filius
483 3172 777 3241 habeatur;
806 3180 1055 3247 quamvis
1092 3182 1254 3237 etiam
1299 3183 1441 3239 unde
1471 3184 1574 3240 hoc
1598 3185 1683 3241 di-

117 3259 298 3326 xerim,
325 3275 389 3315 ex
417 3260 600 3319 divina
625 3263 904 3336 Scriptura
925 3282 1115 3325 causas
1142 3279 1198 3327 et
1217 3273 1421 3327 semina
1441 3287 1685 3345 sumpse-

118 3348 229 3443 rim.
256 3349 387 3443 llam
414 3360 539 3443 eam
571 3355 766 3443 Filium
795 3357 1035 3416 Verbum
1065 3362 1347 3431 dixissent,
1392 3366 1484 3436 qui
1513 3381 1541 3421 a
1570 3366 1684 3423 Deo

116 3438 246 3497 docti
268 3438 397 3501 sunt
428 3434 714 3517 'pr'ophetae
744 3459 903 3521 atque
926 3454 1181 3522 apostoli,
1212 3434 1430 3512 sensum
1472 3473 1572 3513 nos
1600 3458 1685 3514 in-

120 3532 340 3605 teiiigere
376 3535 593 3625 Patrem
624 3539 747 3596 sine
771 3541 1105 3625 dubitatione
1133 3544 1456 3615 docuerunt,
1487 3549 1683 3618 quippe

118 3636 225 3679 cum
248 3638 357 3682 non
386 3622 545 3685 aliter
575 3622 807 3688 Verbum
833 3634 1005 3703 possit
1028 3622 1401 3708 intelligi,nisi
1428 3656 1492 3696 ex
1519 3655 1683 3697 sensu

119 3732 200 3773 seu
224 3731 401 3779 mente
426 3734 702 3782 nascatur.
733 3726 959 3784 Sensum
997 3740 1174 3787 autem
1202 3732 1351 3802 dico,
1385 3750 1490 3790 non
1519 3736 1680 3792 talem

118 3810 273 3878 qualis
318 3823 399 3868 est
441 3824 649 3899 noster,
685 3821 939 3889 quoniam
977 3836 1044 3877 ne
1071 3822 1294 3880 verbum
1325 3826 1539 3896 quidem
1583 3827 1683 3883 Dei

116 3900 209 3957 tale
230 3898 389 3972 quale
410 3916 652 3963 nostrum
678 3918 763 3966 est
784 3926 799 3965 :
829 3924 1004 3983 neque
1024 3914 1141 3984 ejus
1165 3916 1427 3986 sapientia
1449 3918 1573 3975 talis
1596 3916 1683 3976 est

116 3994 272 4062 qualis
320 4009 497 4053 nostra
530 3992 634 4055 est.
672 3991 933 4060 Similiter
980 4016 1157 4062 autem
1201 4009 1365 4064 etiam
1418 4002 1678 4080 Spiritum

116 4094 343 4141 sanctum
370 4087 596 4146 dicimus
626 4091 680 4146 in
726 4093 906 4164 Patre,
932 4103 989 4152 et
1015 4097 1065 4151 in
1108 4086 1249 4153 Filio
1274 4084 1522 4168 ejusdem
1554 4101 1682 4157 sub-

116 4177 311 4259 stantiae
350 4180 437 4237 vel
481 4184 753 4252 potentiae,
785 4194 1058 4257 tamquam
1089 4190 1409 4260 sapientiam
1433 4193 1485 4248 in
1519 4207 1680 4249 sensu

117 4265 259 4324 simul
287 4278 343 4327 et
381 4273 574 4330 verbo.
620 4268 791 4333 Porro
838 4287 1015 4334 autem
1063 4268 1276 4337 Patrem
1317 4272 1373 4340 e't
1401 4274 1595 4339 Filium
1623 4285 1680 4340 in

117 4354 303 4427 Spiritu
331 4363 576 4433 ejusdem
605 4362 917 4425 subStantize
936 4366 1097 4427 simul
1127 4374 1287 4444 atque
1312 4368 1596 4445 potentiae,
1623 4386 1677 4431 et

115 4457 372 4524 tamquam
402 4470 623 4513 sensum
670 4466 735 4517 ac
776 4463 1027 4532 verbum,
1056 4468 1175 4538 quae
1204 4483 1310 4524 non
1355 4484 1385 4523 a
1415 4466 1676 4544 sapientia

114 4554 439 4618 separantur,
463 4558 584 4607 esse
608 4551 851 4610 dicimus.

173 4680 399 4763 hiantem
426 4686 565 4745 dixit
588 4702 687 4757 pro
705 4689 888 4757 Patre.
910 4693 1056 4762 quod
1078 4694 1253 4750 solent
1287 4705 1497 4753 veteres
1524 4698 1677 4756 theo-

112 4748 212 4841 logi
235 4769 248 4805 :
274 4769 516 4841 sensum.
530 4748 840 4841 premente
862 4748 1027 4841 inbre
1050 4748 1305 4841 veterum
1326 4748 1677 4839 philosopho-

112 4833 239 4913 illm:
262 4827 595 4913 ﬁlios-refer!
621 4827 1179 4913 hriStgtelesﬂixisse
1201 4853 1217 4913 ξ
1250 4837 1310 4913 rd
1333 4827 1557 4913 ἶῃρονεῐνξ
1588 4846 1676 4913 κριὲ

111 4891 498 5037 τῶῗσξξόῗθαὶ
535 4897 722 4956 τάὐτὸ
754 4896 879 4959 πῖναι
918 4902 1055 4975 (Lib.
1089 4920 1147 4961 ιιι
1176 4902 1240 4960 de
1271 4891 1667 4979 An'i‘trt.

170 5096 219 5189 β.
260 5099 414 5189 Quod
444 5094 620 5159 autem
648 5103 702 5160 in
731 5088 842 5162 Deo
865 5107 1096 5189 Spiritus
1120 5119 1223 5174 est,
1270 5112 1425 5181 quasi
1454 5126 1521 5168 ex
1554 5112 1672 5182 ejus

110 5186 391 5247 substantia
422 5194 510 5262 Sit,
566 5188 620 5251 et
656 5199 805 5266 quasi
844 5186 991 5254 idem
1038 5202 1109 5255 sit
1136 5190 1389 5268 uterque,
1420 5212 1476 5257 et
1501 5212 1561 5258 ut
1604 5205 1673 5258 ita

107 5277 290 5347 dicam,
326 5293 468 5340 totus
493 5284 548 5340 in
577 5294 711 5355 toto,
744 5298 799 5343 ct
828 5290 918 5360 qui
950 5291 1067 5361 ejus
1089 5292 1198 5347 alta
1221 5302 1275 5348 et
1299 5294 1561 5363 profunda
1587 5310 1677 5351 c0-

106 5381 338 5439 gnoscat,
372 5378 531 5431 etiam
560 5378 752 5435 beatus
775 5379 968 5438 Paulus
993 5372 1172 5449 docet,
1201 5384 1280 5442 sic
1309 5385 1496 5441 dicens
1524 5404 1537 5439 :
1563 5384 1677 5441 No-

105 5458 169 5515 bis
197 5462 366 5520 autem
394 5466 632 5524 reuelauit
668 5468 809 5527 Deus
843 5491 932 5541 per
973 5466 1249 5545 Spiritum.
1286 5478 1513 5550 Spiritus
1540 5481 1678 5533 enim

106 5559 265 5643 omnia
296 5566 579 5629 scrutatur,
619 5564 774 5618 etiam
816 5550 1080 5639 profunda
1119 5567 1217 5623 Dei
1257 5568 1303 5643 (ι
1325 5569 1447 5625 Cor.
1474 5585 1534 5637 tt,
1565 5570 1675 5641 10).

106 5639 252 5705 Unde
281 5646 507 5722 aoc'epto
548 5668 579 5710 a
610 5654 771 5713 nobis
801 5648 1075 5732 ex'emplo,
1098 5658 1207 5719 hoc
1232 5639 1339 5732 est,
1381 5676 1450 5719 ex
1493 5639 1678 5718 nostra

1816 403 1943 465 trat,
1971 405 2025 453 et
2054 412 2175 469 qum
2203 407 2328 455 sunt
2371 399 2427 456 in
2473 413 2539 456 eo
2567 408 2761 457 cuncta
2801 401 3098 471 cognoscit,
3130 401 3389 473 deinceps

1808 488 1937 545 dicit
1966 506 1981 544 :
2016 489 2144 557 Quis
2176 493 2313 548 enim
2354 494 2492 550 novit
2520 495 2805 561 hominum,
2834 496 2959 565 'qua:
2986 494 3201 550 hominis
3246 504 3385 564 sunt,

1807 582 1908 639 nisi
1934 584 2149 655 spiritus
2165 585 2411 657 hominis,
2436 589 2526 660 qui
2544 590 2601 644 in
2622 605 2683 644 eo
2701 589 2814 644 est?
2830 589 2907 643 sic
2928 597 2977 644 et
2996 605 3109 661 qua
3130 588 3227 643 Dei
3247 596 3377 654 sunt,

1804 691 1952 731 nemo
1976 678 2072 733 scit
2097 678 2200 733 nisi
2226 677 2457 753 Spiritus
2479 680 2579 737 Dei
2605 680 2650 754 (i
2672 680 2794 738 Cor.
2822 697 2882 749 ιι,
2914 680 3027 753 il).
3058 681 3183 737 Ideo
3207 689 3386 737 autem

1803 765 1996 825 beatus
2023 769 2223 826 Paulus
2244 770 2313 828 de
2332 772 2489 829 nobis
2512 774 2722 843 accepit
2742 772 3070 844 exemplum,
3098 772 3386 829 ostendere

1803 865 2017 935 volens,
2050 867 2322 937 quomodo
2349 867 2583 938 Spiritus
2620 868 2718 926 Dei
2758 869 2928 940 ipsius
2953 868 3059 924 alta
3085 867 3384 937 cognoscit,

1802 956 2055 1028 quoniam
2103 959 2255 1014 novit
2292 959 2563 1017 hominem
2613 960 2898 1032 imaginem
2929 974 3050 1016 esse
3081 959 3176 1015 Dei
3205 959 3384 1015 Patris

1803 1054 1860 1103 et
1886 1047 2006 1104 Filii
2039 1055 2092 1105 et
2125 1048 2357 1120 Spiritus
2384 1052 2574 1107 sancti.
2602 1050 2697 1107 Est
2716 1052 2857 1107 enim
2877 1050 3059 1139 imago
3077 1051 3169 1107 Dei
3198 1050 3382 1116 homo,

1802 1143 2001 1215 quippe
2028 1160 2150 1201 cum
2176 1145 2248 1201 sit
2273 1143 2615 1200 rationabilis
2639 1158 2703 1200 ac
2729 1159 2945 1200 sensum
2996 1154 3050 1199 et
3078 1142 3303 1198 verbum
3330 1150 3384 1198 et

1802 1236 2119 1306 sapientiam
2164 1236 2383 1293 habeat.
2430 1236 2584 1291 Sicut
2611 1237 2769 1292 etiam
2810 1236 3023 1305 Moyses
3050 1234 3225 1301 docet,
3258 1248 3382 1288 cum

1801 1327 1933 1384 dicit
1964 1346 1979 1386 :
2007 1328 2079 1385 Et
2115 1330 2247 1385 dixit
2272 1328 2412 1386 Deus
2433 1344 2453 1384 :
2490 1326 2773 1383 Faciamus
2810 1327 3066 1382 hominem
3101 1325 3382 1381 secundum

1800 1421 2093 1494 imaginem,
2124 1437 2232 1479 non
2260 1435 2425 1479 meam
2452 1417 2649 1488 Solum,
2680 1421 2775 1476 sed
2800 1420 3080 1475 secundum
3106 1418 3380 1490 imaginem

1801 1520 1848 1568 et
1874 1514 2265 1570 similitudinem
2290 1522 2519 1569 nostram
2542 1511 2695 1582 (Gen.
2729 1528 2765 1578 ι,
2798 1511 2917 1581 26).

1880 1605 1933 1659 7.
1974 1606 2126 1673 Quod
2155 1615 2332 1662 autem
2364 1607 2505 1662 sicut
2528 1604 2702 1660 Patris
2740 1612 2824 1659 est
2862 1601 3096 1672 Spiritus
3138 1610 3377 1672 sanctus,

1717 1679 1767 1740 Β
1794 1692 1874 1750 sic
1899 1696 2062 1752 etiam
2095 1695 2217 1751 Filii
2248 1697 2449 1766 pariter
2473 1695 2722 1763 habetur,
2756 1692 2914 1749 docet
2951 1693 3147 1749 itemm
3190 1692 3379 1750 beatus

1792 1785 2016 1855 Paulus,
2044 1787 2123 1844 sic
2148 1787 2371 1843 dicens:
2408 1784 2513 1842 Vos
2539 1794 2711 1840 autem
2733 1801 2837 1840 non
2863 1784 2984 1840 estis
3005 1784 3059 1838 in
3082 1796 3257 1854 carne,
3288 1784 3380 1841 sed

1791 1877 1846 1933 in
1886 1880 2091 1949 spiritu,
2144 1880 2190 1934 si
2232 1878 2441 1951 quidem
2484 1878 2718 1949 Spiritus
2763 1876 2862 1931 Dei
2903 1876 3100 1930 habitat
3140 1876 3195 1930 in
3234 1875 3377 1931 vobis

1791 1970 1971 2044 (Rom.
2002 1988 2119 2043 vm,
2150 1962 2233 2043 ‘9),
2268 1974 2367 2027 hoc
2397 1979 2501 2038 est,
2533 1971 2628 2027 Dei
2668 1969 2863 2025 Patris.
2916 1969 2983 2023 Et
3011 1967 3267 2037 deinceps
3297 1966 3378 2022 di-

1788 2063 1863 2118 cit
1888 2081 1901 2117 :
1936 2063 1999 2120 Si
2026 2062 2141 2136 quis
2168 2072 2338 2119 autem
2364 2062 2607 2133 spiritum
2634 2060 2827 2117 Christi
2850 2064 2959 2115 non
2983 2059 3150 2126 habet,
3171 2060 3255 2113 hic
3274 2075 3377 2114 non

1788 2164 1864 2211 est
1887 2156 2067 2228 ipsius.
2088 2155 2229 2212 Dicit
2248 2164 2429 2211 autem
2456 2160 2512 2210 et
2531 2153 2586 2209 in
2608 2153 2718 2209 alio
2744 2154 2901 2211 loco:
2930 2151 3185 2218 Quoniam
3206 2158 3377 2206 autem

1789 2247 1888 2316 ﬁlii
1916 2248 2059 2315 estis,
2089 2248 2226 2303 misit
2264 2247 2400 2301 Deus
2426 2245 2667 2315 spiritum
2693 2242 2821 2298 Filii
2847 2244 2927 2298 sui
2950 2244 3006 2297 in
3027 2243 3187 2297 corda
3205 2250 3377 2297 vestra

1788 2337 2099 2395 clamantem
2125 2354 2143 2397 :
2170 2336 2314 2393 Abba
2343 2334 2506 2391 Pater
2531 2335 2674 2405 (Gal.
2697 2350 2770 2402 tv,
2794 2333 2874 2405 6).
2903 2331 3049 2389 idem
3074 2338 3249 2388 autem
3274 2331 3377 2387 Pa-

1788 2432 1887 2487 tris
1938 2441 1990 2488 et
2034 2430 2157 2488 Filii
2194 2430 2283 2487 est
2328 2429 2559 2499 Spiritus
2597 2436 2836 2496 sanctus,
2890 2426 3145 2497 quoniam
3196 2438 3373 2495 neque

1786 2522 1946 2580 Pater
1966 2532 2070 2591 est,
2102 2536 2278 2593 neque
2308 2522 2496 2577 Filius.
2544 2519 2617 2577 Ut
2641 2529 2816 2577 autem
2844 2527 3072 2588 accepto
3117 2530 3305 2573 rursus
3339 2529 3371 2571 a

1786 2616 1943 2672 nobis
1973 2616 2226 2685 exemplo
2269 2614 2468 2681 dicam,
2510 2613 2767 2683 quoniam
2812 2627 2921 2668 non
2966 2618 3053 2667 est
3097 2617 3369 2679 tamquam

1788 2714 1982 2767 sensus
2024 2724 2289 2781 generans
2324 2707 2568 2773 verbum,
2614 2720 2788 2776 neque
2833 2714 3108 2774 tamquam
3138 2701 3368 2757 verbum

1785 2802 1927 2874 quod
1949 2811 2238 2874 generatur
2258 2816 2287 2856 a
2310 2815 2495 2867 sensu,
2519 2798 2615 2857 sed
2638 2808 2696 2855 ut
2713 2798 2999 2870 sapientia,
3017 2802 3137 2869 quae
3156 2810 3186 2852 a
3202 2807 3367 2852 sensu

1786 2896 2007 2953 minime
2028 2903 2347 2968 segregatur
2371 2900 2427 2951 et
2450 2894 2637 2950 verbo.

1857 3050 2041 3107 Videri
2070 3056 2247 3120 potest
2271 3049 2538 3120 catholico
2565 3048 2768 3103 sentire
2792 3046 2859 3103 de
2876 3045 3223 3120 processione
3242 3043 3367 3115 Spi-

1787 3120 1926 3177 ritus
1952 3117 2125 3178 sancti
2151 3138 2182 3176 a
2205 3122 2363 3176 Patre
2391 3130 2445 3176 et
2472 3119 2610 3175 Filio
2656 3137 2668 3172 :
2710 3132 3048 3187 unaquaeque
3076 3117 3370 3187 enimper:

1784 3206 1915 3249 sona
1949 3193 2150 3248 dicitur
2174 3191 2349 3252 ἁπλῶς
2378 3190 2521 3244 illius
2548 3204 2687 3255 esse,
2730 3204 2759 3242 a
2798 3184 2899 3258 qua
2922 3184 3197 3258 procedit._
3213 3184 3368 3253 Quod

1783 3262 1829 3316 si
1863 3265 1933 3317 ita
1961 3264 2148 3331 sensit,
2186 3277 2217 3316 a
2246 3260 2531 3316 Theodoro
2560 3261 2740 3329 utique
2768 3256 3139 3331 recesLsi_t,qui
3168 3256 3369 3310 diserte

1782 3332 2035 3402 affirmat,
2062 3327 2323 3401 Spiritum
2353 3338 2597 3385 sanctum
2618 3327 2918 3402 neque‘esse
2949 3327 3171 3402 Filium,
3210 3339 3370 3396 neque

1784 3419 1875 3473 per
1896 3398 2092 3459 Filium
2108 3398 2439 3459 existentiam
2457 3401 2710 3472 accepisse
2744 3398 3004 3469 (Symbol.
3027 3415 3084 3468 p.
3106 3398 3188 3466 5).

1854 3560 1908 3616 8.
1948 3560 2103 3628 Quod
2132 3566 2311 3615 autem
2342 3556 2515 3613 Patris
2555 3563 2611 3612 et
2655 3554 2779 3610 Filii
2821 3563 2877 3610 et
2919 3551 3152 3623 Spiritus
3196 3548 3368 3605 sancti

1782 3650 2080 3707 substantia
2122 3666 2249 3718 una,
2300 3649 2601 3718 eademque
2628 3646 2801 3702 virtus
2827 3654 2930 3713 est,
2961 3644 3121 3698 etiam
3154 3641 3367 3711 Moyses

1780 3739 2015 3797 famulus
2046 3740 2261 3797 Domini
2287 3739 2467 3807 docet,
2492 3753 2613 3795 cum
2640 3736 2719 3793 sic
2744 3736 2884 3791 dicat
2912 3752 2925 3787 :
2950 3732 3019 3787 Et
3040 3734 3169 3787 dixit
3191 3731 3326 3785 Deus
3348 3746 3369 3786 :

1782 3829 2060 3889 Faciamus
2089 3834 2344 3887 hominem
2367 3831 2652 3887 secundum
2677 3829 2954 3898 imaginem
2994 3836 3043 3881 et
3069 3824 3369 3879 similitudi-

1789 3925 1905 3980 nem
1931 3934 2152 3980 nostram
2183 3922 2336 3996 (Gen.
2361 3922 2534 3993 1,26).
2588 3920 2721 3975 Nam
2765 3933 2887 3975 cum
2918 3917 3140 3971 deberet
3183 3915 3364 3969 dicere

1780 4017 2120 4085 singulariter
2139 4017 2352 4087 faciam,
2386 4014 2664 4084 pluraliter
2694 4010 2950 4081 faciamus
2975 4008 3136 4076 dixit,
3162 4016 3216 4061 et
3255 4022 3363 4060 non

1780 4108 2075 4164 secundum
2104 4124 2267 4162 meam
2287 4149 2302 4174 ,
2354 4105 2450 4162 sed
2480 4102 2777 4160 secundum
2808 4112 3031 4155 nostram
3075 4098 3365 4167 imaginem

1781 4198 1933 4254 dixit.
1981 4200 2047 4254 Et
2087 4200 2282 4254 iterum
2332 4196 2465 4252 dixit
2494 4212 2506 4247 :
2538 4192 2608 4248 Et
2632 4194 2751 4264 fecit
2783 4191 2921 4246 Deus
2950 4188 3223 4254 hominem,
3258 4200 3363 4242 non

1781 4291 2029 4359 fecerunt.
2058 4290 2174 4345 Hoc
2200 4297 2379 4344 autem
2406 4285 2555 4353 facit,
2588 4292 2645 4339 ut
2673 4282 2921 4339 ostendat
2949 4289 3057 4336 tres
3081 4293 3362 4350 personas,

1780 4379 1883 4436 hoc
1903 4389 2005 4445 est,
2032 4379 2207 4435 Patris
2227 4387 2281 4434 et
2306 4376 2427 4434 Filii
2461 4387 2514 4432 et
2539 4374 2776 4445 Spiritus
2804 4372 2997 4438 sancti,
3041 4384 3200 4426 unam
3243 4384 3365 4426 esse

1782 4471 2138 4542 eamdemque
2163 4482 2431 4536 naturam,
2474 4468 2868 4536 indivisamque
2892 4463 3249 4519 divinitatem.
3282 4462 3367 4517 Si-

1779 4563 1984 4619 militer
2004 4572 2186 4619 autem
2214 4563 2377 4618 etiam
2406 4560 2669 4631 propheta
2708 4558 2875 4613 David
2902 4571 3064 4611 unam
3092 4554 3367 4610 eamdem-

1777 4669 1885 4726 que
1910 4655 2167 4710 virtutem
2194 4653 2367 4708 Patris
2390 4658 2445 4707 et
2465 4650 2589 4706 Filii
2618 4658 2673 4707 et
2715 4649 2951 4719 Spiritus
2974 4645 3149 4702 sancti
3177 4645 3362 4709 docet,
3446 4678 3447 4681 η

1776 4758 1900 4800 cum
1926 4744 2008 4800 sic
2030 4743 2163 4799 dicit
2188 4759 2204 4801 :
2241 4740 2408 4796 Verbo
2434 4741 2643 4795 Domini
2663 4740 2775 4793 εωιί
2796 4738 2989 4808 ﬁrmati
3012 4744 3153 4803 sunt,
3181 4741 3230 4788 et
3257 4734 3364 4805 spi-

1775 4838 1880 4892 ritu
1904 4838 2007 4893 oris
2030 4838 2142 4907 ejus
2170 4834 2332 4888 omnis
2359 4834 2514 4887 virtus
2542 4847 2717 4886 eorum
2737 4829 2909 4900 (Psal.
2934 4843 3103 4890 xxxn.
3132 4825 3211 4895 6).

1854 4927 1907 4983 9.
1949 4927 2119 4983 Porro
2169 4932 2349 4980 autem
2403 4933 2623 4978 sanctus
2669 4922 2902 4977 Joannes
2934 4917 3256 4996 apostolus,
3306 4923 3365 4971 ut

1779 5018 2008 5077 doceret
2035 5034 2194 5074 unam
2221 5016 2575 5085 eamdemque
2606 5013 2728 5069 Filii
2760 5013 2916 5068 simul
2949 5020 3001 5066 et
3030 5007 3201 5065 Patris
3242 5022 3364 5062 esse

1780 5112 2162 5178 substantiam,
2194 5110 2275 5166 sic
2303 5109 2433 5164 dicit
2465 5125 2477 5159 :
2518 5105 2587 5160 In
2617 5105 2872 5175 principio
2902 5110 3010 5155 erat
3046 5096 3285 5161 Verbum,
3315 5105 3363 5150 et

1787 5204 2009 5259 Verbum
2044 5213 2153 5259 erat
2187 5203 2328 5273 apud
2355 5200 2541 5267 Deum,
2583 5207 2628 5252 et
2674 5197 2814 5251 Deus
2847 5204 2955 5248 erat
2984 5191 3235 5254 Verbum;
3268 5188 3365 5242 hoc

1779 5306 1889 5350 erat
1915 5297 1967 5349 in
2002 5295 2258 5368 principio
2296 5294 2437 5364 apud
2470 5291 2658 5358 Deum,
2698 5287 2869 5343 omnia
2895 5302 2984 5357 per
3018 5284 3187 5355 ipsum
3224 5280 3363 5368 [acta

1781 5398 1897 5441 sunt
1920 5366 2100 5460 (Joan.
2128 5404 2169 5454 ι,
2196 5385 2269 5457 1).
2294 5384 2427 5441 Cum
2459 5384 2708 5450 dixisset,
2732 5381 2784 5434 in
2809 5376 3061 5450 principio
3090 5380 3199 5426 erat
3231 5366 3360 5424 Ver-

1781 5478 1918 5549 bum,
1948 5490 2153 5543 etnon,
2185 5493 2250 5532 ex
2280 5477 2562 5547 principio,
2590 5487 2761 5543 neque
2809 5472 3023 5533 iterum,
3067 5478 3190 5519 cum
3214 5461 3364 5532 prin-

1781 5574 1921 5644 cipio
1948 5585 2063 5628 erat
2092 5572 2350 5636 Verbum,
2380 5569 2484 5635 vel,
2515 5566 2616 5622 sub
2659 5561 2944 5635 principio,
2994 5567 3183 5629 aperte
3206 5554 3364 5609 docet

1781 5665 2016 5721 Verbum
2060 5664 2175 5720 sine
2223 5660 2490 5731 principio
2531 5671 2673 5728 esse,
2727 5651 2882 5727 quasi
2928 5648 3176 5722 superius
3223 5647 3365 5702 esset
