3970 6282
532 294 644 355 ιδις

963 284 1058 345 AD
1095 282 1375 343 PARTEM
1412 279 1681 338 PRIMAM
1716 272 1999 333 OPERUM
2037 270 2110 326 Μ.
2150 264 2591 325 MERCATORIS
2628 260 2976 321 APPENDIX
3010 255 3330 318 SECUNDA

3684 256 3799 316 ‘56

534 410 683 470 omni
722 408 1010 481 principio,
1036 412 1093 460 et
1125 405 1242 475 ipse
1275 403 1347 459 sit
1384 413 1543 455 causa
1572 394 1839 467 principii.
1880 390 1937 447 Si
1964 389 2106 445 enim
2133 388 2188 450 Α
2210 384 2426 481 Spiritu
2454 391 2607 439 tuum
2632 376 2941 481 -con_silium
2990 376 3153 481 d-ooti
3184 372 3378 481 salvati
3432 383 3612 481 sunt...
3637 373 3798 481 Sicut

534 501 717 560 omnia
748 513 842 569 per
888 498 1065 568 ipsum
1107 495 1247 550 facta
1281 500 1429 557 sunt,
1471 504 1594 546 cum
1639 485 1891 543 omnibus
1928 492 2108 537 autem

531 595 695 652 etiam
717 588 1036 664 principium
1058 586 1307 650 habetur,
1322 590 1379 639 et
1396 581 1568 653 ipsius
1584 576 1853 650 principii,
1874 584 1929 630 et
1945 574 2111 630 totius

530 686 791 756 deinceps
820 689 942 754 post
975 678 1304 751 principium
1336 672 1518 745 spatii,
1546 669 1785 727 Verbum
1826 668 1999 738 ipsum
2026 671 2111 721 est

532 785 695 849 caput
731 782 788 832 et
826 786 1010 836 causa,
1041 771 1097 827 in
1140 782 1250 840 quo
1296 766 1470 838 spatio
1510 772 1754 834 tempora
1784 760 1869 817 vel
1913 757 2109 816 saecula

530 866 898 924 continentur.
956 861 1165 917 Rursus
1215 858 1379 914 etiam
1428 870 1549 913 cum
1596 854 1848 918 dixisset,
1887 849 2109 905 Verbum

530 972 640 1016 erat
658 956 798 1031 apud
823 955 1012 1023 Deum,
1039 950 1435 1010 substantivum
1451 945 1687 1005 ostendit
1706 958 1825 1001 esse
1845 941 2105 1007 Verbum,

529 1048 781 1121 quoniam
811 1060 915 1102 non
942 1044 1097 1110 dixit,
1130 1043 1187 1098 in
1224 1041 1336 1098 Deo
1384 1048 1503 1097 erat
1528 1037 1787 1103 Verbum,
1818 1034 1939 1100 sed,
1968 1032 2108 1089 Ver-

528 1140 656 1197 bum
678 1149 796 1197 erat
820 1137 962 1209 apud
985 1138 1173 1193 Deum.
1200 1135 1371 1192 Porro
1394 1140 1573 1188 autem
1595 1131 1851 1199 deinceps
1876 1128 2066 1184 dicens
2089 1140 2108 1181 :

527 1232 601 1289 Et
627 1232 767 1287 Deus
794 1238 909 1287 erat
941 1228 1197 1293 Verbum;
1222 1226 1380 1282 docet
1407 1238 1568 1279 unam
1591 1222 1946 1291 eamdemque
1983 1231 2107 1275 esse

527 1324 885 1382 substantiam
930 1329 1091 1392 atque
1133 1319 1389 1375 virtutem
1418 1316 1593 1372 Patris
1623 1323 1680 1371 et
1706 1312 1872 1369 Filii:
1909 1312 2107 1383 quippe

525 1432 651 1474 cum
675 1415 806 1472 nihil
832 1414 1046 1470 intersit
1066 1412 1208 1468 inter
1231 1411 1399 1466 Deum
1418 1418 1474 1465 et
1500 1408 1688 1473 Deum,
1717 1420 1839 1461 cum
1878 1412 2107 1472 uterque

524 1506 792 1579 principio
816 1511 1023 1570 careat,
1054 1502 1151 1558 sed
1198 1515 1306 1557 una
1344 1501 1416 1556 sit
1460 1499 1738 1567 utriusque
1784 1494 2103 1561 substantia,

526 1599 823 1669 eademque
843 1598 1043 1667 pariter
1066 1603 1121 1651 et
1146 1594 1339 1650 virtus.
1385 1592 1553 1647 Porro
1572 1598 1753 1646 autem
1780 1604 1904 1644 cum
1935 1588 2063 1643 dicit
2088 1604 2101 1640 :

526 1692 645 1748 Hoc
684 1701 793 1746 erat
819 1690 875 1744 in
904 1688 1159 1758 principio
1186 1687 1325 1759 apud
1355 1684 1542 1752 Deum,
1582 1685 1756 1739 omnia
1802 1699 1894 1753 per
1937 1682 2107 1752 ipsum

2211 477 2375 531 etiam
2411 474 2599 531 beatus
2632 473 2830 529 Paulus
2858 472 2933 527 ait
2965 487 2980 526 :
3012 469 3180 526 Nobis
3208 468 3344 523 enim
3376 465 3613 522 reuelauit
3650 466 3798 521 Deus

2210 582 2302 637 per
2331 564 2585 637 Spiritum
2611 573 2879 631 sanctum;
2902 561 3132 633 Spiritus
3158 560 3294 616 enim
3318 559 3493 615 omnia
3511 567 3798 626 scrutatur,

2209 657 2364 713 etiam
2387 656 2498 712 alta
2525 654 2624 711 Dei
2651 655 2693 725 (l
2719 654 2840 711 Cor.
2868 669 2930 721 ιι,
2955 652 3066 725 10).

2283 746 2371 802 11.
2412 747 2577 817 Igitur
2612 762 2732 803 cum
2764 744 2900 801 tales
2930 754 3095 801 testes
3129 742 3455 809 habeamus,
3486 757 3593 798 non
3636 740 3804 798 dubi-

2211 847 2328 895 tare
2349 840 2609 896 debemus
2629 840 2757 911 quin
2786 847 3031 908 oporteat
3064 838 3245 893 dicere
3277 835 3668 894 substantivam
3695 836 3800 893 Dei

2209 929 2528 999 sapientiam
2556 930 2814 1001 Spiritum
2842 937 3086 984 sanctum
3114 942 3265 995 esse,
3296 943 3397 999 per
3420 942 3580 999 quem
3608 928 3800 984 omnia

2208 1036 2330 1092 qua:
2349 1031 2531 1077 creata
2560 1030 2688 1078 sunt
2712 1036 2744 1076 a
2774 1020 2916 1086 Deo,
2947 1029 3201 1077 constare
3239 1028 3551 1076 noscuntur.
3582 1018 3671 1075 Sic
3696 1020 3800 1089 igi-

2208 1122 2297 1170 tur
2326 1115 2567 1171 nonnulli
2609 1116 2786 1170 minus
2812 1113 3202 1184 intelligentes,
3234 1126 3399 1168 unam
3438 1111 3800 1181 eamdemque

2209 1221 2495 1278 personam
2527 1206 2843 1277 sapientiam
2870 1205 2966 1261 Dei
2998 1213 3055 1261 et
3087 1204 3415 1275 unigenitum
3459 1204 3628 1260 Deum
3658 1198 3823 1283 Ver-1

2207 1296 2334 1353 bum
2362 1312 2483 1355 esse
2506 1298 2777 1364 dixerunt,
2805 1297 3046 1353 volentes
3079 1310 3108 1349 a
3135 1295 3296 1352 beato
3322 1295 3488 1350 Paulo
3516 1309 3710 1350 causas
3740 1303 3801 1351 et

2208 1390 2414 1445 semina
2444 1405 2693 1458 sumere;
2726 1390 2781 1445 in
2809 1403 2874 1445 eo
2899 1388 3043 1457 quod
3064 1387 3193 1445 dicit
3221 1404 3236 1443 :
3267 1386 3380 1443 Nos
3402 1396 3574 1442 autem
3600 1387 3799 1458 pra’di-

2207 1495 2386 1534 camus
2426 1478 2713 1546 Christum,
2750 1488 2797 1534 et
2838 1479 2972 1533 hunc
2992 1478 3326 1547 cruciﬁxum,
3350 1476 3553 1532 Judteis
3584 1476 3799 1547 quidem

2207 1572 2535 1637 scandalum,
2563 1571 2795 1642 gentibus
2820 1586 2937 1625 vero
2960 1570 3265 1635 stultitiam,
3286 1570 3412 1638 ipsis
3445 1584 3562 1624 vero
3599 1570 3798 1624 vocatis

2207 1662 2412 1719 Judazis
2441 1672 2489 1717 et
2516 1662 2709 1718 Graecis
2746 1661 3009 1717 Christum
3039 1661 3138 1717 Dei
3179 1662 3441 1735 virtutem,
3474 1671 3521 1715 et
3558 1661 3663 1715 Dei
3701 1677 3795 1716 sa-

526 1789 666 1856 facta
692 1790 837 1848 sunt;
866 1752 1057 1851 aperte
1073 1752 1183 1835 nos
1211 1752 1386 1844 docet,
1419 1791 1525 1833 non
1571 1776 1705 1833 duas
1734 1752 1935 1831 debere
1976 1772 2103 1829 sub—

2214 1755 2451 1825 pientiam
2470 1755 2524 1829 (l
2544 1754 2665 1811 Cor.
2685 1754 2957 1825 1,25,”).
2990 1753 3095 1811 Sed
3125 1754 3179 1808 in
3205 1752 3289 1809 his
3309 1768 3427 1823 quae
3445 1752 3581 1809 dixit
3600 1754 3799 1812 beatus

524 1872 751 1931 stantias
791 1870 1018 1927 credere
1058 1878 1355 1941 separatas,
1398 1882 1575 1939 neque
1604 1874 1901 1937 potestates
1944 1872 2109 1933 atque

528 1965 775 2030 virtutes,
803 1962 1062 2033 quoniam
1090 1976 1230 2018 unus
1260 1968 1345 2017 est
1369 1960 1531 2023 Deus,
1554 1958 1645 2029 qui
1669 1972 1770 2030 per
1794 1972 1951 2013 suum
1979 1956 2109 2011 sub-

524 2055 818 2113 stantivum
840 2054 1077 2111 Verbum
1102 2053 1282 2110 omnia
1300 2051 1485 2109 condit
1507 2059 1562 2106 et
1590 2059 1762 2107 creat.
1784 2048 1913 2105 ideo
1928 2057 2108 2104 autem

526 2148 807 2215 docemur,
860 2162 970 2202 non
1014 2155 1130 2203 tres
1184 2146 1366 2201 dicere
1409 2143 1741 2199 substantias
1778 2149 2104 2212 segregatas,

526 2238 743 2296 Patrem
773 2244 826 2292 et
858 2236 1054 2293 Filium
1081 2247 1138 2293 et
1165 2237 1425 2308 Spiritum
1452 2245 1722 2303 sanctum,
1755 2249 1931 2305 neque
1960 2242 2113 2305 pote-

526 2337 697 2385 states
739 2334 901 2399 atque
950 2327 1176 2382 virtutes
1226 2341 1256 2381 a
1301 2334 1475 2383 semet
1520 2325 1753 2382 invicem
1792 2334 2105 2395 separatas:

525 2421 727 2492 quippe
767 2433 891 2476 cum
936 2418 1082 2475 Deus
1123 2432 1267 2474 unus
1292 2418 1381 2486 sit,
1411 2418 1503 2489 qui
1549 2418 1717 2475 verbo
1760 2424 1817 2475 et
1844 2413 2111 2486 sapientia

526 2512 710 2569 omnia
738 2524 927 2567 creare
954 2509 1310 2581 dignoscitur.

601 2602 691 2660 10.
730 2602 884 2671 Quod
927 2611 1107 2657 autem
1150 2601 1205 2656 in
1253 2600 1516 2670 sapientia
1561 2607 1618 2657 et
1652 2613 1777 2656 cum
1823 2598 2113 2671 sapientia,

527 2696 635 2752 hoc
660 2701 765 2763 est,
796 2709 919 2767 cum
948 2694 1149 2764 Spiritu
1176 2700 1386 2758 sancto,
1412 2692 1554 2748 Deus
1579 2691 1761 2748 omnia
1784 2692 1931 2759 facit,
1959 2690 2114 2750 testis

526 2797 614 2845 est
639 2794 858 2845 sanctus
884 2785 1053 2841 David
1076 2785 1362 2856 propheta,
1393 2798 1514 2840 cum
1543 2785 1887 2855 pradicando
1919 2785 2109 2850 Deum,

529 2888 587 2937 et
620 2878 1025 2950 amplitudinem
1056 2876 1270 2932 virtutis
1297 2875 1414 2944 ejus
1443 2876 1779 2942 enarrando,
1818 2883 1874 2931 et
1900 2873 2112 2929 divitias

530 2971 807 3041 sapientiae
852 2969 970 3037 ejus
1009 2967 1284 3033 mirando,
1328 2966 1654 3022 vociferatur
1700 2966 1818 3021 haec
1862 2965 2047 3020 dicens
2093 2979 2109 3015 :

2209 1846 2447 1915 Paulus,
2498 1862 2607 1903 non
2648 1847 2980 1917 unigenitum
3030 1844 3199 1901 Deum
3250 1842 3479 1899 Verbum
3524 1842 3799 1914 signiﬁcat

2210 1939 2461 1995 virtutem
2509 1948 2563 1995 et
2609 1938 2957 2009 sapientiam;
3005 1937 3100 1993 sed
3148 1934 3543 1992 ordinationem
3589 1934 3793 1990 crucis.

2209 2026 2401 2083 Statim
2429 2028 2570 2083 enim
2599 2028 2653 2083 in
2679 2025 3026 2098 sequentibus
3052 2025 3189 2081 dixit
3214 2040 3230 2080 :
3257 2025 3391 2090 Quia
3417 2025 3631 2079 stultum
3667 2023 3794 2090 Dei,

2208 2117 2486 2188 sapientius
2515 2127 2588 2171 est
2620 2117 2937 2183 hominibus;
2966 2124 3014 2170 et
3046 2115 3305 2184 inﬁrmum
3334 2113 3460 2181 Dei,
3492 2114 3682 2184 fortius
3716 2121 3798 2169 est

2210 2206 2501 2260 hominibus
2525 2204 2712 2278 (Ibid.,
2733 2208 2853 2274 25).
2872 2205 3042 2261 Nemo
3061 2212 3238 2261 autem
3261 2204 3605 2275 prudentium
3625 2206 3799 2261 audet

2210 2294 2422 2363 dicere,
2448 2296 2591 2366 quod
2630 2297 2850 2353 stultum
2893 2295 2990 2352 Dei
3024 2304 3083 2353 et
3124 2295 3450 2352 imbecillum
3484 2294 3627 2351 Deus
3656 2295 3799 2352 Ver-

2209 2386 2335 2441 bum
2359 2394 2470 2454 est;
2501 2388 2619 2454 sed,
2651 2387 2793 2444 sicut
2820 2386 3066 2458 praedixi,
3097 2388 3273 2443 crucis
3298 2385 3693 2443 ordinationem
3718 2386 3799 2443 si-

2208 2478 2454 2548 gniﬁcat,
2493 2492 2559 2534 eo
2584 2478 2726 2549 quod
2757 2478 2914 2548 illud,
2948 2478 3091 2549 quod
3120 2477 3413 2534 incredulis
3437 2478 3651 2535 videtur
3672 2492 3798 2535 esse

2209 2568 2456 2637 stultum,
2480 2566 2583 2625 hoc
2607 2577 2711 2636 est,
2736 2568 3008 2625 Christum
3030 2568 3354 2624 cruciﬁxum
3376 2566 3601 2626 credere
3619 2567 3799 2625 Deum

2210 2674 2363 2729 esse,
2395 2659 2498 2716 hoc
2537 2662 2827 2717 maximam
2867 2660 3185 2730 sapientiam
3225 2660 3430 2717 habet:
3458 2668 3516 2717 et
3541 2661 3685 2731 quod
3714 2660 3801 2716 vi-

2210 2754 2374 2810 detur
2398 2769 2521 2811 esse
2546 2754 2871 2810 imbecillum
2900 2753 3125 2821 Christi,
3152 2763 3375 2823 propter
3402 2753 3543 2824 quod
3574 2767 3673 2822 pro
3695 2767 3801 2809 no-

2210 2845 2296 2901 bis
2325 2856 2568 2902 mortuus
2600 2855 2714 2912 est,
2753 2845 2855 2902 hoc
2883 2845 3170 2900 maximam
3212 2843 3459 2900 virtutem
3486 2844 3650 2901 habet
3678 2861 3695 2900 :
3726 2845 3800 2902 de

2211 2951 2317 3007 qua
2343 2937 2605 3007 sapientia
2637 2945 2801 3007 atque
2827 2936 3031 2993 virtute
3055 2949 3163 2991 non
3188 2942 3273 2991 est
3308 2948 3453 2991 nunc
3477 2944 3689 3006 tempus
3713 2935 3798 2991 di-

533 3062 701 3131 Quam
726 3061 1053 3130 magniﬁcam
1089 3068 1206 3113 sunt
1239 3073 1396 3129 opera
1424 3067 1547 3127 tua,
1578 3056 1836 3111 Domine!
1863 3056 2035 3111 omnia
2058 3055 2113 3109 in
2156 3130 2165 3131 ί
2213 3045 2357 3085 (δεῖθ’

529 3152 786 3223 sapientia
811 3150 971 3221 fecisti
997 3147 1170 3221 (Psal.
1201 3147 1460 3220 ςιιι,21).
1490 3148 1642 3205 Hanc
1670 3146 1989 3218 sapientiam
2019 3160 2113 3216 pa-
2134 3130 2183 3194 C
2216 3215 2229 3223 _
2284 3144 2428 3211 Quos
2468 3145 2647 3223 minus
2687 3144 3046 3223 intelligentes
3086 3141 3247 3209 dicit,
3280 3142 3361 3198 vel
3390 3148 3512 3196 sunt
3539 3144 3629 3210 qui
3660 3142 3800 3199 Ver-

527 3246 663 3301 riter
710 3254 765 3301 et
818 3244 1006 3299 beatus
1054 3241 1250 3297 Paulus
1296 3241 1459 3297 nimia
1509 3241 1722 3312 penitus
1761 3239 2114 3295 admiratione

528 3337 815 3407 prmdicat,
855 3350 979 3391 cum
1024 3334 1102 3390 sic
1142 3334 1275 3389 dicit
1307 3352 1319 3386 :
1356 3333 1401 3387 0
1430 3334 1654 3389 altitudo
1699 3333 1994 3388 divitiarum
2027 3347 2113 3386 sap

530 3432 733 3500 pientiae
780 3440 828 3484 et
872 3430 1099 3485 scientite
1137 3426 1234 3483 Dei
1271 3429 1451 3500 (Rom.
1484 3445 1571 3494 xi,
1599 3428 1723 3499 35)!
1754 3429 1821 3484 Et
1850 3427 1995 3499 quod
2026 3440 2114 3481 sa-

530 3522 785 3591 pientiam
819 3518 945 3584 Dei,
977 3533 1080 3589 qua
1107 3518 1286 3574 omnia
1316 3519 1456 3573 Deus
1499 3517 1626 3573 fecit
1662 3528 1717 3573 et
1755 3518 1913 3585 facit,
1944 3514 2112 3571 David

533 3611 793 3682 propheta
815 3609 1074 3680 Spiritum
1102 3608 1200 3666 Dei
1237 3616 1535 3677 nuncupat,
1570 3608 1727 3665 beato
1757 3609 1920 3665 Paulo
1948 3610 2113 3668 simili

531 3703 742 3760 ratione
785 3702 1159 3769 consentiens,
1194 3701 1249 3756 in
1288 3701 1636 3772 sequentibus
1672 3702 1863 3757 edocet
1902 3711 2106 3773 aperte,

529 3811 653 3852 cum
679 3794 812 3851 dicit
839 3810 854 3848 :
883 3792 1107 3862 Impleta
1135 3802 1209 3849 est
1242 3801 1377 3847 terra
1405 3802 1641 3848 creatura
1676 3802 1783 3848 tua.
1818 3794 1935 3850 Hoc
1970 3812 2111 3850 mare

528 3903 778 3960 magnum
817 3894 867 3942 et
893 3886 1209 3958 spatiosum;
1253 3885 1324 3940 ibi
1358 3885 1595 3954 reptilia,
1632 3902 1850 3956 quorum
1892 3901 1994 3941 non
2036 3895 2112 3942 est

531 3996 791 4036 numerus.
818 3979 1075 4034 Animalia
1099 3994 1255 4051 parva
1283 3993 1400 4033 cum
1423 3978 1657 4047 magnis;
1683 3976 1789 4032 illic
1812 3993 1962 4033 naves
1988 3994 2109 4045 per-

530 4082 818 4129 transeunt.
859 4071 1029 4127 Draco
1072 4073 1168 4126 iste
1205 4086 1352 4142 quem
1388 4069 1623 4141 formasti
1666 4069 1734 4122 ad
1771 4069 2109 4124 inludendum

444 4224 449 4227 ,
529 4166 611 4229 ei;
650 4165 821 4219 omnia
847 4172 895 4218 te
921 4171 1237 4231 exspectant,
1275 4171 1329 4215 ut
1360 4161 1449 4215 des
1486 4162 1555 4216 eis
1584 4176 1750 4215 escam
1778 4161 1833 4215 in
1864 4170 2104 4232 tempore.
2144 4184 2151 4189 ·

2214 3215 2340 3270 bum
2383 3222 2439 3269 et
2480 3215 2807 3283 Sapientiam
2856 3214 3089 3268 divinam
3136 3228 3298 3267 unam
3343 3224 3463 3283 esse
3502 3223 3800 3283 personam

2212 3295 2491 3350 asserunt;
2517 3282 2572 3339 et
2597 3284 2897 3339 convicium
2928 3283 3057 3338 facit
3090 3283 3341 3338 omnibus
3371 3282 3481 3336 lere
3507 3282 3799 3338 Patribus:

2211 3355 2297 3410 vel
2323 3356 2412 3424 qui
2444 3370 2511 3410 ex
2544 3353 2792 3423 Apostoli
2821 3354 3019 3419 verbis,
3062 3352 3116 3407 id
3146 3350 3567 3424 concludebant;
3593 3362 3650 3407 et
3680 3369 3802 3410 rne-

2211 3425 2319 3480 rito
2346 3423 2530 3494 arguit
2590 3426 2819 3494 Arianos
2875 3424 3109 3494 idipsum
3157 3423 3408 3494 molitos,
3456 3426 3517 3475 ut
3568 3432 3801 3482 testatur

2211 3490 2580 3551 Theodo'retus
2607 3492 2698 3565 (In
2718 3495 2869 3564 epist.
2897 3492 2919 3548 l
2942 3490 3009 3547 ad
3038 3490 3209 3562 Cor.).

2284 3608 2369 3661 12.
2402 3607 2506 3664 Per
2526 3609 2722 3664 multos
2751 3609 2914 3679 igitur
2942 3616 3104 3665 testes
3141 3609 3402 3666 docemur
3421 3625 3453 3667 a
3482 3611 3617 3676 Deo,
3646 3612 3801 3682 quod

2211 3714 2377 3755 unum
2422 3699 2621 3756 habeat
2648 3698 3040 3755 substantivum
3088 3701 3420 3771 unigenitum
3452 3702 3619 3759 Deum
3657 3701 3803 3761 Ver.-

2210 3792 2359 3861 bum,
2390 3808 2550 3848 unam
2600 3793 2915 3863 sapientiam
2947 3793 3332 3850 substantivam
3376 3794 3636 3865 Spiritum
3663 3808 3800 3850 san-

2208 3895 2377 3951 ctum,
2408 3900 2505 3955 per
2532 3899 2692 3956 quem
2712 3884 2993 3955 Spiritum,
3026 3896 3079 3942 et
3108 3901 3204 3957 per
3220 3887 3362 3957 quod
3392 3887 3651 3954 Verbum,
3684 3901 3802 3943 om-

2209 3977 2299 4032 nia
2348 3976 2635 4047 sapientia,
2680 3990 2883 4045 sermo,
2932 3978 3179 4045 scientia,
3223 3986 3523 4048 caeteraque
3564 3991 3802 4034 munera

2207 4069 2557 4125 credentibus
2599 4076 2927 4139 praestantur
2966 4084 2998 4124 a
3043 4070 3173 4125 Deo.
3205 4069 3354 4126 Sicut
3396 4070 3557 4126 etiam
3600 4069 3803 4127 beatus

2209 4159 2412 4217 Paulus
2436 4160 2615 4229 docet,
2647 4175 2769 4217 cum
2802 4160 2880 4216 sic
2901 4159 3030 4217 dicit
3060 4178 3074 4215 :
3110 4160 3285 4216 Habeo
3308 4163 3461 4232 igitur
3490 4162 3711 4234 gloriam
3738 4164 3801 4217 in

530 4256 700 4311 Dante
737 4263 812 4319 te,
860 4253 961 4322 ipsi
997 4252 1273 4324 colligant;
1310 4251 1570 4319 aperiente
1610 4260 1780 4306 autem
1822 4260 1869 4305 te
1902 4267 2110 4306 manum
2209 4252 2411 4310 Christo
2439 4252 2568 4309 Iesu
2600 4255 2668 4308 ad
2697 4254 2881 4308 Deum.
2914 4252 3039 4309 Non
3065 4254 3203 4308 enim
3229 4256 3393 4309 audeo
3421 4253 3617 4326 aliquid
3651 4254 3803 4325 loqui

528 4356 703 4413 tuam,
755 4344 927 4399 omnia
967 4343 1297 4411 replebuntur
1339 4343 1599 4408 bonitate;
1646 4352 1896 4396 avertenle
1937 4354 2109 4399 autem
2207 4361 2405 4415 eorum,
2434 4362 2549 4417 qua:
2586 4363 2674 4417 per
2702 4363 2781 4401 me
2809 4363 2912 4400 non
2935 4346 3081 4416 efﬁcit
3110 4346 3338 4401 Christus
3365 4348 3422 4401 in
3448 4347 3802 4402 obedientiam

441 4482 451 4519 ί
528 4450 579 4495 te
606 4440 793 4509 [aciem
829 4448 993 4503 tuam,
1028 4436 1387 4490 turbabuntur.
1419 4436 1635 4505 Auferes
1660 4436 1895 4505 spiritum
1933 4452 2107 4491 eorum
2133 4505 2181 4519 ﬁ
2207 4439 2451 4508 gentium,
2470 4437 2624 4492 verbo
2645 4448 2693 4491 et
2710 4438 2949 4508 factis,in
2970 4438 3151 4492 virtute
3178 4436 3404 4507 Spiritus
3422 4436 3588 4491 sancti
3609 4436 3798 4507 (Rom.

527 4536 580 4584 et
607 4505 867 4597 deﬁcient,
905 4535 953 4580 et
978 4527 1030 4579 in
1066 4525 1322 4597 pulverem
1350 4540 1501 4579 suum
1535 4534 1865 4581 reuertentur.
1894 4525 2108 4584 Emittes
2133 4505 2187 4567 D
2209 4505 2302 4592 xv,
2333 4526 2444 4598 17).
2463 4526 2579 4582 Non
2608 4505 2782 4583 solum
2805 4527 3039 4583 habebat
3065 4505 3255 4583 beatus
3283 4526 3561 4597 apostolus
3590 4505 3802 4584 Paulus

465 4687 471 4693 ε
531 4620 789 4692 Spiritum
830 4628 1004 4686 tuum,
1047 4628 1095 4673 et
1144 4618 1478 4684 creabantur,
1528 4625 1577 4673 et
1620 4620 1883 4675 renovabis
1925 4623 2111 4690 faciem

529 4721 680 4768 terra:
703 4711 875 4783 (Psal.
898 4726 1023 4778 Clll,
1050 4710 1265 4783 24-30).
1290 4711 1349 4767 lu
1377 4725 1443 4768 eo
1477 4711 1620 4781 quod
1648 4711 1774 4767 dicit
1801 4712 2057 4783 propheta
2090 4731 2106 4768 :

532 4802 726 4856 Omnia
770 4802 825 4855 in
874 4801 1123 4871 sapientia
1181 4801 1381 4869 fecisti;
1425 4810 1480 4855 et
1522 4820 1535 4854 :
1590 4801 1804 4857 Emittes
1855 4803 2109 4875 Spiritum

530 4904 710 4961 tuum,
750 4902 799 4949 et
834 4893 1172 4959 creabuntur;
1201 4903 1388 4962 aperte
1422 4893 1607 4949 docuit
1633 4910 1792 4949 unam
1826 4909 1946 4950 esse
1987 4910 2110 4962 per-

530 4999 719 5040 sonam
762 4984 1072 5057 utriusque,
1113 4985 1388 5054 sapientiae
1428 4984 1522 5040 Dei
1561 4994 1616 5040 et
1654 4985 1881 5055 Spiritus
1914 4988 2107 5044 sancti.

530 5075 791 5131 Similiter
834 5083 1011 5130 autem
1047 5085 1100 5131 et
1138 5075 1392 5132 Salomon
1437 5076 1695 5145 Spiritum
1728 5088 1967 5135 sanctum
2016 5079 2108 5134 Dei

528 5168 849 5237 sapientiam
878 5168 1149 5234 nominat,
1175 5184 1298 5225 cum
1332 5168 1411 5225 sic
1433 5168 1564 5225 dicit
1590 5170 1656 5225 ad
1685 5171 1849 5226 Deum
1886 5190 1898 5224 :
1930 5170 2112 5227 Consi-

529 5261 658 5315 lium
694 5276 813 5315 vero
843 5271 983 5316 tuum
1009 5262 1122 5331 quis
1156 5262 1334 5332 scivit,
1366 5263 1466 5317 nisi
1504 5272 1559 5317 tu
1587 5264 1772 5319 dedisti
1808 5265 2111 5336 sapientiam

535 5351 692 5422 (Sap.
720 5367 796 5418 ix,
826 5354 955 5425 l'l)?
986 5354 1051 5410 Et
1080 5363 1139 5410 ut
1167 5353 1413 5410 ostendat
1440 5357 1649 5426 qualem
1681 5358 1998 5425 sapientiam
2028 5356 2113 5412 di-

531 5450 643 5508 cat,
672 5440 927 5512 deinceps
954 5444 1084 5499 dicit
1114 5463 1126 5498 :
1162 5445 1394 5501 Emisisti
1419 5456 1651 5501 sumtum
1680 5446 1934 5517 Spiritum
1965 5454 2112 5501 tuum

534 5545 599 5585 ea:
642 5530 793 5596 altis,
834 5540 882 5586 et
925 5534 997 5587 sic
1028 5546 1265 5589 correch
1307 5544 1425 5590 sunt
1450 5536 1655 5590 'semitte
1693 5551 1888 5601 eorum,
1928 5536 2015 5605 qui
2056 5535 2115 5589 in

540 5629 678 5674 terra
706 5631 846 5689 sunt,
869 5632 917 5677 et
939 5620 1129 5695 placita
1150 5636 1237 5679 tua
1263 5626 1491 5680 homines
1516 5627 1822 5695 didicerunt,
1844 5634 1891 5679 et
1910 5626 2135 5697 sapienr

542 5710 615 5766 tia
653 5714 839 5769 servati
878 5723 997 5770 sunt
1024 5715 1221 5787 (lbid.,
1254 5716 1484 5785 17-19);
1514 5718 1617 5773 hoc
1658 5727 1766 5783 est,
1810 5726 1995 5774 sancto
2027 5727 2117 5775 tuo

2210 4621 2265 4675 in
2292 4634 2352 4676 se
2378 4621 2691 4689 loquentem
2716 4618 2988 4676 Christum
3016 4627 3073 4676 et
3101 4619 3359 4689 Spiritum
3387 4626 3663 4684 sanctum;
3697 4620 3803 4676 sed

2210 4713 2370 4769 etiam
2400 4713 2584 4768 caeteri
2612 4726 2802 4768 omnes
2832 4711 3106 4782 propheta
3134 4720 3190 4768 et
3214 4712 3443 4782 apostoli
3471 4719 3530 4767 et
3553 4725 3801 4781 evange-

2211 4806 2375 4863 listte.
2417 4806 2760 4863 Sicutetiam
2810 4807 3064 4862 Dominus
3113 4814 3299 4862 noster
3345 4805 3503 4862 Jesus
3546 4803 3803 4861 Christus

2210 4895 2393 4965 docet,
2423 4911 2546 4953 cum
2575 4897 2705 4953 dicit
2738 4914 2753 4951 ε
2785 4895 2915 4951 Ideo
2939 4913 3052 4952 ecce
3079 4913 3171 4969 ego
3196 4898 3341 4951 mitto
3366 4898 3435 4952 ad
3457 4911 3546 4953 vos
3570 4896 3805 4965 prophe-

2213 4995 2290 5041 tas
2330 4996 2379 5042 et
2417 4988 2669 5059 sapientes
2701 4994 2748 5041 el
2789 4988 2980 5043 scribas
3019 4986 3238 5058 (Matth.
3278 5002 3441 5055 xxm,
3471 4987 3583 5056 34).
3624 4985 3813 5042 Sinti-

2214 5078 2337 5134 liter
2362 5089 2539 5136 autem
2567 5088 2623 5135 et
2644 5080 2714 5136 de
2732 5080 2935 5151 Spiritu
2963 5079 3061 5134 Dei
3087 5078 3219 5134 dicit
3249 5096 3261 5132 :
3288 5077 3415 5134 Ideo
3444 5086 3493 5134 et
3521 5077 3807 5146 Sapientia

2217 5168 2311 5224 Dei
2352 5170 2477 5225 dicit
2506 5187 2520 5224 :
2544 5170 2700 5227 Mitto
2726 5172 2797 5226 ad
2816 5172 2953 5243 ipsos
2978 5170 3253 5243 prophetas
3277 5178 3330 5226 et
3355 5168 3615 5241 apostolos
3635 5169 3798 5237 (Luc.

2214 5278 2289 5331 x1,
2316 5261 2431 5333 49).
3738 5326 3741 5327 ν
3844 5260 3853 5303 ί

2286 5352 2374 5408 15.
2427 5353 2583 5422 Quod
2636 5362 2814 5410 autem
2868 5354 3105 5425 Spiritus
3159 5361 3383 5410 sanctus
3428 5353 3689 5411 Dominus
3742 5356 3852 5409 et‘

2216 5444 2357 5501 Deus
2378 5454 2480 5510 est,
2507 5454 2560 5502 et
2588 5454 2860 5516 tamquam
2882 5445 3142 5503 Dominus
3168 5455 3355 5503 noster
3380 5444 3727 5503 credentibus
3744 5455 3812 5501 et

2215 5538 2334 5607 ipse
2356 5551 2580 5593 munera
2609 5536 2835 5608 largitur
2882 5544 2939 5592 et
2966 5536 3152 5603 donat,
3194 5551 3383 5594 rursus
3420 5537 3561 5592 idem
3606 5534 3811 5591 beatus

2219 5627 2415 5685 Paulus
2453 5628 2632 5688 docet.
2658 5644 2783 5685 cum
2828 5628 3007 5685 dicit:
3044 5628 3329 5686 Divisiones
3357 5647 3476 5685 vero
3514 5630 3815 5700 gratiantm

2219 5731 2374 5791 sunt,
2418 5721 2556 5778 idem
2597 5731 2767 5778 autem
2806 5721 3075 5791 Spiritus;
3134 5731 3183 5778 et
3223 5723 3494 5779 divisiones
3538 5720 3810 5776 ministra.
