3900 6268
1520 196 1701 215 ιω..νι..,,
1750 204 1763 211 ιη

103 295 227 353 ιε’]
304 288 622 354 DISSERT.
663 287 733 348 Ἴ.
774 285 865 346 DE
906 284 1218 344 LIBELLIS
1252 280 1436 341 FIDE!
1476 271 1790 338 SCRIPTIS
1829 272 1920 331 AB
1957 269 2394 332 AUCTORIBUS
2428 267 2753 329 HIERESIS
2790 266 3229 328 PELAGIANE.
3303 268 3413 325 458

110 420 483 477 rionumsunt,
511 409 647 465 idem
674 415 844 461 autem
862 404 1116 460 Dominus
1140 418 1159 470 ;
1180 410 1227 455 et
1243 398 1714 465 dirisionesopera-
1738 389 1793 451 Α
1819 388 2093 457 accipere,
2129 392 2186 442 et
2215 399 2247 439 a
2287 383 2405 439 solo
2442 381 2604 439 Patre
2649 381 3131 437 sanctificationem
3170 380 3366 436 mereri
3396 392 3417 447 ;

112 512 480 573 tionumsunt,
509 501 774 569 idemivero
795 496 958 562 Deus,
988 496 1076 567 qui
1102 501 1348 564 operatur
1364 488 1534 545 omnia
1563 488 1617 542 in
1632 503 1716 542 om

116 603 278 661 uibus
307 599 362 670 (l
388 598 510 655 Cor.
538 611 635 663 xu,
675 591 766 662 4).
800 591 859 647 ln
888 590 990 645 bac
1015 586 1181 658 igitur
1209 580 1617 642 enumeratione
1646 580 1716 637 do

114 709 322 751 norum
353 688 524 747 sancti
553 686 809 759 Spiritus,
828 682 1034 739 addens
1056 679 1255 746 ubique
1283 676 1474 733 beatus
1490 674 1715 740 Paulus,

115 788 268 844 idem
278 793 452 841 autem
469 778 966 847 Dominus,etidem
993 772 1157 841 Deus,
1179 778 1369 844 aperte
1380 770 1557 838 docet,
1573 766 1717 840 quod

116 880 364 952 Spiritus
392 885 614 934 sanctus
654 872 920 929 Dominus
954 876 1011 926 et
1048 868 1192 924 Deus
1229 873 1335 921 est.
1382 861 1718 921 Manifestius

114 981 312 1030 autem
354 972 519 1027 etiam
560 968 614 1023 in
661 963 1012 1037 sequentibus
1064 958 1334 1023 ostendit;
1390 953 1718 1012 enumeratis

116 1065 270 1121 estim
331 1061 488 1117 donis
532 1066 588 1115 et
638 1054 897 1127 operibus
943 1060 1107 1123 atque
1143 1047 1487 1114 ministeriis,
1523 1046 1722 1116 adjecit

118 1157 311 1213 statim
339 1154 560 1210 dicens:
585 1149 715 1205 Hinc
742 1156 914 1203 autem
941 1144 1115 1199 omnia
1144 1150 1386 1215 Operatur
1408 1155 1543 1195 unus
1567 1146 1723 1209 atque

117 1251 261 1305 idem
293 1247 549 1317 Spiritus,
578 1241 815 1297 dividens
843 1236 1061 1310 singulis
1081 1243 1235 1309 prout
1260 1234 1366 1288 vult
1392 1231 1437 1305 (1
1468 1229 1587 1287 Cor.
1620 1246 1716 1297 stt,

124 1340 238 1412 11).
265 1340 476 1397 Rursus
502 1335 647 1392 idem
676 1333 868 1390 beatus
893 1330 1091 1387 Paulus
1120 1328 1319 1385 docere
1354 1341 1457 1381 nos
1477 1323 1722 1395 apertius

121 1436 342 1500 volens,
378 1446 537 1489 unam
563 1442 687 1486 esse
709 1425 1070 1483 substantiam
1093 1422 1267 1479 Patris
1294 1427 1349 1477 et
1376 1418 1498 1475 Filii
1528 1426 1583 1473 et
1602 1416 1724 1488 Spi-

123 1529 263 1585 ritus
304 1524 515 1592 sancti,
558 1521 672 1576 ait:
709 1518 857 1575 Unus
896 1516 1171 1582 Dominus,
1215 1530 1319 1569 una
1362 1510 1515 1583 ﬁdes,
1564 1525 1724 1564 unum

124 1620 419 1692 baptisma,
466 1631 597 1670 unus
637 1610 778 1669 Deus
814 1620 959 1682 pater
994 1609 1224 1665 omnium
1261 1604 1485 1675 (Ephes.
1526 1618 1604 1669 tv,
1638 1600 1720 1673 δ).

128 1714 345 1770 Patrem
376 1715 559 1765 autem
585 1705 831 1762 nominat
851 1717 1063 1768 eorum,
1093 1699 1185 1771 qui
1214 1698 1271 1754 in
1299 1698 1518 1754 nomine
1545 1694 1723 1751 Patris

1818 477 1994 534 sciant
2023 491 2132 532 non
2163 475 2321 532 aliter
2348 487 2678 545 quemquam
2714 486 2901 529 eorum
2923 471 3014 543 qui
3050 471 3414 543 baptizantur,

1817 570 1905 626 his
1946 568 2167 640 dignum
2211 567 2370 625 donis
2401 566 2520 623 fieri
2567 580 2751 637 posse,
2779 565 2882 620 nisi
2925 565 3086 621 etiam
3129 580 3160 621 a
3194 564 3334 620 Filio
3359 575 3417 620 et

1818 661 2028 734 Spiritu
2057 668 2245 717 sancto
2268 673 2494 715 munera
2525 672 2621 714 seu
2648 656 2790 712 dona
2813 656 3095 728 percipiat.
3128 655 3306 712 Testis
3332 665 3420 713 est

1819 754 2011 811 beatus
2038 752 2318 825 apostolus
2352 749 2550 806 Paulus
2576 748 2643 804 ad
2682 748 2995 805 Corinthios
3022 746 3267 803 scribens
3292 761 3419 804 cum

1820 846 1953 903 dicit
1981 864 1996 903 :
2030 846 2211 915 Neque
2233 843 2522 915 fornicarii,
2555 858 2716 914 neque
2738 842 2995 896 idolorum
3024 839 3242 895 cultores
3267 881 3282 906 ,
3324 856 3418 894 ne-

1819 957 1918 1011 que
1939 938 2163 995 adulteri
2177 938 2219 1010 (l
2248 937 2368 993 Cor.
2390 934 2488 1007 VI),
2517 944 2621 991 etc.
2648 934 2714 991 Et
2735 934 2960 1004 adjecit:
2978 933 3046 988 Et
3075 934 3184 989 hac
3213 933 3420 1004 quidem

1822 1034 2013 1107 fuistis,
2042 1032 2131 1087 sed
2162 1030 2323 1086 abluti
2354 1030 2495 1095 estis,
2522 1029 2612 1083 sed
2634 1028 2909 1100 justiﬁcati
2935 1027 3083 1092 estis,
3116 1027 3171 1080 in
3216 1026 3422 1079 nomine

1824 1123 2036 1180 Domini
2076 1122 2243 1178 nostri
2279 1118 2407 1176 Jesu
2442 1118 2664 1186 Christi,
2693 1126 2740 1174 et
2777 1119 2831 1172 in
2874 1117 3079 1187 Spiritu
3122 1115 3220 1191 Dei
3256 1114 3421 1169 nostri

1824 1218 1991 1291 (ibid.
2017 1215 2128 1290 11).
2157 1215 2252 1271 His
2282 1215 2448 1284 igitur
2474 1212 2728 1268 omnibus
2758 1210 3108 1280 testimoniis,
3138 1224 3260 1281 quae
3284 1223 3423 1279 prve-

1824 1309 1968 1367 dicta
1998 1317 2145 1372 sunt,
2169 1321 2276 1361 una
2320 1304 2620 1375 eademque
2664 1301 2845 1357 Patris
2871 1309 2926 1358 et
2954 1301 3079 1357 Filii
3108 1309 3163 1357 et
3185 1300 3419 1371 Spiritus

1826 1403 2001 1460 sancti
2042 1399 2343 1459 substantia
2374 1398 2506 1455 satis
2534 1395 2855 1466 abundeque
2875 1400 3229 1450 monstratur.

2443 1487 2672 1545 CAPUT
2712 1487 2780 1543 11.

2073 1588 2148 1642 De
2172 1585 2448 1653 creatione,
2472 1592 2519 1637 et
2547 1579 2887 1636 invisibilibus
2915 1579 3183 1635 creaturis.

1900 1703 1990 1761 16.
2035 1702 2285 1760 Creando
2314 1700 2476 1765 Deus,
2518 1712 2625 1753 non
2653 1704 2839 1752 natura
2871 1703 3039 1763 creat,
3069 1693 3205 1750 sicut
3252 1696 3426 1764 genti-

128 1814 182 1862 et
216 1804 345 1859 Filii
389 1810 445 1857 et
488 1799 722 1871 Spiritus
761 1795 935 1853 sancti
975 1810 1075 1866 per
1114 1792 1383 1863 baptisma
1423 1788 1537 1845 nati
1575 1796 1721 1844 sunt.

1843 1798 1963 1855 lium
1987 1796 2168 1853 fabula
2197 1793 2542 1851 delirantium
2570 1797 2744 1861 putat,
2794 1786 2891 1843 sed
2920 1787 3092 1856 magis
3118 1787 3418 1842 voluntate.

127 1897 247 1954 Non
275 1895 532 1965 ignorans
553 1899 735 1947 autem
767 1889 960 1945 beatus
980 1884 1276 1954 Apostolus
1309 1896 1431 1939 esse
1456 1880 1723 1951 baptisma

129 2005 302 2062 aquae,
350 1998 408 2044 et
440 1985 707 2057 baptisma
754 1982 1000 2053 spiritus,
1041 1977 1177 2034 dixit
1211 1991 1378 2032 unum
1415 1974 1720 2045 baptisma:

128 2084 222 2141 sed
271 2083 413 2140 bene
457 2081 620 2150 dixit,
659 2078 838 2139 sciens
865 2088 1036 2131 unum
1074 2086 1198 2131 esse
1238 2071 1527 2142 baptisma,
1569 2068 1625 2124 in
1659 2082 1726 2124 eo

128 2175 271 2247 quod
301 2176 355 2231 in
390 2174 613 2231 nomine
645 2158 805 2227 unius
836 2166 1054 2225 Domini
1091 2177 1282 2221 omnes
1307 2162 1647 2235 baptizentur
1671 2169 1728 2218 et

129 2266 376 2323 credant.
405 2266 560 2323 Solet
583 2264 752 2321 etiam
783 2261 929 2319 idem
969 2260 1161 2316 beatus
1188 2257 1481 2329 Apostolus
1507 2255 1726 2311 Patrem

130 2370 184 2417 et
214 2360 414 2417 Filium
447 2368 504 2415 et
544 2357 807 2430 Spiritum
844 2360 1116 2420 sanctum,
1155 2352 1297 2407 sicut
1339 2364 1503 2406 unum
1540 2348 1728 2405 Domi-

132 2470 257 2512 num
278 2463 337 2511 et
358 2467 530 2510 unum
562 2453 755 2518 Deum,
791 2450 875 2506 sic
903 2449 1067 2505 etiam
1094 2460 1262 2502 unum
1295 2444 1556 2516 Spiritum
1588 2458 1731 2499 nun-

130 2561 356 2619 cupare,
388 2561 514 2602 cum
551 2544 684 2600 dicit
722 2560 736 2598 :
772 2542 919 2599 Sicut
963 2540 1101 2596 enim
1144 2554 1330 2610 corpus
1368 2552 1530 2593 unum
1560 2544 1655 2604 est,
1684 2544 1734 2591 et

130 2638 363 2694 mentbra
408 2636 568 2692 multa
616 2635 786 2701 habet,
824 2633 999 2689 omnia
1040 2639 1211 2686 autem
1248 2630 1474 2684 membra
1501 2628 1734 2698 corporis

126 2747 251 2786 eum
302 2731 408 2784 sint
447 2728 609 2783 multa
648 2742 806 2781 unum
839 2733 961 2781 sunt
996 2739 1224 2798 corpus;
1260 2722 1339 2776 sic
1376 2720 1534 2774 etiam
1577 2717 1733 2774 Chri-

126 2832 246 2878 stus
275 2839 294 2880 :
328 2837 450 2876 nam
476 2821 529 2875 in
556 2836 654 2875 uno
679 2819 888 2891 Spiritu
924 2832 1018 2871 nos
1050 2830 1223 2871 omnes
1260 2813 1317 2867 in
1356 2827 1517 2867 unum
1548 2825 1735 2881 corpus

127 2915 392 2986 baptismi
416 2930 608 2979 sumus,
638 2913 742 2967 sive
783 2910 981 2976 Iudici,
1016 2909 1120 2964 sive
1163 2906 1409 2979 gentiles,
1444 2905 1548 2959 sive
1581 2902 1734 2965 servi,

134 3008 236 3063 sive
262 3007 435 3073 liberi,
465 3016 514 3060 et
553 3020 727 3061 omnes
763 3003 820 3058 in
860 3017 1022 3058 unum
1063 2999 1322 3069 Spiritum
1357 2997 1522 3068 potati
1561 3009 1739 3050 sumus

133 3098 179 3169 (i
200 3098 324 3155 Cor.
354 3113 453 3167 ιιι,
484 3096 599 3170 13).

136 3286 480 3357 Apostolum,
511 3282 661 3356 quod
682 3283 735 3339 in
757 3296 867 3338 uno
888 3280 1094 3353 Spiritu
1118 3292 1218 3335 nos
1244 3291 1436 3333 omnes
1465 3273 1729 3346 baptizati

139 3393 345 3445 sumus,
367 3388 425 3435 et
460 3378 519 3433 in
546 3392 714 3433 unum
753 3375 1012 3446 Spiritum
1040 3371 1213 3443 potati
1254 3383 1465 3434 sumus.
1502 3367 1572 3423 de
1610 3366 1729 3423 solo

139 3488 259 3530 eum
290 3471 497 3543 Spiritu
528 3470 737 3527 dixisse
754 3467 966 3535 credat,
990 3473 1083 3521 aut
1109 3464 1180 3520 de
1208 3462 1327 3520 solo
1353 3462 1549 3518 Patre:
1573 3459 1732 3530 quip-

140 3578 206 3636 pe
245 3565 341 3638 qui
381 3566 455 3620 ita
493 3563 689 3631 credit,
729 3561 871 3618 tollit
897 3558 1184 3630 baptisma.
1226 3555 1415 3627 Neque
1453 3553 1599 3610 enim
1635 3552 1731 3624 qui

142 3657 392 3731 baptitati
431 3668 557 3715 sunt
596 3658 651 3713 in
672 3671 781 3712 uno
812 3654 1037 3725 Spiritu,
1068 3653 1123 3708 in
1149 3651 1269 3708 solo
1292 3649 1453 3706 Patre
1474 3647 1733 3719 baptizati

142 3763 289 3821 sunt,
338 3767 520 3824 neque
569 3751 624 3806 in
667 3750 785 3806 solo
827 3748 988 3813 Filio,
1043 3759 1223 3816 neque
1269 3744 1325 3799 in
1362 3742 1482 3798 solo
1528 3739 1734 3811 Spiritu

144 3855 351 3911 sancto,
411 3844 507 3902 sed
556 3844 613 3900 in
659 3842 878 3899 nomine
926 3838 1101 3896 Patris
1143 3846 1199 3894 et
1245 3835 1370 3893 Filii
1413 3843 1470 3892 et
1498 3834 1735 3905 Spiritus

142 3940 315 3995 sancti
345 3958 358 3993 :
392 3937 540 4010 quod
566 3936 784 4009 quidem
823 3942 907 3990 est
943 3944 1233 3989 commune
1255 3943 1478 3998 nomen,
1507 3942 1615 3985 non
1638 3941 1737 3998 per

146 4032 523 4089 confusionem
554 4043 933 4104 personarum,
966 4025 1062 4085 sed
1095 4041 1195 4096 per
1218 4025 1481 4081 unitatem
1505 4032 1732 4089 naturae,

146 4143 285 4184 unus
329 4127 615 4196 Dominus,
660 4139 798 4181 unus
829 4124 995 4188 Deus,
1031 4136 1172 4178 unus
1207 4118 1462 4191 Spiritus.
1509 4117 1738 4186 Semper

146 4221 288 4276 enim
338 4219 498 4274 Pater
536 4227 646 4285 est,
685 4231 790 4274 non
822 4215 1077 4272 desinens
1117 4226 1240 4270 esse
1282 4211 1445 4268 Pater
1477 4228 1490 4265 :
1524 4223 1740 4282 semper

148 4319 323 4371 autem
365 4319 423 4367 et
448 4308 639 4377 Filius,
672 4321 1029 4380 perseverans
1068 4320 1192 4363 esse
1233 4315 1493 4377 perpetuo
1527 4303 1737 4360 Filius:

146 4418 365 4477 semper
388 4414 448 4462 et
470 4403 703 4475 Spiritus
738 4410 980 4471 sanctus,
1004 4400 1097 4472 qui
1130 4414 1424 4471 numquam
1454 4397 1621 4454 Pater
1651 4401 1745 4451 aut

146 4498 321 4555 Filius
350 4498 607 4556 efﬁcitur.

1830 1893 2027 1951 Libera
2050 1891 2192 1948 enim
2222 1890 2488 1946 Divinitas
2517 1894 2623 1953 est,
2646 1900 2709 1941 ac
2728 1898 2838 1941 non
2867 1881 3177 1939 necessitati
3220 1892 3427 1939 naturae

1826 1983 2091 2051 serviens,
2135 1981 2362 2053 ignium,
2395 1981 2536 2036 sicut
2564 1978 2859 2043 aestimant,
2893 1975 3023 2041 ritu,
3056 1974 3148 2045 qui
3194 1989 3300 2029 non
3329 1989 3427 2029 vo-

1828 2077 2059 2144 luntate,
2088 2074 2183 2132 sed
2231 2080 2421 2130 urente
2468 2081 2523 2128 et
2570 2069 2938 2140 conﬂagrante
2988 2076 3203 2131 natura,
3252 2067 3428 2122 vicina

1830 2180 2443 2241 corpora‘concremare
2476 2172 2796 2220 noscuntur.
2822 2162 2964 2217 Deus
2992 2168 3172 2215 autem
3204 2172 3311 2214 non
3355 2156 3430 2213 ita

1831 2261 2011 2319 facere
2054 2259 2356 2317 consuevit.
2407 2257 2583 2329 Super
2630 2254 2774 2311 enim
2822 2266 3040 2308 omnem
3094 2250 3431 2307 intellectum

1831 2353 2253 2423 sensibilemque
2278 2359 2528 2407 naturam
2557 2344 2849 2404 ineﬂ‘abilis
2875 2353 2930 2399 et
2964 2342 3432 2411 incomprehensi-

1834 2447 1957 2503 bilis
1989 2446 2289 2503 substantia
2315 2451 2401 2500 est
2428 2461 2440 2496 :
2473 2441 2671 2513 quippe
2699 2453 2823 2494 cum
2854 2436 2987 2491 nulli
3014 2434 3274 2489 Divinitas
3301 2432 3431 2488 visi-

1836 2538 1963 2595 bilis
1992 2538 2284 2603 babeatur;
2309 2536 2450 2591 sicut
2473 2534 2666 2589 beatus
2686 2530 2885 2587 Paulus
2912 2535 3164 2595 testatur,
3196 2526 3383 2582 dicens
3412 2542 3429 2580 :

1837 2632 1970 2706 Regi
2005 2639 2177 2686 autem
2222 2628 2531 2685 saeculorum
2575 2622 2972 2695 incorruptibili,
3016 2620 3283 2687 invisibili,
3329 2620 3432 2676 soli

1839 2724 1951 2779 Deo
1991 2725 2153 2780 honor
2176 2734 2225 2778 et
2252 2721 2422 2795 gloria
2458 2720 2503 2791 (ι
2536 2717 2672 2774 Tim.
2709 2733 2751 2784 ι,
2783 2714 2895 2787 17).
2923 2714 2991 2769 Et
3018 2715 3211 2769 iterum
3238 2712 3371 2767 dicit
3410 2727 3429 2768 :

1844 2814 1947 2882 Qui
1985 2814 2129 2869 solus
2155 2814 2303 2869 liabet
2332 2808 2788 2871 immortalitatem,
2824 2807 2997 2861 lumen
3040 2803 3243 2859 habitat
3284 2804 3432 2857 inac-

1841 2907 2091 2973 cessibile,
2115 2920 2265 2977 quem
2293 2903 2418 2959 vidit
2436 2900 2615 2956 nullus
2646 2899 2927 2965 hominum,
2957 2912 3115 2964 neque
3133 2897 3303 2949 videre
3330 2911 3430 2967 po-

1844 3007 1959 3053 test.
1994 2997 2194 3053 Eadem
2222 3003 2399 3051 autem
2426 2994 2587 3050 etiam
2614 2991 2800 3049 beatus
2830 2992 3069 3045 Joannes
3096 2988 3274 3053 docet,
3306 3001 3432 3043 cum

1758 3100 1763 3107 ’
1844 3093 2012 3150 dicit:
2043 3092 2213 3148 Deum
2253 3106 2401 3145 nemo
2427 3088 2550 3143 vidit
2589 3101 2851 3157 umquam.
2892 3082 3194 3156 Unigenitus
3236 3079 3430 3143 Filius.

206 3193 298 3249 14.
343 3157 516 3248 Nemo
557 3157 767 3259 autem,
807 3202 930 3244 cum
967 3185 1152 3243 audiat
1186 3184 1455 3240 dicentem
1504 3180 1725 3237 beatum
1752 3157 1799 3221 Ο

1831 3188 1919 3260 qui
1947 3196 2019 3243 cst
2047 3188 2100 3241 in
2126 3188 2248 3241 sinu
2289 3183 2487 3249 Patris,
2530 3182 2639 3250 ipse
2668 3179 2894 3236 narravit
2921 3177 2974 3250 (l
3003 3176 3163 3231 Joan.
3196 3191 3281 3242 tv,
3315 3174 3431 3248 12).

1832 3279 1979 3349 Ergo
2003 3277 2259 3349 quoniam
2299 3289 2461 3345 supra
2489 3287 2705 3329 omnem
2748 3285 2968 3327 sensum
3000 3270 3142 3324 Deus
3192 3275 3299 3334 est,
3330 3281 3432 3323 vo-

1832 3372 2042 3427 luntate
2066 3377 2237 3435 creat,
2258 3382 2370 3423 non
2396 3374 2587 3422 natura
2621 3382 2635 3419 :
2666 3378 2789 3419 nam
2819 3363 2863 3418 si
2895 3370 3084 3417 natura
3110 3361 3248 3416 Deus
3279 3373 3435 3416 crea-

1834 3474 1939 3532 ret,
1970 3471 2026 3520 et
2070 3477 2177 3517 non
2204 3460 2503 3527 voluntate,
2554 3456 2749 3513 infiniti
2780 3455 2969 3511 mundi
3013 3454 3181 3510 creati
3231 3452 3436 3523 reperi-

1835 3564 2058 3619 rentur,
2100 3551 2527 3609 innumerabiles
2553 3549 2715 3605 etiam
2735 3590 2750 3613 ,
2776 3546 2870 3619 qui
2901 3562 2999 3617 per
3044 3546 3162 3601 dies
3189 3544 3432 3615 singulos

1836 3656 2176 3707 crearentur.
2225 3646 2335 3702 Nos
2376 3654 2578 3713 autem,
2611 3641 2889 3713 gentilium
2935 3639 3206 3695 delirante
3253 3636 3437 3693 fabula

1837 3751 2085 3809 remota,
2135 3738 2335 3795 divinat
2379 3736 2672 3805 Scriptura:
2726 3746 3053 3802 pareamus,
3105 3744 3227 3801 quae
3276 3728 3438 3784 docet

1839 3844 2049 3906 aperte,
2083 3830 2223 3903 quod
2252 3830 2396 3884 Deus
2422 3843 2483 3884 ea
2506 3842 2627 3898 quae
2656 3833 2827 3890 creat,
2854 3823 3130 3878 voluntate
3156 3820 3241 3875 vel
3265 3819 3438 3889 impe-

1840 3928 1926 3984 rio
1950 3935 2117 3983 creet.
2157 3924 2310 3981 Sicut
2348 3931 2402 3978 ct
2428 3920 2661 3976 famulus
2692 3919 2787 3973 Dei
2814 3917 3025 3988 Moyses
3062 3912 3279 3979 docuit,
3308 3928 3436 3968 cum

1843 4019 2045 4074 diceret
2091 4034 2103 4069 :
2142 4015 2210 4070 Et
2254 4014 2387 4068 dixit
2437 4012 2574 4066 Deus
2621 4027 2639 4065 :
2684 4007 2809 4063 Fiat
2840 4010 2961 4073 lux;
3001 4016 3055 4061 et
3094 4004 3293 4074 adjecit
3323 4021 3336 4057 :
3366 4003 3440 4059 Et

1843 4112 1983 4181 facta
2011 4118 2087 4163 est
2117 4108 2225 4161 lux.
2259 4106 2326 4162 Et
2349 4105 2543 4160 iterum
2579 4119 2589 4155 ε
2623 4100 2693 4156 Ει
2723 4100 2855 4154 dixit
2882 4098 3021 4152 Deus
3052 4112 3072 4149 :
3098 4093 3223 4148 Fiat
3259 4094 3440 4163 ﬁrma-

1844 4211 2108 4265 mentum;
2131 4209 2185 4254 et
2206 4204 2537 4267 praeceptum
2586 4191 2957 4261 complebatur
2985 4203 3052 4243 ex
3087 4185 3335 4256 imperio.
3370 4184 3441 4241 Et

1846 4295 2043 4350 iterum
2070 4310 2081 4345 ε
2104 4290 2173 4345 Et
2194 4288 2344 4343 Dixit
2372 4284 2719 4341 Dens:Fiant
2751 4282 3062 4348 luminaria;
3091 4289 3145 4336 et
3165 4294 3283 4350 qua:
3310 4288 3439 4333 ante

1847 4401 1959 4442 non
2005 4392 2161 4440 erant
2196 4396 2323 4437 mox
2365 4378 2761 4435 efﬁciebantur.
2823 4375 3033 4430 Pariter
3068 4373 3231 4428 etiam
3270 4371 3440 4426 David

1851 4477 2117 4552 propheta
2167 4475 2296 4531 dicit
2329 4492 2341 4527 :
2376 4472 2495 4545 Ipse
2535 4472 2697 4537 dixit,
2739 4478 2787 4523 ct
2814 4472 2953 4541 facta
2980 4476 3127 4531 sunt;
3157 4466 3267 4536 ipse
3295 4481 3445 4519 man-

730 4588 798 4645 ad
830 4588 946 4646 haec
986 4586 1397 4659 respondebunt
1440 4585 1620 4654 nobis,
1648 4584 1739 4656 qui
1768 4548 1826 4611 Β
1852 4548 2010 4638 gavit.
2034 4577 2083 4624 ετ
2113 4577 2287 4623 “eam
2315 4574 2435 4621 δυηί
2467 4560 2928 4663 (Ρελοιινιιινδκ
2961 4570 3017 4614 ει
3054 4559 3249 4614 iterum
3283 4575 3295 4610 ε
3331 4556 3430 4612 0m

146 4684 261 4743 Arii
299 4693 357 4740 et
398 4685 655 4742 Eunomii
694 4684 926 4741 nefanda
965 4684 1219 4755 dogmata
1261 4690 1581 4754 sequuntur,
1622 4689 1678 4737 et
1711 4697 1743 4737 a

148 4776 332 4834 Patris
357 4777 658 4834 substantia
682 4776 880 4832 Filium
901 4775 1144 4846 separari
1163 4776 1521 4840 contendunt,
1550 4781 1606 4830 et
1624 4770 1747 4842 Spi-

148 4870 319 4927 ritum
362 4868 646 4926 sanctum?
676 4868 771 4940 qui
811 4883 934 4925 cum
976 4869 1092 4924 haec
1138 4866 1367 4924 dicant:
1414 4866 1475 4921 In
1524 4865 1745 4921 nomine

148 4960 336 5018 Patris
359 4968 414 5017 et
439 4960 564 5018 Filii
594 4969 650 5016 et
678 4960 910 5032 Spiritus
947 4959 1159 5024 sancti;
1191 4958 1355 5015 etiam
1388 4956 1493 5027 ipsi
1520 4970 1650 5013 suos
1686 4971 1749 5012 se

150 5054 434 5125 baptizare
457 5066 571 5108 non
590 5051 882 5123 denegant,
915 5060 973 5109 et
997 5052 1232 5108 credunt
1264 5066 1363 5122 per
1392 5050 1664 5122 baptisma
1695 5049 1753 5104 in

146 5146 533 5204 remissionem
578 5153 928 5217 peccatorum
979 5146 1232 5202 similiter
1271 5144 1436 5201 etiam
1484 5142 1661 5199 Patris
1701 5150 1759 5199 ct

146 5242 274 5300 Filii
330 5252 386 5298 et
433 5240 673 5313 Spiritus
719 5241 893 5298 sancti
937 5238 1365 5297 sanctiﬁcatione
1411 5236 1755 5309 dignandos:

144 5349 257 5392 non
288 5344 476 5391 tamen
498 5334 761 5391 desinunt
780 5333 1221 5405 blasphemantes
1243 5333 1299 5389 in
1325 5331 1526 5388 Filium
1559 5337 1617 5387 et
1634 5329 1761 5400 Spi-

146 5427 321 5483 ritum
365 5436 634 5494 sanctum,
673 5439 798 5481 cum
834 5425 1102 5483 deberent
1135 5425 1380 5482 caecitate
1406 5422 1623 5479 tandem
1664 5422 1765 5480 ali-

146 5518 377 5593 quando
416 5519 632 5575 liberati
670 5519 947 5591 respicere
994 5528 1051 5576 et
1090 5519 1415 5591 intelligere,
1461 5532 1570 5574 non
1607 5517 1766 5573 aliter

148 5613 471 5670 libertatem
529 5612 746 5669 famulis
802 5627 965 5683 posse
1014 5614 1279 5684 praestari,
1315 5613 1419 5668 nisi
1459 5627 1491 5668 a
1533 5611 1767 5668 Domino

144 5707 413 5780 proprio.
452 5706 549 5763 Sin
585 5722 716 5763 vero
752 5706 992 5764 dixerint
1036 5723 1068 5763 a
1105 5708 1223 5765 solo
1251 5707 1413 5763 Patre
1454 5704 1769 5762 libertatem

1853 4667 1940 4721 nia
1984 4676 2316 4734 quwcumque
2356 4659 2515 4714 voluit
2560 4656 2812 4711 Dominus
2842 4655 2982 4726 fecit,
3014 4654 3068 4706 in
3118 4652 3264 4716 caelo,
3296 4658 3343 4705 et
3388 4651 3447 4704 in

1858 4769 2020 4825 terra,
2051 4756 2107 4810 in
2134 4755 2289 4821 mari,
2313 4762 2361 4809 et
2390 4753 2444 4806 in
2465 4749 2697 4806 omnibus
2720 4747 2917 4814 abqssis
2951 4744 3068 4815 (Ps.
3098 4758 3328 4811 cxxnv,
3361 4743 3444 4813 6).

1930 4893 2166 4964 Idipsum
2189 4890 2386 4964 Patres
2418 4887 2662 4956 ejusdem
2683 4884 2885 4964 astatis,
2909 4888 3174 4964 quotquot
3194 4879 3267 4962 de
3299 4894 3455 4964 creat

1863 4950 2224 5021 tione'mundi
2250 4950 2608 5029 scripserunt,
2633 4950 2895 5011 adversus
2925 4950 3156 5029 gentiles
3174 4992 3205 5029 ,_
3224 4950 3367 5017 sive,
3398 4960 3457 5005 ut

1863 5038 2033 5105 aiunt,
2067 5034 2309 5105 Grtccos,
2342 5023 2831 5105 id_est,quatoncm
2865 5023 3321 5105 et’ari‘stotelem,
3359 5037 3457 5090 pu-

1860 5093 2117 5177 gnarunt.
2144 5093 2349 5177 Auctor
2381 5093 2899 5177 li‘bri'QuaestionuAm
2930 5093 3274 5177 adﬂrascos,
3319 5101 3454 5174 σξιο..

1862 5163 2132 5241 Basilius,
2174 5172 2494 5229 Ambrosius
2520 5163 2771 5241 {auctor
2815 5165 3186 5241 Quaestionum
3234 5163 3368 5241 novi
3407 5171 3463 5216 et

1862 5233 2065 5305 veteris
2092 5233 2449 5310 Testamenti,
2483 5233 2539 5296 et
2564 5240 2652 5310 qui
2692 5253 2797 5293 non
2824 5233 2957 5310 alii?
2989 5235 3326 5310 Erat‘autem
3356 5233 3461 5288 hoc

1864 5304 2151 5390 gentilith
2180 5304 2467 5390 placitum}
2492 5304 2717 5390 τᾷίςξηαι
2741 5313 2822 5365 καὶ
2852 5309 2908 5362 οὐ
2930 5314 3005 5390 τῷ
3032 5304 3303 5390 βούλεσέαι
3324 5313 3463 5390 τῖοιεί

1922 5391 2065 5453 Θεὸς.
2094 5376 2227 5442 Vide
2256 5386 2518 5441 Joannem
2538 5376 2904 5452 'Philoponum
2920 5376 3179 5432 advérsns
3204 5376 3459 5431 Proetum

1870 5464 1939 5518 de
1967 5462 2271 5517 aeternitate
2299 5456 2506 5512 mundi.

1912 5656 1917 5659 .
1947 5604 2036 5657 l7.
2069 5600 2125 5657 Si
2165 5598 2328 5669 igitur
2356 5604 2556 5667 quanta
2582 5593 2718 5662 vult,
2748 5592 2891 5648 Deus
2912 5590 3039 5646 facit
3065 5595 3122 5645 et
3159 5592 3330 5648 creat,
3358 5582 3462 5638 im-

1876 5697 1963 5767 pie
1987 5694 2247 5762 Origenes
2277 5704 2340 5746 ac
2370 5690 2575 5748 nefarie
2597 5689 2775 5743 fatuus
2803 5692 2907 5753 cst,
2937 5682 3027 5754 qui
3053 5682 3131 5735 sic
3154 5678 3295 5733 dixit
3315 5673 3462 5747 (Lib.

136 5767 695 5871 vel-indulgentiam
741 5807 1087 5871 peccatorum
1137 5816 1234 5884 eos
1282 5799 1375 5872 qui
1430 5798 1733 5871 baptizantu

1876 5808 1913 5849 tt
1939 5793 2059 5867 Περὶ
2084 5782 2355 5863 ’λρχῶν);
2390 5785 2505 5840 Νοη
2528 5784 2708 5840 omnia
2740 5795 2863 5853 quae
2904 5777 3076 5832 voluit
3125 5773 3268 5829 Deus
3314 5767 3465 5835 fecit,

451 5894 728 5957 Ρλτιιοι..
779 5893 1065 5959 XLVIII.

2915 5874 2986 5936 15
