3900 6268
198 249 310 312 εει
396 251 711 315 DISSERT.
750 251 819 308 γ.
859 248 950 309 DE
986 250 1296 312 LIBELLIS
1329 253 1513 313 FIDE!
1549 253 1858 314 SCRIPTIS
1904 255 1988 313 ΔΒ
2025 254 2459 316 Αυυτοιιιιιυε
2500 254 2818 317 HERESIS
2855 238 3293 319 PELAGIANE.
3379 260 3486 333 682

199 371 467 442 metipsos
505 370 849 427 alienarunt:
884 379 939 428 et
985 371 1190 427 homini
1226 372 1443 445 quidem
1494 388 1591 444 per
1632 374 1795 430 dece-
1822 377 1877 439 Α
1899 373 2216 444 caeterisque
2245 371 2596 430 luminaribus
2620 380 2839 443 oportet
2858 386 3167 443 exponam:
3193 373 3310 435 haec
3338 378 3484 445 enim

198 465 471 536 ptionem,
499 480 663 535 quam
714 465 816 536 ipsi
850 466 1066 536 penitus
1105 466 1486 537 excogitarunt
1510 510 1526 534 ,
1576 482 1797 538 persua-

198 565 401 613 serunt
426 568 737 628 pascentes,
777 567 838 613 ut
864 572 896 613 a
927 559 1181 615 mandato
1212 561 1304 615 Dei
1332 562 1575 632 protinus
1604 563 1797 617 devia-

197 657 287 704 ret
317 688 335 715 ,
384 651 707 720 semetipsos
757 656 936 706 autem
998 659 1204 707 aeterno
1255 653 1460 724 pariter
1530 655 1797 725 supplicio

198 741 584 813 subjugarunt.
610 744 762 800 Sicut
782 751 839 799 et
866 744 1124 800 Dominus
1148 754 1334 801 noster
1363 748 1520 803 Jesus
1546 748 1798 804 Christus

198 835 385 901 docet,
416 852 539 893 cum
568 837 635 893 ad
659 838 782 894 illos
811 837 972 907 dicit,
1022 841 1112 910 qui
1161 842 1458 912 propinquo
1506 856 1605 898 suo
1636 844 1798 899 mise-

197 916 495 983 ricOrdiam
524 928 900 1000 denegarunt:
959 930 1039 985 Ite
1066 932 1121 985 in
1177 935 1345 1005 ignem
1396 942 1665 1000 aeternum,
1706 936 1797 1006 qui

202 1030 531 1091 prteparatus
573 1029 645 1078 est
688 1024 894 1078 diabolo
924 1034 972 1078 et
1016 1026 1211 1098 angelis
1239 1028 1383 1098 ejus;
1423 1028 1606 1082 esurivi
1637 1031 1793 1096 enim,

198 1120 246 1166 et
272 1128 381 1165 non
408 1112 623 1168 dedistis
641 1116 765 1168 milii
792 1117 1125 1187 manducare,
1146 1129 1248 1174 etc.
1278 1118 1491 1189 (Matth.
1516 1136 1646 1189 xxv,
1674 1122 1793 1193 41).

195 1203 357 1271 Quod
394 1214 575 1262 autem
604 1206 876 1277 diabolus,
902 1210 989 1263 vel
1017 1210 1134 1283 ejus
1157 1212 1246 1280 qui
1280 1210 1540 1269 dicuntur
1586 1216 1788 1287 angeli,

196 1294 265 1355 de
286 1299 555 1353 creaturis
572 1300 887 1361 cmlestibus
906 1310 1053 1370 sunt,
1080 1304 1599 1376 rationabilibusque
1621 1308 1794 1364 virtu-

197 1387 373 1453 tibus,
405 1391 558 1445 testis
601 1401 685 1445 est
725 1392 913 1448 beatus
960 1392 1150 1450 Petrus
1177 1435 1190 1461 ,
1224 1411 1346 1451 cum
1378 1398 1458 1453 sic
1499 1399 1629 1455 dicit
1669 1415 1683 1453 :
1732 1400 1795 1456 Si

193 1485 336 1537 enim
368 1482 509 1543 Deus
533 1486 749 1556 angelis,
774 1489 863 1557 qui
910 1497 1276 1559 peccaverunt,
1326 1508 1427 1547 non
1453 1496 1677 1565 pepercit
1709 1493 1794 1569 (Il

198 1573 353 1631 Petr.
387 1591 448 1646 ιι,
480 1574 555 1646 4).
582 1578 850 1634 Similiter
870 1588 1052 1637 autem
1082 1593 1138 1638 et
1165 1585 1355 1649 beatus
1386 1586 1582 1644 Paulus
1611 1590 1793 1656 docet,

194 1666 393 1722 dicens
423 1688 435 1721 :
471 1668 692 1725 Nescitis
720 1674 964 1743 quoniam
985 1677 1192 1749 angelos
1210 1679 1560 1750 judicabimus
1595 1680 1791 1753 (lCor.

1900 467 2170 532 nonnulli,
2198 468 2397 523 mentis
2423 482 2610 525 errore
2638 466 2872 536 decepti,
2904 468 3162 531 animalia
3192 471 3485 528 rationabiv.

1899 561 1968 617 lia
1994 576 2115 617 esse
2136 562 2409 617 dixerunt.
2438 561 2680 630 Quorum
2705 562 3033 620 dementiam
3059 562 3223 626 etiam
3246 563 3487 633 netarius

1898 655 2164 727 Origenes
2192 664 2408 712 secutus
2455 664 2540 712 est
2571 655 2716 727 (ιιι.
2747 672 2767 712 ι
2794 660 2913 734 Περὶ
2937 657 3144 733 ’Δρχῶν
3178 673 3227 719 c.
3251 658 3343 728 7),
3390 657 3486 732 qui

1898 762 2022 802 cum
2062 748 2226 802 vellet
2246 762 2313 802 ex
2354 748 2537 803 divina
2575 748 2851 817 Scriptura
2888 750 3201 819 exemplum
3241 765 3482 820 sumere,

1899 855 2020 910 quas
2051 838 2123 895 ibi
2163 839 2231 894 de
2284 840 2640 896 iuminaribus
2669 841 2872 909 optime
2901 839 3043 903 dicta
3079 838 3316 908 fuerant,
3366 843 3481 900 hac

1900 930 2016 1000 ipse
2046 942 2427 1001 perperam,ut
2453 931 2558 987 sibi
2587 931 2795 988 libitum
2821 940 2926 998 est,
2949 946 3115 996 ausus
3131 942 3215 992 est
3238 944 3474 992 vertero.

1898 1022 2187 1078 Sciendum
2216 1032 2300 1079 est
2327 1023 2504 1092 igitur,
2536 1024 2678 1095 quod
2691 1024 2872 1081 divina
2903 1024 3183 1095 Scriptura
3213 1042 3483 1098 nusquam

1899 1128 2087 1171 eorum
2139 1112 2308 1169 veluti
2354 1114 2667 1171 animalium
2716 1115 2910 1173 fecerit
2950 1118 3321 1177 mentionem.
3371 1117 3481 1176 Sed

1899 1207 2183 1262 luminaria
2210 1208 2349 1263 facta
2380 1207 2545 1263 fuisse
2571 1208 2724 1273 dixit,
2766 1216 2820 1267 ct
2848 1210 2918 1267 ob
2941 1209 3044 1269 hoc
3066 1211 3241 1279 solum
3272 1221 3478 1280 creata,

1898 1309 1956 1356 ut
1990 1316 2151 1369 super
2181 1308 2378 1357 terram
2407 1301 2682 1368 lacerent,
2710 1310 2765 1358 et
2784 1310 2970 1365 essent
2995 1304 3306 1369 hominibus
3327 1304 3481 1373 signa

1899 1402 2223 1465 temporum,
2248 1394 2546 1459 mensium,
2576 1402 2631 1450 et
2650 1410 2939 1453 annorum.
2966 1394 3060 1455 Sin
3106 1406 3288 1452 autem
3321 1394 3478 1453 nobis

1897 1485 2167 1550 dixerint,
2213 1486 2305 1555 qui
2346 1483 2625 1543 erroribus
2654 1482 2831 1541 favent
2860 1484 3207 1554 huiusmodi:
3240 1485 3345 1541 Cur
3368 1501 3477 1542 non

1897 1578 2147 1632 animalia
2176 1585 2301 1635 sunt
2321 1576 2627 1641 luminaria,
2647 1585 2701 1632 et
2729 1576 3089 1642 rationabilis,
3115 1592 3235 1632 cum
3260 1577 3327 1633 de
3346 1578 3478 1649 ipsis

1898 1671 2162 1740 scriptum
2194 1671 2263 1724 sit
2293 1669 2397 1726 hoc
2426 1670 2615 1724 modo:
2645 1668 2797 1727 Astra
2817 1679 2989 1733 autem
3016 1686 3120 1725 non
3146 1680 3263 1724 sunt
3286 1672 3478 1735 munda

196 1775 274 1824 vi,
309 1758 404 1830 5)?
432 1760 511 1829 Ne
535 1763 655 1832 quis
685 1764 848 1835 igitur
878 1768 1167 1831 arbitretur
1198 1781 1384 1842 captus
1415 1790 1623 1841 errore,
1647 1775 1791 1847 quod

1906 1763 1951 1818 in
1977 1773 2250 1830 conspectu
2272 1766 2385 1835 ejus
2409 1762 2549 1832 (Job.
2586 1777 2714 1829 xxv,
2745 1762 2829 1833 5),
2861 1762 2964 1817 hoc
2993 1773 3073 1817 est
3100 1763 3231 1819 Dei?
3258 1765 3478 1825 audiant

195 1852 290 1909 isti
322 1864 450 1911 ante
482 1871 876 1931 peccaverunt,
921 1880 1081 1935 quam
1115 1866 1425 1925 hominibus
1448 1871 1788 1945 inviderent,

196 1955 253 2002 et
283 1955 412 2019 post
441 1948 568 2005 illud
602 1952 879 2020 peccatum
900 1998 915 2027 ,
947 1958 1011 2012 ad
1049 1958 1394 2031 decipiendos
1422 1964 1668 2021 homines
1700 1966 1795 2022 de-

198 2042 479 2108 venerint,
512 2044 655 2113 sicut
682 2047 921 2105 nefarius
954 2052 1216 2123 Origenes
1254 2056 1521 2126 ducebat;
1566 2060 1684 2128 sed,
1736 2071 1795 2119 ut

196 2134 454 2203 superius
475 2136 622 2208 dixi,
674 2154 742 2194 ex
768 2156 834 2196 eo
879 2144 1023 2215 quod
1079 2146 1329 2203 diabolus
1379 2150 1432 2206 in
1484 2162 1791 2222 serpentem

196 2227 625 2298 transfiguratus
668 2229 833 2287 Evam
884 2234 1115 2307 decepit.
1159 2239 1310 2309 Quod
1362 2253 1539 2299 autem
1592 2260 1658 2301 ex
1704 2246 1795 2315 illo

195 2317 495 2392 diabolus,
545 2324 774 2381 veritate
820 2330 1035 2399 penitus
1083 2332 1374 2404 derelicta,
1431 2340 1705 2396 transtulit
1735 2354 1795 2407 se

191 2410 452 2483 protinus
480 2414 546 2469 ad
573 2416 937 2487 mendacium,
960 2436 1025 2476 ex
1058 2438 1166 2494 quo
1200 2424 1390 2493 Evam,
1424 2436 1480 2482 ut
1506 2428 1637 2496 dixi,
1671 2446 1796 2501 per-

192 2502 341 2558 emit
388 2514 561 2562 morte
611 2511 860 2579 peccati,
919 2513 1071 2569 testis
1127 2525 1209 2570 est
1268 2502 1526 2577 Dominus
1558 2532 1794 2591 noster,

191 2608 329 2652 cum
380 2597 509 2652 dicit
578 2599 777 2659 Judaais
830 2620 936 2659 non
984 2606 1332 2665 credentibus
1379 2611 1519 2666 sibi:
1578 2613 1682 2668 Vos
1736 2631 1799 2669 ea:

193 2696 356 2754 patre
408 2691 617 2746 diabolo
668 2696 825 2759 estis,
872 2697 1129 2753 desideria
1177 2703 1338 2771 patris
1399 2706 1553 2758 vestri
1608 2706 1800 2761 diaboli

193 2780 363 2837 uultis
419 2785 605 2852 facere.
660 2785 762 2841 Ille
817 2788 1073 2849 homicida
1127 2802 1237 2847 erat
1301 2796 1364 2848 ab
1416 2797 1603 2865 initio,
1657 2808 1704 2852 et
1746 2800 1802 2853 in

195 2874 417 2927 veritate
445 2891 546 2930 non
570 2879 733 2947 stetit,
762 2881 883 2950 quia
913 2883 1097 2938 veritas
1130 2901 1232 2952 non
1280 2894 1355 2941 est
1389 2888 1441 2947 in
1470 2905 1551 2942 eo.
1580 2888 1801 2957 Quando

199 2967 443 3037 loquitur
495 2971 837 3041 mendacium,
898 2976 960 3030 de
1009 2979 1232 3047 prapriis
1286 2978 1533 3051 loquitur,
1556 2983 1800 3053 quoniam

199 3059 432 3117 mendax
457 3068 532 3129 est
561 3072 607 3117 et
638 3076 782 3135 pater
806 3070 918 3138 ejus
945 3068 1126 3140 (Joan.
1157 3087 1281 3137 vni,
1314 3071 1425 3142 44).
1478 3073 1622 3143 Ergo
1672 3090 1796 3130 cum

205 3149 439 3208 dixisset
464 3152 753 3225 Dominus,
782 3158 924 3227 quod
962 3159 1054 3215 ille
1086 3162 1350 3229 homicida
1382 3174 1496 3220 erat
1523 3166 1591 3222 ab
1619 3166 1795 3235 initio,

205 3250 264 3297 et
293 3243 436 3313 quod
465 3245 520 3301 in
552 3249 779 3306 veritate
808 3266 914 3306 non
943 3254 1114 3319 stetit,
1165 3266 1351 3325 aperte
1397 3256 1603 3324 docuit,
1652 3260 1795 3330 quod

207 3348 277 3387 ex
305 3348 371 3389 eo
392 3334 639 3393 diabolus
669 3354 698 3394 a
750 3341 982 3399 veritate
1018 3342 1250 3416 decidit,
1280 3361 1348 3402 ex
1391 3364 1498 3418 quo
1548 3350 1797 3419 primitus

210 3440 313 3502 per
335 3427 605 3486 fallaciam
638 3433 906 3495 mendacii
940 3436 1102 3505 Evam
1127 3453 1313 3495 errore
1340 3440 1620 3510 deceptam
1645 3458 1821 3511 mora

212 3526 266 3573 te
299 3520 755 3587 przevaricationis
784 3526 1001 3581 occidit.
1036 3528 1243 3584 Rursus
1265 3532 1425 3586 etiam
1453 3533 1574 3587 ideo
1595 3532 1797 3595 dictum

212 3619 322 3675 est,
355 3612 494 3681 quod
525 3616 742 3683 quando
774 3617 1010 3689 loquitur
1031 3622 1395 3690 mendacium,
1416 3624 1481 3678 de
1501 3640 1601 3681 suo
1627 3628 1797 3698 loqui-

216 3711 327 3772 tur,
358 3706 612 3773 quoniam
644 3710 845 3777 primus
870 3714 1004 3782 ipse,
1034 3715 1155 3771 [icta
1186 3716 1413 3785 fallacia,
1451 3718 1616 3776 etiam
1646 3736 1802 3777 men-

212 3793 432 3851 dacium
462 3812 781 3869 procreavnt.
816 3804 969 3863 Unde
995 3809 1158 3865 etiam
1182 3812 1393 3879 czeteri,
1427 3815 1515 3883 qui
1546 3831 1651 3872 una
1677 3831 1801 3873 cum

218 3886 343 3957 ipso
372 3890 574 3947 homini
606 3894 943 3966 inviderunt,
982 3901 1151 3970 ipsius
1176 3902 1373 3959 diaboli
1406 3907 1585 3978 angeli
1624 3909 1803 3964 nomi-

212 3978 332 4044 nati
360 3991 503 4049 sunt,
532 3986 682 4054 quasi
705 3987 820 4056 ipse
852 3990 1054 4059 primus
1100 3992 1327 4064 hujusce
1371 3996 1596 4054 malitia:
1638 4014 1801 4055 causa

216 4081 375 4126 esset
412 4083 466 4131 et
494 4087 670 4149 caput.
706 4079 813 4151 Sed
840 4082 907 4143 de
950 4084 1067 4140 istis
1097 4101 1313 4157 quoque
1354 4088 1688 4155 sufﬁcienter
1722 4092 1807 4149 di-

214 4172 390 4218 ctum.

309 4281 465 4361 ln_eo
510 4285 652 4361 quod
702 4289 924 4361 angelos
962 4304 1217 4357 peccasse
1246 4293 1481 4361 primum
1514 4294 1809 4353 invidentia

217 4369 356 4428 erga
381 4355 625 4428 homines
654 4355 867 4428 asserit,
897 4355 1054 4415 habet
1076 4355 1479 4419 consentientes
1498 4380 1531 4421 e
1557 4365 1809 4423 Patribus

217 4426 546 4507 nonnullos,
595 4439 651 4481 ut
681 4427 1000 4507 Irenaeum,‘
1028 4431 1364 4507 Lactantium
1384 4478 1397 4502 ,
1432 4435 1760 4507 Cyprianum
1791 4484 1805 4507 ,

1895 1871 1925 1911 a
1950 1855 2106 1910 nobis
2134 1852 2278 1925 quod
2314 1854 2401 1922 qui
2440 1854 2543 1910 hoc
2571 1854 2821 1922 dixerat,
2855 1869 2960 1910 non
2994 1854 3188 1926 dignus
3219 1867 3340 1913 erat
3384 1873 3480 1915 au-

1895 1950 2166 2016 ctoritate,
2202 1949 2403 2017 quippe
2429 1963 2552 2003 cum
2606 1949 2866 2007 Dominus
2895 1948 2960 2003 ad
3008 1949 3190 2018 ipsum
3238 1948 3475 2019 dixerit:

1897 2039 2051 2095 Nihil
2072 2042 2175 2094 veri
2201 2041 2402 2095 locutus
2421 2056 2474 2094 es
2491 2038 2556 2094 de
2570 2040 2765 2111 famulo
2790 2056 2900 2094 meo
2920 2038 3040 2095 Job.
3066 2040 3266 2099 Tamen
3290 2043 3481 2099 etiam-

1897 2132 1939 2187 si
1967 2148 1997 2186 a
2023 2133 2179 2186 beato
2206 2133 2405 2186 dictum
2439 2133 2538 2186 hoc
2570 2132 2760 2187 fuisset
2788 2132 2905 2200 Job,
2937 2147 3007 2189 ne
3036 2134 3109 2188 ita
3138 2134 3354 2206 quidem
3390 2135 3480 2191 lir-

1897 2240 1982 2283 ma
2015 2224 2263 2294 probatio
2286 2225 2581 2279 videretur.
2612 2223 2796 2295 Neque
2843 2224 2987 2280 enim
3015 2239 3081 2280 ex
3105 2240 3171 2281 eo
3198 2226 3339 2297 quod
3371 2241 3479 2283 non

1897 2317 2094 2373 munda
2128 2328 2252 2372 sunt
2278 2318 2328 2373 in
2361 2328 2658 2386 conspectu
2680 2317 2808 2386 Dei,
2836 2316 2960 2373 ideo
2987 2316 3237 2375 dicuntur
3273 2321 3483 2377 anima-2

1898 2407 1966 2463 lia
1994 2424 2008 2474 ;
2042 2409 2277 2477 alioquin
2302 2409 2462 2463 etiam
2497 2416 2773 2463 menstrua
2802 2408 3092 2463 mulierum
3114 2408 3183 2463 ab
3208 2409 3339 2480 ipsis
3366 2411 3483 2467 ani-

1898 2503 2059 2556 malia
2095 2511 2494 2572 nuncupentur,
2536 2508 2593 2555 et
2639 2502 2851 2570 leprosa
2881 2501 3096 2572 domus,
3138 2506 3394 2572 quoniam
3413 2520 3482 2562 ne

1900 2592 2001 2648 ista
2027 2594 2244 2663 quidem
2276 2592 2475 2648 munda
2501 2602 2628 2649 sunt
2666 2592 2807 2662 apud
2836 2592 3027 2660 Deum,
3073 2597 3366 2652 secundum
3398 2597 3482 2655 le-

1899 2698 2021 2747 gem
2049 2684 2220 2755 Moysi
2248 2701 2261 2737 :
2287 2685 2453 2739 multa
2476 2686 2623 2739 enim
2647 2700 2833 2740 eorum
2854 2699 2976 2754 qua:
2995 2686 3113 2742 sine
3137 2688 3311 2743 anima
3334 2698 3481 2758 sunt,

1902 2776 2111 2832 ratione
2168 2777 2437 2848 quadam,
2498 2791 2643 2847 stupe
2697 2777 2922 2847 legimus
2952 2778 3248 2835 immunda.
3286 2782 3487 2851 Adjicit

1902 2872 2065 2927 etiam
2099 2870 2361 2941 Origenes
2391 2870 2543 2939 illud,
2567 2870 2753 2941 quoda
2780 2871 3046 2942 propheta
3078 2873 3245 2929 David
3281 2875 3483 2931 dictum

1902 2972 1987 3018 est
2014 2981 2027 3015 :
2064 2963 2160 3018 Sol
2190 2963 2422 3033 cognovit
2466 2978 2701 3017 occasum
2729 2979 2881 3021 suum
2915 2962 3033 3033 (Ps.
3058 2979 3171 3028 cm,
3202 2966 3291 3035 i9)
3320 2984 3334 3032 ;
3368 2982 3486 3023 nec-

1903 3070 2011 3111 non
2050 3056 2209 3110 etiam
2264 3056 2419 3126 illud,
2468 3056 2612 3128 quod
2671 3057 2809 3112 Deus
2860 3056 2996 3112 dixit
3048 3058 3113 3112 ad
3167 3060 3485 3130 prophetam

1820 3134 1868 3198 C
1901 3147 2097 3205 Isaiam
2125 3166 2136 3201 :
2170 3146 2280 3219 Ego
2303 3148 2536 3205 omnibus
2562 3147 2726 3203 stellis
2767 3149 3007 3203 mandavi
3034 3147 3188 3221 (Isai.
3217 3166 3345 3219 ην,
3373 3151 3484 3224 l2).

1900 3242 2019 3297 Hoc
2038 3252 2216 3297 autem
2241 3242 2386 3307 facit,
2414 3243 2739 3299 conﬁrmare
2767 3243 2954 3298 volens
2984 3242 3273 3299 nefandam
3316 3243 3488 3311 heare:-

1903 3337 2002 3390 sim
2036 3351 2223 3403 suam;
2254 3336 2388 3391 dicit
2410 3336 2552 3391 enim
2593 3335 2768 3409 (Loco
2798 3344 2951 3391 antea
2979 3335 3104 3409 cit.)
3143 3338 3285 3407 quod
3328 3338 3488 3394 lumio

1907 3429 2055 3489 naria
2076 3428 2279 3489 dudum
2312 3429 2519 3487 fuerint
2543 3429 2856 3489 intellectus
2881 3439 2937 3493 et
2974 3443 3201 3508 sensus,
3236 3432 3327 3515 qui
3361 3432 3490 3501 quia

1906 3530 2238 3599 negligenter
2260 3540 2458 3585 versati
2486 3541 2629 3599 sunt,
2655 3546 2751 3586 sua
2784 3536 3129 3603 postmodum
3154 3535 3353 3590 virtute
3376 3545 3486 3606 prl-

1905 3622 2035 3688 vati,
2060 3623 2125 3677 ad
2158 3624 2313 3693 ignea
2350 3625 2448 3679 ista
2480 3625 2717 3681 damnati
2754 3634 2885 3682 sunt
2914 3640 3170 3697 corpora,
3215 3636 3277 3682 ut
3317 3645 3484 3701 super

1906 3722 2105 3771 terram
2137 3715 2374 3773 luceant.

1980 3850 2159 3905 Multis
2176 3851 2227 3904 in
2247 3850 2381 3905 locis
2406 3850 2665 3920 Origenes
2691 3860 2910 3908 secutus
2930 3859 3016 3908 est
3041 3852 3348 3921 opinionem
3370 3857 3491 3914 Pla-

1908 3922 2052 3977 tonis
2097 3925 2327 3976 animam
2378 3924 2689 3985 tribuentis.
2736 3937 2844 3978 non
2892 3931 3097 3978 tantum
3137 3928 3363 3991 mundo,
3393 3929 3492 3987 sed

1908 3994 2069 4067 etiam
2122 3994 2318 4067 astris,
2351 4009 2577 4063 eamque
2620 3993 2936 4067 rationalem
2961 4034 2976 4058 ,
3018 4003 3075 4050 ut
3103 4009 3229 4067 suos
3268 4007 3491 4067 motus,

1903 4062 2130 4137 jnbcnle
2164 4064 2294 4137 Deo,
2335 4072 2669 4137 peragerent.
2703 4064 2958 4137 Omnium
2994 4064 3226 4119 maxime
3266 4062 3491 4137 insignis

1912 4134 2139 4207 habetur
2186 4133 2277 4185 lib.
2315 4148 2331 4185 ι
2363 4137 2484 4207 Περί
2524 4134 2728 4207 ξΛρχῶν
2772 4148 2893 4200 cap.
2928 4134 2980 4197 7,
3012 4133 3493 4207 quem_exprohrat

1909 4204 2278 4276 Origenintm
2328 4204 2477 4276 solus
2526 4204 2776 4276 Rutilius,
2821 4204 3492 4276 veruinhetjl‘heopbilus

1911 4272 2309 4347 Alex_and_rinus
2338 4273 2577 4347 (Homil.
2613 4274 2639 4326 1
2672 4274 2786 4347 et?
2815 4271 3100 4347 paschali),
3136 4271 3493 4347 Hieronymus

1917 4344 2120 4420 (_E_pi_st.
2149 4343 2215 4420 Si)
2239 4343 2547 4420 adgnitum,
2579 4342 2887 4420 et_epist.li_l
2922 4344 2989 4396 ad
3020 4342 3447 4420 Pammachium)
3473 4394 3489 4417 ,

1914 4413 2245 4482 Epiphanius
2276 4412 2477 4483 (Epist.
2498 4415 2588 4485 Aad
2618 4414 2773 4468 Joan.
2816 4413 3205 4485 Hierosolymit.
3234 4416 3274 4485 ),
3320 4412 3492 4473 Just'i;

220 4483 557 4580 !!ethodium
572 4500 711 4569 apud
742 4483 1095 4580 Epiphanium
1834 4517 1889 4580 D
2133 4483 3331 4580 iTPfﬂ‘j’if',fl’f‘.‘;ff€‘jf
3356 4489 3491 4580 bff'f

216 4570 552 4642 Nyssenum,
614 4582 670 4625 et
716 4572 883 4637 alios,
931 4587 1158 4642 quorum
1203 4584 1518 4631 tamennon
1566 4570 1671 4632 una
1718 4589 1805 4635 est

221 4640 563 4718 explicandae
585 4644 866 4718 sententia:
882 4640 1038 4696 ratio.
1064 4645 1134 4699 At
1156 4645 1207 4698 in
1229 4661 1294 4700 eo
1311 4688 1326 4713 ,
1350 4651 1491 4717 quod
1512 4649 1799 4718 Origenem

224 4713 406 4789 arguit
434 4711 743 4789 docentem,
767 4711 1507 4789 daemonespijuspeccasse,
1523 4711 1682 4789 quam
1708 4722 1803 4775 ho-

218 4784 804 4859 minibus‘inviderent,
831 4785 1081 4859 dissentit
1103 4786 1357 4842 Ecclesiae
1386 4784 1657 4859 magistris
1686 4792 1803 4846 lon-

220 4868 296 4924 ge
324 4854 589 4930 pluribus,
620 4855 829 4930 ipsique
854 4856 991 4909 adeo
1015 4854 1528 4930 sacrmScripturaé,
1561 4861 1716 4930 cujus
1747 4863 1799 4917 id

226 4924 611 4999 pervulgatum
640 4937 722 4980 est
744 4924 765 4981 7:
792 4926 837 4979 Α
866 4927 1105 4993 superbia
1131 4924 1347 4999 initimn’
1383 4932 1548 4986 omnis
1606 4924 1800 4999 peccati

224 4994 424 5072 (Eccli.
450 5011 506 5072 ξ,
532 4996 653 5072 15);
677 5010 1001 5072 quamquam
1048 5001 1284 5072 respexit
1318 4998 1457 5056 forte
1493 5002 1561 5056 ad
1593 4994 1803 5072 opinio-

226 5080 358 5121 nem
388 5067 659 5144 Origenis,
693 5067 836 5144 quod
866 5079 989 5144 ante
1026 5069 1386 5125 conditionem
1431 5067 1802 5144 mundi'hujus

223 5138 572 5207 peccaverint
602 5139 787 5214 multa.
822 5149 929 5192 tum
957 5139 1261 5214 daemones,
1287 5149 1400 5195 tum
1430 5144 1645 5209 animm,
1680 5138 1803 5214 pro-

226 5215 353 5277 pter
379 5224 497 5280 qua:
522 5224 552 5261 e
574 5209 714 5264 cmlo
753 5209 806 5263 in
844 5224 1070 5278 corpora
1102 5211 1593 5280 praecipitarentur.

314 5279 591 5356 Diabolum
638 5283 847 5356 ipsum,
894 5280 945 5334 id
996 5290 1113 5345 est,
1157 5279 1478 5356 daemonum_
1505 5285 1801 5356 principem

226 5351 669 5421 transfiguratum
701 5352 753 5404 in
802 5362 1109 5422 serpentem
1149 5362 1387 5408 tentasse
1441 5351 1630 5423 Ev'am,
1671 5351 1804 5411 con-

225 5435 387 5482 stans
416 5431 499 5477 est
522 5432 767 5493 veterum
793 5425 997 5490 Opinio,
1030 5422 1099 5476 de
1125 5439 1230 5493 qua
1259 5424 1491 5479 diximus
1518 5428 1586 5481 ad
1617 5422 1814 5482 tracta-

226 5507 323 5554 tus
348 5493 575 5550 Nestorii
598 5492 857 5549 adversus
885 5493 1220 5563 Pelagianos.

306 5650 399 5710 Si.
436 5652 542 5710 Sed
568 5650 636 5709 de
664 5651 1022 5710 invisibllibus
1067 5652 1283 5722 quidem
1318 5655 1636 5713 substantiis
1667 5657 1818 5714 sulti-

232 5744 447 5804 cientcr
474 5748 717 5814 dictum;
753 5764 894 5805 nunc
926 5763 1054 5803 vero
1076 5746 1144 5805 de
1189 5750 1306 5805 sole
1352 5749 1510 5807 simul
1553 5760 1606 5807 et
1645 5752 1767 5807 luna
1796 5795 1813 5816 ,

1914 4556 2067 4629 puniti
2100 4573 2111 4607 :
2141 4556 2210 4607 ibi
2240 4556 2381 4629 enim
2416 4556 2655 4629 abutitur
2681 4556 3001 4629 testimoniis
3026 4557 3336 4629 Scriptura,
3369 4575 3491 4629 qua:

1914 4626 2138 4680 Buliuus
2178 4628 2415 4693 exponit.
2455 4626 2615 4679 Miror
2654 4642 2780 4679 vero
2821 4626 2948 4695 quid
2993 4642 3171 4682 causa:
3202 4627 3361 4683 fuerit
3389 4626 3494 4684 cur

1912 4707 2017 4749 tam
2050 4696 2396 4750 vehementer
2436 4696 2487 4749 in
2525 4696 2746 4752 Oriente
2776 4712 2935 4765 super
2965 4711 3025 4751 ea
3053 4698 3351 4764 quaestione
3395 4701 3494 4754 Pa-

1907 4775 2023 4821 tres
2056 4782 2085 4819 a
2127 4782 2211 4819 me
2256 4767 2476 4833 laudati,
2526 4768 2749 4835 aliique,
2796 4780 2856 4822 ut
2901 4767 3126 4821 Basilius
3168 4779 3220 4821 et
3264 4768 3496 4825 Genesis

1909 4849 2273 4903 enarratores,
2301 4838 2585 4907 Origenem
2610 4848 2946 4903 accusarent,
2976 4853 3098 4897 cum
3124 4838 3175 4892 in
3198 4837 3493 4895 Occidente

1909 4909 2260 4978 Augustinus,
2286 4910 2370 4963 sin
2396 4910 2569 4965 minus
2597 4907 2803 4971 Platoni
2833 4911 3143 4978 asSenserit,
3176 4908 3364 4978 saltem
3396 4912 3497 4964 du-

1908 4976 2322 5050 biusexstiterit
2344 5020 2358 5044 ,
2392 4990 2448 5032 ut
2478 4987 2688 5033 constat
2710 4976 2970 5050 _plu_rib_u_s
3000 4977 3288 5050 exﬂl_ocisr(
3309 4978 3421 5032 Lib.
3455 4995 3494 5037 ιι

1907 5051 1971 5102 de
2001 5048 2130 5103 Gen.
2162 5050 2227 5102 ad
2255 5050 2335 5103 lit.
2367 5066 2481 5113 cap.
2509 5050 2596 5112 18,
2625 5056 2673 5101 et
2702 5047 2971 5100 Enchirid.
3002 5065 3048 5101 c.
3075 5047 3144 5103 58
3174 5057 3219 5101 et
3240 5047 3287 5103 l.‘
3307 5064 3404 5104 xm
3429 5052 3497 5105 de

1910 5119 2095 5173 Trinit.
2134 5138 2180 5174 ο.
2217 5120 2346 5189 Ιϐ).
2372 5118 2810 5189 Admirationem
2831 5126 2990 5186 auget
3028 5118 3184 5189 divus
3224 5119 3493 5189 Thomas,

1906 5191 1999 5261 qui
2038 5206 2158 5261 cum
2200 5193 2521 5245 sententiain
2564 5188 2868 5261 Aristotelis
2909 5188 3177 5261 attulisset
3213 5188 3282 5261 de
3316 5193 3492 5246 anima

1906 5256 2065 5318 caeli:
2098 5260 2215 5314 Hoc
2239 5270 2427 5324 autem,
2472 5258 2664 5330 inquit,
2710 5259 2846 5330 quod
2887 5259 3080 5330 dictum
3103 5268 3175 5313 est
3206 5256 3269 5312 de
3295 5263 3497 5314 anima-

1908 5334 2046 5386 lione
2072 5333 2204 5399 caeli,
2232 5348 2331 5384 non
2356 5329 2577 5384 diximus
2605 5329 2749 5397 quasi
2774 5329 3047 5382 asserenda
3072 5331 3350 5383 secundum
3372 5331 3497 5399 ﬁdei

1920 5401 2227 5466 doctrinam,
2256 5404 2322 5455 ad
2349 5418 2505 5474 quam
2531 5401 2661 5474 nihil
2691 5401 2925 5474 parting,
2957 5400 3061 5474 sive
3087 5401 3194 5474 sic,
3215 5402 3322 5474 sive
3346 5402 3519 5474 aliter-

1920 5474 2144 5537 dicatur.
2195 5467 2700 5543 Unde'Augustinus
2745 5474 2798 5527 in
2844 5467 3146 5543 Enchiridio
3174 5472 3311 5543 (dicit
3345 5488 3364 5527 :
3389 5472 3501 5539 Nec

1923 5544 2054 5599 illud
2082 5545 2287 5615 quidem
2312 5541 2503 5615 certum
2532 5542 2712 5602 habeo,
2739 5551 2916 5615 (utrum
2937 5541 3005 5615 ad
3032 5541 3259 5615 eamdem
3285 5543 3502 5600 societa-

1925 5624 2042 5673 tem.
2067 5611 2254 5668 scilicet
2284 5613 2598 5684 angelorum,
2615 5613 2905 5684 pertineant
2928 5612 3064 5667 solet
3086 5611 3227 5679 luna,
3253 5623 3298 5667 et
3317 5624 3503 5669 cuncta

1926 5686 2115 5748 sidera,
2149 5682 2380 5752 quamvis
2406 5682 2669 5738 nonnullis
2697 5683 2870 5737 lucida
2897 5698 3007 5737 esse
3030 5699 3266 5754 corpora,
3297 5700 3402 5740 non
3424 5695 3503 5753 tg-

1927 5772 2039 5810 nten
2067 5772 2216 5813 sensu
2245 5755 2323 5809 vel
2345 5754 2678 5819 intelligentia
2699 5754 2921 5815 pra’dita
2947 5755 3231 5811 videantur.
