3970 6282
510 270 620 332 163

957 264 1050 323 AD
1088 262 1369 331 PARTEM
1408 262 1677 322 PRIMAM
1714 260 1999 322 OPERUM
2035 262 2106 320 Μ.
2146 258 2585 319 MERCATORIS
2623 257 2970 317 APPENDIX
3008 256 3346 316 SECUNDA.

3688 255 3800 322 ιιι

575 384 666 440 22.
708 381 971 442 Similiter
994 389 1174 437 autem
1204 379 1485 451 gentilium
1524 393 1770 435 errorem
1798 377 2099 449 approbare
2125 382 2179 443 Α
2203 376 2445 433 omnium
2476 375 2731 432 dominus
2757 374 2983 432 effectus
3010 383 3113 432 est.
3157 375 3291 432 Nam
3322 376 3654 434 irrationalia
3679 380 3803 450 qui.

505 478 823 538 desiderans
864 476 944 532 sic
972 475 1125 543 dicit,
1156 473 1299 546 quod
1332 473 1454 529 ideo
1480 472 1659 543 posuit
1689 472 1831 527 Deus
1858 471 2094 525 lumina-

503 572 585 629 ria
616 570 671 627 in
704 570 1046 625 firmamento
1065 566 1119 622 in
1142 566 1316 635 signa,
1345 572 1406 619 ut
1431 577 1622 620 eorum
1650 561 1956 632 huiusmodi
1978 575 2095 617 mo-

504 674 594 721 tus
620 662 777 720 nobis
806 660 945 717 facta
974 666 1160 716 nostra
1188 656 1512 730 significent.
1558 656 1777 712 Discant
1811 655 1973 727 igitur
2000 655 2093 726 qui

504 758 765 816 nefariam
788 755 1034 827 Origenis
1063 753 1316 810 haeresim
1351 760 1673 823 sequuntur,
1706 765 1812 806 non
1842 752 1921 807 sic
1947 751 2093 825 acci-

500 864 632 920 pere
660 849 895 905 divinam
928 845 1284 917 Seripturam,
1330 858 1507 911 neque
1533 850 1780 899 evertere
1821 841 1982 913 hujus
2010 843 2093 898 in-

501 942 798 1007 tellectum,
832 948 892 995 ut
921 952 1019 1010 pro
1048 936 1275 992 historia
1300 935 1513 992 scilicet
1540 942 1764 989 utantur
1793 932 2049 1003 allegoria
2071 974 2088 1001 ,

498 1034 797 1091 secundum
826 1031 1155 1089 voluntatem
1182 1044 1357 1086 suam.
1386 1028 1518 1084 Nam
1542 1042 1663 1083 cum
1688 1026 1959 1082 dicentem
1983 1034 2092 1082 ter-

496 1145 573 1185 rae
620 1127 868 1185 audimus
905 1125 1195 1182 Jeremiam
1250 1124 1564 1194 prophetam
1608 1139 1622 1175 :
1655 1120 1817 1177 Terra
1844 1167 1858 1191 ,
1909 1132 2086 1188 terra,

496 1234 655 1288 terra,
684 1222 812 1277 audi
836 1221 1043 1276 verbum
1072 1218 1305 1286 Domini,
1336 1217 1499 1273 scribe
1528 1217 1665 1271 hunc
1698 1217 1954 1272 hominem
1992 1218 2088 1271 ab-

493 1317 723 1370 dicatum
751 1310 978 1385 (Ierem.
1006 1327 1142 1378 χχιι,
1162 1311 1297 1383 ‘29);
1330 1324 1436 1365 non
1477 1309 1598 1368 ideo
1621 1309 1882 1366 debemus
1906 1308 2088 1369 dicere

491 1406 634 1475 quod
650 1405 800 1477 quasi
818 1404 1037 1459 animali
1060 1401 1479 1473 rationabilique
1499 1411 1658 1458 terra:
1677 1402 1936 1473 propheta
1957 1418 2089 1471 pra:-

492 1501 677 1573 cipiat.
707 1500 859 1557 Solet
884 1498 1046 1555 etiam
1071 1497 1239 1553 David
1270 1496 1531 1567 propheta
1558 1495 1865 1567 huiusmodi
1893 1510 2087 1568 corpo-

491 1594 641 1649 ribus
672 1592 958 1662 imperare,
985 1604 1108 1646 eum
1137 1589 1268 1645 dicit
1293 1587 1426 1661 (Ps.
1450 1603 1677 1657 CXLVIII,
1706 1589 1777 1659 7)
1805 1604 1818 1642 :
1850 1586 2086 1644 Laudate

489 1686 770 1743 Dominum
800 1686 864 1739 de
893 1693 1051 1750 terra,
1098 1684 1340 1739 dracones
1368 1691 1414 1738 et
1442 1699 1618 1737 omnes
1660 1682 1862 1754 abyssi,
1913 1683 2082 1754 ignis,

490 1778 709 1851 grando,
741 1778 849 1843 nix,
876 1777 1088 1849 glacies,
1118 1775 1334 1843 spiritus
1360 1772 1726 1845 procellarum,
1748 1791 1863 1847 quae
1884 1776 2084 1847 faciunt
2115 1771 2165 1834 Β

490 1871 697 1925 uerbum
724 1873 869 1943 ejus;
898 1876 1094 1922 montes
1119 1876 1167 1939 et
1198 1882 1372 1921 omnes
1418 1866 1596 1932 colles,
1637 1866 1778 1938 ligna
1808 1866 2087 1938 fructifera

489 1971 539 2018 et
569 1978 739 2017 omnes
770 1961 929 2015 cedri.
961 1957 1076 2014 Non
1105 1966 1389 2029 propterea
1427 1956 1588 2013 docet
1615 1971 1716 2012 nos
1742 1966 1798 2011 ut
1822 1956 1939 2013 haec
1966 1972 2085 2013 om-

488 2057 579 2113 nia
611 2053 944 2112 rationabilia
986 2066 1110 2110 esse
1148 2049 1455 2107 credamus.
1485 2048 1590 2106 Sed
1633 2047 1893 2120 Origenes
1937 2064 2083 2106 nunc

489 2151 716 2221 ejusque
745 2148 879 2204 socii
909 2145 1270 2202 dimittantur.

559 2264 735 2319 Locus
760 2260 1029 2332 Origenis,
1055 2259 1110 2315 in
1140 2274 1299 2329 quem
1327 2255 1555 2332 Rufinus
1584 2256 1839 2332 intendit,
1870 2258 2083 2332 videtur

487 2334 623 2391 mihi
671 2329 942 2390 fuisse'in
991 2331 1411 2386 Commentariis
1463 2329 1712 2396 Genesis,
1767 2346 1835 2400 ex
1885 2330 2081 2400 quibus

486 2406 845 2477 fragmentum
890 2402 1157 2477 Eusebius
1200 2401 1390 2477 retulit
1414 2399 1563 2477 (Lib._
1592 2414 1647 2454 lx
1682 2401 1750 2477 de
1789 2399 2078 2477 Prteparat.

486 2470 739 2545 living).
762 2475 852 2531 Sic
871 2477 1015 2529 enim
1044 2486 1105 2528 se
1133 2472 1299 2528 habet
1327 2488 1407 2545 es
1425 2470 1673 2526 versione
1691 2470 1872 2542 Vigeri
1899 2470 1917 2525 ἱ
1939 2472 2080 2527 Con-

485 2549 601 2602 silio
626 2534 722 2602 Dei
753 2546 949 2613 factum
980 2553 1076 2609 est,
1119 2552 1175 2596 ut
1202 2559 1267 2598 ea:
1298 2543 1440 2598 vario
1470 2552 1726 2596 astrorum
1753 2534 1856 2596 situ
1903 2560 2080 2597 eorum

483 2634 621 2689 quc,
665 2618 856 2690 partim
896 2615 1139 2690 singulis,
1186 2615 1461 2690 partimin
1501 2613 1794 2690 uniuersum
1843 2616 2082 2670 eveniunt

479 2684 632 2755 Signa
666 2684 908 2759 quaedam
951 2684 1238 2759 hauriant,
1265 2701 1367 2740 non
1390 2686 1509 2759 jam
1545 2684 1794 2759 homines;
1818 2696 1977 2759 certe,
2006 2701 2081 2759 ea:

483 2754 579 2813 illa
604 2754 739 2813 enim
763 2760 987 2814 siderum
1010 2757 1339 2811 conversione
1364 2754 1615 2827 quidquid
1644 2764 1734 2827 aut
1766 2756 1955 2822 facturi
1970 2757 2081 2811 sin-

483 2831 592 2900 guli
618 2832 744 2897 sint,
789 2838 877 2882 aut
906 2829 1131 2900 passuri,
1175 2840 1288 2883 vere
1317 2825 1383 2879 ac
1406 2837 1544 2900 certo
1583 2825 1871 2900 intelligere
1913 2842 2081 2900 opera:

482 2896 560 2954 2st
589 2903 840 2953 humanas
870 2900 1000 2953 vires
1047 2897 1195 2967 longe
1222 2898 1554 2967 superantis;
1595 2896 1686 2950 sed
1732 2896 1953 2951 natura!
1973 2898 2081 2952 illa

484 2972 799 3037 superiores,
829 2985 955 3039 quas
982 2968 1214 3039 pluribus
1242 2984 1366 3039 sane
1395 2967 1457 3039 de
1485 2968 1653 3039 causis
1680 2982 1792 3021 eam
1819 2969 1871 3020 in
1898 2969 2081 3039 cogni-

484 3036 677 3094 tionem
696 3036 867 3093 venire
887 3036 1089 3092 necesse
1108 3048 1205 3105 est,
1232 3039 1307 3090 uti
1332 3036 1570 3105 deinceps
1591 3037 2073 3095 demonstrabimus.

482 3112 555 3167 Et
593 3109 738 3167 inter
781 3107 1159 3180 proponendas
1203 3110 1531 3180 qums‘tiones
1576 3122 1697 3177 qua:
1746 3110 2072 3180 solvantur:

485 3159 758 3248 auo-modo
780 3159 1180 3234 inferendae;
1208 3159 1321 3250 ἧμαι
1339 3159 1609 3233 hominum.
1622 3179 1795 3250 generi
1816 3180 2074 3246 eveniunt,
2103 3159 2151 3225 Ο

483 3254 629 3324 signa
652 3253 857 3324 quidem
884 3251 1057 3305 sidera
1076 3252 1203 3324 sint,
1222 3248 1398 3324 causa
1419 3265 1538 3324 pero
1568 3248 1778 3324 minime
1798 3250 2080 3321 :quamob—

482 3318 590 3377 re'nt
628 3318 819 3377 certam
849 3330 897 3377 et
944 3322 1247 3392 exquisitam
1290 3320 1520 3375 homines
1563 3318 1861 3392 earumdem
1903 3338 2077 3375 rerum

482 3394 822 3464 cognitionem
864 3390 1048 3446 habere
1085 3409 1202 3464 non
1230 3392 1445 3464 possint,
1484 3391 1584 3464 sed
1606 3391 1802 3445 naturis
1844 3390 2078 3448 humana

482 3462 832 3536 superioribus
864 3464 1136 3534 prwposita
1160 3462 1310 3530 signa
1333 3462 1425 3516 illa
1451 3462 1591 3516 sint?

1091 3552 1321 3609 CAPUT
1358 3551 1451 3608 IV.

1003 3643 1080 3699 De
1110 3643 1330 3697 hominis
1358 3643 1552 3697 anima.

547 3744 640 3800 23.
662 3713 912 3797 blundum
927 3738 1189 3795 Dominus
1205 3752 1327 3793 eum
1339 3746 1568 3805 crearet,
1587 3738 1807 3805 cmlum,
1827 3738 2068 3809 inquam,

384 3884 385 3891 η
480 3842 537 3892 et
565 3843 787 3903 terram,
816 3841 872 3887 et
896 3829 1075 3886 omnis
1109 3843 1228 3900 qua:
1250 3830 1304 3883 in
1322 3826 1401 3884 eis
1422 3836 1570 3889 sunt.
1598 3829 1770 3884 solum
1796 3826 2071 3886 hominem

479 3927 772 3987 secundum
795 3925 1083 3997 imaginem
1103 3938 1255 3979 suam
1272 3931 1329 3979 et
1349 3922 1755 3979 similitudinem
1786 3924 1931 3990 fecit,
1962 3925 2071 3983 sic-

480 4030 541 4077 ut
570 4024 779 4093 Moyses
809 4018 987 4085 docet,
1038 4017 1109 4072 ita
1141 4015 1331 4073 dicens
1358 4031 1369 4069 :
1402 4014 1468 4068 Et
1512 4015 1643 4070 dixit
1670 4014 1808 4071 Deus
1834 4035 1846 4071 :
1878 4016 2070 4072 Facia-

478 4131 594 4170 mus
634 4114 892 4169 hominem
941 4112 1219 4167 secundum
1257 4110 1530 4183 imaginem
1572 4125 1635 4163 ac
1678 4110 2068 4165 similitudinem

476 4216 710 4263 nostram
740 4205 908 4278 (Gen.
939 4219 988 4271 ι,
1027 4202 1153 4273 20).
1187 4201 1400 4257 Etcum
1431 4200 1643 4271 Moyses
1675 4200 1778 4257 hoe
1820 4216 1890 4257 ex
1941 4216 2065 4271 per-

476 4312 612 4354 sona
644 4298 737 4352 Dei
767 4296 1022 4361 dixisset,
1073 4295 1189 4364 ipse
1217 4294 1464 4365 protinus
1502 4293 1699 4364 adjecit
1742 4294 1969 4351 dicens:
1997 4294 2067 4351 Et

477 4391 600 4461 fecit
619 4388 759 4444 Deus
781 4388 1058 4454 hominem,
1072 4388 1140 4445 ad
1156 4388 1428 4459 imaginem
1450 4385 1549 4440 Dei
1562 4387 1681 4458 fecit
1697 4403 1832 4442 eum.
1850 4387 2066 4445 Utrum-

476 4498 584 4551 que
604 4482 838 4551 Moyses,
866 4496 1030 4535 unum
1052 4480 1261 4535 scilicet
1283 4479 1607 4548 intelligens,
1638 4488 1746 4534 tam
1772 4480 2060 4551 imaginem

474 4575 600 4631 dico
630 4586 790 4645 quam
818 4571 1256 4636 similitudinem,
1287 4570 1519 4641 imagine
1548 4572 1839 4638 nominata,
1875 4574 2068 4629 simili-

472 4666 719 4722 tudinem
749 4666 964 4738 penitus
994 4662 1227 4720 reticuit.
1275 4663 1528 4733 Alioquin
1558 4664 1602 4719 si
1639 4679 1745 4720 non
1776 4665 1849 4720 ita
1878 4677 2064 4734 esset,

476 4774 771 4832 numquam
800 4767 989 4829 postea
1018 4758 1249 4814 dixisset
1277 4757 1510 4815 Iacobus
1539 4760 1813 4828 apostolus
1851 4760 1906 4815 in
1938 4762 2076 4832 Epi-'

471 4849 611 4906 stola
642 4864 760 4917 sua,
791 4864 913 4906 eum
941 4849 1162 4904 doceret
1187 4863 1287 4904 nos
1316 4864 1423 4903 non
1451 4849 1653 4906 debere
1682 4851 1757 4905 uti
1788 4851 1966 4922 lingua
1992 4852 2062 4909 ad

470 4939 837 4996 ministerium
882 4941 1027 5006 mali,
1081 4940 1184 4995 hoc
1222 4938 1383 4996 modo
1414 4958 1425 4993 :
1453 4939 1521 4994 In
1564 4942 1676 5010 ipsa
1718 4942 2064 5000 benedicimus

472 5031 701 5090 Domino
727 5044 773 5089 et
802 5032 975 5101 Patri,
1018 5042 1063 5089 et
1092 5034 1144 5089 in
1183 5034 1301 5103 ipsa
1339 5034 1693 5089 maledicimus
1739 5035 2063 5102 hominibus,

471 5126 560 5192 qui
587 5125 868 5181 secundum
886 5125 1271 5180 similitudinem
1292 5124 1393 5181 Dei
1414 5127 1536 5198 facti
1560 5135 1679 5181 sunt
1707 5126 1860 5194 (Jac.
1885 5142 1965 5197 ιιι,
1982 5128 2061 5200 9).

470 5217 758 5275 Hominem
790 5218 955 5289 igitur
996 5218 1141 5274 Deus
1173 5218 1425 5274 omnibus
1474 5218 1739 5274 dominari
1788 5234 1909 5290 quae
1946 5220 2064 5293 ipse

472 5312 700 5378 creavit,
750 5320 859 5367 tam
899 5310 953 5366 in
992 5320 1135 5367 terra
1168 5324 1331 5381 quam
1367 5311 1420 5366 in
1450 5312 1603 5378 mari,
1646 5313 1961 5384 praeposuit,
1993 5328 2060 5370 eo

466 5401 615 5472 quod
644 5403 821 5472 imago
852 5402 1025 5472 ipsius
1051 5409 1138 5458 est
1162 5401 1355 5470 homo,
1396 5402 1536 5459 sicut
1560 5411 1617 5458 et
1642 5403 1834 5461 beatus
1864 5404 2064 5461 Paulus

472 5486 634 5552 docet
667 5495 752 5551 ita
792 5495 979 5551 dicens
1004 5511 1019 5553 :
1044 5494 1188 5551 Nam
1212 5497 1291 5551 vir
1317 5496 1521 5567 quidem
1544 5513 1647 5552 non
1674 5497 1821 5551 debet
1863 5498 2064 5569 operire

468 5596 647 5660 caput,
676 5605 795 5643 cum
820 5590 882 5643 sit
904 5589 1076 5661 imago
1102 5598 1150 5643 et
1172 5587 1340 5660 gloria
1363 5587 1463 5643 Dei
1484 5590 1535 5661 (Ι
1558 5589 1677 5643 Cor.
1700 5604 1775 5654 XI,
1808 5588 1897 5661 7).
1928 5589 2062 5644 Pro-

465 5690 590 5754 pter
619 5680 673 5736 id
705 5680 846 5752 quod
877 5680 1039 5735 homo
1064 5681 1275 5736 cunctis
1312 5680 1716 5737 irrationalibus
1757 5680 2059 5738 antefertur

464 5773 789 5845 animalibus
834 5772 1028 5839 quibus
1054 5773 1380 5841 dominatur,
1418 5788 1516 5847 per
1545 5772 1648 5833 hoc
1683 5774 1858 5847 ipsum
1890 5765 2053 5832 etiam

2200 470 2323 527 dem
2354 471 2630 537 animalia,
2662 470 2806 526 sicut
2830 469 3046 541 Moyses
3084 469 3288 538 docuit,
3315 486 3382 527 ex
3414 479 3554 528 terra
3577 480 3635 530 et
3659 487 3803 545 aqua

2197 572 2401 630 creata,
2447 578 2513 619 ex
2556 563 2635 619 eis
2667 570 2775 618 tam
2826 563 3065 619 animam
3113 577 3275 634 quam
3325 578 3523 635 corpus
3570 565 3797 623 habent.

2197 653 2371 711 Homo
2396 663 2577 710 autem
2602 669 2803 727 corpus
2828 654 3049 726 quidem
3077 655 3293 711 videtur
3317 671 3438 713 cum
3461 659 3675 715 caeteris
3700 658 3800 716 ha-

2196 746 2327 803 bere
2356 761 2644 804 commune
2669 765 2684 815 ;
2717 747 2952 805 animam
2979 762 3109 805 vero
3134 748 3304 806 multo
3333 753 3798 823 prmslantiorem,

2193 838 2334 896 sicut
2352 839 2569 912 Moyses
2599 839 2794 897 iterum
2824 838 2957 895 dicit
2984 838 3089 897 hoe
3118 841 3280 897 modo
3308 841 3471 914 (Gen.
3497 858 3554 911 ιι,
3588 846 3659 914 7)
3685 866 3700 903 :
3726 844 3799 901 Et

2195 930 2472 1003 plasmauit
2501 931 2641 986 Deus
2672 931 2929 987 hominem
2957 933 3019 987 de
3045 932 3169 988 limo
3217 941 3387 1003 terra,
3425 944 3473 989 et
3516 937 3799 1008 insufflauit

2194 1022 2249 1077 in
2280 1023 2467 1090 faciem
2491 1025 2602 1096 ejus
2627 1023 2869 1093 spiritum
2888 1024 3025 1093 vitta,
3056 1032 3105 1080 et
3131 1026 3302 1097 factus
3326 1034 3400 1082 est
3423 1026 3576 1082 homo
3602 1029 3658 1082 in
3678 1028 3800 1083 ani.

2194 1131 2333 1169 mam
2357 1116 2621 1191 viventem.

2267 1248 2509 1324 Hominis
2533 1249 3022 1324 naturamqlaudat,
3053 1251 3197 1324 quod
3240 1251 3417 1324 fecere
3446 1261 3635 1324 postea
3672 1268 3797 1308 ma-

2193 1319 2338 1393 ligne
2354 1321 2669 1393 Pelagiani;
2718 1322 2840 1392 quia
2870 1331 2955 1378 est
2979 1319 3115 1393 opus
3150 1319 3465 1379 divinarum
3486 1339 3748 1380 manuum
3776 1340 3794 1391 ;

2190 1390 2519 1515 guiafactus
2544 1392 2613 1448 ad
2638 1390 2928 1475 imaginem
2956 1390 3614 1479 et'similitudjnempei;
3656 1396 3793 1478 quia

2230 1471 2503 1515 ominatur
2545 1471 2758 1515 caeteris
2797 1465 3191 1515 animantibus:
3225 1480 3350 1515 (ulla
3380 1476 3602 1515 ratmms
3632 1477 3688 1515 et
3719 1467 3793 1515 Ιι-

2230 1461 2771 1536 ominaturhcaateris'
2797 1464 3191 1536 animantibus;
3225 1466 3350 1536 quia
3380 1466 3602 1522 rationis
3632 1461 3690 1523 ei
3719 1467 3793 1522 li-

2188 1531 2307 1588 heri
2338 1533 2551 1607 arbitrii
2583 1535 2882 1607 particeps;
2911 1534 3032 1606 quia
3062 1531 3261 1607 corpus
3280 1546 3336 1592 et
3356 1538 3590 1593 animam
3620 1552 3653 1593 a
3674 1536 3797 1595 Deo

2188 1605 2420 1675 accepit,
2446 1614 2554 1662 etc.
2587 1606 2776 1662 Tantis
2797 1606 3085 1677 praeconiis
3112 1605 3357 1663 fraudem
3386 1618 3561 1679 parat.

2258 1734 2350 1791 ει.
2391 1737 2564 1795 Homo
2592 1738 2757 1812 igitur
2780 1740 2903 1797 ideo
2924 1742 3106 1812 potior
3130 1741 3385 1799 omnibus
3404 1751 3509 1811 est,
3528 1745 3791 1816 quoniam

2188 1830 2498 1888 sensibilem
2529 1841 2586 1889 et
2628 1833 2950 1891 rationalem
2989 1836 3223 1892 animam
3274 1836 3477 1894 habere
3509 1838 3796 1909 dignosci-

2188 1931 2298 1989 tur,
2343 1933 2399 1980 et
2443 1938 2563 1981 eam
2614 1925 2771 1985 liberi
2819 1912 3053 1983 arbitrii.
3104 1928 3247 2001 Ergo
3292 1931 3444 2001 quasi
3491 1930 3796 2002 prudentes

2186 2013 2424 2089 Moysem
2471 2016 2754 2074 audiamus
2807 2018 3079 2077 dicentem
3129 2021 3591 2092 quemadmodum
3644 2026 3796 2083 Deus

2185 2106 2460 2164 hominem
2486 2110 2782 2177 creaverit;
2814 2111 2896 2167 sic
2925 2110 3070 2167 enim
3116 2113 3274 2168 nobis
3312 2114 3529 2187 Moyses
3575 2119 3797 2175 casteri-

2184 2215 2292 2270 que
2335 2201 2617 2273 propheta:
2646 2203 2715 2260 de
2745 2203 2857 2260 Deo
2885 2213 3128 2271 narrant,
3175 2205 3333 2263 sicuti
3363 2221 3653 2279 possumus
3699 2211 3794 2267 in-

2185 2290 2452 2364 telligere.
2504 2293 2692 2365 Neque
2733 2294 2877 2351 enim
2912 2304 2969 2351 ut
2999 2295 3166 2353 homo
3202 2308 3284 2353 est
3311 2298 3475 2367 Deus,
3506 2316 3572 2357 ex
3602 2300 3791 2359 anima

2184 2383 2361 2441 factus
2389 2394 2445 2442 et
2470 2401 2724 2458 corpore,
2758 2396 2818 2443 ut
2843 2389 2926 2445 vel
2955 2390 3205 2446 manibus
3246 2390 3517 2449 hominem
3549 2393 3790 2465 formet,

2183 2486 2239 2533 et
2268 2478 2455 2549 lingat,
2486 2480 2573 2536 vel
2596 2493 2662 2535 ex
2684 2494 2813 2536 aere
2833 2480 3083 2551 spiritum
3114 2480 3336 2539 trahens
3361 2481 3416 2538 in
3445 2482 3636 2541 faciem
3658 2486 3785 2557 ejus

2182 2567 2441 2639 insulllet,
2475 2577 2532 2626 et
2560 2571 2638 2627 sic
2667 2586 2791 2628 eum
2821 2572 3086 2639 viviﬁcet;
3118 2574 3299 2629 omnia
3329 2574 3474 2630 enim
3511 2591 3610 2647 per
3658 2579 3792 2636 ιιιιίε

2180 2675 2306 2718 eum
2335 2661 2571 2719 Verbum
2601 2672 2657 2719 et
2683 2662 2944 2735 Spiritum
2973 2672 3219 2722 sanetum
3250 2665 3528 2727 voluntate
3558 2669 3687 2727 facit
3716 2678 3782 2729 et

2180 2750 2330 2808 fecit.

2251 2845 2440 2903 Solent
2465 2861 2599 2905 vero
2624 2851 2787 2906 etiam
2810 2850 3087 2921 prophetae
3115 2865 3224 2909 non
3253 2852 3429 2910 solum
3465 2854 3743 2912 hominem
3772 2898 3790 2926 ,

2181 2938 2276 2995 sed
2301 2939 2462 2996 etiam
2485 2945 2681 2998 costum
2707 2949 2765 2999 et
2789 2950 3013 3009 terram,
3038 2953 3095 3000 et
3122 2960 3242 3015 qum
3269 2945 3469 3003 in‘istis
3489 2957 3615 3004 sunt
3640 2966 3790 3018 prae-

2181 3042 2341 3101 cepto
2368 3031 2465 3087 Dei
2492 3042 2699 3102 creata,
2744 3049 2906 3106 opera
2936 3051 3195 3093 manuum
3223 3037 3438 3097 Domini
3476 3042 3790 3101 nominare.

2180 3121 2359 3177 Testis
2408 3130 2494 3178 est
2543 3124 2711 3181 David
2760 3126 3028 3197 propheta
3055 3128 3122 3184 ad
3155 3129 3325 3187 Deum
3356 3131 3543 3189 dicens
3584 3134 3791 3206 (Psal.

2180 3227 2294 3279 vm,
2326 3211 2396 3285 4)
2423 3230 2437 3269 :
2468 3213 2536 3269 Et
2568 3214 2746 3270 uidebo
2774 3216 2927 3272 caelos
2959 3235 3169 3287 cperant
3213 3220 3495 3293 digitorum
3533 3234 3747 3281 tuorum
3770 3272 3789 3297 ,

2180 3303 2362 3358 lunam
2390 3312 2438 3358 et
2466 3304 2642 3360 stellas
2668 3323 2785 3377 quae
2813 3316 2870 3361 tu
2909 3308 3163 3378 fundasti.
3195 3309 3266 3366 Et
3300 3311 3492 3368 iterum
3524 3312 3657 3385 (Ps.
3686 3331 3743 3373 cr
3768 3358 3790 3386 ,

2176 3393 2315 3466 26).ς
2340 3393 2407 3450 In
2430 3398 2687 3467 principio
2710 3406 2789 3465 tu,
2809 3396 3053 3468 Domine,
3078 3408 3263 3455 terram
3285 3402 3541 3473 fundasti,
3558 3413 3603 3459 et
3623 3422 3791 3478 opera

2176 3506 2424 3544 manuum
2466 3501 2675 3545 tuarum
2704 3501 2821 3546 sunt
2850 3493 2986 3548 (teli.
3035 3492 3298 3551 Similiter
3324 3504 3506 3552 autem
3528 3505 3583 3553 et
3612 3496 3791 3557 lsaias

2174 3582 2437 3653 propheta
2466 3598 2530 3640 es
2561 3584 2657 3639 Dei
2688 3598 2916 3655 persona
2939 3586 3019 3642 sic
3042 3585 3173 3643 dicit
3200 3585 3365 3659 (Isai.
3395 3605 3589 3656 XLVIII,
3621 3590 3739 3664 12)
3768 3611 3783 3647 :

2174 3674 2314 3729 Audi
2354 3691 2452 3739 me,
2499 3673 2662 3730 Jacob
2704 3687 2750 3730 et
2778 3675 2987 3747 Israel,
3019 3694 3169 3749 quem
3197 3696 3290 3752 ego
3334 3698 3478 3735 voco.
3510 3679 3627 3753 Ego
3656 3701 3782 3740 suns

2173 3768 2288 3837 ipse
2313 3785 2408 3838 ego
2436 3770 2653 3841 primus,
2678 3778 2725 3823 et
2750 3787 2841 3841 ego
2863 3771 3191 3827 novissimus.
3226 3772 3416 3827 Manus
3442 3790 3555 3828 mea
3582 3777 3785 3847 funda-

2172 3859 2244 3914 vit
2266 3869 2473 3924 terram,
2507 3868 2555 3914 et
2593 3860 2810 3916 dextera
2837 3876 2952 3916 mea
2979 3861 3200 3930 ﬁrmauit
3243 3862 3446 3918 caelum.
3480 3864 3546 3919 Et
3572 3865 3780 3923 iterum

2170 3951 2249 4006 sic
2275 3950 2406 4007 dicit
2430 3950 2688 4007 Dominus
2719 3951 2884 4024 (lsai.
2915 3968 3062 4018 LXVI,
3096 3953 3191 4025 l):
3220 3952 3417 4009 (Icelum
3442 3956 3568 4010 mihi
3594 3957 3777 4027 sedes,

2169 4052 2218 4098 et
2248 4054 2386 4099 terra
2411 4044 2688 4100 scabellum
2715 4046 2903 4118 pedum
2931 4062 3179 4101 meorum.
3209 4047 3381 4114 Quam
3408 4049 3614 4104 domum
3641 4050 3781 4107 tedi-

2169 4135 2387 4204 ﬁcabitis
2415 4136 2564 4205 mihi,
2606 4144 2658 4193 et
2685 4138 2774 4209 qui
2811 4138 2954 4193 locus
3001 4138 3328 4210 requietionis
3377 4144 3546 4197 mete?
3590 4147 3780 4201 omnia

2168 4229 2303 4284 enim
2333 4229 2432 4285 ista
2456 4245 2639 4285 manus
2668 4245 2783 4285 mea
2810 4231 2949 4302 fecit.

2242 4366 2524 4423 Hominem
2555 4366 2749 4437 probat
2794 4380 2915 4423 esse
2940 4379 3076 4436 opus
3118 4366 3185 4423 ad
3217 4366 3501 4437 imaginem
3540 4366 3635 4424 Dei
3689 4369 3776 4424 fa-

2167 4446 2335 4505 ctum,
2390 4453 2496 4493 non
2530 4448 2734 4493 tantum
2767 4439 3024 4494 adversus
3064 4438 3421 4504 Manichaeos,
3470 4438 3565 4494 sed
3595 4438 3773 4498 etiam

2172 4521 2360 4564 contra
2392 4508 2723 4574 catholicos;
2768 4510 3019 4564 nimirum
3061 4517 3119 4564 ut
3145 4524 3213 4564 ex
3241 4510 3467 4564 veritate
3512 4510 3771 4568 confessa

2173 4579 2401 4636 subdole
2450 4579 2701 4636 conficiat
2736 4589 2923 4649 postea
2953 4580 3159 4635 nullum
3200 4593 3321 4636 esse
3350 4589 3623 4650 peccatum
3666 4597 3773 4637 na-

2173 4660 2326 4705 tura).
2357 4650 2513 4707 Unde
2534 4651 2635 4705 sub
2656 4652 2815 4706 ﬁnem
2840 4650 2988 4705 addit
3013 4669 3025 4703 :
3054 4649 3242 4705 Omnia
3273 4649 3359 4718 per
3383 4652 3591 4707 unicum
3622 4652 3769 4708 Ver-

2171 4722 2288 4794 bum
2310 4731 2357 4794 et
2383 4721 2653 4794 Spiritum»
2672 4732 2905 4776 sanctum
2937 4722 3194 4794 uoluntate
3222 4722 3347 4790 facit
3374 4732 3423 4777 et
3450 4724 3603 4793 fecit;
3646 4738 3768 4794 quo

2167 4790 2576 4848 callidius'nihil
2604 4792 2786 4849 dicere
2810 4790 2978 4862 potuit
3001 4792 3068 4848 ad
3095 4807 3211 4848 rem
3240 4808 3391 4848 suam
3412 4810 3427 4859 ;
3450 4790 3575 4849 nam
3597 4790 3770 4854 facile

2161 4863 2379 4935 videtur
2401 4863 2597 4935 minus
2613 4862 2966 4935 prudentibus
2994 4863 3142 4919 nullo
3178 4864 3309 4919 vitio
3346 4864 3593 4921 laborare
3613 4880 3770 4935 opus

2164 4931 2334 4998 illud,
2386 4933 2529 5003 quod
2574 4933 2719 5004 Deus
2771 4934 3009 5004 optimus
3065 4935 3332 4990 maximus
3379 4950 3478 5004 per
3519 4931 3771 4995 Verbum

2162 5011 2442 5076 tamquam
2473 5019 2570 5073 per
2598 5003 2773 5076 ideam
2804 5003 3067 5060 artificem
3086 5048 3102 5072 ,
3133 5014 3192 5061 et
3221 5003 3479 5076 Spiritum
3509 5016 3770 5066 sanctum

2169 5074 2494 5145 principium
2541 5076 2716 5131 omnis
2756 5075 2905 5145 boni,
2951 5076 3230 5131 voluntate
3266 5074 3448 5144 reeta,
3499 5078 3663 5133 simul
3704 5088 3774 5136 et

2169 5148 2563 5216 omnipotente,
2594 5160 2699 5201 non
2732 5145 2857 5201 fecit
2885 5154 3093 5202 tantum
3125 5147 3281 5211 olim,
3322 5161 3446 5203 cum
3478 5146 3769 5209 hominem

2166 5215 2451 5289 formaret,
2491 5215 2590 5289 sed
2619 5216 2916 5289 etiamnum
2953 5216 3100 5289 facit,
3126 5216 3181 5273 in
3220 5219 3450 5289 singulis
3477 5221 3771 5289 concepti-

2166 5285 2289 5343 bus.
2321 5286 2473 5343 Hune
2501 5288 2674 5342 locum
2692 5286 2938 5343 Julianus
2958 5285 3329 5357 videri'potesi
3350 5289 3607 5355 imitatus,
3626 5285 3766 5347 cum

2165 5358 2431 5433 scriberet
2451 5357 2665 5433 (Libelli
2684 5368 2824 5433 part.
2844 5374 2902 5426 ιι,
2928 5376 3069 5433 num.
3093 5358 3162 5433 'l)
3190 5378 3201 5413 :
3226 5358 3307 5414 Ad
3330 5361 3603 5433 imaginem
3623 5378 3770 5432 quo-

2165 5444 2262 5497 que
2290 5428 2386 5483 Dei
2415 5428 2518 5500 non
2548 5428 2717 5500 solum
2743 5430 2937 5499 factum
2982 5428 3264 5496 hominem,
3296 5432 3388 5487 sed
3411 5428 3458 5486 et
3484 5433 3596 5500 fieri
3621 5428 3767 5488 con-

2165 5500 2387 5625 ﬁltlenltur.
2416 5499 2555 5555 Tum
2589 5499 2805 5557 adducit
2851 5501 3215 5557 testimonium
3259 5501 3445 5559 Jacobi
3483 5499 3512 5558 a
3551 5502 3766 5562 Ruﬁno

2165 5584 2192 5624 a
2242 5587 2268 5624 a
2296 5586 2407 5625 um.

2162 5578 2407 5626 allatum.

2230 5682 2320 5740 25.
2364 5683 2458 5740 Est
2503 5686 2664 5756 igitur
2694 5689 2879 5755 homo,
2917 5687 3059 5745 sicut
3102 5687 3285 5744 divina
3339 5688 3615 5759 Scriptura
3651 5706 3765 5751 nos

2158 5775 2364 5845 docuit,
2390 5790 2585 5846 corpus
2606 5777 2820 5848 quidem
2844 5778 3049 5838 habens
3071 5794 3135 5839 ex
3171 5790 3332 5852 terra,
3361 5782 3591 5838 animam
3615 5798 3764 5844 vero
