3900 6268
114 258 243 322 1135
322 260 631 323 DISSERT.
673 260 741 324 γ.
786 264 873 322 DE
910 258 1220 322 LIBELLIS
1258 262 1442 321 FIDE]
1480 260 1786 321 SCRIPTIS
1824 263 1914 319 AB
1951 254 2386 320 AUCTORIBUS
2425 248 2747 318 ιυΕΙιΕδιε
2787 258 3223 323 PELAGIANA‘J.
3304 253 3414 319 406

138 382 235 439 sibi
277 391 517 438 creatam
554 397 619 437 ex
650 380 843 448 nihilo,
875 389 932 438 et
957 395 1076 439 eam
1117 382 1277 437 sicuti
1321 380 1634 437 sensibilem
1665 389 1722 437 et
1750 389 1796 443 Α
1824 395 1944 436 esse
1987 395 2183 451 corpus
2229 381 2465 447 ﬁrmum,
2517 380 2658 435 sicut
2702 380 2803 436 hoc
2847 379 2994 451 quod
3037 380 3276 449 videtur,
3316 380 3416 438 sed

144 476 484 545 rationalem,
508 476 592 531 sic
621 476 785 531 etiam
817 474 1201 543 immortalem,
1237 482 1297 530 ut
1315 484 1598 545 utrumque
1626 488 1724 530 nos

141 570 295 627 docet
318 571 749 637 Testamentum,
792 577 900 624 tam
932 584 1130 625 novum
1169 568 1296 625 dico
1334 584 1498 640 quam
1542 577 1721 624 vetus.

137 663 262 721 Nam
294 672 349 720 et
376 664 641 719 Dominus
687 672 873 719 noster
902 661 1061 720 Jesus
1103 660 1353 719 Christus
1398 660 1723 732 ait(Mattlt.

140 772 195 822 x,
215 754 352 828 28):
386 754 566 811 Nolite
588 756 767 811 timere
791 764 877 810 eos
897 755 985 826 qui
1009 754 1245 810 occidunt
1266 770 1475 824 corpus,
1496 754 1725 808 animam

138 857 301 903 autem
332 864 437 903 non
460 856 675 918 possunt
700 848 964 915 occidere;
988 846 1079 902 sed
1102 846 1273 920 potius
1298 862 1410 902 eum
1437 846 1609 902 timete
1634 844 1727 916 qui

140 947 432 1006 potestatem
454 938 606 994 habet
634 939 858 993 animam
888 946 935 994 et
961 954 1146 1009 corpus
1167 937 1379 1009 perdere
1398 938 1451 992 in
1467 936 1721 1009 gehenna.

139 1032 350 1105 Igneum
381 1034 703 1105 supplicium
725 1033 1008 1092 interitum
1042 1033 1395 1105 nuncupavit.
1427 1034 1559 1092 Nam
1584 1048 1722 1106 quo-

141 1124 293 1180 modo
318 1124 435 1181 ﬁeri
464 1134 662 1197 potest,
686 1126 765 1182 uti
793 1125 937 1198 quod
960 1126 1172 1197 penitus
1202 1126 1362 1197 perit,
1386 1135 1442 1183 et
1463 1140 1722 1199 nusquam

142 1231 354 1288 prorsus
383 1228 636 1276 constare
661 1227 864 1290 potest,
903 1229 1160 1277 aeternam
1201 1221 1411 1292 perpeti
1442 1220 1614 1277 valeat
1641 1220 1725 1277 ul-

144 1314 363 1381 tionem,
398 1327 518 1369 cum
563 1313 824 1369 Dominus
865 1314 1060 1371 iterum
1107 1312 1253 1371 dicat
1284 1312 1518 1382 (Matth.
1566 1329 1719 1384 xxv,

144 1404 270 1474 l6):
300 1404 373 1460 Et
397 1405 541 1461 ibunt
575 1407 660 1462 isti
696 1406 751 1461 in
777 1422 980 1479 panum
1019 1414 1283 1478 teternam,
1304 1408 1440 1480 justi
1467 1416 1641 1464 autem
1668 1408 1723 1463 in

143 1497 287 1550 vitam
314 1499 603 1553 (sternam?
1454 1506 1463 1517 ‘

202 1589 286 1647 26.
329 1590 447 1648 Nec
489 1591 779 1649 dicendum
808 1602 895 1650 est
922 1593 1156 1650 animam
1189 1601 1395 1664 partem
1434 1592 1526 1650 Dei
1556 1607 1679 1650 esse
1704 1632 1720 1658 ,

145 1685 268 1742 sicut
290 1686 697 1757 imprudentum
726 1697 782 1745 et
800 1688 1141 1745 indoctorum
1168 1701 1352 1745 sermo
1378 1686 1559 1746 habet.
1586 1685 1720 1743 Nam

1827 486 1987 526 omne
2005 470 2109 526 hoc
2124 470 2432 526 scnsibilem
2450 471 2875 540 rationalemque
2893 485 3015 526 esse
3031 469 3413 544 substantiam,

1827 572 1881 618 et
1908 576 2027 618 eam
2065 562 2224 617 unius
2252 559 2599 632 ejusdemque
2626 569 2853 627 naturae,
2881 561 2933 616 in
2966 560 3051 616 his
3071 559 3415 618 rationabili-

1825 652 1928 709 bus
1954 652 2410 724 sensibilibusque
2452 651 2770 709 substantiis
2798 652 2961 709 etiam
2988 651 3199 709 animas
3236 652 3417 709 homi-

1825 762 1954 803 num
1983 745 2470 816 comprebendens.
2515 744 2582 800 Et
2609 752 2731 813 post
2766 743 2905 811 haec,
2948 744 3262 800 animalium
3290 759 3414 817 qua

1824 845 1985 894 sexta
2013 835 2102 893 die
2130 845 2311 892 creata
2339 843 2465 892 sunt
2490 833 2696 892 faciens
2734 833 3084 903 mentionem,
3131 835 3185 891 in
3214 850 3278 892 ea
3311 837 3413 893 bo-

1826 929 2024 986 minem
2052 944 2267 1000 quoque
2286 935 2526 985 creatum
2551 930 2852 999 reperiens,
2874 940 3029 984 suum
3047 930 3160 1000 jam
3184 943 3291 986 non
3314 943 3415 1001 po-

1824 1023 1932 1079 tuit
1972 1021 2245 1081 afﬁrmare
2274 1024 2607 1096 ﬁgmentum,
2653 1042 2828 1099 neque
2852 1027 3124 1100 propriam
3151 1027 3415 1085 roborare

1823 1112 2122 1181 fallaciam;
2150 1115 2267 1185 sed,
2298 1119 2449 1188 quasi
2474 1119 2687 1175 illorum
2711 1134 2834 1192 qua:
2866 1128 2991 1178 ante
3027 1120 3284 1177 docuerat
3313 1136 3413 1192 pe-

1825 1208 1971 1266 nitus
2000 1208 2189 1267 fuisset
2229 1210 2450 1279 oblitus,
2494 1213 2696 1270 invitus
2733 1214 2929 1270 fatetur
2954 1215 3162 1271 animas
3205 1223 3414 1271 creatas

1826 1316 1969 1371 esse,
1999 1314 2054 1360 et
2081 1318 2177 1361 eas
2206 1305 2398 1361 iterum
2430 1306 2797 1377 incorporeas.
2830 1309 3211 1380 Respondeant
3247 1308 3413 1382 igitur

1824 1395 1987 1453 nobis
2012 1396 2105 1468 qui
2129 1396 2415 1475 nefandam
2443 1397 2697 1470 Origenis
2723 1399 2971 1458 btcresim
3001 1410 3329 1459 venerantur
3355 1412 3414 1459 et

1825 1487 2035 1557 colunt,
2069 1498 2126 1546 et
2151 1489 2272 1560 ejus
2300 1490 2669 1561 expositiones
2699 1491 2766 1549 de
2796 1492 2977 1548 divina
3020 1492 3297 1563 Scriptura
3342 1495 3412 1550 ad

1824 1578 2023 1635 caelum
2055 1593 2227 1651 usque
2256 1581 2486 1638 summis
2514 1583 2800 1653 prazconiis
2847 1583 3037 1641 tollere
3084 1584 3411 1653 moliuntur,

1824 1671 2098 1741 quomodo
2138 1672 2331 1729 animae
2371 1674 2491 1731 sine
2530 1674 2850 1745 corporibus
2894 1676 3104 1766 possint
3143 1677 3413 1749 intelligi,

144 1778 187 1833 si
208 1778 303 1833 hoc
336 1778 412 1833 iu
440 1786 608 1848 esset,
647 1794 939 1851 numquam
981 1779 1126 1837 De“,
1169 1786 1376 1850 partem
1407 1792 1561 1835 suam
1590 1792 1718 1850 per-
1750 1775 1801 1837 Β
1824 1777 1949 1820 cum
1975 1765 2187 1837 Moyses
2218 1781 2316 1822 nos
2344 1766 2536 1823 doceat
2576 1768 2802 1825 dicens:
2831 1768 2901 1824 Et
2926 1770 3046 1840 fecit
3076 1768 3218 1825 Deus
3244 1771 3412 1826 homi—

145 1870 253 1925 enni
294 1869 560 1941 supplicio
607 1870 939 1942 subjugaret.
983 1870 1089 1928 Sed
1133 1885 1204 1926 ne
1237 1885 1459 1941 peccare
1498 1870 1717 1942 quidem

144 1963 350 2018 omnino
379 1964 500 2033 ipsa
541 1963 837 2034 potuisset,
869 1963 1023 2035 quasi
1066 1976 1192 2033 pars
1220 1962 1339 2029 Dei,
1369 1961 1570 2034 quippe
1594 1976 1717 2019 cum

152 2057 279 2113 Deus
306 2057 381 2113 sit
408 2056 758 2113 immutabilis
784 2071 1000 2129 semper
1025 2055 1184 2112 sicuti
1212 2064 1421 2122 natura,
1448 2054 1527 2111 sic
1552 2054 1715 2111 etiam

150 2150 434 2205 voluntate.
463 2148 534 2205 Et
557 2148 777 2217 iterum,
799 2147 847 2205 si
864 2148 1043 2204 anima
1071 2155 1254 2204 nostra
1275 2162 1402 2218 pars
1426 2147 1523 2204 Dei
1544 2154 1713 2215 esset,

146 2242 283 2297 nullo
324 2241 538 2314 penitus
565 2241 837 2314 corporali
875 2241 1010 2297 vitio
1039 2240 1380 2306 domaretur;
1406 2254 1533 2296 nam
1574 2238 1719 2294 Divi-

147 2334 271 2391 nltas
298 2344 381 2391 est
406 2349 621 2405 semper
678 2333 896 2402 invicta,
936 2341 992 2390 et
1035 2332 1173 2390 nulli
1219 2347 1471 2404 umquam
1500 2330 1718 2389 subdita

147 2426 268 2482 vitio
286 2425 580 2496 corporali.

205 2539 316 2595 Non
346 2540 669 2596 calumniam
696 2539 825 2595 facit
853 2538 1095 2610 Origent,
1127 2554 1251 2595 cum
1279 2538 1348 2595 ab
1374 2553 1441 2595 eo
1469 2539 1717 2597 traditam

145 2610 646 2693 scribitanimorum
658 2612 1025 2693 eroﬁrrapgw;
1059 2610 1192 2667 nihil
1214 2610 1720 2693 enim_freque_n_tius

144 2683 370 2736 occurrit
393 2696 515 2737 cum
547 2684 599 2738 in
621 2682 745 2738 aliis
774 2682 1065 2753 Ope'ribus,
1095 2692 1205 2737 tum
1236 2682 1469 2738 maxime
1491 2682 1544 2736 in
1567 2682 1719 2737 libris

143 2755 257 2827 Περὶ
277 2761 501 2827 ’Δρχῶν.
532 2755 600 2827 At
621 2753 766 2827 quod
792 2754 965 2823 ipsum
994 2753 1117 2809 ideo
1156 2753 1449 2822 impietatis
1474 2762 1717 2819 accusat,

143 2823 268 2890 quia
312 2823 446 2878 dixit
480 2823 682 2879 animas
729 2823 897 2879 factas
955 2833 1082 2880 ante
1134 2838 1392 2893 corpora,
1433 2838 1541 2878 non
1587 2838 1721 2880 con-

142 2894 303 2967 sentit
344 2893 535 2967 Ruﬁno
576 2894 906 2967 Aquileiensi
935 2894 1040 2967 (In
1082 2894 1292 2966 apolog.
1325 2894 1715 2967 adiAnastas.)

144 2962 425 3036 immoinec
448 2962 745 3036 Augustino
787 2962 1053 3022 dubitanti
1097 2962 1343 3034 quaenam
1388 2966 1457 3020 de
1489 2962 1719 3036 quatuor

146 3035 458 3107 pervulgatis
514 3035 859 3107 opinionibus
908 3037 1047 3093 circa
1105 3036 1379 3107 originem,
1416 3035 1717 3107 animorum

146 3105 340 3178 verior
363 3105 501 3162 foret
550 3105 758 3177 (Epist.
802 3107 874 3165 38
910 3110 980 3163 ad
1022 3107 1172 3163 Hier.
1195 3105 1212 3172 ζ
1239 3117 1288 3161 et
1316 3106 1419 3161 157
1451 3108 1521 3161 ad
1553 3106 1721 3178 Opta-

149 3176 311 3247 tum);
358 3176 645 3233 consentit
672 3187 849 3235 tamen
887 3189 943 3235 et
966 3180 1066 3235 sibi
1097 3179 1196 3247 ipsi
1237 3179 1290 3233 in
1335 3176 1720 3236 anathematis-

148 3246 261 3311 mis,
312 3256 365 3302 et
408 3247 749 3321 Hieronymo
785 3249 989 3321 (Epist.
1024 3250 1092 3307 59
1119 3246 1168 3304 et
1197 3247 1306 3321 61)
1353 3264 1519 3319 quem
1545 3253 1719 3321 magi-

148 3323 303 3390 strum
331 3320 597 3386 sequitur,
620 3320 684 3375 et
706 3320 831 3376 aliis
859 3320 1260 3386 Orientalibus,
1286 3320 1381 3390 ’qui
1412 3321 1594 3377 acrius
1637 3320 1721 3379 in-

149 3387 436 3467 vectisunt
481 3390 540 3467 in_
585 3391 910 3467 rrpoiirt'otpgru
951 3387 1551 3467 animorum._'Possent
1592 3407 1722 3449 vero

149 3456 301 3533 videri
335 3460 542 3533 invecti
582 3456 724 3530 jure,
752 3456 1201 3533 si'Origenianam
1231 3462 1401 3518 solam
1434 3474 1678 3532 peterent
1703 3505 1719 3528 ,

149 3526 223 3599 de,
246 3544 344 3598 qua
392 3526 632 3587 diximus
670 3533 725 3587 in
756 3534 895 3588 notis
918 3526 1008 3589 'ad
1036 3526 1541 3599 anathematismos,
1584 3526 1720 3590 nihil

150 3598 280 3654 enim
303 3615 363 3655 ea
385 3601 693 3658 absurdius.
723 3603 829 3661 Sed
856 3604 903 3659 si
930 3604 1222 3674 quamlibet
1252 3598 1636 3672 intellexerint,
1665 3613 1723 3662 et

150 3683 254 3723 eam
283 3685 495 3745 quoque
518 3674 594 3745 de
620 3688 722 3744 qua
744 3688 803 3729 se
830 3674 1077 3730 dubitare
1105 3674 1435 3745 Augustinus
1452 3685 1723 3745 constan-

151 3748 223 3794 ter
248 3743 495 3815 scripsit,
513 3743 762 3815 injuriam
791 3745 1037 3801 fecerunt
1077 3743 1285 3815 magnis
1318 3744 1538 3802 omnino
1566 3747 1718 3815 viris,

148 3814 440 3886 sanctisque
469 3814 596 3870 ﬁdei
622 3813 1034 3886 defensoribus;
1076 3813 1398 3886 qua—mquam
1439 3832 1583 3873 nunc
1617 3813 1723 3874 du;-

147 3879 339 3956 b_itandi
359 3879 523 3941 causa
550 3885 765 3956 sublata
794 3896 899 3952 est,
928 3879 1047 3942 sive
1085 3879 1342 3944 Ecclesiae
1381 3887 1717 3956 deﬁnitione,

147 3952 248 4024 sive
285 3955 547 4024 opinione
573 3955 833 4024 ﬁdelium,
875 3958 990 4013 sive
1024 3961 1384 4014 consensione
1410 3952 1717 4017 doctorum;

148 4019 622 4083 Porro'malitiose
648 4019 872 4084 Ruﬁnus
912 4029 1158 4084 meminit
1198 4028 1617 4086 Manichaaorum
1664 4041 1719 4087 et

148 4090 419 4171 Qrigeni_s,_
434 4098 504 4152 ad
537 4097 971 4171 prteveniendos
989 4098 1244 4171 nimirum
1284 4100 1495 4156 animos
1529 4102 1718 4171 legen-

150 4164 291 4239 tium,
323 4164 772 4239 abducendosque
814 4168 1011 4226 callide
1038 4170 1092 4225 in
1137 4184 1402 4238 errorem,
1451 4186 1558 4239 quo
1581 4164 1721 4229 'cre-

149 4232 286 4300 dant,
316 4246 406 4313 aut
438 4253 563 4313 cum
594 4232 899 4296 Manichmis
922 4240 1146 4313 sentire,
1170 4252 1264 4313 aut
1290 4232 1415 4297 cum
1442 4232 1676 4313 Origene
1698 4282 1716 4310 ,

151 4319 235 4382 eos
260 4307 348 4376 qui
365 4311 701 4382 conﬁtentur
730 4321 1009 4380 peccatum
1040 4311 1235 4367 Adami
1258 4314 1510 4369 nocuisse
1537 4307 1719 4382 poste;

151 4374 245 4442 ris,
275 4374 330 4455 et
364 4378 701 4455 ip_sos_etiam
728 4374 956 4439 infantes
982 4384 1038 4439 in
1066 4383 1442 4441 remissionem
1472 4374 1719 4455 peccato-

150 4460 255 4502 rum
286 4448 563 4519 baptizari.

1820 1873 1959 1927 rtem,
1987 1858 2056 1912 ad
2095 1859 2372 1931 imaginem
2399 1858 2499 1917 Dei
2529 1862 2651 1933 fecit
2679 1878 2815 1932 eum,
2864 1863 3152 1917 masculum
3190 1872 3237 1919 et
3265 1864 3412 1934 [emi-

1820 1965 1943 2004 nam
1965 1951 2087 2020 fecit
2115 1968 2199 2005 eos
2230 1950 2401 2023 (Gen.
2430 1968 2468 2021 t,
2498 1952 2620 2026 ‘27).
2653 1954 2786 2010 Nam
2810 1954 2913 2010 hoc
2934 1955 3185 2012 omnibus
3214 1955 3411 2025 claret,

1819 2042 1964 2113 quod
1992 2043 2185 2101 animae
2212 2060 2375 2101 sexus
2416 2047 2695 2118 utriusque
2732 2062 2960 2119 capaces
3003 2063 3124 2104 esse
3151 2065 3254 2104 non
3284 2064 3411 2120 pos-

1820 2147 1967 2207 sunt,
2019 2138 2121 2194 nisi
2167 2140 2280 2196 sola
2331 2155 2584 2211 corpora,
2625 2158 2745 2212 qua:
2793 2142 3039 2213 graviora
3092 2152 3412 2203 noscuntur.

1820 2230 2101 2300 Quomodo
2125 2232 2316 2289 iterum
2340 2241 2397 2290 et
2420 2234 2549 2291 illud
2575 2236 2775 2292 dictum
2798 2235 2987 2293 audire
3013 2246 3263 2308 poterant
3283 2238 3414 2294 sola:

1819 2323 1940 2380 sine
1970 2325 2284 2396 corporibus
2312 2327 2509 2383 animze
2539 2346 2552 2383 :
2582 2326 2836 2395 Crescite,
2867 2338 2917 2385 et
2941 2328 3358 2401 multiplicamini
3387 2332 3413 2387 1’

1818 2419 2109 2491 siquidem,
2141 2421 2303 2476 etiam
2333 2421 2630 2478 secundum
2662 2423 2839 2493 ipsum
2876 2423 3187 2494 Origenem,
3234 2426 3412 2482 incor-

1821 2512 2090 2582 poralium
2117 2524 2309 2569 natura
2358 2530 2531 2586 neque
2578 2515 2924 2586 multiplicari
2969 2527 3183 2588 potest,
3235 2533 3412 2591 neque

1820 2616 2088 2660 crescere.
2114 2604 2211 2660 Vel
2232 2605 2505 2676 quomodo
2521 2607 2640 2663 sine
2662 2608 2981 2678 corporibus
3001 2610 3194 2667 animae
3215 2620 3412 2668 creatas

1821 2694 1877 2751 in
1898 2696 2051 2753 ctelis
2074 2695 2317 2754 habitare
2342 2707 2609 2767 poterant,
2630 2713 2753 2755 cum
2780 2699 2925 2757 Deus
2954 2702 3277 2760 benedicens
3301 2704 3409 2761 illis

1820 2802 1956 2858 quos
2008 2786 2209 2844 fecerat
2253 2791 2549 2846 masculum
2601 2801 2659 2848 et
2703 2790 2987 2860 feminam,
3039 2793 3119 2849 sic
3161 2794 3407 2852 dixerit:

1821 2877 2059 2949 Crescite,
2087 2890 2135 2935 et
2163 2883 2614 2955 multiplicamini,
2641 2892 2688 2939 et
2715 2884 2926 2954 implete
2967 2896 3156 2940 terram
3199 2885 3373 2959 (Ibid.
3392 2930 3409 2957 ,

1819 2971 1891 3030 28
1909 2972 1965 3047 )l
1992 2973 2099 3030 Sed
2126 2972 2386 3046 Origenes
2415 2976 2607 3033 iterum
2630 2975 2854 3048 ejusque
2881 2976 3016 3034 socii
3045 2976 3409 3037 dimittantur.

1894 3088 2028 3146 Cum
2068 3090 2357 3165 Origenem
2405 3093 2483 3165 ait
2528 3102 2751 3162 captum.
2793 3108 2982 3150 errore
3027 3095 3307 3165 gentilium
3354 3097 3409 3152 in

1750 3162 1796 3226 C
1828 3160 1969 3238 lianc
2004 3160 2312 3238 opinionem
2348 3164 2565 3238 venisse
2600 3160 2761 3238 quam
2802 3160 3195 3238 reprehe'ndit,
3235 3168 3412 3238 genti-

1828 3232 1958 3308 lium
1983 3233 2201 3288 nomine
2228 3234 2498 3308 signiﬁcat
2525 3232 2930 3308 Empedoclem,
2952 3232 3333 3308 Pythagoram.
3356 3248 3411 3294 et

1827 3303 2128 3381 Platonem,
2142 3303 2400 3381 quos‘sibi
2425 3304 2701 3381 prmivisse
2717 3303 2977 3376 Origenes
2997 3303 3221 3381 iestatur
3234 3309 3371 3381 (Lib.
3393 3326 3411 3366 ι

1824 3384 2003 3449 contra
2026 3373 2273 3449 Celsum).
2308 3373 2525 3449 Poterat
2554 3377 2685 3449 ipsis
2714 3373 3005 3449 accensere
3032 3373 3405 3449 Aristotelem,

1822 3446 1915 3515 qui
1948 3460 2053 3501 non
2083 3445 2255 3524 solum
2287 3445 2520 3518 ait(Lib.
2540 3462 2605 3524 _ttt
2634 3448 2698 3524 de
2720 3448 2895 3504 Anim.
2929 3466 3048 3524 cap.
3075 3450 3109 3524 _6
3135 3458 3258 3524 teat.
3290 3445 3407 3524 20),

1824 3526 2062 3592 mentem
2108 3517 2444 3573 extrinsecus
2482 3517 2765 3592 advenire,
2792 3533 2915 3592 cum
2945 3522 3180 3592 gignitttr
3207 3517 3409 3589 homo:

1784 3637 1789 3641 .
1824 3587 1919 3661 sed
1946 3588 2108 3643 etiam
2135 3602 2258 3644 esse
2283 3588 2642 3659 separabilem
2661 3630 2677 3655 ,
2709 3587 3025 3646 immixta'rn'
3052 3600 3108 3648 et
3138 3587 3411 3661 impatibi-l

1824 3658 1954 3741 lem,
1978 3669 2137 3741 atque
2164 3658 2833 3741 essentialiternisr'pysrav;
2863 3664 3029 3718 immo
3042 3658 3408 3741 immortalem

1823 3738 1880 3785 et
1896 3730 2306 3803 sempiternam,
2328 3730 2677 3803 quiteinﬁni'to
2702 3740 2944 3802 tempore
2971 3734 3209 3790 existens
3231 3736 3285 3791 in
3304 3736 3409 3791 alia

1824 3799 2055 3871 subinde
2098 3816 2322 3871 corpora
2343 3799 2629 3870 'illabatur,
2663 3817 2764 3858 nec
2792 3799 2969 3859 tamen
3012 3807 3066 3860 in
3098 3820 3203 3860 uno
3228 3822 3411 3863 recor-

1824 3870 1983 3957 detur
2004 3870 2357 3957 gestorum
2380 3872 2587 3957 altero;
2605 3874 2857 3957 quoniam
2902 3889 3193 3957 parsque
3232 3892 3410 3957 recor-

1823 3941 1982 4023 datur
1999 3942 2362 4023 corruptibilis
2382 3956 2465 4023 est
2484 3940 2675 4023 εοῦτὸς
2692 3944 2879 4023 ὁςυοὶξς,
2902 3940 3106 4023 inquit;
3118 3950 3409 4023 χωριστὸς,

1823 4015 1907 4068 καὶ
1932 4014 2150 4097 δξμιγής,
2180 4016 2262 4097 stati
2288 4015 2491 4097 ἀπξθὴς
2529 4022 2593 4097 τῇ
2620 4017 2767 4097 micis}
2800 4015 2868 4071 ὢν
2896 4014 3287 4097 ἕνιργςὶςξίςᾸεζ

1821 4086 2123 4167 ῖεμιὼτξρον
2161 4085 2235 4167 τὸ.
2257 4091 2434 4140 ποιοῦν
2477 4085 2578 4140 τοῦ
2612 4085 2949 4167 πὰςχονῖεῑςε
2974 4085 3068 4143 ’κάξ
3097 4085 3293 4167 ἦᾶρχή

1822 4153 1965 4232 ιξλης.
2118 4154 2276 4232 paulo
2316 4164 2435 4224 post
2468 4172 2480 4207 :
2509 4153 2787 4232 ᾏωρισβέὶῖς
2828 4156 2879 4212 δέ
2924 4158 3034 4214 ἐστι
3074 4153 3411 4232 μόγρἷτρῦΨ

1821 4222 1948 4301 ὅπέρ
1992 4222 2138 4301 ἔσῃ-ιζ
2168 4229 2254 4301 ml
2271 4222 2442 4301 rofno
2480 4222 2628 4297 μόνόν
2673 4228 2952 4301 ᾇθᾴνατᾳν,
2985 4222 3084 4301 καί
3112 4222 3311 4287 ἀΐδιον..
3338 4235 3412 4288 Οὐ

1820 4294 2196 4368 μνημονεύομεν
2229 4294 2307 4356 δέ.
2332 4294 2415 4368 (ira
2450 4294 2605 4352 τὸΰτο
2633 4299 2724 4368 μὲν
2755 4294 2980 4365 ἀπαθὲς,
3007 4300 3032 4357 ὁ
3055 4300 3109 4359 δὲ
3130 4304 3410 4366 παθητικὸς

1820 4364 1938 4428 ὑοῦέ
1961 4364 2201 4443 φθαρείνός,
2230 4370 2318 4423 καὶ
2345 4364 2464 4423 ἄνευ
2490 4364 2675 4425 τούτόυ
2703 4370 2847 4425 οὐθὶν
2872 4378 3001 4427 νοεῖ.

1892 4476 1982 4535 28.
2023 4478 2156 4546 Quia
2194 4479 2357 4549 igitur
2397 4481 2637 4537 nonnulli
2676 4490 2803 4539 sunt
2841 4484 2965 4555 qui,
3008 4485 3278 4545 dementia
3319 4504 3411 4547 ca-

209 4561 293 4617 27.
334 4561 485 4620 Sicut
506 4578 634 4636 ergo
658 4565 749 4637 qui
772 4565 845 4623 ita
865 4565 1119 4638 credunt,
1143 4566 1306 4640 impie
1325 4568 1550 4627 credere
1570 4584 1717 4627 com-
1741 4544 1797 4607 D
1823 4570 1899 4643 pti
1921 4612 1936 4637 ,
1967 4544 2153 4628 (neum
2181 4544 2322 4641 quod
2350 4588 2417 4628 ex
2447 4584 2553 4629 una
2586 4575 2763 4631 anima
2790 4544 3205 4648 primi'hominis
3233 4544 3407 4638 Adam

148 4653 460 4724 probantur;
493 4655 572 4712 sic
597 4657 760 4714 etiam
791 4657 868 4714 illi
888 4661 981 4731 qui
1006 4662 1213 4718 animas
1240 4661 1427 4719 dicunt
1454 4672 1581 4720 ante
1599 4677 1722 4720 cor-

150 4758 265 4813 pora
290 4746 459 4803 factas
480 4747 667 4816 fuisse,
694 4750 921 4808 multum
944 4768 973 4808 a
999 4754 1195 4825 pietate
1214 4754 1416 4811 distare
1438 4756 1718 4814 inveniun-

150 4846 245 4891 tur.
274 4836 427 4896 Unde
454 4839 653 4913 impius
679 4840 940 4916 Origenes
978 4846 1258 4916 gentilium
1286 4856 1477 4919 captus
1500 4865 1718 4919 errore,

146 4932 287 4988 etab
315 4948 380 4990 eo
410 4936 605 4992 nolens
626 4938 841 5007 penitus
885 4939 1203 5010 abscedere,
1251 4958 1511 4999 novarum
1557 4943 1721 5002 etiam

146 5025 355 5083 studens
393 5036 586 5085 auctor
631 5045 754 5088 esse
794 5041 1087 5102 sectarum,
1127 5035 1458 5106 coniecturis
1503 5038 1717 5095 illorum

143 5118 241 5172 alio
268 5120 428 5178 modo
468 5124 744 5182 translatis
783 5125 997 5184 edocuit
1027 5146 1040 5183 :
1065 5128 1133 5184 de
1162 5129 1356 5200 quibus
1386 5130 1439 5185 in
1468 5132 1721 5202 praesenti

142 5208 516 5279 disputandum
547 5230 670 5273 esse
700 5233 806 5274 non
835 5218 1089 5288 arbitror,
1118 5235 1186 5277 ne
1216 5235 1316 5277 nos
1338 5222 1566 5278 multum
1590 5240 1720 5282 ver-

141 5299 326 5358 borum
357 5308 631 5365 mittamus
651 5309 708 5365 in
729 5311 939 5366 silvam.
963 5311 1098 5381 Quia
1123 5311 1288 5384 igitur
1306 5314 1373 5370 ad
1398 5315 1721 5373 conﬁrman-

138 5393 255 5449 dam
288 5394 540 5455 haeresim
569 5416 722 5459 suam
752 5402 1011 5460 nefariam
1053 5404 1342 5476 praedictus
1371 5406 1631 5478 Origenes
1653 5423 1721 5466 ex

136 5485 319 5543 divina
339 5488 625 5563 Scriptura
648 5508 866 5553 sumere
891 5504 1120 5553 conatur
1136 5499 1406 5571 exempla,
1428 5499 1725 5572 redargua-

136 5594 254 5635 mns
283 5596 407 5638 eum
434 5584 767 5655 Scripturam
792 5589 1009 5659 penitus
1034 5589 1312 5661 ignorasse
1355 5592 1623 5663 divinam,
1667 5604 1724 5651 et

132 5690 252 5731 eam
282 5678 403 5734 sine
442 5693 609 5736 sensu
646 5679 919 5751 docuisse,
961 5700 1084 5741 nam
1115 5701 1239 5742 cum
1268 5687 1386 5757 ipse
1423 5686 1629 5744 diceret
1667 5689 1723 5746 in

132 5770 312 5827 arimo
336 5782 600 5832 creaturae
625 5774 779 5835 initio
803 5778 1001 5838 caelum
1029 5794 1153 5837 cum
1180 5788 1325 5840 terra
1349 5789 1587 5840 creatum
1613 5796 1723 5842 non

1822 4662 1998 4718 anima
2040 4662 2164 4719 Eva:
2206 4663 2450 4722 mulieris
2487 4678 2766 4738 assumpta
2808 4668 2906 4735 sit;
2940 4670 3183 4727 nonnulli
3211 4672 3406 4741 etiam,

1821 4756 1964 4828 quod
1988 4771 2052 4812 ex
2078 4756 2196 4812 solo
2222 4756 2392 4812 Adam
2425 4773 2547 4814 cum
2575 4759 2800 4816 seminis
2826 4760 2974 4831 jactu
3010 4762 3065 4817 in
3103 4778 3293 4820 omnes
3314 4765 3410 4836 qui

1825 4863 1892 4905 ex
1932 4863 1998 4905 eo
2037 4850 2146 4904 nati
2188 4851 2405 4905 luerunt
2440 4852 2636 4906 animre
2677 4854 3011 4909 transmissae
3046 4857 3186 4922 sint;
3212 4865 3268 4913 et
3290 4857 3406 4927 alii,

1828 4940 1973 5012 quod
2006 4958 2071 4999 ex
2100 4942 2213 4997 Eva
2254 4943 2368 4998 sola
2404 4944 2575 5015 magis
2616 4946 2810 5001 animae
2847 4946 2996 5003 luere
3026 4949 3320 5017 translatae,
3353 4964 3411 5009 et

1825 5035 1905 5091 sic
1928 5051 1955 5089 a
1985 5035 2297 5105 parentibus
2321 5036 2389 5092 ad
2419 5052 2604 5093 eorum
2631 5037 2829 5095 liberos
2860 5039 3100 5096 deducta.-
3129 5042 3237 5099 sint
3271 5060 3283 5097 :
3314 5060 3411 5101 re-

1825 5127 2201 5199 spondendum
2230 5137 2313 5185 est
2341 5128 2426 5184 his
2457 5128 2562 5185 hoc
2586 5130 2764 5186 modo.
2790 5131 2900 5187 Cur
2923 5148 3052 5204 ergo
3079 5134 3249 5190 Adam
3271 5175 3288 5203 ,
3317 5138 3412 5208 qui

1827 5223 2031 5294 primus
2066 5222 2134 5279 de
2174 5232 2315 5279 terra
2351 5233 2565 5279 creatus
2602 5232 2687 5280 est
2720 5226 3017 5282 secundum
3054 5241 3303 5297 carnem,
3341 5229 3413 5288 de

1826 5325 1977 5371 costa
2002 5331 2120 5386 quce
2152 5330 2219 5371 ex
2247 5315 2365 5387 ipso
2393 5318 2565 5372 luerat
2588 5316 2797 5373 sublata
2829 5318 2881 5373 in
2913 5317 3117 5389 Spiritu
3148 5319 3247 5377 Dei
3286 5337 3414 5393 pro-

1825 5408 2099 5479 pltetando
2139 5409 2391 5465 dicebat:
2423 5409 2543 5465 Hoc
2582 5428 2721 5466 nunc
2749 5430 2806 5468 os
2848 5429 2914 5468 ea:
2944 5414 3140 5470 ossibus
3173 5416 3321 5485 meis,
3364 5425 3417 5473 et

1826 5518 1948 5557 caro
1971 5503 2035 5558 de
2056 5518 2212 5557 carne
2240 5519 2373 5572 mea,
2404 5503 2512 5559 haec
2536 5506 2798 5561 rocabitur
2820 5507 3026 5577 mulier,
3056 5508 3179 5580 quia
3206 5525 3273 5565 ea:
3298 5508 3412 5565 viro

1825 5614 1920 5652 suo
1954 5606 2160 5670 sumpta
2194 5607 2303 5663 est,
2344 5612 2607 5670 nusquam
2644 5598 2770 5657 fecit
2804 5600 2999 5656 anima:
3040 5602 3417 5659 mentionem?

1827 5704 1952 5746 nam
1984 5689 2032 5745 si
2061 5688 2238 5744 anima
2268 5700 2480 5762 quoque
2510 5703 2654 5749 esset
2682 5708 2749 5748 ex
2779 5694 2953 5749 anima
2973 5736 2989 5761 ,
3014 5694 3312 5751 secundum
3343 5694 3416 5751 il-

1830 5785 2005 5843 lorum
2026 5798 2191 5842 vanas
2212 5784 2519 5855 opinioncs,
2545 5802 2832 5858 numquam
2854 5787 3097 5859 proiecto
3119 5788 3220 5847 hoc
3241 5785 3417 5846 Adam
