3900 6268
175 182 286 242 469
359 176 675 241 DISSERT.
714 176 783 234 γ.
822 171 912 231 DE
951 166 1261 229 LIBELLIS
1296 160 1481 223 FIDE!
1519 145 1827 215 SCRIPTIS
1865 147 1955 206 ΑΒ
1995 116 2436 205 AUCTORlBUS
2476 138 2792 199 HERESIS
2829 132 3270 194 PELAGIANJE.
3346 130 3455 189 ιῖυ

176 302 435 373 paradisi,
461 311 506 355 et
530 301 727 373 lignum
752 295 821 350 ad
845 290 1251 366 cognoscendum
1274 286 1461 341 bonum
1483 276 1762 336 et'ntalum.
1792 275 1847 337 Α

174 395 484 465 Numquam
514 393 658 449 enim
688 391 828 446 Deus
856 389 1058 457 lignum
1087 384 1212 440 vitm
1250 381 1303 437 in
1332 377 1583 451 paradiso
1610 373 1764 445 plan-

175 497 368 554 tasset,
399 485 665 558 siquidem
690 480 859 539 Adam
883 478 1203 537 immortalis
1224 472 1521 533 secundum
1542 481 1762 524 carnem

174 589 395 637 creatus
438 578 649 634 fuisset.
676 576 889 631 Rursus
926 582 1104 628 autem
1140 571 1185 626 si
1216 569 1386 625 Adam
1427 574 1481 623 et
1510 565 1619 620 Eva
1664 563 1764 617 im-

176 673 441 729 mortales
470 678 655 727 essent
681 667 981 724 secundum
1013 677 1230 720 carnem
1259 660 1447 723 creati,
1471 667 1763 724 numquam

175 767 459 820 audissent
499 780 528 818 a
563 765 710 818 Deo:
745 761 966 817 Crescite
998 767 1047 814 et
1090 752 1540 826 multiplicamini,
1580 758 1627 805 et
1660 750 1764 803 im—

177 860 315 931 plete
344 868 530 913 terram
566 853 718 928 (Gen.
744 855 918 926 1,28).
948 854 1078 910 Nam
1108 852 1199 923 qui
1226 849 1574 914 manducare,
1602 853 1658 900 et
1684 843 1767 899 bi-

177 954 343 1022 bere,
373 964 427 1009 et
467 952 613 1007 coire
633 992 648 1018 ,
686 961 741 1007 et
766 963 1041 1018 crescere,
1071 956 1127 1003 et
1154 956 1348 1001 terram
1378 942 1604 1012 implere
1627 938 1765 1010 iussi

178 1057 333 1114 sunt,
364 1047 414 1102 hi
442 1047 656 1117 penitus
681 1042 1013 1100 immortales
1039 1054 1159 1096 esse
1188 1053 1293 1093 non
1325 1042 1591 1106 poterant.
1617 1032 1767 1087 Sicut

176 1141 347 1196 etiam
380 1139 641 1195 Dominus
671 1145 857 1192 noster
883 1134 1043 1191 Jesus
1063 1131 1307 1189 Christus
1335 1129 1534 1184 docens
1556 1123 1768 1181 Saddu-

162 1245 325 1300 gerres
346 1230 558 1285 dicebat
579 1226 733 1298 (an.
759 1242 852 1293 xx,
878 1223 967 1295 54)
995 1243 1008 1279 :
1036 1222 1163 1279 Filii
1194 1221 1371 1278 scrculi
1392 1220 1545 1291 hujus
1568 1219 1767 1272 nubunt

180 1328 225 1374 rt
257 1321 538 1373 traduntur
569 1310 636 1373 ad
665 1318 903 1389 nuptias;
935 1317 1015 1371 illi
1035 1331 1151 1370 vero
1177 1314 1263 1385 qui
1285 1312 1431 1385 digni
1452 1310 1768 1365 habebuntur

182 1411 375 1465 stccule
404 1409 497 1465 illo
527 1420 573 1465 et
600 1411 967 1464 resurrectione
992 1424 1053 1461 ea:
1079 1406 1327 1473 mortuis,
1360 1420 1523 1474 neque
1551 1402 1765 1467 nubent,

180 1518 348 1572 neque
372 1504 555 1557 ducent
589 1517 812 1566 uxores;
838 1517 997 1572 neque
1022 1500 1155 1554 enim
1183 1499 1319 1553 ultra
1348 1496 1478 1551 mori
1506 1504 1764 1568 poterunt,

180 1596 410 1668 a'qualcs
434 1597 570 1651 enim
591 1594 787 1667 angelis
806 1602 943 1649 sunt.

254 1730 362 1785 lnit
410 1730 638 1786 mediam
685 1730 973 1800 quamdam
1023 1728 1162 1782 viam
1215 1736 1357 1800 Inter
1404 1725 1762 1800 AuguStiu_utn

182 1802 499 1870 opinantem
528 1794 730 1871 primos
760 1802 1099 1871 parentesah
1124 1800 1276 1853 initio
1297 1798 1578 1871 donandus
1600 1814 1627 1849 a
1653 1794 1763 1851 Deo

181 1869 618 1936 immortalitate,
649 1869 1047 1941 qna’spoliandi
1079 1869 1258 1924 iurent
1284 1870 1327 1923 si
1359 1878 1693 1941 peccarent,
1711 1878 1765 1922 et

178 1943 498 1999 Caelestiutn
539 1939 934 1998 existimantem
976 1956 1070 1996 eos
1113 1942 1229 1995 sive
1265 1950 1614 2007 peccassent,
1653 1939 1767 1993 sive

182 2029 295 2068 non
329 2023 662 2083 peccassent,
696 2015 1021 2077 morituros;
1052 2012 1216 2068 sentit
1237 2012 1380 2068 enim
1405 2009 1661 2083 mortales
1684 2011 1767 2064 ta-

182 2079 342 2151 ctusi
368 2086 464 2142 sed
492 2088 537 2140 si
565 2079 669 2140 non
702 2095 1032 2154 peccassent,
1068 2099 1190 2137 eum
1218 2083 1384 2137 visum
1418 2081 1609 2136 fuisset
1631 2079 1762 2146 Deo,

184 2156 237 2211 in
271 2158 453 2212 sedem
479 2156 894 2211 immortalitatis
921 2154 1344 2209 transferendos.
1375 2154 1505 2220 Qua:
1542 2158 1764 2205 senten-

184 2226 263 2280 tia
308 2230 504 2295 placuit
538 2228 719 2282 tnultis
748 2226 1101 2281 Orientalium
1147 2226 1375 2292 partium
1408 2223 1679 2287 Patribus,
1710 2233 1768 2276 et

183 2310 399 2367 arrepta
440 2308 525 2354 est
562 2315 593 2352 a
630 2297 1055 2367 Pelagianorum
1079 2296 1371 2367 nonnullis,
1403 2304 1589 2367 contra
1628 2307 1768 2367 quos

182 2360 518 2438 Augustinus
548 2360 786 2439 disputth
809 2368 1004 2439 (Serm.
1034 2366 1070 2420 2
1095 2368 1156 2422 de
1188 2365 1365 2421 Verbis
1392 2366 1570 2434 Apost.
1601 2360 1723 2435 εζϐ)
1751 2381 1764 2419 :

182 2454 292 2495 nec
320 2442 617 2506 immerito,
648 2455 767 2494 cum
797 2439 921 2494 inde
948 2447 1205 2508 sequatur
1236 2444 1461 2491 mortem
1504 2451 1609 2490 non
1645 2449 1768 2508 esse

183 2512 394 2638 praeculti
419 2525 653 2595 pennam,
668 2510 764 2568 sed
788 2506 1247 2567 immortalitatem
1276 2508 1331 2564 in
1353 2508 1638 2579 praemium
1660 2506 1771 2561 vir-

207 2593 315 2638 uus
376 2598 478 2638 art.

182 2583 315 2639 tutis
338 2583 478 2639 dari.

254 2739 347 2795 30.
382 2740 678 2796 Probatum
718 2747 802 2795 est
839 2738 1192 2808 sufﬁcienter,
1224 2747 1284 2795 ut
1320 2753 1465 2806 reor,
1498 2735 1771 2792 hominem

1870 275 2110 334 vassent,
2172 278 2463 337 numquam
2513 261 2760 332 profecto
2802 265 3111 329 gustassent
3161 262 3388 311 mortem
3436 268 3452 310 :

1866 364 2121 420 mandato
2149 371 2330 417 autem
2352 358 2576 416 minime
2595 363 2831 421 servato,
2855 368 2962 408 non
2978 368 3043 407 ex
3066 347 3456 406 immortalibus

1868 454 2126 511 mortales
2150 452 2271 509 iacti
2295 460 2450 516 sunt;
2473 447 2568 505 sed
2586 462 2709 502 cum
2734 444 2988 499 mortales
3007 436 3458 509 essent,proinis-

1868 560 1928 603 sa
1957 546 2060 602 sibi
2087 562 2117 600 ιι
2160 547 2270 600 Deo
2300 540 2708 600 immortalitate
2757 536 3081 606 sentetipsos
3124 533 3455 587 alienarunt.

1868 637 2023 695 Unde
2046 634 2218 694 Edam
2249 634 2455 690 audivit
2474 649 2504 689 a
2532 632 2646 687 Deo
2676 627 2832 704 (Gen.
2864 644 2945 693 ιιι,
2976 627 3095 696 19>ε
3127 623 3287 678 Terra
3312 638 3387 689 es,
3412 631 3459 675 et

1870 730 1926 785 in
1955 738 2144 785 terram
2174 728 2301 795 ibis;
2332 726 2386 782 id
2427 734 2548 782 est:
2585 720 2966 792 Corruptibilis
2995 734 3077 783 es,
3111 725 3166 772 et
3190 718 3241 770 in
3275 729 3460 769 corru-

1871 820 2072 893 ptelam
2103 818 2237 885 ibis;
2288 832 2410 873 cum
2437 817 2551 887 jam
2593 815 2845 886 indignus
2884 820 3028 868 esset
3058 809 3124 865 de
3153 808 3296 879 ligno
3335 807 3460 861 vitm

1870 911 2218 977 manducare,
2257 920 2312 967 et
2365 916 2626 981 perpetuo
2674 908 2877 964 vivere.
2928 903 2995 960 Ut
3042 914 3220 957 autem
3271 911 3460 955 rursus

1869 1003 2068 1069 dicam,
2097 1000 2244 1072 quod
2290 999 2460 1056 Adam
2488 1009 2545 1055 et
2576 998 2705 1065 Eva,
2737 998 2783 1053 si
2816 996 2869 1051 in
2893 991 3164 1051 servando
3208 988 3459 1046 mandato

1870 1096 1967 1153 Dei
2012 1100 2491 1166 perseverassent,
2544 1107 2654 1146 non
2710 1088 3028 1144 habuissent
3075 1085 3461 1141 discretionem

1870 1185 2233 1245 manducandi
2271 1184 2338 1239 de
2368 1183 2515 1254 ligno
2545 1182 2691 1250 vitm,
2722 1194 2893 1251 usque
2936 1178 3003 1233 ad
3040 1177 3171 1234 illud
3210 1175 3462 1231 videlicet

1872 1290 2083 1350 tempus
2100 1292 2212 1349 quo
2242 1278 2381 1333 Deus
2408 1275 2540 1346 ipsis
2565 1274 2908 1330 revelaturus
2934 1280 3071 1328 erat.
3102 1270 3215 1338 Qua
3239 1284 3304 1324 ex
3331 1282 3461 1323 cau-

1871 1389 1932 1429 sa
1960 1373 2127 1429 etiam
2151 1385 2183 1425 a
2213 1369 2425 1424 caeteris
2456 1366 2617 1437 lignis
2660 1364 2836 1421 fuerat
2882 1374 3211 1432 separatum,
3240 1375 3364 1416 cum
3406 1358 3460 1413 in

1872 1464 2053 1519 medio
2105 1472 2251 1518 esset
2304 1459 2540 1530 paradisi
2579 1459 2842 1530 positum,
2894 1455 2985 1515 ubi
3039 1455 3200 1511 etiam
3259 1453 3461 1522 lignum

1871 1557 2005 1614 illud
2052 1556 2196 1628 quod
2241 1553 2525 1609 scientiam
2576 1550 2811 1616 habebat
2849 1550 2975 1605 boni
3014 1556 3069 1605 et
3118 1546 3244 1602 mali
3292 1546 3463 1600 fuerat

1870 1650 2246 1716 constitutum,
2272 1654 2330 1701 ut
2353 1643 2696 1702 interdictum
2730 1643 2930 1713 lignum
2968 1650 3189 1709 tangere
3213 1647 3460 1693 metuen-

1870 1748 1973 1807 tes,
2008 1740 2169 1796 etiam
2213 1754 2245 1793 a
2292 1738 2441 1795 licito
2492 1741 2749 1792 caverent
2794 1732 3145 1797 manducare.
3173 1729 3307 1785 Nam
3359 1728 3461 1784 hoc

1867 1833 2031 1889 etiam
2063 1831 2203 1887 Deus
2231 1841 2416 1900 aperte
2448 1826 2649 1898 docuit,
2670 1827 2854 1885 dicens
2877 1823 3043 1896 (Gen.
3071 1839 3151 1892 nt,
3176 1820 3266 1893 '2'2)
3294 1820 3461 1876 :Ecce

1869 1924 2041 1980 Adam
2067 1925 2233 1994 [actus
2262 1932 2333 1977 est
2356 1924 2504 1994 quasi
2529 1938 2658 1976 unus
2687 1937 2751 1975 ea:
2779 1919 2924 1974 nobis
2952 1919 3020 1973 ad
3049 1916 3458 1990 cognoscendum

1869 2016 2057 2073 bonum
2097 2024 2142 2070 et
2173 2015 2386 2070 malum.
2424 2013 2658 2073 Etnunc
2686 2028 2747 2066 ne
2773 2015 2905 2083 forte
2940 2009 3114 2065 tendat
3150 2022 3379 2073 manum,
3414 2013 3461 2060 et

1870 2110 2017 2163 tollat
2048 2108 2110 2162 de
2139 2107 2278 2178 ligno
2306 2106 2514 2173 vilw,’et
2559 2104 2813 2171 comedat,
2841 2112 2889 2159 et
2928 2102 3060 2156 vivat
3099 2102 3151 2155 in
3191 2109 3458 2153 (sternunt.

1868 2200 1925 2257 ln
1953 2215 2059 2269 quo
2083 2198 2219 2255 dixit
2252 2199 2390 2255 Deus
2420 2215 2431 2250 :
2464 2193 2601 2251 Ecce
2629 2196 2795 2268 [actus
2823 2205 2895 2252 est
2933 2208 3244 2264 cognoscens
3272 2190 3461 2244 bonum

1870 2300 1919 2346 et
1946 2292 2161 2361 malum,
2193 2298 2238 2344 et
2281 2306 2417 2345 nunc
2446 2306 2508 2344 ne
2534 2291 2669 2362 forte
2715 2287 2887 2342 tendat
2935 2299 3177 2352 manum;
3224 2281 3462 2338 ostendit

1870 2384 2012 2455 quod
2060 2393 2346 2454 antequam
2395 2382 2744 2452 experiretur
2794 2380 2923 2436 mali
2980 2380 3294 2444 scientiam,
3349 2392 3458 2431 non

1870 2486 2087 2548 poterat
2132 2491 2203 2533 ex
2241 2475 2534 2547 semetipso
2562 2474 2877 2546 intelligens
2910 2482 3194 2542 acceptum
3217 2470 3288 2526 de
3314 2470 3460 2541 ligno

1872 2572 1997 2628 vitae
2024 2585 2259 2628 sumere.

1942 2686 2246 2741 Artiﬁciosa
2257 2686 2515 2754 declinat,
2528 2700 2628 2754 per
2638 2683 3068 2755 occupationem,
3083 2689 3458 2753 argumentum

1876 2773 1986 2827 quo
2032 2772 2102 2812 ex
2151 2756 2468 2812 verecundia
2516 2758 2808 2825 primorum
2852 2755 3130 2810 hominum
3161 2755 3461 2827 probahant

183 2831 489 2893 secundum
530 2845 748 2886 carnem
788 2838 1028 2887 creatum
1070 2846 1189 2887 esse
1228 2831 1506 2886 mortalem
1530 2875 1543 2899 ,
1587 2840 1774 2899 aperte
1875 2824 2129 2883 catholici
2152 2837 2467 2899 corruptam
2494 2827 2661 2899 fuisse
2696 2836 2920 2897 peccato
2960 2837 3226 2899 naturam,
3254 2839 3377 2899 eum
3406 2824 3461 2877 in

189 2923 423 2979 Domino
460 2923 726 2989 docente,
767 2924 1027 2980 mortales
1062 2938 1185 2980 esse
1222 2940 1318 2981 eos
1356 2925 1447 2994 qui
1488 2925 1633 2980 coitu
1682 2924 1773 2981 tali

188 3016 509 3086 nuptiisque
551 3015 820 3071 laetantur.
854 3014 1005 3073 Unde
1032 3016 1249 3083 Enueh,
1279 3016 1371 3087 qui
1410 3017 1613 3086 placuit
1640 3017 1770 3083 Deo,

184 3114 472 3178 postquam
518 3104 745 3163 diversis
787 3121 855 3161 ex
896 3105 1156 3162 uxoribus
1202 3107 1405 3162 liberos
1451 3108 1772 3176 procreavit,

188 3201 492 3256 translatus
517 3210 618 3267 est,
647 3208 707 3254 ut
736 3208 967 3255 mortem
1000 3203 1211 3271 penitus
1236 3217 1345 3257 non
1374 3201 1604 3265 videret,
1635 3201 1776 3257 sicut

186 3295 354 3351 etiam
377 3295 562 3349 beatus
583 3293 780 3348 Paulus
804 3294 1045 3350 Hebraeis
1069 3296 1313 3350 scribens
1333 3295 1464 3350 dicit
1486 3294 1674 3365 (Hebr.
1695 3311 1772 3363 st,

186 3388 258 3458 5)
301 3404 316 3440 :
356 3386 489 3442 Fide
525 3384 707 3442 Enoclt
745 3389 1024 3445 translatus
1062 3399 1167 3456 est,
1208 3405 1272 3444 ne
1308 3390 1493 3445 uideret
1530 3400 1774 3457 mortem;

187 3494 314 3533 nam
341 3487 460 3534 ante
487 3480 876 3535 translationem
900 3479 1011 3535 Deo
1051 3480 1306 3551 placuisse
1342 3482 1653 3553 perhibetur.
1682 3482 1775 3538 Sic

184 3573 355 3642 igitur
381 3586 663 3643 possumus
691 3571 874 3629 dicere
904 3573 1070 3630 etiam
1094 3575 1163 3630 de
1182 3574 1353 3630 Adam
1383 3584 1439 3631 et
1465 3577 1595 3643 Eva,
1631 3574 1775 3647 quod

186 3665 234 3718 si
279 3671 607 3733 praeceptum
649 3663 742 3720 Dei
784 3663 1203 3735 mandatumque
1241 3675 1580 3732 servassent,
1609 3668 1770 3721 etiam

186 3764 319 3825 post
356 3754 651 3811 liberorum
696 3757 1157 3826 procreationem,
1184 3767 1397 3827 gustato
1436 3757 1585 3827 ligno
1624 3757 1769 3826 vitae,

185 3844 528 3903 immortales
559 3846 762 3918 iugiter
801 3849 1258 3917 permansisscnt,
1304 3865 1412 3905 non
1456 3857 1679 3919 egentes
1717 3848 1771 3904 in

183 3947 469 4011 posterum
500 3938 693 4006 victus,
724 3948 780 3995 et
811 3939 1152 4006 incrementi,
1186 3939 1272 3996 vel
1298 3941 1628 4010 nuptiarum.

260 4030 355 4086 Sin
389 4045 520 4087 vero
540 4031 782 4102 quidam,
805 4032 1073 4100 imperitia
1096 4033 1258 4103 capti,
1290 4034 1342 4088 in
1371 4032 1559 4089 eadem
1590 4047 1773 4103 perse—

182 4131 387 4179 verant
422 4124 665 4180 dicentes
702 4124 847 4195 quod
885 4124 1057 4187 Adam
1084 4134 1139 4180 et
1166 4125 1275 4181 Eva
1296 4166 1311 4190 ,
1343 4125 1509 4181 semel
1550 4132 1772 4193 accepta

183 4215 414 4274 licentia
440 4216 759 4273 comedendi
790 4216 858 4273 de
882 4217 1028 4272 omni
1057 4216 1203 4286 ligno
1223 4215 1367 4286 quod
1396 4225 1512 4271 erat
1540 4216 1597 4270 in
1620 4230 1774 4283 para-

182 4309 331 4377 diso,
366 4319 562 4378 praeter
601 4324 763 4363 unum
805 4316 1011 4363 tantum
1043 4307 1184 4377 quod
1211 4323 1240 4361 a
1270 4307 1383 4362 Deo
1411 4307 1581 4362 luerat
1608 4306 1774 4361 inter-

182 4400 416 4467 dictum,
440 4416 561 4455 eum
593 4401 735 4455 inter
762 4401 940 4456 omnia
968 4401 1132 4455 etiam
1169 4398 1239 4455 de
1268 4399 1413 4469 ligno
1452 4401 1579 4453 vitae
1617 4414 1766 4454 eom-

121 4554 129 4575 ,_
183 4495 451 4561 edisserit,
464 4494 919 4549 immortalitatem
942 4492 1218 4549 consecuti
1246 4490 1602 4558 sint,discant
1626 4490 1770 4569 quod

125 4572 129 4591 ³
182 4589 282 4658 qui
333 4587 650 4643 immortalis
699 4587 871 4643 laetus
917 4594 1002 4641 est
1046 4584 1166 4640 cibo
1213 4583 1426 4655 penitus
1474 4598 1581 4639 non
1628 4568 1767 4654 eget.

180 4679 363 4736 Adam
397 4678 557 4749 igitur
584 4686 640 4734 et
665 4677 775 4733 Eva
801 4719 817 4747 ,
844 4676 1109 4749 siquidem
1137 4677 1471 4732 immortales
1510 4676 1772 4732 naturali-

1878 2900 2144 2981 operi'bus
2164 2898 2256 2981 Dei
2421 2912 2480 2953 se
2506 2894 2753 2981 nihilLttt
2786 2898 3218 2981 ait_Augustiniis
3252 2894 3390 2981 (Lib.
3421 2908 3461 2981 ιι

1875 2971 1943 3024 de
1988 2969 2153 3038 Nupt‘.
2196 2979 2245 3022 et
2288 2968 2523 3035 ’Concup.
2556 2984 2607 3023 c.
2646 2972 2740 3035 9),
2766 2968 3193 3023 erubescendum
3241 2968 3457 3038 existat.

1803 3054 1850 3119 ρ
1880 3040 2019 3095 Dicit
2048 3037 2154 3095 non
2192 3038 2479 3095 erubuisse
2506 3039 2805 3119 nuditatem
2836 3054 2986 3119 suam
3039 3039 3243 3118 primos
3281 3037 3459 3090 homi-

1878 3124 2004 3180 nes,
2037 3126 2159 3165 cum
2212 3124 2278 3165 eo
2323 3120 2465 3165 statu
2512 3111 2691 3165 forent
2719 3125 2825 3181 quo
2855 3110 3089 3164 infantes
3130 3110 3459 3177 impotentes

1874 3181 2211 3252 generandi;
2236 3182 2518 3236 erubuisse
2550 3195 2678 3234 vero
2714 3192 2922 3247 pristes,
2951 3195 3075 3252 eum
3110 3189 3321 3252 patara
3354 3192 3461 3252 Aeo-

1874 3248 2044 3308 eundi
2083 3253 2434 3321 cupiditatem
2477 3252 2832 3307 adultioribus
2873 3251 3084 3306 indidit.
3110 3249 3235 3303 Haec
3276 3248 3461 3314 opimo

1880 3324 2123 3393 pluribus
2166 3323 2523 3378 Orientalium
2562 3324 2785 3393 placuit.
2811 3333 2868 3376 et
2900 3338 2929 3375 a
2979 3321 3279 3393 Pelagianis
3310 3330 3461 3388 post-

1875 3391 2100 3450 inodum
2142 3394 2362 3449 defensa
2399 3402 2502 3458 est,
2533 3391 2598 3448 ad
2634 3393 3033 3463 infringendam
3068 3391 3458 3446 catltoticurum

1880 3467 2167 3520 rationem.
2202 3466 2337 3519 Vide
2376 3465 2635 3532 prolixam
2678 3464 2779 3519 hac
2828 3465 2895 3519 de
2950 3479 3007 3518 re
3049 3463 3460 3517 altercationem

1880 3535 2079 3591 Iuliani
2109 3545 2164 3591 et
2208 3536 2493 3605 AuguStinl
2522 3535 2662 3605 (Lib.
2694 3548 2735 3590 η
2785 3535 2890 3605 0p.
2923 3533 3192 3603 Imperf.).
3218 3532 3458 3605 Observa

1872 3622 2093 3677 quoque
2121 3602 2587 3663 videri'Julianutn
2620 3605 2759 3677 libro
2790 3602 2952 3663 tertio
2986 3602 3182 3673 prioris
3209 3605 3292 3658 sui
3320 3602 3461 3669 Ope-

1870 3675 1956 3741 ris
1987 3675 2175 3733 contra
2210 3679 2567 3747 Augustinum
2599 3675 2791 3731 eadem
2819 3678 2932 3733 fere
2962 3685 3462 3747 prosecutnnt_q_ua:

1881 3749 2129 3816 ltntinus,
2165 3760 2225 3803 ut
2245 3744 2462 3804 constat
2490 3764 2561 3804 ex
2588 3749 2938 3818 responsione
2963 3744 3248 3818 Augustini
3277 3744 3461 3817 (Lib.v

1877 3819 2078 3875 advers.
2105 3819 2357 3891 Julian).

1949 3928 2037 3988 3L
2073 3932 2141 3988 Et
2168 3947 2271 3988 non
2305 3933 2519 3998 mirum,
2554 3946 2676 3987 cum
2709 3930 2869 3986 etiam
2901 3928 3073 3985 Adam
3103 3930 3319 3996 dixerit,
3341 3943 3460 3982 cum

1876 4023 1946 4080 de
1968 4039 2138 4080 uxore
2166 4023 2516 4094 prophetaret
2540 4022 2642 4078 hoc
2670 4021 2832 4076 modo
2868 4039 2879 4074 :
2919 4018 3045 4075 Herc
3066 4019 3332 4075 vocabitur
3353 4034 3463 4072 mu-

1877 4113 1995 4182 lier,
2028 4116 2147 4183 quia
2174 4130 2235 4168 ea:
2265 4115 2372 4169 viro
2410 4126 2503 4168 suo
2535 4120 2741 4185 sumpta
2768 4121 2872 4180 est;
2903 4120 2950 4167 et
2978 4121 3181 4184 propter
3201 4110 3295 4165 hoc
3321 4111 3463 4164 dere-

1877 4205 2069 4275 linquet
2111 4204 2263 4259 homo
2313 4215 2510 4275 patrem
2541 4214 2588 4259 et
2623 4214 2863 4270 matrent,
2897 4214 2942 4257 et
2980 4203 3259 4258 adhwrebit
3290 4200 3461 4267 uxori,

1878 4304 1926 4351 et
1966 4303 2115 4351 erunt
2160 4298 2307 4351 ambo
2349 4298 2403 4352 in
2449 4313 2604 4353 carne
2644 4313 2747 4351 una
2776 4295 2944 4367 (Gen.
2970 4312 3028 4368 tt,
3068 4296 3183 4369 23).
3217 4296 3333 4355 Non
3377 4315 3463 4356 so-

1877 4386 1988 4442 lum
2014 4387 2137 4453 hoc,
2165 4387 2259 4443 sed
2288 4388 2449 4443 etiam
2476 4402 2599 4443 cum
2638 4389 2915 4443 audissent
2944 4388 3113 4445 Deum
3148 4390 3251 4446 sibi
3282 4392 3465 4447 dicen-

1877 4488 1989 4559 tem
2023 4479 2193 4537 Adam
2219 4488 2275 4536 et
2303 4466 2413 4538 Eva
2444 4497 2457 4536 :
2495 4478 2716 4535 Crescite
2744 4491 2792 4535 et
2812 4481 3255 4551 multiplicamini,
3286 4493 3332 4539 et
3363 4484 3465 4537 im-

1877 4575 2011 4645 plete
2058 4583 2251 4628 terram
2280 4572 2443 4645 (Gen.
2468 4589 2507 4641 ι,
2534 4574 2659 4645 ‘28);
2697 4583 2821 4629 ante
2860 4574 3305 4641 inobedientiam,
3337 4577 3465 4646 quid

1877 4676 2027 4725 esset
2050 4666 2349 4723 liberorum
2370 4667 2729 4723 creandorum
2759 4665 2935 4737 cupidi
2946 4675 3046 4732 tas,
3069 4667 3286 4736 penitus
3314 4667 3465 4737 igno-

184 4780 272 4826 ter
308 4780 528 4839 essent,
564 4785 851 4842 numquam
893 4769 960 4826 de
1003 4770 1146 4840 ligno
1184 4776 1527 4840 gustassent,
1558 4767 1702 4840 quod
1742 4782 1773 4822 a
1874 4759 2091 4817 rabant.
2120 4759 2425 4817 Dicitenim
2454 4758 2671 4834 aloyses
2705 4775 2718 4812 :
2747 4756 2916 4813 Erant
2944 4767 3116 4812 autem
3140 4758 3287 4811 ambo
3309 4757 3462 4823 nudi,

187 4863 308 4917 Deo
338 4862 664 4932 prohibitum
690 4858 884 4927 fuerat,
908 4862 1103 4931 quippe
1123 4876 1245 4916 cum
1275 4861 1606 4915 immortales
1630 4860 1773 4916 desi-

182 4954 397 5008 derium
427 4968 568 5009 esea
597 4968 702 5009 non
724 4954 979 5019 habeant,
1010 4952 1149 5007 sicut
1175 4952 1339 5007 etiam
1361 4952 1549 5007 beatus
1571 4951 1769 5007 Paulus

184 5053 420 5099 testatur
450 5045 554 5100 hoc
577 5044 738 5101 modo
764 5061 779 5101 :
812 5044 933 5099 Non
960 5052 1033 5100 est
1062 5060 1274 5114 regnum
1305 5041 1402 5099 Dei
1431 5044 1572 5097 cibus
1597 5051 1645 5097 et
1676 5059 1771 5113 po-

182 5148 270 5191 tus
304 5138 480 5207 (Rom.
513 5154 623 5207 xiv,
664 5140 777 5210 l7).
819 5138 1063 5209 Regnum
1102 5146 1280 5193 autem
1326 5137 1420 5193 Dei
1462 5137 1769 5193 mortalium

180 5243 297 5284 non
330 5237 431 5295 est,
464 5229 559 5284 sed
588 5228 989 5296 immortalium,
1021 5230 1158 5284 sicut
1189 5229 1351 5284 etiam
1382 5228 1639 5283 Dominus
1667 5243 1769 5283 no-

176 5332 301 5378 ster
322 5321 480 5377 Jesus
507 5320 757 5378 Christus
784 5323 967 5378 docuit
991 5322 1176 5379 dicens
1204 5322 1357 5395 (Luc.
1381 5339 1476 5390 xx,
1498 5321 1587 5393 55)
1620 5341 1632 5375 :
1669 5322 1770 5390 Qui

174 5426 358 5471 autem
381 5418 525 5491 digni
557 5418 873 5475 habebuntur
902 5419 1092 5473 swculo
1119 5417 1212 5472 illo
1243 5425 1288 5472 et
1312 5418 1679 5473 resurrectione
1708 5433 1771 5471 ea:

173 5506 429 5573 mortuis,
474 5526 634 5581 neque
674 5509 886 5576 nubent,
932 5526 1093 5580 neque
1130 5509 1313 5563 ducent
1356 5525 1560 5564 uxores.
1592 5506 1772 5580 Neque

170 5601 318 5657 enim
340 5598 479 5655 ultra
506 5603 634 5658 mori
656 5611 894 5672 poterunt
914 5643 926 5666 .
952 5602 1173 5673 aequales
1201 5603 1336 5656 enim
1361 5603 1559 5675 angelis
1584 5612 1722 5657 sunt.

249 5688 433 5751 Adam
462 5692 623 5763 igitur
649 5705 703 5753 et
730 5693 865 5761 Eva,
895 5690 1159 5762 siquidem
1200 5694 1509 5753 mandatum
1535 5696 1626 5754 Dei
1655 5712 1770 5756 ser-

1804 5826 1851 5844 at.

1876 4862 1990 4911 tam
2011 4852 2205 4922 Adam,
2220 4866 2390 4924 quam
2413 4866 2552 4907 uxor
2576 4851 2714 4922 ejus,
2744 4859 2791 4905 et
2811 4866 2914 4904 non
2934 4849 3289 4904 erubescebant
3307 4846 3459 4919 (Gen.

1880 4961 1941 5015 ιι,
1966 4948 2090 5021 25).
2124 4946 2240 5004 Non
2264 4946 2477 5019 Moyses
2499 4945 2602 5002 hoc
2631 4945 2788 5009 dixit,
2821 4945 2971 5014 quasi
3003 4942 3100 5011 illi,
3126 4942 3463 4997 incontinen-

1878 5041 1971 5098 tiae
1999 5042 2244 5097 emeitate
2268 5039 2507 5111 decepti,
2532 5038 2793 5110 pudorem
2822 5044 3146 5106 spernerent
3169 5034 3458 5103 nuditatis;

1876 5134 1977 5190 sed
2001 5132 2240 5189 ostendit
2276 5146 2371 5189 eos
2416 5140 2689 5202 tamquam
2718 5127 2952 5184 infantes
2985 5126 3215 5182 necdum
3255 5126 3462 5196 cupidi-

1880 5236 2046 5284 tatem
2090 5226 2323 5283 coeundi
2368 5225 2590 5280 habere.
2620 5222 2771 5279 Unde
2798 5229 2919 5292 post
2960 5218 3461 5289 praevaricationem

1879 5319 2123 5375 nuditate
2168 5326 2469 5389 perspecta,
2526 5329 2632 5370 non
2674 5311 2843 5368 totius
2893 5310 3013 5366 dico
3057 5311 3319 5381 corporis,
3366 5310 3462 5366 sed

1874 5412 2022 5469 illius
2055 5413 2224 5482 partis
2262 5425 2420 5481 quam
2455 5406 2621 5463 etiam
2658 5404 2849 5469 Citam,
2879 5396 2992 5459 Nee
3022 5401 3347 5467 dormiente,
3378 5405 3459 5458 vi-

1877 5504 2052 5572 derat,
2084 5514 2213 5558 tunc
2244 5502 2463 5557 demum
2493 5496 2848 5554 creandorum
2880 5496 3173 5552 liberorum
3194 5496 3460 5565 cupidita-

1875 5607 1987 5654 tem
2010 5595 2210 5666 adepti,
2241 5605 2293 5649 et
2316 5591 2680 5663 intelligentes
2700 5589 3001 5648 nuditatem
3027 5605 3205 5662 suam,
3234 5590 3457 5647 ficorum

1877 5692 2023 5752 foliis
2046 5687 2287 5748 verenda
2319 5694 2594 5745 texerunt.
