3970 6282
448 294 548 368 t‘tt

887 295 978 359 AD
1019 298 1296 358 PARTEM
1337 278 1604 353 riuum
1643 284 1930 347 orsauu
1969 282 2035 337 at.
2077 279 2085 333 1

2198 267 2519 331 KCATORIS
2559 256 2906 323 APPENDIX
2944 243 3286 314 SECUNDA.

3622 238 3740 302 472

517 427 608 485 52.
639 427 782 481 Deus
827 424 991 492 igitur
1019 418 1309 476 consulens
1352 410 1683 477 hominibus,
1712 421 1835 463 cum
1865 401 2034 458 sciret
2059 397 2115 459 Α
2139 401 2197 448 ιιι
2217 403 2408 446 omnes
2434 386 2575 442 hanc
2599 384 2762 438 νίιθιῐι
2796 384 3118 449 spernerem
3145 369 3519 442 ίοιηροτθιεων
3544 365 3744 434 υιὶιιιιο

2174 486 2187 492 -
2276 483 2310 492 ..
2549 480 2564 492 ι
2635 478 2648 492 ι
2721 485 2786 492 .-κ
2824 473 2980 492 9-2.-.-
3014 482 3211 492 --.μ--.-
3263 473 3305 492 -ι
3342 461 3552 492 ..ἔρ-ιρι
3604 471 3744 492 nun-

449 536 547 578 eos
592 519 660 575 ad
707 516 968 573 malitiam
1003 526 1226 584 pronos,
1252 519 1306 566 et
1334 507 1670 576 voluptatum
1715 513 1778 554 ac
1817 495 2038 553 deside-

450 616 656 672 riorum
687 610 867 667 carnis
896 614 1194 671 amatores,
1229 610 1282 657 et
1325 599 1488 656 vellet
1527 595 1595 652 ad
1641 594 1920 648 honestam
1947 602 2042 657 po-

451 708 561 764 tius
592 718 849 762 revocare
894 701 1172 765 virtutem,
1215 694 1343 749 sinit
1387 705 1560 762 usque
1601 687 1670 744 ad
1701 696 1912 754 tempus
1936 680 2040 736 ali-

451 799 596 872 quod
626 795 982 853 dominationi
1036 790 1226 847 mortis
1268 786 1464 852 addici,
1496 783 1694 855 quippe
1738 793 1858 835 cum
1907 773 2045 832 nihil

453 891 606 948 aliud
635 897 820 946 nosset
847 897 955 942 tam
977 883 1134 940 facile
1155 880 1400 936 homines
1427 889 1684 934 coercere
1704 885 1863 943 posse
1883 881 2045 938 quam

455 993 721 1048 mortem;
773 978 964 1036 mortis
1021 976 1164 1032 enim
1221 980 1370 1029 metu
1426 970 1747 1041 plerumque
1808 963 1965 1020 multi
2014 977 2046 1017 a

459 1074 668 1131 malitia
695 1073 905 1142 penitus
935 1069 1209 1125 abstinere
1232 1073 1550 1120 noscuntur.
1575 1059 1734 1118 Unde
1763 1055 2047 1113 mandante

460 1166 610 1236 leges
658 1176 767 1217 non
817 1159 972 1215 aliter
1001 1164 1229 1229 possunt
1275 1154 1535 1225 pleraque
1584 1149 1866 1207 hominum
1913 1145 2047 1202 vitia

460 1269 736 1320 resecare,
770 1253 873 1308 nisi
906 1248 1346 1306 interminatione
1385 1243 1576 1300 mortis
1604 1250 1661 1298 et
1689 1255 1896 1312 paenae;
1929 1253 2050 1295 om-

461 1364 561 1405 nes
609 1349 754 1404 enim
798 1345 1021 1416 hujusce
1072 1343 1201 1397 vitae
1241 1339 1543 1396 communis
1590 1350 1777 1392 amore
1821 1333 2050 1400 detenti,

463 1449 660 1497 cavent
690 1446 1036 1511 peccatorum
1075 1441 1334 1504 prestare
1377 1445 1593 1495 causas,
1631 1443 1699 1484 ne
1727 1441 1915 1484 carere
1964 1439 2052 1492 ea,

465 1534 850 1605 delinquentes
879 1529 1100 1602 propria
1131 1528 1426 1595 voluntate,
1457 1533 1740 1596 cogantur.

540 1628 659 1684 Non
684 1628 852 1698 igitur
870 1623 1180 1686 hominibus
1205 1630 1434 1678 mortem
1465 1619 1646 1676 datam
1668 1632 1768 1689 pro
1791 1616 2057 1672 malorum

467 1723 588 1778 vice
645 1721 898 1786 dicimus,
951 1718 1092 1774 sicut
1138 1715 1531 1772 ratiocinantur
1581 1711 1807 1780 indocti,
1855 1709 1953 1766 sed
1990 1707 2060 1763 ad

2143 486 2224 542 sic
2258 483 2450 540 dicens
2482 497 2496 534 :
2529 478 2790 533 Audentes
2819 473 2980 542 igitur
3009 482 3233 538 semper,
3259 473 3306 519 et
3339 461 3575 526 scientes,
3604 471 3744 528 quo-

2143 581 2285 634 niam
2311 577 2436 631 dum
2468 588 2644 629 sumus
2673 570 2730 624 in
2767 581 3002 639 corpore,
3029 561 3420 634 peregrinamur
3447 573 3480 609 a
3512 552 3746 610 Domino

2145 672 2216 746 (ll
2237 670 2358 726 Cor.
2381 683 2436 735 v,
2464 665 2544 738 6).
2567 663 2727 721 Unde
2758 655 3095 732 peregrinari
3133 652 3325 708 volens
3353 665 3386 705 a
3411 657 3662 718 corpore,
3683 650 3749 700 et

2148 739 2313 820 linem
2341 761 2624 830 imponere
2657 765 2958 826 properans
2984 743 3270 804 certamini
3301 756 3424 809 suo,
3448 748 3505 796 et
3535 739 3746 809 inprae-

2149 856 2450 914 sentiarum
2512 865 2634 906 esse
2700 846 2926 918 cupiens
2983 839 3126 914 apud
3171 839 3363 906 Deum,
3414 831 3751 891 vociferatur

2149 949 2336 1006 dicens
2391 944 2460 1018 (ll
2508 942 2647 997 Tim.
2682 955 2762 1010 tv,
2788 937 2844 1009 6)
2877 934 3031 1008 :Ego
3071 933 3208 988 enim
3244 934 3361 1003 jam
3427 926 3648 993 delibor,
3699 933 3755 980 et

2151 1049 2347 1111 tempus
2383 1033 2713 1091 resolutionis
2750 1045 2877 1085 mea:
2909 1029 3089 1082 instat.
3123 1022 3395 1080 Certamen
3425 1019 3614 1074 bonum
3637 1033 3756 1072 cer-

2152 1133 2277 1199 tari,
2324 1144 2533 1185 cursum
2573 1121 2946 1186 consummavi,
2995 1117 3154 1189 [idem
3196 1112 3415 1180 servavi,
3446 1112 3502 1165 in
3548 1108 3756 1177 reliquo

2153 1223 2381 1298 reposita
2424 1230 2499 1277 est
2537 1219 2664 1274 mihi
2693 1215 2921 1288 justitia:
2959 1226 3173 1276 corona,
3201 1223 3356 1279 quam
3391 1203 3572 1259 reddet
3622 1201 3758 1255 mihi

2156 1317 2415 1374 Dominus
2457 1315 2513 1368 in
2552 1312 2646 1367 illa
2685 1310 2768 1364 die
2789 1309 2962 1379 justus
2999 1303 3199 1376 judex;
3223 1317 3329 1354 non
3369 1299 3537 1353 solum
3580 1305 3759 1350 autent

2157 1411 2307 1478 mihi,
2334 1409 2425 1466 sed
2450 1417 2498 1462 et
2527 1404 2762 1462 omnibus
2784 1401 2873 1473 qui
2901 1397 3128 1470 diligunt
3151 1395 3424 1450 adventum
3451 1393 3580 1464 ejus.
3605 1389 3764 1445 Solet
3833 1467 3839 1474 .

2165 1687 2430 1745 Conclusit
2459 1685 2594 1742 enim
2617 1681 2757 1739 Deus
2779 1688 2957 1735 contra
2985 1671 3310 1748 ipsum(Job.
3336 1671 3523 1741 nt,23,
3543 1666 3766 1724 secund.

471 1813 758 1871 delendam
785 1779 984 1868 mentis
1011 1810 1361 1881 pravitatem.
1388 1805 1523 1862 Nam
1554 1805 1601 1860 si
1641 1803 1836 1860 victuri
1867 1815 2063 1873 perpe-
2094 1791 2145 1852 Β
2169 1779 2369 1881 )ς

475 1919 570 1962 tuo
599 1904 849 1961 homines
871 1912 1075 1972 essent,
1109 1915 1400 1974 numquam
1429 1899 1672 1970 proiecto
1697 1911 1888 1954 eorum
1911 1895 2068 1952 mali-

475 1999 551 2054 tia
579 1998 846 2054 ﬁniretur.

549 2093 760 2147 Rursus
787 2091 950 2147 etiam
982 2104 1079 2146 cur
1108 2085 1207 2160 pro
1232 2083 1898 2165 malorum~vicissitudine
1924 2095 2071 2139 mor-

480 2194 590 2242 tem
620 2185 802 2240 datam
832 2198 954 2241 esse
983 2183 1290 2248 credamus,
1322 2197 1447 2238 cum
1486 2181 1531 2236 si
1562 2180 1683 2251 quis
1717 2186 1936 2236 centum
1969 2177 2071 2231 ho-

481 2279 658 2334 mines
688 2278 826 2334 lorte
851 2277 939 2334 vel
977 2276 1211 2347 amplius
1251 2275 1539 2344 occiderit,
1565 2283 1644 2329 tot
1691 2280 1747 2330 et
1789 2271 1951 2328 tantis
1975 2271 2074 2327 ho-

483 2369 720 2426 micidiis
749 2385 1039 2441 exaequare
1065 2368 1269 2424 nullam
1301 2367 1477 2423 valeat
1509 2365 1814 2422 ultionem?

562 2505 816 2588 solemne
847 2506 948 2560 fuit
993 2504 1297 2588 Pelagiana;
1323 2503 1571 2560 factionis
1618 2501 1927 2588 hominibus
1973 2499 2078 2588 im-

486 2577 697 2646 peritiae
775 2591 1028 2631 accusare
1102 2571 1427 2642 catholicos,
1479 2573 1804 2646 praesertim
1836 2587 1959 2646 eum
2007 2571 2077 2626 de

489 2643 817 2703 mortalitate
847 2655 1099 2717 ageretur
1128 2656 1182 2702 et
1220 2658 1444 2717 peccato
1478 2643 1751 2717 originali.
1783 2643 1863 2717 Ita
1897 2643 2080 2717 Theo-

489 2719 731 2800 dorus-in
775 2715 1052 2800 excerpas.
1074 2715 1360 2800 Marianis;
1396 2719 1468 2800 ita
1499 2715 1725 2800 liuﬁnus
1752 2715 2077 2800 aliisetiam

491 2790 543 2860 in
568 2790 741 2860 locis;
775 2791 847 2845 ita
874 2784 1122 2860 Pelagius
1147 2790 1200 2843 in
1233 2789 1391 2860 libris
1417 2789 1484 2843 de
1512 2787 1682 2860 libero
1716 2784 1978 2860 arbitrio;
2005 2786 2078 2840 ita

490 2858 740 2930 Julianus
796 2856 1270 2930 ubique'passim,
1303 2859 1399 2914 sed
1452 2859 1725 2928 praecipue
1772 2856 2081 2928 posteriore

492 2928 701 2999 Opere;
734 2931 806 2984 ita
835 2928 1116 2984 Annianus
1143 2930 1336 3000 insuis
1365 2930 1630 3000 epistolis.

550 3000 722 3082 .Nota_
741 3016 870 3055 vero
903 3001 1088 3082 Patres
1123 2999 1531 3082 Orientalesnde
1568 3000 1759 3082 mortis
1795 2999 2081 3082 bon-quon

496 3071 651 3140 aliter
696 3069 813 3126 fere
860 3072 1096 3126 sensisse
1135 3086 1297 3140 quam
1351 3071 1595 3129 Ruﬁnus.
1629 3071 1766 3125 Vide
1795 3067 2080 3133 Basilium,

496 3139 968 3224 Clirysostomum,
1002 3151 1056 3197 et
1086 3139 1224 3196 aliOs
1250 3142 1480 3197 Genesis
1510 3150 1876 3224 enarratores,
1900 3153 2086 3209 quam-

497 3228 657 3296 quam
687 3213 796 3268 alia
843 3213 942 3268 fuit
990 3227 1144 3296 mens
1184 3222 1518 3296 sanctorum,
1556 3213 1665 3296 alia
1714 3220 2085 3296 veteratorum

499 3284 810 3350 hominum,
846 3285 1205 3340 consensione
1250 3299 1374 3340 cum
1424 3283 1675 3340 Patribus
1719 3281 2086 3344 abutentium,

500 3355 957 3438 addoccupandos
1001 3357 1234 3438 animos,
1275 3371 1342 3411 ne
1371 3355 1477 3410 vim
1513 3355 1878 3438 .argumentia
1910 3359 2089 3406 morte

502 3425 655 3495 petiti
683 3423 1111 3497 adprobandum
1131 3435 1416 3498 peccatum
1444 3423 1672 3498 originis
1694 3423 2086 3497 perspicerent.

574 3564 667 3619 35.
706 3562 821 3619 Non
874 3563 1034 3634 igitur
1087 3562 1336 3633 malignis
1391 3570 1596 3617 tantum
1637 3557 1971 3624 hominibus,
2022 3553 2093 3611 ad

506 3655 794 3710 delendam
821 3671 1010 3711 eorum
1041 3656 1379 3726 pravitatem,
1415 3655 1556 3710 bona
1602 3669 1749 3708 mors
1793 3665 1916 3708 esse
1958 3649 2094 3706 dici-

507 3757 629 3813 tur;
663 3747 759 3803 sed
789 3747 948 3803 etiam
983 3747 1145 3817 justis
1177 3747 1322 3801 utilis
1353 3764 1366 3800 :
1402 3746 1544 3802 sicut
1579 3745 1726 3801 enim
1754 3743 1932 3799 malus
1976 3755 2097 3812 pec-

511 3856 636 3896 care
664 3840 864 3896 desinit
893 3840 994 3895 hac
1023 3840 1142 3895 luce
1174 3839 1442 3909 privatus,
1473 3839 1553 3895 sic
1582 3840 1744 3894 etiam
1772 3837 1950 3906 justus
1970 3833 2098 3889 dor-

511 3934 689 3989 miens
747 3933 980 3989 assiduis
1032 3932 1497 4004 impugnationum
1557 3928 1997 3986 alllictationibus
2042 3924 2116 3982 et'

514 4026 749 4082 miseriis
773 4026 939 4081 animi
960 4025 1242 4082 liberatur.
1259 4024 1448 4082 Soluta
1476 4023 1617 4079 enim
1634 4021 1851 4094 proprio
1867 4031 2102 4088 corpore

514 4120 640 4189 justi
683 4120 862 4175 anima
908 4119 1069 4175 nullis
1121 4126 1310 4188 postea
1355 4125 1632 4189 premetur
1675 4113 1960 4186 angustiis,
1994 4126 2102 4167 non

517 4214 752 4269 miseriis
781 4211 949 4269 animi
977 4211 1300 4282 subjacebit,
1332 4225 1436 4267 non
1481 4209 1834 4266 necessitates
1873 4204 2102 4272 videbit,

519 4322 624 4362 non
662 4306 1067 4376 persecutiones
1095 4305 1404 4371 sustinebit,
1439 4317 1546 4358 non
1584 4301 1725 4356 ultra
1769 4296 2105 4368 insurgentia

521 4399 622 4453 sibi
655 4399 835 4454 carnis
876 4399 1006 4454 vitia
1049 4399 1304 4468 patietur,
1337 4411 1446 4452 non
1483 4395 1622 4451 ultra
1663 4394 1867 4450 videbit
1895 4392 1949 4448 in
1989 4391 2107 4447 dies

523 4489 763 4559 singulos
798 4504 988 4559 agmen
1018 4489 1424 4560 suggestionum
1461 4487 1744 4555 malarum,
1774 4501 1882 4541 non
1911 4485 1979 4540 ad
2027 4485 2114 4540 lu-

525 4592 667 4637 ctam
723 4584 1028 4639 nudabitur.
1066 4583 1205 4639 Nihil
1260 4597 1445 4639 secum
1506 4583 1725 4638 trahens
1770 4581 2112 4637 saecularium

526 4676 978 4746 sollicitudinum,
1026 4693 1132 4734 non
1171 4678 1350 4734 carnis
1402 4686 1704 4734 maceratur
1745 4675 2108 4749 abstinentia,

529 4786 690 4826 causa
730 4772 1108 4837 certaminum,
1143 4787 1252 4826 non
1283 4772 1422 4827 ultra
1449 4779 1644 4839 certat,
1669 4785 1780 4826 non
1800 4783 1964 4825 cursu
1983 4783 2114 4824 con-

529 4865 701 4919 tendit
723 4874 815 4920 aut
836 4872 1021 4929 cmstu,
1048 4877 1154 4918 non
1185 4863 1298 4933 jam
1321 4865 1556 4919 luctatur
1581 4878 1702 4919 cum
1726 4860 2116 4933 principatibus

527 4973 592 5012 ac
623 4957 999 5028 potestatibus,
1023 4955 1413 5026 spiritibusque
1443 4955 1727 5026 nequitiae;
1761 4953 1856 5011 sed
1878 4953 2116 5010 stadium

531 5050 578 5105 ei
611 5051 844 5105 solutum
871 5060 975 5118 est,
1004 5057 1281 5105 certamen
1308 5049 1534 5115 destitit,
1557 5059 1611 5106 et
1635 5051 1829 5119 adepta
1859 5048 2111 5116 victoria,

533 5146 599 5198 ad
625 5145 1022 5216 percipiendam
1045 5159 1300 5201 coronam
1319 5145 1544 5214 iustitiae
1568 5145 1815 5214 protinus
1831 5151 2116 5216 properat.

533 5239 747 5293 beatam
791 5237 845 5292 in
885 5237 1039 5292 costis
1067 5245 1121 5292 et
1159 5245 1419 5291 aeternam
1450 5235 1616 5289 vitam
1667 5237 1949 5306 consequi,
1993 5250 2118 5301 cum

536 5332 802 5400 receperit
820 5331 1182 5386 immortalem
1211 5345 1431 5386 carnem
1459 5344 1634 5385 suam.

609 5426 736 5480 Ideo
775 5435 955 5480 autem
985 5437 1040 5481 et
1080 5425 1267 5480 beatus
1313 5423 1536 5488 Paulus,
1571 5423 1694 5477 talia
1725 5420 1867 5477 bella
1915 5422 2124 5491 perspi-

537 5519 712 5585 ciens,
736 5533 856 5588 qute
876 5518 946 5572 ab
975 5515 1342 5573 invisibilibus
1371 5516 1605 5572 inimicis
1623 5515 1783 5584 justis
1807 5512 2119 5568 hominibus

542 5611 870 5680 indicuntur,
903 5620 1152 5667 metuens
1201 5625 1270 5665 ne
1309 5607 1666 5680 quorumdam
1699 5605 1839 5662 forte
1881 5604 2124 5676 pruden-

542 5704 669 5757 tiam
708 5712 802 5758 aut
830 5704 1035 5759 malitia
1061 5708 1442 5766 commutaret,
1470 5707 1565 5755 aut
1593 5697 1752 5754 dolus
1791 5711 1981 5752 sanam
2031 5695 2130 5752 l‘al-

543 5797 682 5859 lerct
721 5806 991 5866 mentem,
1029 5794 1361 5869 povocandte
1391 5793 1610 5851 virtutis
1639 5790 1836 5867 gratia,
1868 5788 2132 5847 suadebat

2242 1852 2332 1931 34.
2354 1873 2451 1931 Sin
2473 1879 2654 1928 autem
2683 1865 2929 1925 nonnulli
2957 1863 3142 1922 dicere
3164 1859 3457 1927 voluerint,
3481 1852 3772 1926 Quomodo

2171 1968 2290 2025 ﬁeri
2321 1973 2502 2037 potest
2522 1971 2582 2020 ut
2612 1977 2761 2018 mors
2799 1958 3009 2015 homini
3047 1955 3264 2026 requies
3294 1952 3388 2019 sit,
3414 1965 3535 2007 cum
3573 1949 3774 2004 beatus

2173 2059 2340 2116 David
2362 2058 2557 2115 dixerit
2581 2055 2702 2129 (Ps.
2721 2067 2921 2118 xxxttt,
2947 2050 3042 2121 ΞΩ)
3071 2065 3086 2103 :
3119 2047 3264 2102 Mors
3291 2052 3616 2116 peccatorum
3647 2057 3775 2112 pes-

2175 2153 2344 2208 sima?
2364 2149 2573 2206 discant
2595 2162 2700 2202 non
2723 2145 2848 2202 ideo
2877 2144 2956 2200 sic
2979 2141 3183 2198 dictum
3215 2153 3338 2194 esse
3363 2155 3376 2191 :
3410 2135 3557 2190 Mors
3587 2147 3777 2206 pecca-

2176 2252 2344 2300 torum
2381 2242 2621 2312 pessima,
2646 2237 2800 2309 quasi
2847 2251 2956 2292 non
3002 2232 3241 2306 peccatis
3271 2245 3463 2288 eorum
3502 2225 3779 2284 terminus

2177 2340 2509 2407 imponatur,
2542 2346 2606 2386 ac
2631 2330 2781 2396 linis;
2806 2328 2902 2385 sed
2928 2325 3071 2398 quod
3105 2332 3229 2396 post
3258 2332 3513 2387 mortem,
3541 2318 3779 2375 delicto-

2181 2443 2298 2485 rum
2322 2441 2540 2483 suorum
2557 2438 2743 2489 causa,
2767 2421 3122 2494 gravissimas
3143 2416 3246 2488 ipsi
3267 2412 3774 2472 subeuntultiones.

2251 2519 2515 2577 Similiter
2559 2527 2740 2572 autem
2779 2516 2970 2570 beatus
3011 2511 3116 2568 Job
3160 2511 3304 2566 sicut
3359 2506 3640 2578 requiem,
3690 2504 3779 2562 sic

2180 2615 2348 2672 etiam
2393 2628 2666 2678 somnum,
2698 2618 2929 2666 mortem
2978 2607 3260 2663 nominare
3302 2604 3607 2668 consuevit,
3647 2615 3781 2657 cum

2183 2707 2312 2763 dicit
2343 2705 2486 2778 (Job.
2525 2720 2607 2772 ιιι,
2644 2701 2732 2773 12)
2766 2719 2778 2756 :
2810 2701 2981 2768 Quare
3024 2700 3181 2754 ubera
3219 2697 3375 2753 sitin
3419 2712 3557 2750 nunc
3598 2694 3784 2764 utique

2184 2799 2442 2854 dormiens
2488 2797 2823 2868 quiescerem,
2851 2803 2897 2848 et
2923 2793 3090 2847 somni
3116 2791 3391 2845 securitate
3419 2788 3620 2858 fruerer
3661 2801 3784 2840 cum

2186 2891 2386 2963 regibus
2429 2888 2745 2944 consiliariis
2772 2894 2944 2952 terrae,
2973 2885 3063 2956 qui
3103 2881 3462 2955 gloriabantur
3480 2881 3536 2934 in
3563 2877 3786 2951 gladiis,

2185 2991 2275 3038 aut
2303 2999 2421 3038 cum
2443 2979 2764 3053 principibus
2785 2978 2968 3050 quibus
2996 2977 3215 3029 multum
3239 2973 3341 3044 fuit
3365 2988 3572 3027 aurum.

2257 3075 2429 3131 Porro
2468 3073 2634 3128 Isaias
2669 3069 2952 3142 propheta,
2979 3083 3101 3124 cum
3139 3067 3325 3137 jussus
3364 3080 3395 3120 a
3438 3063 3668 3119 Domino
3693 3075 3788 3118 re-

2113 3175 2162 3240 c
2191 3181 2312 3238 gem
2351 3163 2645 3238 Babylonis
2686 3171 2960 3218 mortuum
2991 3161 3400 3225 lamentaretur,
3435 3168 3789 3211 communem

2193 3259 2336 3316 hanc
2375 3268 2431 3316 et
2479 3256 2834 3327 temporalem
2886 3263 3118 3310 mortem
3174 3265 3423 3307 somnum
3466 3247 3791 3313 nominavit,

2192 3353 2382 3410 dicens
2412 3350 2568 3423 (Isai.
2600 3365 2709 3414 xtv,
2729 3349 2785 3420 7)
2810 3367 2822 3402 :
2859 3347 3044 3402 Omnis
3071 3356 3205 3401 terra
3226 3345 3416 3401 clamat
3444 3357 3558 3397 cum
3574 3341 3787 3408 laetitia,

2194 3457 2243 3503 et
2270 3447 2410 3518 ligna
2431 3443 2614 3498 Libani
2642 3459 2799 3514 supra
2827 3451 2874 3496 te
2897 3440 3159 3513 gratulata
3185 3446 3328 3507 sunt,
3357 3445 3404 3491 et
3435 3435 3574 3490 cedri
3599 3433 3796 3488 Libani

2196 3541 2402 3596 dicent:
2424 3537 2508 3592 Ex
2534 3553 2634 3605 quo
2669 3544 2724 3591 tu
2761 3535 3017 3604 dormisti,
3052 3550 3155 3588 non
3183 3531 3411 3588 ascendit
3438 3530 3527 3602 qui
3555 3527 3797 3584 suceidat

2197 3647 2310 3687 nos.
2353 3629 2596 3702 Infernus
2636 3627 2701 3684 ab
2741 3628 2860 3682 imis
2889 3625 3235 3681 amaritudine
3281 3633 3461 3692 captus
3501 3631 3576 3677 est
3605 3636 3798 3676 occur-

2197 3742 2317 3781 rens
2341 3724 2450 3778 tibi.

2271 3815 2481 3870 Pariter
2507 3812 2673 3869 et-iam
2699 3811 2887 3867 Daniel
2917 3808 3177 3882 propheta
3203 3806 3336 3864 dicit
3362 3805 3524 3878 (Dan.
3555 3818 3660 3872 xtl,
3689 3802 3795 3875 2):

2203 3907 2272 3962 Et
2299 3907 2447 3961 multi
2485 3906 2849 3960 dormientium
2875 3904 2929 3958 in
2960 3913 3098 3958 terra
3139 3918 3167 3956 e
3201 3902 3416 3974 pulvere
3441 3907 3686 3972 surgent;
3707 3897 3802 3970 isti

2202 4001 2259 4055 in
2301 4000 2459 4054 vitam
2503 4006 2767 4064 crternam,
2802 4004 2851 4051 et
2879 3995 2965 4051 isti
3006 3993 3076 4048 ad
3118 3993 3470 4065 opprobrium,
3495 3999 3544 4046 et
3571 3988 3641 4044 ad
3670 4004 3805 4044 con-

2207 4096 2460 4168 fusionem
2479 4103 2745 4150 (sternam.

2279 4186 2426 4242 Idem
2455 4192 2635 4241 autem
2678 4182 2841 4240 etiam
2885 4181 3077 4238 beatus
3107 4179 3308 4236 Paulus
3353 4178 3532 4243 docet,
3559 4190 3686 4232 cum
3713 4173 3807 4231 di-

2208 4279 2282 4335 cit
2311 4278 2357 4348 (l
2384 4275 2621 4332 Thessal.
2652 4291 2724 4342 tv,
2756 4272 2845 4346 12)
2881 4291 2894 4328 :
2921 4272 3185 4328 Nolumus
3212 4280 3380 4327 autem
3416 4271 3660 4343 ignorare
3687 4284 3802 4334 eos,

2212 4374 2420 4445 fratres,
2455 4373 2520 4428 de
2543 4370 2932 4434 dormientibus,
2961 4378 3016 4423 ut
3044 4384 3146 4422 non
3177 4365 3568 4432 contristemini,
3597 4363 3732 4418 sicut
3754 4371 3811 4418 et

2216 4467 2387 4523 ueteri
2415 4465 2504 4537 qui
2533 4481 2675 4536 spem
2711 4479 2816 4518 non
2857 4448 3080 4516 habent.“
3099 4459 3162 4518 Si
3187 4460 3321 4515 enim
3363 4459 3637 4524 credimus,
3664 4454 3813 4526 quod

2139 4559 2194 4621 D
2217 4558 2371 4614 Iesus
2417 4565 2650 4613 mortuus
2696 4566 2792 4626 est,
2819 4564 2866 4610 et
2893 4553 3206 4619 resurrexit;
3235 4553 3310 4606 ita
3355 4559 3403 4607 et
3429 4547 3572 4606 Deus
3601 4565 3689 4605 eos
3719 4548 3816 4619 qui

2224 4643 2670 4721 dormierunt'per
2693 4647 2872 4702 Iesum
2901 4646 3122 4701 adducet
3147 4661 3265 4698 cum
3290 4660 3369 4699 eo.
3413 4642 3592 4699 Multis
3641 4642 3819 4712 igitur

2224 4743 2457 4801 testibus
2490 4741 2670 4798 edocti
2695 4741 2837 4813 quod
2877 4755 3023 4795 mors
3055 4739 3159 4793 ista
3191 4737 3492 4793 communis
3525 4735 3664 4790 mala
3697 4749 3817 4789 non

2223 4837 2316 4904 sit,
2335 4837 2447 4906 jam
2475 4837 2634 4906 longe
2657 4834 2838 4891 valere
2865 4832 3110 4889 dicamus
3131 4830 3198 4886 iis
3226 4829 3317 4902 qui
3340 4836 3569 4884 mortem
3607 4825 3817 4881 malam

2224 4930 2521 5002 appellant.

2825 5014 3058 5072 CAPUT
3104 5013 3192 5070 Vl.

2547 5110 2624 5166 De
2649 5109 2930 5182 printorum
2962 5117 3231 5178 parentum
3263 5112 3489 5175 peccato.

2298 5228 2388 5285 55.
2422 5225 2663 5283 Dicimus
2689 5220 3052 5293 antem,quod
3083 5221 3137 5276 in
3168 5219 3368 5276 bonum
3393 5217 3534 5272 Deus
3559 5210 3832 5285 praestitit

2230 5323 2405 5394 primo
2455 5317 2661 5375 homini
2709 5313 2884 5373 Adam
2936 5313 3162 5370 sudores
3229 5313 3433 5383 pariter
3474 5321 3538 5362 ac
3598 5305 3838 5362 labores

2229 5428 2364 5484 quos
2391 5412 2460 5468 de
2491 5421 2630 5466 terra
2664 5416 2964 5481 pateretur,
2994 5407 3196 5478 quippe
3235 5421 3358 5461 cum
3393 5419 3502 5461 non
3537 5400 3700 5458 aliter
3735 5398 3838 5456 iu-

2231 5507 2472 5564 visibiles
2517 5505 2791 5570 inimicos,
2815 5511 3007 5559 contra
3035 5515 3176 5572 quos
3210 5499 3474 5555 habemus
3500 5495 3843 5553 continuam

2231 5601 2606 5670 luctationem,
2630 5596 2939 5654 veneranda
2974 5595 3078 5650 ﬁde
3108 5608 3366 5664 superare
3391 5591 3686 5663 possimus,
3716 5587 3846 5644 nisi

2230 5693 2479 5763 corporis
2503 5691 2780 5747 laboribus
2811 5687 3052 5761 fatigati;
3089 5688 3171 5743 his
3209 5681 3354 5743 enim
3406 5684 3668 5740 docemur
3723 5693 3849 5749 per

2235 5786 2481 5844 divinam
2519 5785 2862 5860 Scripturam
2911 5784 3278 5858 nosmetipsos
3325 5777 3563 5840 hostium
3605 5772 3854 5840 fallacia
