3900 6268
184 280 298 351 δῗδ
373 285 683 349 DlSSERT.
727 283 790 342 γ.
834 278 924 339 DE
968 276 1278 338 LIBELLIS
1318 275 1495 334 FIDEI
1533 264 1836 331 SCRIPTIS
1876 268 1967 327 AB
2006 259 2444 323 AUCTORIBUS
2484 258 2800 317 llAERESlS
2839 253 3281 314 PELAGIANIE.
3366 247 3475 307 4⁸η

186 408 453 474 liberare,
474 417 527 462 et
548 414 640 462 aut
663 402 874 459 salvam
897 396 1169 455 custodire
1192 396 1474 461 virtutem,
1501 400 1592 447 aut
1614 388 1780 446 amis-
1811 388 1861 450 Α

189 516 315 558 sam
344 498 577 572 perinde
596 510 874 553 revocare.

269 595 363 652 Sic
400 594 592 650 beatus
624 588 793 645 David
833 586 1112 653 virtutem,
1140 597 1303 654 quam
1331 578 1664 652 perdiderat,
1697 591 1788 632 re-

191 701 467 759 cuperare
494 684 781 751 festinans,
805 681 968 737 docet
998 678 1187 734 dicens
1208 675 1328 747 (Ps.
1364 691 1417 741 t.,
1451 673 1543 744 i9)
1575 688 1589 726 :
1617 669 1791 727 Sacri-

193 782 379 851 ﬁcium
429 778 562 846 Deo,
609 776 826 849 spiritus
872 769 1277 836 contribulatus;
1308 784 1396 822 cor
1438 764 1714 821 contritum
1740 770 1790 817 et

193 871 535 927 Itumiliatum
582 867 722 923 Deus
752 883 852 922 non
880 872 1101 933 spernet.
1133 864 1197 918 Et
1224 863 1421 918 iterum
1459 858 1575 931 (Ps.
1599 873 1673 923 vt,
1699 857 1787 927 7):

195 966 460 1023 Laboravi
508 969 561 1019 in
604 964 798 1038 gemitu
841 977 978 1029 meo,
1011 958 1191 1014 lavabo
1218 973 1310 1024 per
1354 953 1590 1025 singulas
1620 957 1792 1006 noctes

195 1059 392 1115 lectum
418 1074 610 1124 meum,
639 1057 697 1111 in
727 1052 969 1125 lacrymis
998 1052 1125 1106 meis
1151 1056 1370 1105 stratum
1395 1061 1562 1101 meum
1590 1042 1791 1113 rigabo.

198 1154 269 1208 Et
296 1152 495 1207 iterum
526 1148 647 1221 (Ps.
675 1162 825 1215 cvm,
856 1144 953 1215 24)
984 1160 999 1198 :
1029 1141 1211 1198 Genua
1235 1157 1349 1196 mea
1383 1138 1648 1208 inﬁrmata
1674 1141 1795 1189 sunt

194 1260 309 1314 pra:
352 1241 583 1315 jejunio,
617 1250 665 1295 et
710 1254 832 1293 caro
861 1252 974 1290 utea
1003 1242 1201 1288 mutata
1247 1240 1323 1288 est
1361 1238 1570 1303 propter
1601 1228 1791 1282 oleum.

197 1334 419 1389 Docetts
448 1333 613 1388 etiam
660 1327 1115 1400 quemadmodum
1153 1325 1403 1381 virtutem
1444 1334 1667 1378 servare
1695 1318 1793 1375 de-

198 1426 455 1493 beamus,
490 1423 623 1481 dicit
651 1422 837 1495 (Psal.
889 1436 1075 1487 xxstv,
1128 1417 1267 1489 i3):
1305 1416 1421 1489 Ego
1463 1424 1638 1470 autem
1679 1429 1798 1467 cum

201 1516 338 1572 mihi
366 1518 567 1573 molesti
595 1525 788 1583 essent,
811 1514 1088 1569 induebant
1120 1528 1201 1567 me
1240 1511 1434 1579 cilicio,
1466 1518 1513 1566 et
1552 1507 1797 1564 humilia-

201 1610 322 1664 bam
348 1611 407 1664 in
449 1609 661 1682 jejunio
689 1610 919 1662 animam
939 1622 1129 1662 meam.

274 1701 539 1758 Similiter
584 1709 764 1757 autem
810 1699 1074 1755 Dominus
1121 1706 1307 1755 noster
1348 1697 1508 1754 Jesus
1549 1694 1799 1763 Christus

202 1793 509 1865 discipulos
548 1807 680 1850 suos
708 1792 957 1859 docebat,
1003 1806 1109 1848 non
1154 1792 1313 1848 aliter
1346 1798 1441 1847 aut
1484 1790 1712 1859 salvam,
1741 1797 1799 1847 ut
1827 1773 1877 1834 Β

203 1888 343 1956 dixi,
375 1887 605 1955 servari,
633 1894 727 1943 aut
750 1885 1015 1958 perditam
1042 1886 1290 1943 revocari
1330 1900 1492 1957 posse
1517 1885 1825 1965 virtutem,

204 1981 313 2036 nisi
344 1996 443 2051 per
489 1980 705 2037 labores
746 1979 989 2050 corporis
1035 1988 1093 2035 et
1119 1979 1359 2036 dolores.
1408 1979 1499 2037 Sic
1533 1980 1678 2035 enim
1724 1979 1801 2035 ait

205 2070 429 2145 (Matth.
460 2087 558 2138 vit,
602 2071 733 2143 i5):
766 2069 1107 2143 Ingredimini
1146 2088 1235 2142 per
1275 2082 1548 2145 angustam
1574 2080 1799 2142 portam,

204 2166 334 2236 quia
361 2165 471 2219 lata
492 2174 643 2237 porta
673 2174 721 2221 et
752 2167 977 2236 spatiosa
1003 2165 1085 2219 via
1114 2181 1229 2235 qua:
1252 2166 1395 2220 ducit
1422 2166 1491 2219 ad
1512 2166 1797 2233 interitum,

203 2259 357 2313 multi
395 2267 516 2313 sunt
559 2258 645 2329 qui
680 2258 1044 2332 ingrediuntur
1080 2262 1193 2329 per'
1224 2273 1337 2312 eam
1349 2273 1371 2325 ;
1416 2258 1540 2329 quia
1578 2266 1802 2330 angusta

205 2360 359 2423 porta
402 2361 449 2406 et
478 2359 624 2406 arcta
660 2351 744 2406 via
783 2366 898 2422 qua:
922 2350 1064 2405 ducit
1099 2349 1168 2405 ad
1206 2350 1386 2417 vitam,
1411 2358 1459 2406 et
1497 2350 1653 2422 pauci
1681 2358 1803 2405 sunt

206 2446 295 2515 qui
320 2446 591 2500 inveniunt
611 2461 743 2499 eam.
1800 2444 1801 2449 “

276 2535 409 2594 ideo
439 2546 495 2594 et
532 2538 728 2594 beatus
755 2536 977 2605 Paulus,
1015 2550 1138 2593 cum
1183 2544 1401 2608 rogaret
1429 2535 1713 2593 Dominum
1743 2544 1802 2592 ut

207 2631 283 2686 ab
313 2631 436 2703 ipso
472 2634 686 2703 penitus
710 2630 802 2687 ille
840 2630 1167 2699 discederet,
1199 2631 1293 2701 qui
1320 2629 1594 2686 stimulum
1620 2628 1802 2687 carnis

208 2724 440 2795 inﬁgere
472 2724 788 2791 conabatur,
820 2739 926 2779 non
958 2723 1291 2794 impetravit,
1321 2723 1417 2779 sed
1448 2723 1620 2794 magis
1649 2722 1803 2779 audi-

209 2815 295 2871 vit
324 2831 357 2870 a
385 2816 608 2871 Domino
634 2815 702 2888 (Il
730 2813 853 2873 Cor.
876 2831 974 2883 xu,
1006 2814 1311 2885 9):Suﬁicit
1340 2814 1430 2870 tibi
1459 2816 1630 2886 gratia
1655 2830 1802 2881 mea;

211 2907 385 2961 virtus
409 2908 542 2961 enim
568 2909 618 2962 in
655 2908 957 2978 inﬁrmitate
997 2908 1276 2977 perﬁcitur.
1325 2907 1479 2965 Unde
1517 2908 1672 2965 fartus
1700 2922 1801 2979 po-

208 3012 328 3057 stea
352 3000 565 3056 dicebat
592 2999 870 3057 :Libenter
895 3017 1014 3072 ergo
1043 3000 1302 3074 gloriabor
1330 3001 1383 3056 in
1420 3000 1801 3071 inﬁrmitatibus

209 3097 361 3163 meis,
406 3104 463 3150 ut
502 3096 745 3150 inhabitet
789 3096 842 3150 in
870 3112 949 3150 me
985 3096 1145 3150 virtus
1172 3095 1385 3151 Christi.
1420 3094 1643 3167 PrOpter
1664 3093 1801 3166 quod

210 3188 392 3257 placeo
430 3188 557 3242 mihi
585 3189 639 3242 in
668 3186 1055 3258 inﬁrmitatibus
1084 3187 1230 3256 meis,
1275 3189 1331 3242 in
1368 3164 1708 3254 contumeliis,
1744 3187 1800 3241 in
1827 3164 1874 3229 (ἶ

213 3281 624 3346 necessitatibus,
648 3280 701 3333 in
724 3278 1159 3352 persecutionibus
1187 3286 1233 3333 et
1259 3278 1513 3352 angustiis
1535 3294 1629 3348 pro
1651 3276 1802 3332 Chri-

214 3382 313 3427 sto.
344 3370 479 3427 Cum
507 3373 641 3426 enim
667 3372 901 3441 inﬁrmor
942 3380 1062 3425 tunc
1089 3380 1267 3440 potens
1308 3386 1444 3424 sum.
1470 3368 1596 3425 Ideo
1621 3377 1801 3424 autem

214 3464 421 3520 docens
448 3463 584 3519 dicit
612 3463 678 3534 (ll
704 3461 824 3517 Cor.
858 3478 927 3529 tv,
956 3461 1046 3533 16)
1085 3479 1098 3516 :
1134 3459 1356 3530 Propter
1381 3460 1518 3531 quod
1544 3476 1646 3515 non
1668 3460 1801 3528 deﬁ-

214 3558 415 3623 cimus;
441 3558 528 3612 sed
550 3558 667 3611 licet
690 3558 734 3611 is
759 3557 847 3627 qui
875 3556 999 3627 foris
1028 3566 1105 3609 est
1128 3562 1297 3609 noster
1318 3553 1470 3607 homo
1493 3568 1804 3622 corrumpa-

217 3659 327 3718 tur,
359 3662 529 3706 tamen
548 3651 593 3705 is
618 3651 706 3721 qui
745 3650 883 3705 intus
919 3657 992 3704 est
1030 3656 1299 3704 renovatur
1335 3648 1399 3704 de
1427 3648 1511 3702 die
1540 3647 1593 3701 in
1634 3647 1803 3714 diem;

216 3759 339 3797 nam
358 3743 495 3813 quod
524 3743 577 3797 in
607 3743 841 3813 praesenti
861 3749 934 3795 est
955 3748 1362 3795 momentaneum
1384 3746 1434 3792 et
1457 3738 1560 3793 leve
1587 3736 1803 3793 tribula-

218 3835 379 3889 tionis
425 3842 635 3899 nostrte,
666 3849 822 3905 supra
859 3832 1071 3887 modum
1112 3832 1167 3886 in
1202 3831 1515 3885 sublimitate
1556 3839 1806 3884 internum

218 3927 407 4000 gloria
433 3928 635 4000 pondus
659 3928 901 3999 cperatur
921 3926 978 3980 in
1018 3925 1183 3991 nobis,
1216 3940 1320 3979 non
1348 3922 1807 3994 contemplantibus

218 4020 367 4075 nobis
396 4035 511 4090 quae
548 4020 803 4087 videntur,
835 4019 922 4075 sed
957 4033 1072 4089 quae
1098 4033 1200 4072 non
1227 4015 1481 4071 videntur.
1510 4015 1637 4082 Quae
1671 4016 1807 4071 enim

219 4112 482 4179 videntur,
514 4111 825 4184 temporalia
867 4119 1021 4177 sunt;
1049 4124 1164 4181 qua:
1189 4116 1361 4164 autem
1407 4124 1511 4163 non
1543 4105 1803 4176 videntur,

221 4216 418 4262 aterna
444 4214 581 4259 sunt.

294 4298 387 4353 Sic
437 4297 599 4367 igitur
642 4294 892 4362 dicimus,
951 4293 1159 4365 primos
1209 4292 1475 4359 homines,
1532 4288 1702 4344 Adam
1754 4296 1810 4345 et

222 4390 420 4456 Evam,
467 4403 499 4443 a
540 4396 762 4459 peccato
802 4402 904 4444 suo
949 4386 1118 4441 fuisse
1158 4384 1403 4440 salvatos
1454 4396 1549 4452 per
1594 4380 1809 4437 labores

221 4480 471 4549 corporis
513 4486 567 4533 et
597 4477 813 4534 dolores
851 4490 987 4547 quos
1033 4475 1114 4531 eis
1164 4474 1421 4529 Dominus
1459 4471 1806 4542 praestiterat,

1890 384 2101 453 ﬁcilium
2137 391 2401 451 portuum,
2440 380 2785 453 agricolarum
2815 376 3134 453 sudantium,
3163 383 3210 453 et
3236 372 3473 453 spinoso-

1886 443 2001 510 rum
2028 443 2308 519 novalium,
2340 443 2528 506 crintén
2558 450 2793 504 naturale
2817 449 3077 514 credatur,
3107 447 3258 517 cujus
3288 443 3469 519 merito

1891 544 1980 596 per
2022 536 2094 580 tot
2135 514 2458 579 incommoda
2498 538 2658 596 genus
2698 527 3015 596 exerceatur,
3049 514 3199 596 quod
3238 514 3475 586 quidam,

1889 587 1978 671 per
2005 597 2132 653 Adae
2156 606 2442 669 peccatum,
2464 587 2681 649 mortale
2708 592 2987 663 apinantur
3007 587 3265 655 eﬂ'ectum,
3294 593 3401 641 etc.

1965 712 2054 767 ‘56.
2109 709 2263 779 Quod
2313 715 2491 765 autem
2541 706 2684 763 Deus
2736 702 2999 761 dimiserit
3052 703 3131 759 eis
3173 708 3475 773 peccatum,

1891 803 2033 861 sicut
2066 803 2228 859 etiam
2264 801 2422 869 Cain,
2465 800 2555 871 qui
2586 798 2818 871 primum
2847 802 3187 868 peccaverat,
3234 791 3478 859 indulsit,

1892 911 2014 952 cum
2048 894 2277 950 dixisset
2305 892 2370 948 ad
2414 906 2541 947 eum
2571 908 2585 945 :
2618 888 2873 953 Peccasti,
2896 887 3118 955 quiesce,
3154 884 3223 937 ad
3249 891 3297 938 te
3315 897 3482 937 rever—

1892 990 1969 1044 sio
2010 988 2142 1060 ejus,
2182 985 2285 1041 hoc
2320 992 2423 1050 est,
2473 979 2722 1053 peccati:
2752 978 2822 1035 Et
2860 986 2917 1032 tu
2954 971 3481 1045 dominaberis(Gen.

1894 1098 1970 1150 tv,
1993 1080 2080 1153 7);
2112 1087 2298 1151 aperte
2319 1078 2529 1149 Moyses
2556 1074 2796 1132 ostendit
2815 1087 2914 1145 per
2943 1071 3356 1135 humanitatem,
3386 1081 3484 1123 seu

1895 1171 2345 1235 misericordiam,
2377 1184 2540 1240 quam
2575 1168 2713 1224 Deus
2742 1167 2879 1237 ipsis
2908 1173 3096 1234 postea
3127 1161 3362 1217 libenter
3393 1158 3479 1214 in-

1896 1268 2083 1325 dulsit.
2112 1265 2249 1334 Quid
2277 1264 2421 1320 enim
2452 1263 2583 1319 dicit
2609 1262 2820 1333 Moyses
2850 1257 3005 1329 (Gen.
3031 1273 3110 1325 Ill,
3138 1256 3265 1321 2i)?
3311 1250 3380 1306 Et
3405 1252 3485 1323 [e-

1895 1361 1961 1414 cit
1992 1359 2239 1414 Dominus
2285 1356 2423 1411 Deus
2461 1354 2628 1408 Adam
2664 1362 2714 1407 et
2758 1351 2909 1406 uxori
2940 1352 3053 1422 ejus
3084 1358 3286 1403 tunicas
3330 1344 3485 1417 pelli-

1897 1470 2033 1519 ceas,
2064 1462 2112 1509 et
2140 1451 2333 1506 vestivit
2365 1465 2468 1504 eos.
2511 1446 2645 1503 Nam
2674 1445 2718 1501 si
2750 1443 3008 1500 Dominus
3036 1443 3168 1512 ipsis
3201 1447 3484 1511 peccatum

1898 1562 2006 1603 non
2034 1545 2347 1612 dimisisset,
2395 1553 2685 1611 numquam
2716 1535 2961 1608 profecto
3000 1549 3095 1605 per
3130 1530 3488 1602 semetipsum

1898 1638 2127 1697 vestiret
2142 1650 2245 1694 eos
2278 1634 2474 1691 tunicis
2513 1644 2647 1703 quas
2686 1629 2794 1685 illis
2824 1629 2939 1699 ipse
2973 1626 3295 1697 perfecerat.

1971 1732 2052 1789 Ne
2084 1729 2203 1802 quis
2230 1730 2391 1801 igitur
2418 1724 2636 1783 easdem
2673 1722 2933 1795 pelliceas
2959 1719 3194 1783 tunicas,
3226 1730 3362 1788 quas
3391 1714 3489 1771 ha-

1902 1826 2153 1893 buerunt,
2200 1822 2491 1877 humanum
2535 1831 2731 1888 corpus
2772 1814 3066 1877 existimet,
3111 1812 3251 1866 sicut
3290 1807 3490 1879 impius

1903 1918 2162 1989 Origenes
2189 1913 2459 1984 exposuit.
2497 1909 2628 1965 Nam
2658 1915 2784 1964 ante
2823 1907 2973 1974 istas,
3008 1918 3143 1975 quas
3172 1901 3307 1968 dixi,
3336 1900 3490 1972 pelli-

1902 2024 2028 2066 ceas
2058 2008 2266 2063 tunicas
2293 2007 2411 2076 ipse
2433 2004 2603 2059 Adam
2634 2016 2852 2057 carnem
2882 1996 3085 2054 habere
3113 2010 3173 2052 se
3200 1994 3384 2051 docuit
3408 1992 3490 2049 di-

1902 2116 2033 2158 cens
2062 2100 2213 2170 (Gen.
2245 2114 2302 2165 tt,
2334 2096 2426 2167 25)
2464 2113 2476 2150 :
2504 2093 2619 2149 Hoc
2649 2108 2785 2148 nunc
2825 2107 2880 2145 os
2908 2090 2972 2145 de
3018 2087 3217 2143 ossibus
3263 2085 3410 2152 meis,
3441 2090 3491 2138 et

1903 2209 2024 2249 caro
2064 2193 2126 2247 de
2165 2206 2321 2245 carne
2346 2204 2480 2243 mea.
2528 2185 2791 2242 Pelliceas
2822 2183 2988 2254 igitur
3022 2179 3233 2236 tunicas
3280 2178 3432 2233 datas
3461 2192 3491 2234 a

1903 2285 2016 2341 Deo
2054 2284 2223 2342 fuisse
2270 2282 2500 2338 dicimus
2549 2287 2771 2351 propter
2818 2274 3167 2347 asperitatem
3211 2272 3355 2337 vitae,
3408 2268 3491 2329 vel

1904 2378 2050 2451 quod
2082 2387 2353 2449 tamquam
2383 2391 2443 2432 se
2466 2372 2847 2432 exercentibus
2874 2370 2941 2427 ad
2967 2369 3245 2433 virtutem,
3278 2381 3371 2422 eas
3398 2364 3490 2421 da~

1903 2472 1995 2528 bat
2021 2486 2142 2541 qua:
2163 2483 2416 2539 congrua:
2445 2466 2784 2533 videbantur,
2811 2472 2868 2518 ut
2898 2462 3169 2516 discerent
3192 2473 3298 2514 non
3331 2457 3491 2513 aliter

1904 2578 2066 2636 posse
2118 2563 2336 2617 vincere
2382 2556 2679 2615 invisibiles
2721 2554 2991 2619 inimicos,
3053 2550 3156 2607 nisi
3208 2548 3493 2607 laboribus

1904 2656 2171 2727 corporis.
2216 2653 2287 2709 Et
2333 2651 2475 2721 quod
2519 2659 2640 2721 post
2680 2646 3196 2720 praevaricationem,
3227 2658 3386 2716 quam
3436 2642 3491 2701 in

1905 2749 2158 2823 paradiso
2185 2747 2501 2813 admiserat,
2535 2742 2909 2815 perseveravit
2929 2739 3100 2796 Adam
3128 2739 3181 2794 in
3210 2747 3491 2810 posterum

1905 2859 2079 2916 usque
2125 2842 2193 2899 ad
2224 2842 2384 2898 linem
2430 2841 2556 2897 vita:
2587 2853 2701 2895 sua:
2744 2837 3124 2907 obtemperans
3162 2834 3299 2900 Deo,
3341 2832 3492 2889 testis

1904 2945 1990 2995 est
2018 2935 2293 3002 Salomon,
2326 2948 2450 2990 cum
2477 2931 2545 2987 de
2587 2930 2851 3000 sapientia
2893 2928 3031 2998 ejus,
3060 2942 3180 2997 quae
3210 2926 3391 2996 ipsum
3432 2923 3489 2979 in

1905 3029 2102 3086 timore
2133 3027 2229 3084 Dei
2259 3026 2515 3092 servavit,
2556 3023 2764 3079 diceret
2790 3021 2895 3077 hoc
2919 3025 3081 3075 modo
3104 3019 3265 3093 (Sap.
3298 3033 3356 3087 ι,
3386 3016 3441 3090 l)
3469 3034 3485 3072 :

1909 3122 2036 3177 Hac
2053 3123 2276 3194 printum
2296 3120 2471 3188 ﬁctum
2509 3127 2707 3188 patrem
2742 3113 2877 3170 orbis
2906 3122 3177 3175 terrarum,
3210 3126 3324 3165 cum
3355 3107 3493 3166 solus
3586 3152 3595 3161 ,

1903 3224 2105 3270 creatus
2119 3221 2265 3279 esset,
2282 3209 2576 3276 custodiuit,
2588 3218 2634 3262 et
2649 3206 2881 3262 liberavit
2893 3222 2924 3259 a
2936 3204 3155 3269 delicto;
3173 3201 3314 3257 dedit
3324 3211 3492 3256 autem

1904 3309 1949 3363 ei
1982 3304 2342 3378 fortitudinem
2380 3300 2685 3356 dominandi
2726 3298 2981 3354 omnibus.
3022 3294 3284 3352 Similiter
3309 3302 3493 3348 autem

1904 3404 2068 3460 etiam
2098 3400 2166 3456 de
2192 3399 2366 3454 salute
2400 3396 2532 3452 Evae
2568 3395 2760 3450 beatus
2794 3392 2993 3447 Paulus
3021 3390 3223 3446 docens
3258 3387 3332 3441 ita
3361 3384 3493 3446 dicit

1904 3494 1952 3567 (l
1984 3494 2122 3549 Tim.
2167 3508 2229 3558 tt,
2290 3490 2377 3561 15)
2415 3489 2621 3543 :Adam
2664 3488 2800 3543 enim
2847 3485 3041 3558 primus
3096 3486 3343 3555 formatus
3387 3487 3492 3545 est,

1906 3588 2089 3643 deinde
2120 3584 2265 3650 Eva;
2291 3593 2337 3639 et
2375 3582 2540 3637 Adam
2568 3598 2670 3635 non
2713 3588 2784 3636 est
2812 3579 3069 3643 seductus,
3118 3574 3303 3629 mulier
3327 3580 3491 3627 autent

1905 3679 2117 3732 seducta
2154 3677 2206 3730 in
2237 3675 2652 3747 praevaricatione
2690 3672 2804 3741 fuit.
2857 3668 3156 3726 Saluabitur
3198 3674 3369 3720 autem
3405 3675 3493 3734 per

1866 3780 1871 3793 λ
1906 3772 2133 3841 ﬁliorum
2172 3768 2575 3843 generationem,
2613 3767 2661 3821 si
2687 3763 3060 3836 permanserint
3096 3761 3151 3814 in
3176 3759 3298 3829 ﬁde,
3341 3767 3390 3813 et
3414 3756 3491 3811 di-

1908 3864 2142 3932 lectione,
2178 3871 2228 3918 et
2258 3863 2684 3933 sanctiﬁcatione,
2715 3875 2832 3914 cum
2860 3855 3153 3912 sobrietate.

1978 3982 2354 4037 Commentum
2397 3976 2645 4047 Origenis
2685 3974 2752 4028 de
2779 3970 3030 4047 pelliceis
3058 3966 3492 4047 veSIihusnemo

1907 4035 2128 4107 Patrum
2156 4065 2262 4105 non
2293 4035 2609 4111 insecta'iur,
2638 4053 2694 4099 et
2720 4035 2916 4098 acriter
2946 4039 3161 4110 quidem
3185 4035 3490 4111 Methodius

1908 4106 2048 4193 apud
2080 4122 2352 4193 Photittm,
2389 4106 2727 4193 Epiphanius
2755 4116 2807 4168 in
2832 4106 3180 4193 enchorat'g,
3216 4116 3271 4193 et
3296 4106 3351 4193 itt
3377 4106 3492 4193 epi-

1908 4176 2047 4248 st'ola
2090 4192 2156 4246 ad
2183 4176 2452 4246 Joannem'
2486 4176 3053 4255 Hierosolymitanum.
3100 4176 3379 4255 Praetereo,
3411 4176 3493 4255 i_n-

1909 4246 2046 4334 quit,
2080 4261 2318 4334 frivolam
2341 4264 2452 4333 ejus
2470 4246 3010 4334 expositionentsuper
3036 4249 3218 4334 tunicis
3239 4246 3489 4334 pellit-eis,

1909 4318 2100 4403 quanti.)
2122 4343 2331 4396 conatu,
2360 4318 2664 4401 quantisque
2692 4326 2851 4396 egerit
2883 4318 3218 4403 argumentis,
3256 4327 3315 4372 ut
3355 4318 3491 4399 tuni-

1910 4387 1997 4460 cas
2027 4387 2263 4474 pelliceas
2295 4387 2518 4474 humana
2545 4387 2652 4474 esse
2684 4387 2901 4474 corpora
2923 4387 3391 4474 crederemus;_qui
3417 4388 3492 4442 in-

1912 4486 1988 4530 ter
2017 4461 2180 4529 multa
2201 4476 2273 4527 ait
2302 4488 2320 4527 :
2348 4471 2612 4542 Numquid
2641 4461 3011 4542 coria-riusaut
3032 4461 3355 4517 scortisarius
3383 4468 3491 4514 erat

221 4587 324 4644 pro
362 4573 625 4629 beneficio
671 4571 881 4628 scilicet
924 4569 1248 4626 animarum.
1278 4566 1434 4624 Unde
1466 4574 1650 4636 postea
1681 4580 1810 4620 nus-
1834 4547 1888 4608 Ι)
1912 4536 3026 4644 ρςαξτ.ἐξ,ξοίιίξξίςςξςνξίίίίδωα’ίίῖηιέέξιλπςι
3052 4540 3397 4644 ῧηξςξξχίξεί
3415 4544 3492 4644 :3

219 4680 388 4736 quam
420 4664 548 4720 facit
592 4679 778 4720 eorum
807 4662 988 4719 divina
1026 4660 1329 4733 Scriptura,
1361 4659 1513 4730 quasi
1552 4672 1809 4730 peccave-

218 4760 357 4827 rint,
390 4758 737 4813 mentionem.

243 4869 543 4954 __0ccupa.t_
561 4877 936 4954 argumentum
968 4883 1001 4954 ἢ
1032 4866 1307 4954 laboribus
1350 4875 1405 4954 et_
1428 4866 1681 4954 aerumnis
1708 4880 1805 4934 pe-

219 4943 405 5009 titum,
433 4937 875 5011 quibus'punitos
900 4937 1148 4995 catholici
1173 4938 1573 5011 contendebant
1598 4937 1804 5011 primos

220 5007 481 5079 parentes
500 5012 570 5067 ob
596 5007 896 5082 peccatum,
926 5011 1156 5080 indeque
1178 5009 1570 5082 traductionem
1594 5007 1802 5082 peccati

220 5076 274 5138 in
315 5092 563 5153 posteros
596 5076 924 5153 arguebant,
954 5076 1152 5152 quippe
1179 5095 1315 5151 quos
1344 5080 1506 5135 simili
1538 5093 1691 5153 poma
1724 5076 1803 5132 af-

218 5148 330 5209 lici'
357 5148 693 5210 cernerent:
718 5148 985 5209 Eamdem'
1018 5148 1295 5207 materiem
1341 5161 1521 5205 versat
1558 5148 1803 5204 Julianus

217 5225 322 5280 lib.
360 5241 393 5278 v
418 5226 733 5294 posterioris
760 5225 949 5294 Operis
977 5222 1219 5295 (August.
1251 5222 1339 5277 lib.
1364 5236 1418 5275 vr
1447 5220 1549 5295 0p.
1581 5219 1801 5289 lmperf.

215 5313 263 5349 ε.
298 5296 372 5351 25
399 5292 447 5350 et
476 5295 630 5365 seq.),
671 5292 996 5365 videturque
1034 5311 1065 5349 e
1087 5292 1305 5349 Rufino
1337 5292 1659 5365 sumpsisse,
1683 5306 1803 5365 qua:

219 5367 512 5447 verbosius
544 5362 880 5447 ’e'xponeret.
901 5362 1050 5434 Quid
1077 5383 1191 5447 nos,
1237 5364 1430 5433 inquit,
1475 5373 1579 5415 tam
1608 5362 1803 5444 abstine

217 5440 453 5493 reritatis
482 5433 645 5492 solius
668 5439 914 5493 rationem
938 5433 1249 5507 sequendam
1275 5445 1534 5505 putamus,
1560 5449 1671 5486 cum
1696 5433 1803 5485 ini-

219 5511 479 5580 micorum
509 5519 796 5564 nostrorum
824 5509 1054 5579 phalanx
1081 5509 1204 5580 ipsis
1246 5507 1492 5580 innitatur
1520 5520 1688 5557 rerum
1690 5519 1806 5580 Jac-

219 5521 479 5562 micorum
509 5521 796 5564 nostrorum
824 5521 1054 5579 phalanx
1081 5525 1204 5580 ipsis
1246 5521 1492 5560 innitatur
1520 5521 1688 5557 rerum
1753 5521 1806 5555 e-

215 5578 428 5644 riculis,
457 5588 502 5632 et
520 5581 752 5650 insurgat
775 5582 827 5633 in
854 5596 946 5633 nos
974 5593 1322 5634 terumnarum
1347 5578 1596 5650 instructa
1615 5521 1806 5650 salign-

216 5654 326 5723 giis
353 5666 371 5703 :
401 5651 519 5723 vult!
533 5646 720 5719 quippe
749 5652 942 5723 pudore
985 5650 1294 5723 coeuntium,
1330 5648 1506 5723 dolore
1533 5646 1803 5713 parientis,

216 5718 419 5776 sudore
447 5718 758 5787 laborantis,
791 5718 1223 5775 transntissionem
1259 5721 1522 5789 culparum
1560 5727 1607 5770 et
1633 5732 1806 5789 ptrna-

217 5810 345 5850 runt
372 5795 425 5850 in
453 5794 649 5848 semina
674 5793 1024 5860 comprobare,
1064 5801 1119 5851 vt
1148 5792 1226 5847 Itis
1251 5787 1482 5845 videlicet
1508 5789 1667 5854 siqnis
1697 5787 1802 5854 dif-

1914 4620 1987 4673 eis
2034 4604 2231 4671 tunicas
2261 4604 2500 4683 pélliceas
2538 4611 2706 4665 Adam
2751 4619 2801 4683 et
2843 4607 3006 4662 Eutr?
3044 4604 3377 4683 manifestum
3415 4608 3492 4683 est

1914 4668 2281 4761 éigo',"tii§uit',
2302 4668 2441 4756 quod
2475 4684 2538 4761 de
2579 4680 2876 4761 corporibus
2912 4668 3387 4761 nostrisnloquatur'.
3420 4668 3492 4724 Et

1912 4761 1957 4815 si
1970 4743 2072 4813 7m}:
2098 4743 2178 4812 ita.
2192 4743 2288 4822 est,
2317 4743 2571 4824 quomodo
2591 4743 2827 4824 legimus,
2848 4760 2974 4824 ante
3000 4746 3254 4824 p_elliceas_
3267 4743 3489 4824 tunicas,

1911 4812 1959 4885 et
1979 4812 2094 4884 ante
2114 4812 2509 4884 inobedientiam
2531 4833 2578 4877 et
2609 4812 2670 4877 de
2691 4812 2934 4890 paradiso
2965 4812 3190 4880 ruinam,
3221 4814 3387 4890 {idum
3414 4812 3490 4865 lo-

1909 4884 2141 4971 quentem
2163 4916 2263 4953 non
2284 4897 2562 4971 secundum
2582 4884 2901 4971 allegorimn,
2934 4890 3020 4944 sed
3040 4904 3152 4941 vere
3171 4884 3337 4971 :"Hoc
3352 4898 3491 4937 nunc

1909 4956 1967 5027 os
1996 4988 2059 5026 ea:
2085 4972 2281 5025 ossibus
2311 4968 2455 5035 meis,
2504 4974 2552 5018 et
2586 4956 2707 5019 caro
2734 4965 2796 5017 de
2823 4956 2985 5035 carne
3016 4974 3146 5035 mea.
3179 4956 3377 5011 Verum
3397 4962 3491 5035 aut

1906 5023 2055 5099 varie
2090 5023 2309 5096 locutus
2355 5023 2764 5106 est'Urigenes,
2808 5042 2902 5106 aut
2927 5029 3299 5086 Theodoretus
3347 5023 3488 5081 male

1904 5114 2079 5185 ipsum
2110 5112 2364 5184 exposuit
2392 5111 2447 5164 in
2475 5102 2601 5175 QQ:
2616 5106 2684 5162 de
2710 5102 2926 5161 Genesi.

1976 5231 2064 5285 57.
2094 5227 2248 5297 Quod
2278 5226 2434 5294 dixit,
2480 5239 2575 5296 per
2613 5222 2846 5277 filiorum
2884 5213 3314 5289 generationem,
3360 5225 3485 5266 cum

1907 5320 2139 5375 filiorum
2176 5318 2528 5389 generatione
2569 5311 2921 5385 signiﬁcavit;
2951 5307 3088 5364 solet
3131 5305 3277 5361 enim
3306 5301 3487 5358 divina

1894 5414 2185 5483 .Scriptura
2218 5409 2634 5482 prmpositiones
2674 5405 2989 5475 plerumque
3031 5406 3264 5455 mutare.
3308 5392 3489 5450 Testis

1906 5516 1989 5560 est
2036 5504 2339 5574 patriarcha
2366 5499 2566 5570 Joseph
2597 5498 2665 5554 de
2703 5496 2915 5552 somnio
2954 5492 3020 5548 ad
3051 5489 3372 5546 Eunuchum
3398 5484 3489 5541 di-

1906 5613 2034 5654 cens
2067 5614 2082 5654 :
2120 5596 2241 5651 Non
2263 5613 2352 5681 per
2375 5596 2542 5651 Deum
2563 5592 2858 5663 explanatio
2885 5591 2995 5661 ejus
3018 5585 3170 5657 (Gen.
3202 5600 3291 5651 ιι,
3322 5582 3406 5651 8),
3434 5579 3491 5636 id

1908 5702 2012 5759 est,
2046 5706 2151 5744 non
2178 5706 2207 5744 a
2239 5673 2369 5744 Deo.
2401 5687 2664 5742 Similiter
2703 5692 2881 5739 autem
2928 5680 3092 5736 etiam
3128 5676 3317 5733 beatus
3346 5673 3489 5730 Pau-

1912 5786 2015 5851 lus,
2076 5798 2201 5841 cum
2248 5782 2317 5840 ad
2356 5781 2612 5839 llebrteos
2661 5777 2942 5848 scriberet,
2982 5772 3114 5833 dicit
3144 5791 3157 5834 ;
3186 5769 3290 5828 Per
3339 5781 3490 5843 quem
