3900 6268
511 258 618 326 475

936 262 1029 321 AD
1066 263 1348 322 PARTEM
1373 262 1656 320 .PRIMAM
1691 260 1977 320 OPERUM
2015 259 2086 318 Μ.
2130 257 2574 318 IEBCATORIS
2608 258 2954 319 APPENDIX
2994 262 3335 324 SECUNDA.

3657 273 3755 328 476

512 384 671 438 etiam
695 383 813 453 fecit
843 383 1030 436 secula
1053 382 1212 455 (Heb.
1243 398 1282 447 ι,
1307 382 1389 452 2),
1425 397 1522 452 pro
1552 396 1617 437 eo
1645 381 1786 451 quod
1815 389 1920 448 est,
1963 394 2083 435 cum
2112 380 2169 442 Α
2190 377 2423 462 steriore
2449 377 2586 462 (Eb.
2621 393 2677 462 ut
2704 379 2816 460 0p.
2837 377 3058 450 Imperf.
3090 399 3135 462 c_.
3170 382 3246 462 ig
3279 392 3326 437 et
3353 385 3754 462 seq.),‘utr0que

507 485 619 544 quo
666 469 829 526 etiam
867 467 998 527 fecit
1041 475 1256 527 saecula.
1295 473 1478 540 Neque
1524 473 1666 528 enim
1715 471 2094 528 subministra-

511 569 686 619 torem
717 563 947 618 dicimus
991 561 1167 618 Patris
1215 579 1340 620 esse
1383 562 1602 632 Filium,
1640 573 1858 634 propter
1883 563 1984 618 hoc
2009 561 2092 618 di-

511 667 682 726 ctum,
713 657 860 730 quod
904 666 1030 716 est:
1067 657 1170 712 Per
1216 675 1361 728 quem
1400 659 1553 712 etiam
1581 660 1698 730 fecit
1727 659 1950 724 swcula;
1996 657 2092 713 sed

513 750 687 820 magis
713 762 1152 822 cooperatorem.
1191 748 1310 806 Non
1338 766 1466 823 ergo
1501 750 1610 804 Eva
1643 760 1865 821 propter
1894 749 2092 807 liberos

513 843 810 900 salvabitur
855 860 1006 911 suos,
1054 859 1229 915 neque
1273 843 1391 914 ejus
1437 844 1654 900 soboles
1701 844 1891 898 matris
1930 857 2092 897 causa

514 935 880 1006 damnabitur,
916 947 1007 991 aut
1036 935 1206 1008 patris
1249 937 1446 1003 Adam,
1485 932 1625 992 sicut
1667 935 2090 1008 imprudentium

515 1026 747 1081 aestimat
775 1025 1045 1095 opinatio;
1078 1030 1210 1082 nam
1242 1027 1612 1098 unusquisque
1641 1027 1938 1094 hominum,
1970 1040 2092 1081 cum

517 1115 672 1172 liberi
711 1116 919 1172 arbitrii
968 1118 1060 1184 sit,
1110 1134 1177 1174 ex
1217 1134 1436 1174 suorum
1484 1118 1743 1188 qualitate
1789 1125 2086 1187 gestorum,

514 1215 608 1260 aut
628 1205 928 1263 laudandus
950 1207 1232 1274 nimirum,
1257 1218 1348 1264 aut
1376 1209 1761 1278 vituperandus
1783 1209 2088 1264 habebitur.

515 1298 690 1354 Simili
730 1299 890 1366 modo
919 1301 1082 1356 etiam
1130 1301 1184 1356 in
1228 1300 1318 1356 die
1350 1299 1558 1370 judicii,
1599 1309 1692 1356 aut
1715 1300 2090 1371 justilicandus

515 1389 640 1457 erit,
673 1400 764 1445 aut
787 1392 1050 1464 supplicio
1076 1393 1467 1464 subiugandus,
1495 1396 1637 1450 sicut
1664 1403 1716 1450 et
1737 1395 1924 1450 beatus
1954 1394 2092 1449 Pau-

514 1481 598 1540 lus
628 1484 786 1540 docet
812 1487 887 1541 ita
915 1487 1103 1543 dicens
1138 1488 1204 1559 (ll
1228 1487 1347 1544 Cor.
1379 1507 1432 1556 v,
1459 1489 1548 1560 10)
1580 1507 1592 1543 :
1628 1489 1818 1543 Omnes
1839 1489 1971 1542 enim
1997 1503 2090 1543 nos

514 1574 837 1646 nianifestari
878 1585 1073 1649 oportet
1117 1588 1237 1635 ante
1279 1581 1505 1636 tribunal
1543 1580 1754 1646 Christi,
1802 1588 1859 1634 ut
1901 1583 2091 1650 referat

513 1669 859 1740 unusquisque
877 1671 1088 1742 propria
1110 1676 1364 1746 corporis,
1381 1683 1532 1746 prout
1555 1676 1728 1748 gessit,
1753 1675 1856 1728 sive
1877 1673 2088 1742 bonum,

511 1757 615 1812 sive
640 1759 853 1814 malum.

584 1872 780 1942 Incipit
825 1888 1137 1944 oppugnare
1187 1887 1464 1947 peccatum
1503 1879 1786 1949 originale,
1830 1881 2086 1948 primum-

512 1957 618 2012 que
639 1949 1240 2021 .argumentunlsumit
1283 1949 1448 2021 abeo
1476 1950 1787 2005 testimonio
1815 1951 2086 2021 Aposmli.

511 2013 655 2091 quod
687 2017 898 2091 accepit
920 2030 961 2091 _a
1008 2017 1295 2091 Theodoro
1323 2020 1592 2091 (Excerpt.
1631 2021 1688 2083 2,
1732 2013 1881 2074 num:
1913 2021 1994 2091 ἓ),
2035 2030 2090 2077 et

513 2081 731 2161 Iuliano
761 2081 982 2161 tradidit
1008 2087 1184 2161 (Part.
1213 2105 1250 2144 tt
1278 2081 1414 2146 libel.
1443 2081 1584 2144 nunt.
1619 2081 1710 2155 η,
1737 2101 1783 2150 et
1812 2092 1936 2146 alibi
1952 2081 2087 2161 ’ῥαδ-

502 2151 668 2232 sint),
691 2155 844 2226 quasi
882 2151 1092 2232 nemini
1131 2160 1352 2232 alterius
1401 2162 1561 2232 culpa
1603 2151 1852 2231 imputari
1894 2151 2084 2232 possit.

513 2220 852 2300 Pergit'vero
880 2227 1129 2300 injuriam
1162 2229 1337 2285 facere
1381 2220 1772 2299 cath'olicis,'ut
1811 2220 1945 2300 quos
1977 2233 2086 2287 im-

515 2293 717 2371 peritos
752 2307 909 2350 antea
933 2293 1179 2371 'dixerat,
1213 2315 1354 2356 nunc
1406 2293 1774 2371 imprudentes
1806 2293 1976 2366 vocet,
2008 2305 2088 2358 in-

511 2365 682 2441 sanius
712 2377 896 2441 postea
927 2368 1276 2441 damnaturus
1302 2389 1316 2425 :
1347 2373 1399 2426 in
1429 2365 1534 2441 quo
1557 2383 1772 2428 secutus
1800 2383 1884 2429 est
1912 2365 2090 2428 Theo-

511 2432 728 2514 dorum,
747 2438 842 2507 qui
866 2437 1180 2514 defensores
1202 2443 1408 2511 peceati
1434 2432 1710 2514 originalis
1740 2460 1836 2513 per
1859 2446 2086 2500 ironiam

513 2504 743 2584 primum
766 2504 1310 2584 sapientissimos-iet
1340 2504 1612 2584 mirabiles
1640 2504 1848 2584 peccati
1882 2527 2087 2583 patres,

513 2582 624 2628 tum
654 2575 1045 2654 inexercitatos
1060 2580 1110 2634 in
1129 2581 1422 2654 scripturis
1449 2575 1669 2649 divinis‘,
1695 2575 2088 2654 imprudentes;

512 2659 616 2714 quo
641 2657 696 2702 et
724 2649 1131 2726 inverecundus,
1151 2649 1456 2726 dementes
1481 2655 1716 2726 denique
1747 2649 1989 2710 nominat
2032 2655 2085 2710 iu

509 2719 780 2796 excerptis
798 2735 918 2796 qua:
947 2736 1013 2776 ex
1035 2720 1200 2796 Mario
1225 2724 1526 2796 edidimus;
1552 2719 1759 2796 prti'ivit
1781 2735 1957 2782 autem
1983 2727 2084 2782 i’e-

513 2783 651 2856 lagio
674 2783 947 2864 imperitos
963 2800 1028 2864 _et
1049 2792 1268 2864 insanos
1292 2783 1583 2864 appellanti
1603 2814 1617 2862 ;
1637 2796 1849 2852 Juliano
1877 2797 2084 2852 nullum

514 2869 622 2934 non
642 2861 942 2934 convicium
961 2861 1016 2914 in
1037 2863 1255 2918 eosdem
1277 2861 1582 2934 conjicienti
1602 2861 1616 2930 ;
1639 2868 1867 2934 aliisque
1899 2869 2087 2922 factio-

511 2926 588 2978 sis
616 2928 733 3005 sine
757 2931 994 3005 nomine,
1020 2948 1248 2999 quorum
1275 2926 1525 3005 proprius
1544 2926 1824 2994 character
1841 2937 1938 2992 fuit
1961 2951 2088 2992 suos

511 2995 752 3063 .audare,
781 2999 913 3055 alios
941 2995 1240 3072 despicere,
1273 2995 1437 3060 immo
1464 3007 1763 3064 maledictis
1793 3024 2040 3063 onerare.

583 3110 671 3165 58.
713 3110 870 3178 Quod
921 3123 1102 3170 autem
1149 3116 1306 3173 liberi
1353 3134 1460 3194 non
1511 3135 1608 3190 pro
1647 3122 1955 3190 parentibus
1988 3135 2086 3191 pu-
2112 3136 2158 3202 ο

509 3201 746 3269 niantur,
779 3220 956 3276 neque
1004 3218 1256 3277 parentes
1302 3224 1400 3280 pro
1427 3211 1634 3282 liberis,
1671 3224 1861 3282 aperte
1898 3228 2085 3268 rursus

508 3291 725 3350 edocuit
753 3293 913 3363 Deus,
961 3312 1082 3353 cum
1122 3300 1189 3355 ad
1231 3301 1470 3374 Moysem
1519 3305 1836 3375 prephetam
1878 3305 2087 3363 diceret

509 3379 692 3454 (Deut.
715 3401 868 3454 XXIV,
900 3389 990 3460 16)
1023 3409 1034 3444 :
1067 3390 1188 3446 Non
1214 3396 1490 3449 morientur
1512 3405 1682 3464 patres
1706 3415 1800 3469 pro
1824 3399 1969 3466 ﬁliis,
1997 3415 2085 3453 ne-

507 3491 606 3544 que
647 3478 743 3542 ﬁlii
781 3497 874 3552 pro
912 3484 1224 3553 parentibus,
1268 3488 1612 3558 unusquisque
1656 3490 1707 3543 in
1746 3500 1946 3560 peccato
1989 3509 2084 3546 suo

509 3567 772 3623 morietur.
804 3571 976 3628 Porro
1019 3583 1197 3629 autem
1241 3591 1472 3646 arguens
1499 3577 1640 3633 Deus
1670 3579 2082 3648 imprudentiam

508 3655 745 3714 ﬁliorum
781 3660 966 3730 Israel,
1004 3678 1072 3720 eo
1101 3673 1344 3735 tempore
1371 3682 1480 3737 quo
1509 3669 1647 3738 apud
1674 3669 1957 3727 Chaldaeos
1999 3687 2084 3729 se-

505 3751 747 3808 cundum
786 3755 991 3811 scelera
1040 3771 1138 3813 sua
1175 3760 1377 3829 captivi
1421 3773 1598 3828 erant,
1631 3772 1688 3819 et
1723 3765 2084 3822 causabantur

507 3859 616 3901 non
644 3847 712 3904 de
739 3863 799 3905 se
822 3851 1056 3921 penitus,
1085 3854 1180 3910 sed
1211 3854 1281 3910 de
1305 3857 1619 3925 parentibus
1653 3860 1791 3926 suis,
1820 3863 1971 3931 quasi
2002 3863 2082 3918 illi

507 3937 674 3994 totius
715 3954 901 4016 eorum
929 3943 1145 4001 nefandi
1185 3947 1414 4003 sceleris
1441 3949 1665 4006 fuissent
1701 3966 1882 4019 causa,
1917 3954 2082 4009 Deum

503 4029 577 4086 de
600 4033 911 4102 captivitate
935 4049 1034 4090 sua
1062 4037 1488 4094 criminabantur
1515 4040 1736 4110 injuste,
1783 4058 1906 4098 cum
1935 4043 2083 4100 dicc-

504 4133 626 4205 rent
671 4123 882 4194 (Ezech.
926 4138 1082 4196 xvm,
1115 4128 1170 4197 2)
1213 4144 1228 4183 :
1274 4127 1372 4183 Via
1410 4129 1620 4185 Domini
1659 4149 1762 4186 non
1811 4142 1886 4188 est
1920 4145 2078 4205 recta,

505 4201 750 4284 quoniam
789 4227 956 4287 patres
986 4221 1150 4275 nostri
1178 4223 1504 4278 comederunt
1544 4241 1692 4278 uvam
1741 4228 1996 4295 acerbam,
2035 4241 2083 4284 et

505 4303 734 4372 ﬁliorum
775 4309 949 4365 dentes
987 4311 1394 4383 obstupuerunt;
1436 4315 1566 4370 dicit
1595 4315 1662 4371 ad
1697 4333 1794 4372 eos
1824 4333 1920 4388 per
1949 4318 2080 4376 Eze-

501 4397 647 4454 chiel
677 4402 989 4470 prophetam
1018 4405 1203 4476 (Ibid.,
1228 4407 1314 4478 3):
1343 4407 1465 4462 Vivo
1491 4426 1611 4480 ego,
1644 4412 1772 4465 dicit
1800 4410 2073 4484 Dominus,

2194 463 2321 503 usus
2348 457 2431 503 est
2459 449 2774 504 Theodorus
2802 449 2858 504 in
2885 449 3152 522 escerptis
3174 449 3564 527 (Excerpt'o'S).

2265 585 2353 640 59.
2387 584 2516 639 Post
2543 584 2658 640 hac
2690 585 2850 655 igitur
2877 586 2975 642 Dei
3006 589 3332 656 testimonia,
3363 593 3640 650 insaniunt
3674 600 3750 666 qui

2194 694 2291 750 per
2317 695 2482 734 unum
2513 679 2784 735 hominem
2816 681 3008 750 Adam,
3038 698 3255 741 omnem
3281 686 3465 742 orbem
3497 699 3752 746 terrarum

2191 771 2487 842 iniquitatis
2513 770 2941 843 ﬂagitiorumque
2969 775 3356 842 condemnant;
3386 794 3509 834 nam
3543 780 3632 849 qui
3655 781 3753 838 haec

2193 863 2402 927 dicunt,
2442 874 2533 916 aut
2577 863 2833 932 injuStum
2889 866 3055 921 Deum
3087 869 3459 937 pronuntiant,
3488 878 3586 926 aut
3621 884 3753 930 certe

2193 954 2308 1010 Deo
2352 955 2626 1010 diabolum
2667 957 2933 1011 aestimant
2975 957 3282 1030 fortiorem;
3329 978 3398 1019 eo
3426 964 3570 1034 quod
3619 980 3754 1022 natu-

2193 1060 2331 1111 ram,
2361 1061 2522 1115 quam
2558 1046 2698 1102 Deus
2725 1050 2928 1104 creavit
2957 1049 3175 1118 bonum,
3219 1069 3339 1110 eam
3377 1055 3651 1122 diabolus,
3675 1074 3754 1127 per

2195 1139 2688 1208 praevaricationem
2713 1141 2885 1197 Adam
2913 1154 2964 1198 et
2990 1145 3137 1214 Evze,
3167 1149 3363 1203 malam
3391 1152 3632 1219 potuerit
3655 1154 3754 1208 elﬁ-

2191 1243 2338 1296 cere,
2363 1229 2652 1300 siquidem,
2677 1233 3119 1300 praevaricatione
3142 1239 3299 1307 primi
3318 1239 3558 1295 hominis
3578 1242 3749 1314 Adam,

2193 1331 2248 1376 et
2275 1323 2392 1392 ejus
2421 1324 2606 1378 uxoris
2645 1323 2794 1391 Evm,
2837 1340 3028 1380 omnes
3055 1327 3302 1384 homines
3345 1343 3572 1399 peccato
3609 1334 3751 1390 obne

2193 1415 2267 1470 aii
2290 1426 2436 1470 sunt.
2471 1416 2802 1486 Semetipsos
2831 1417 3073 1487 profecto
3102 1420 3302 1477 debent
3327 1435 3628 1493 agnoscere
3653 1442 3756 1484 esse

2191 1511 2416 1580 cupidos
2444 1511 2794 1581 delictorum;
2841 1516 3038 1586 quippe
3076 1532 3196 1572 cum
3244 1517 3353 1574 sint
3397 1520 3506 1590 ipsi
3537 1522 3758 1592 volupta-

2195 1608 2309 1654 tum
2336 1610 2624 1669 amatores,
2657 1614 2714 1660 et
2756 1606 2960 1672 carnis,
2993 1623 3100 1663 non
3127 1608 3326 1664 debent
3353 1626 3545 1666 eorum
3591 1629 3756 1670 causas

2192 1691 2314 1748 aliis
2347 1703 2658 1760 annectere.
2692 1712 2923 1765 quorum
2968 1699 3069 1767 ipsi
3107 1699 3363 1757 videntur
3390 1701 3565 1760 fuisse
3591 1716 3755 1760 aucto-

2122 1768 2172 1830 B
2198 1791 2306 1831 res.
2339 1779 2445 1834 Aut
2470 1789 2617 1836 certe
2645 1781 2831 1838 dicant
2851 1782 3031 1846 nobis.
3063 1785 3156 1855 qui
3187 1800 3310 1842 sese
3333 1802 3458 1846 esse
3487 1791 3756 1858 prudentes

2191 1869 2518 1936 existimant,
2542 1887 2721 1943 neque
2743 1888 2808 1930 ea
2837 1891 2955 1946 quae
2976 1876 3168 1935 dicunt
3197 1879 3498 1952 intelligere
3526 1896 3751 1952 possunt,

2191 1973 2369 2030 neque
2415 1961 2483 2018 de
2527 1963 2721 2032 quibus
2757 1965 3035 2036 disputant
3069 1973 3274 2028 sentire
3329 1983 3648 2041 noscuntur,
3675 1993 3757 2033 cur

2192 2052 2362 2110 Adam
2402 2061 2458 2108 et
2485 2052 2623 2122 Eva,
2663 2069 2786 2111 cum
2827 2058 3001 2127 prima
3046 2061 3365 2129 ceciderint,
3409 2066 3650 2128 secundo
3683 2083 3757 2124 ca-

2191 2145 2323 2203 dere
2348 2147 2572 2204 minime
2596 2161 2984 2223 apposuerunt,
3011 2153 3060 2210 si
3079 2169 3270 2212 eorum
3301 2167 3518 2226 natura,
3553 2175 3618 2216 ea
3642 2175 3756 2231 prae-

2190 2237 2519 2295 varicatione
2551 2242 2687 2296 facta
2724 2246 3026 2312 peccatrix,
3064 2261 3095 2301 a
3123 2248 3279 2304 malis
3301 2264 3364 2306 se
3399 2253 3616 2320 penitus
3641 2253 3756 2310 abs-
3791 2309 3800 2316 ,

2194 2329 2366 2384 linere
2413 2345 2520 2385 non
2563 2342 2797 2402 poterat.
2841 2334 3026 2406 Neque
3069 2340 3215 2395 enim
3261 2343 3512 2399 meminit
3558 2359 3753 2415 usquam

2191 2419 2372 2475 divina
2398 2421 2696 2492 Scriptura,
2721 2427 2875 2496 quasi
2904 2428 3006 2497 ipsi
3026 2431 3266 2486 secundo
3285 2436 3754 2504 poccaverint,sic-

2193 2512 2268 2566 uti
2308 2511 2375 2567 de
2415 2511 2566 2582 Cain,
2611 2517 2755 2587 quod
2799 2520 3040 2578 secundo
3091 2524 3362 2592 peccavit,
3407 2541 3636 2583 narrare
3667 2545 3754 2586 non

2191 2603 2398 2661 distulit
2423 2623 2438 2662 ε
2467 2607 2668 2679 quippe
2696 2625 2818 2666 cum
2859 2612 3023 2668 etiam
3053 2613 3121 2668 de
3153 2615 3308 2681 Abel,
3339 2618 3486 2686 quod
3531 2635 3566 2674 a
3591 2635 3754 2690 pecca«

2187 2695 2260 2750 tis
2292 2695 2453 2752 fuerit
2495 2697 2728 2766 alienus,
2771 2711 2960 2770 aperte
2989 2703 3252 2760 docuerit.
3285 2706 3423 2775 Quid
3459 2724 3594 2766 vero
3617 2713 3752 2767 etiam

2191 2787 2258 2844 de
2281 2788 2465 2844 Enoclt
2498 2799 2658 2861 atque
2690 2791 2805 2848 Elia
2829 2793 3029 2861 dicent,
3062 2798 3206 2868 quod
3233 2814 3353 2854 cum
3385 2799 3524 2857 bene
3551 2803 3752 2872 placuis-

2191 2886 2312 2932 sent
2339 2877 2474 2945 Deo,
2507 2882 2754 2954 translati
2783 2893 2930 2949 sunt,
2965 2894 3023 2940 ut
3047 2898 3277 2945 mortem
3306 2892 3523 2960 penitus
3558 2911 3660 2950 non
3684 2896 3750 2950 vi-

2191 2967 2401 3036 derent,
2439 2985 2547 3028 non
2585 2972 2653 3028 ab
2682 2973 2854 3030 Adam
2883 2979 3616 3053 praevaricatione'prohibiti
3649 3001 3750 3056 per-

2197 3079 2414 3122 manere
2440 3066 2798 3139 immortales,
2832 3088 2953 3128 cum
2976 3090 3073 3145 per
3103 3077 3322 3134 eosdem
3355 3080 3506 3137 clare
3532 3081 3750 3138 docuerit

2191 3158 2499 3228 unigenitus
2553 3161 2694 3217 Deus
2760 3173 2888 3220 ante
2950 3167 3223 3223 earnalem
3275 3170 3571 3228 adventum
3619 3188 3747 3230 suum

2189 3265 2340 3320 spem
2372 3253 2543 3323 ipsam
2590 3259 3033 3315 resurrectionis?
3071 3261 3210 3328 Quid
3248 3267 3408 3320 etiam
3447 3267 3518 3322 de
3547 3267 3658 3324 Noe
3679 3267 3749 3322 di-

2190 3352 2337 3409 cent,
2359 3361 2517 3415 quem
2548 3348 2906 3419 Deusjustum
2927 3368 3049 3409 esse
3073 3359 3334 3412 testator?
3363 3359 3588 3417 Necnon
3614 3361 3747 3417 etiam

2188 3451 2310 3491 cum
2341 3439 2454 3494 suis
2482 3440 2730 3497 omnibus
2753 3442 2842 3498 hic
2867 3446 3114 3502 eamdem
3143 3449 3369 3507 salutem
3394 3453 3596 3507 meruit
3614 3467 3747 3521 quam

2192 3545 2292 3586 nos
2319 3545 2536 3601 quoque
2560 3548 2655 3603 per
2692 3535 2956 3603 baptisma
2989 3554 3385 3610 promeremur,
3412 3545 3562 3600 sicut
3587 3547 3746 3602 beatus

2190 3624 2392 3680 Petrus
2425 3626 2480 3681 in
2518 3641 2614 3682 sua
2641 3628 2882 3696 Epistola
2911 3631 3090 3702 docet,
3123 3649 3246 3690 cum
3277 3637 3410 3693 dicit
3438 3638 3484 3709 (Ι
3515 3639 3657 3694 Petr.
3682 3654 3745 3706 ut,

2189 3721 2281 3791 19)
2313 3740 2326 3774 :
2361 3721 2428 3777 In
2453 3741 2554 3794 quo
2583 3733 2631 3779 et
2655 3725 2737 3780 Itis
2759 3727 2847 3796 qui
2887 3727 2941 3782 in
2985 3743 3188 3783 carcere
3227 3743 3372 3786 erant
3399 3733 3661 3800 spiritibus
3679 3749 3747 3787 ue-

2185 3815 2331 3870 niens
2348 3815 2678 3882 praedicauit;
2717 3819 2807 3887 qui
2831 3819 3086 3875 increduli
3117 3825 3327 3890 [nerant
3365 3824 3646 3893 aliquando
3673 3841 3747 3880 ex-

2183 3907 2442 3974 spectabat
2467 3906 2562 3962 Dei
2591 3910 2838 3979 patientia
2876 3911 2930 3965 in
2955 3913 3132 3968 diebus
3163 3913 3303 3980 Noe,
3354 3933 3473 3970 cum
3497 3919 3748 3989 fabricare-

2185 4008 2271 4054 tur
2293 4015 2444 4065 arca,
2479 4001 2534 4055 in
2573 4017 2674 4070 qua
2702 4003 2880 4072 pauci,
2921 4004 2975 4058 id
3014 4014 3111 4070 est,
3155 4015 3272 4061 octo
3299 4009 3488 4064 animae
3515 4010 3666 4065 salue
3681 4013 3747 4079 {a-

2185 4099 2282 4145 ctas
2325 4100 2442 4145 sunt
2472 4109 2564 4163 per
2589 4109 2802 4162 aquam,
2830 4095 2969 4165 quod
3009 4106 3060 4151 et
3107 4113 3194 4154 vos
3235 4115 3372 4154 nunc
3416 4102 3575 4156 simili
3601 4106 3746 4170 [eruta

2185 4180 2352 4236 salvos
2381 4183 2504 4252 facit
2533 4183 2808 4254 baptisma.

2259 4297 2384 4350 Haec
2405 4297 2590 4362 verba,
2613 4297 2877 4351 insaniunt
2897 4299 2985 4366 qui
3013 4315 3102 4367 per
3130 4317 3289 4354 unum
3320 4301 3604 4369 Iturium,
3631 4312 3740 4366 etc,

2183 4369 2464 4442 contraxit
2503 4369 2825 4442 compendio
2875 4369 3119 4442 Pelagius
3161 4369 3252 4437 (In
3295 4374 3449 4442 epist.
3500 4376 3570 4428 ad
3611 4373 3743 4427 Rom.

2185 4453 2300 4509 cap.
2330 4436 2408 4506 7).
2440 4435 2740 4514 Insaniam,
2763 4439 2954 4514 inquit,
2979 4435 3070 4510 qui
3105 4435 3177 4495 de
3196 4435 3362 4497 Adam
3385 4460 3478 4514 per
3505 4446 3744 4499 traducem

503 4489 549 4544 si
578 4491 715 4546 ultra
742 4493 898 4564 fuerit
919 4499 1035 4565 jam
1075 4498 1212 4551 dicta
1239 4499 1480 4568 parabota
1511 4503 1608 4556 ista
1652 4503 1706 4556 in
1737 4501 1925 4570 Israel,
1955 4522 2079 4576 quo-
2107 4521 2160 4584 ι)
2184 4489 2416 4584 αέξένᾴἶιρ
2447 4489 2641 4584 adlnos
2664 4489 3144 4584 iteizirerpedcbtum.

502 4583 646 4639 uiam
675 4602 848 4642 omnes
875 4589 1062 4644 animle
1087 4607 1212 4646 mea:
1247 4602 1385 4659 sunt,
1429 4595 1561 4648 sicut
1587 4596 1760 4651 anima
1788 4600 1970 4669 patris,
2003 4602 2078 4654 sic

501 4687 552 4732 et
569 4679 742 4734 anirna
769 4680 868 4749 ﬁlii
888 4697 1012 4738 mea
1028 4693 1146 4738 sunt
1159 4699 1179 4750 ;
1207 4686 1381 4739 anima
1401 4701 1516 4755 qua:
1537 4699 1730 4757 peccat,
1759 4691 1871 4760 ipsa
1897 4694 2080 4748 morie-

503 4780 609 4828 tur.
643 4770 711 4828 Et
737 4774 932 4831 iterum
976 4775 1163 4848 (Ibid.,
1189 4775 1285 4849 20)
1320 4797 1332 4833 :
1365 4778 1557 4846 Filius,
1590 4782 1784 4853 inquit,
1815 4799 1914 4839 non
1945 4789 2079 4841 acci-

500 4866 604 4935 piet
634 4867 953 4934 iniquitatem
980 4872 1161 4940 patris,
1205 4889 1365 4942 neque
1389 4884 1539 4944 pater
1577 4875 1792 4946 accipiet
1838 4877 2081 4948 iniquita-

500 4963 601 5009 tem
640 4957 757 5026 ﬁlii.
803 4957 872 5013 Et
909 4960 1099 5015 iterum
1143 4961 1332 5029 (Ibid,
1369 4963 1461 5034 30)
1492 4980 1506 5019 :
1542 4965 1960 5039 Uuumquemque
1995 4985 2080 5022 ue-

500 5056 665 5102 strum
720 5050 999 5105 secundum
1055 5053 1188 5108 viam
1240 5071 1390 5109 suam
1431 5052 1678 5128 judicabo
1727 5073 1844 5128 vos,
1900 5059 2080 5114 domus

499 5137 690 5210 Israel,
719 5143 842 5199 dicit
867 5143 1138 5201 Dominus.
1172 5146 1304 5203 Cum
1333 5149 1558 5206 dixisset
1586 5149 1727 5206 Deus
1757 5149 1944 5222 (Ibid,
1972 5151 2029 5224 3)
2059 5171 2070 5205 :

507 5229 637 5289 Viuo
661 5252 773 5308 ego,
792 5236 837 5291 si
863 5237 1002 5292 ultra
1032 5240 1185 5310 fuerit
1225 5241 1362 5296 dicta
1392 5243 1642 5313 parabole
1669 5245 1769 5299 ista
1793 5247 1847 5298 in
1880 5245 2079 5312 Israel;

498 5337 685 5395 aperte
715 5328 898 5386 docuit
925 5346 1018 5389 eos
1045 5335 1099 5388 iu
1127 5334 1318 5391 eadem
1341 5336 1703 5407 imprudentia
1731 5354 2071 5409 permanere.

569 5439 872 5521 Secundum
927 5459 1298 5517 argumentum
1350 5451 1624 5521 speciatim
1681 5457 1954 5520 pertinens
2005 5457 2070 5512 ad

497 5523 713 5593 causam
747 5513 1035 5593 liberorum
1059 5529 1112 5573 et
1139 5513 1420 5589 parentum
1449 5526 1611 5577 sumit
1639 5513 1700 5578 es
1731 5527 2068 5593 testimonio,

497 5589 610 5663 tum
653 5582 813 5638 Hosis
859 5582 1204 5663 legislatoris,
1255 5603 1367 5648 tum
1423 5594 1722 5649 Ezechielis
1769 5582 2067 5663 prophetae:

497 5649 812 5734 putt-mque,
833 5649 1356 5734 adduxittulianus,
1399 5666 1562 5719 immo
1598 5649 1906 5734 exscri'psil,
1957 5649 2071 5724 sive

495 5721 554 5781 iu
582 5721 764 5784 libello
793 5726 967 5794 (Part.
995 5745 1034 5788 ιι
1061 5732 1200 5789 libet.
1243 5721 1386 5791 num.
1421 5735 1532 5805 11),
1555 5736 1670 5794 sive
1690 5737 1744 5794 in
1769 5721 1944 5810 Opei‘c
1971 5721 2066 5810 po:

877 5863 1013 5888 ττι-,γι
1025 5867 1088 5882 ν*-
1178 5859 1195 5867 ’⁸
1302 5871 1325 5882 ι
1372 5871 1464 5885 »α’-ιιι

2255 4578 2440 4632 Voluit
2469 4579 2630 4632 etiam
2664 4580 2715 4632 in
2746 4578 2938 4634 eodem
2968 4593 3286 4649 argumento
3311 4582 3570 4640 adhibem
3596 4585 3743 4641 Julia-

2184 4663 2305 4725 nus,
2338 4649 2414 4725 ait
2439 4651 2587 4725 enim
2626 4652 2980 4725 Augustinum
3023 4652 3308 4721 alloquens
3343 4654 3484 4725 (Lib.
3513 4672 3542 4706 ν
3583 4656 3744 4725 Operi:

2185 4717 2402 4790 lnzperf.
2433 4738 2481 4772 c.
2504 4718 2595 4787 64)
2631 4739 2643 4773 :
2677 4717 2882 4774 Insanis
2912 4737 3030 4790 ergo
3067 4717 3184 4775 cum
3214 4717 3363 4786 dicis,
3392 4724 3545 4780 Creat
3572 4717 3744 4780 malum

2185 4789 2352 4865 Deus,
2383 4790 2472 4843 sed
2506 4790 2620 4865 plus
2662 4790 2879 4859 insanis,
2931 4789 3045 4846 cum
3074 4794 3128 4846 id
3155 4796 3448 4865 evangelica
3476 4797 3744 4851 testimonio

2186 4860 2402 4929 probare
2425 4863 2649 4924 conaris,
2683 4872 2791 4917 etc.

2260 4930 2499 5003 Tertium
2537 4942 2910 5000 argumentum
2938 4951 2949 4985 :
2973 4931 3031 4988 Si
3071 4935 3266 4991 tradux
3302 4947 3384 4992 est
3409 4941 3636 5003 peccati,
3665 4943 3744 4992 aut

2187 5000 2329 5077 Deus
2380 5002 2610 5077 iniustus
2651 5013 2763 5064 est,
2790 5004 3040 5077 au_t_Deo
3085 5004 3276 5062 fortior
3321 5000 3596 5077 diabolus,
3623 5000 3740 5074 'etc.,

2178 5071 2427 5128 adhibuit
2451 5073 2567 5140 ipse
2597 5088 2808 5140 quoque
2835 5073 3098 5128 Julianus.

2249 5143 2547 5218 Quartum,
2583 5143 2723 5218 quod
2766 5145 2969 5218 peccati
3011 5145 3291 5218 originalis
3317 5149 3504 5218 opinio
3551 5151 3744 5205 inventa

2182 5212 2255 5289 s_i_t_
2299 5213 2364 5264 ab
2389 5213 2709 5289 immunibus
2751 5215 2960 5289 cupidis
2989 5212 3369 5289 voluptatum,'
3396 5230 3526 5280 etc.,
3564 5220 3745 5289 tragit'e

2181 5281 2428 5360 dilatavit
2470 5283 2715 5360 Julianus
2743 5283 2883 5360 (Lib.
2912 5301 2945 5337 n
2983 5285 3167 5355 Operis
3199 5281 3422 5360 Imperi.
3461 5307 3510 5346 c.
3545 5291 3580 5346 5
3605 5281 3742 5360 etuti).

2185 5351 2412 5408 Delectat
2439 5355 2673 5408 subantes
2699 5351 2920 5411 animas.

2253 5465 2343 5522 40.
2375 5467 2466 5524 Sin
2513 5483 2663 5535 vero,
2697 5479 2751 5521 ut
2783 5467 2883 5539 ipsi
2913 5480 3182 5540 asserunt,
3225 5484 3449 5544 propter
3479 5485 3742 5548 peccatum

2181 5559 2354 5614 Adam
2395 5562 2695 5616 moriuntur
2737 5561 2985 5629 infantes,
3018 5563 3201 5618 dicant
3247 5568 3407 5622 nobis
3435 5585 3533 5624 cur
3575 5570 3742 5624 statim

2180 5650 2436 5720 baptizati
2467 5661 2696 5744 mortem
2735 5662 2950 5721 gustare
2982 5655 3388 5724 permittuntur,
3414 5662 3610 5729 quippe
3632 5673 3744 5710 cum

2178 5757 2369 5802 omnes
2414 5747 2505 5813 qui
2547 5742 2804 5816 baptizati
2833 5753 2982 5817 sunt,
3039 5755 3093 5804 et
3124 5755 3346 5820 prOptcr
3396 5748 3500 5809 hoc
3537 5745 3634 5808 lilii
3661 5748 3748 5806 Dci
