3900 6268
243 280 359 339 477
429 276 741 336 DISSERT.
784 276 850 336 Υ.
894 278 983 341 DE
1020 279 1335 339 LIBELLIS
1372 280 1558 338 FIDEI
1596 280 1907 341 SCRIPTIS
1945 280 2036 338 AB
2073 279 2509 340 AUCTORIBUS
2549 278 2866 340 HEHESiS
2902 279 3353 345 PELAGIANJE.

3424 282 3533 341 478

240 393 400 463 tacti,
455 405 730 465 peccatum
772 395 973 454 habere
1027 412 1133 453 non
1182 398 1407 467 possint.
1455 398 1522 452 Et
1566 397 1832 467 siquidem
1859 396 2134 457 Adiviuis
2164 395 2480 469 Scripturts,
2506 399 2648 469 quod
2679 397 2817 469 ignis
2841 406 3032 453 aeterm
3064 412 3222 468 potus
3266 412 3533 458 innocen-

239 495 471 558 propter
495 497 771 556 peccatum
800 486 973 544 Adam
1000 488 1343 560 baptizantur
1369 487 1625 558 infantes,
1653 489 1744 558 qui
1767 502 1835 543 ex

240 582 565 652 parentibus
594 582 920 638 Christianis
967 587 1076 639 nati
1125 593 1273 654 sunt,
1316 584 1580 653 baptizari
1608 584 1834 640 minime

239 676 541 746 debebunt,
568 687 624 734 et
648 680 801 749 quasi
845 680 1019 737 sancti
1058 682 1282 748 perinde
1324 681 1669 750 haberentur,
1702 682 1827 752 quia

239 769 317 827 de
354 772 668 841 parentibus
711 782 836 827 sunt
860 774 1107 829 ﬁdelibus
1147 775 1435 844 procreati,
1469 775 1608 831 sicut
1646 774 1835 830 beatus

236 859 445 917 Paulus
478 862 636 920 docet
661 863 766 919 hoc
814 866 974 920 modo
1001 866 1190 922 dicens
1219 884 1233 922 :
1265 866 1505 935 Alioquin
1534 867 1634 936 ﬁlii
1679 867 1834 921 vestri

236 952 497 1008 immundi
524 964 668 1025 sunt,
702 973 835 1011 nunc
863 973 983 1012 vero
1019 961 1188 1014 sancti
1223 970 1343 1013 sunt
1367 959 1556 1031 (lCor.
1587 976 1681 1016 vn.
1716 958 1829 1028 η).

233 1045 513 1102 Similiter
543 1056 724 1103 autem
751 1050 916 1105 etiam
944 1051 1134 1107 beatus
1168 1052 1407 1108 Joannes
1434 1053 1569 1108 dicit
1592 1053 1661 1108 de
1705 1068 1830 1122 pro-

235 1139 498 1195 creandis
544 1139 690 1206 liiiis,
717 1142 841 1211 quia
883 1142 1045 1199 simul
1086 1128 1250 1215 atque
1281 1156 1597 1212 nascuntur,
1626 1146 1833 1201 illumi-

234 1232 520 1288 nationem
566 1228 1016 1292 sanctificationis
1044 1237 1113 1293 ab
1144 1237 1419 1310 unigenito
1454 1238 1630 1295 Verbo
1657 1239 1833 1309 perci-

233 1323 417 1395 piunt,
446 1341 570 1381 cum
604 1326 738 1382 dicit
769 1344 783 1382 :
814 1327 946 1383 Erat
983 1328 1079 1386 lux
1120 1347 1259 1401 vera,
1292 1348 1405 1403 quis
1428 1333 1692 1387 illuminat
1724 1348 1834 1387 om-
1882 1350 1887 1355 δ

230 1431 360 1471 seem
402 1418 657 1472 hominem
688 1420 964 1475 venientem
1006 1423 1061 1475 in
1100 1422 1238 1477 hunc
1282 1422 1532 1477 mundum
1577 1421 1759 1496 (Joan.
1788 1440 1829 1492 ι,

231 1508 321 1580 9).
376 1508 650 1580 Baptisma
696 1510 860 1583 igitur
906 1511 1140 1569 infantes
1189 1530 1297 1569 non
1338 1524 1561 1584 promer
1609 1523 1829 1585 peccata

230 1604 568 1674 percipiunt,
599 1604 699 1661 sed
744 1616 801 1661 ut
828 1606 1127 1676 spiritalem
1159 1610 1591 1678 procreationem
1618 1609 1828 1666 haben-

230 1706 344 1765 tes,
405 1699 557 1769 quasi
602 1713 699 1769 per
745 1701 1011 1772 baptisma
1067 1701 1124 1757 in
1178 1701 1400 1759 Christo
1450 1713 1721 1772 creentur,
1771 1712 1827 1760 et

1939 485 2103 551 tibus,
2134 503 2197 544 ac
2239 489 2456 559 penitus
2488 498 2767 561 peccatum
2797 488 3203 560 ignorantibus,
3233 502 3534 563 praeparata
3564 484 3569 485 ί

1937 592 2045 634 non
2068 578 2160 649 sit,
2196 581 2291 636 sed
2325 582 2423 647 eis,
2463 583 2553 654 qui
2598 583 2769 655 legem
2802 583 2898 653 Dei
2932 586 3274 654 prmaricati
3301 602 3537 643 noscun-

1938 680 2048 738 tur,
2080 673 2220 727 sicut
2256 674 2449 731 beatus
2494 676 2693 731 Paulus
2737 676 2898 733 docet
2944 678 3046 734 hoc
3084 680 3247 736 modo
3278 698 3292 736 :
3327 680 3537 740 Scimus
3605 664 3613 727 Ῐ

1935 766 2178 835 quoniam
2210 784 2538 839 quaecumque
2568 771 2654 824 lea:
2686 771 2935 842 loquitur,
2972 772 3053 827 his
3081 774 3171 843 qui
3198 774 3252 827 in
3287 775 3394 848 lege
3416 785 3539 832 sunt

1936 860 2165 930 loquitur
2206 860 2386 933 (Rom.
2424 878 2516 928 ill,
2553 864 2677 934 i9);
2705 874 2761 920 et
2798 864 2992 921 iterum
3025 883 3039 920 :
3071 865 3174 921 Per
3204 866 3367 938 legem
3396 870 3535 923 enim

1935 952 2159 1024 cognitio
2189 956 2384 1025 peccati
2412 954 2572 1026 (Rom
2600 973 2658 1012 Ill
2678 997 2693 1022 ,
2724 958 2856 1029 2i);
2905 967 2960 1014 et
2988 959 3184 1017 iterum
3221 978 3233 1014 :
3266 960 3370 1017 Ubi
3400 963 3535 1016 enim

1936 1061 2040 1099 non
2075 1054 2149 1099 est
2188 1047 2293 1114 lex,
2332 1064 2422 1102 nec
2462 1052 2817 1120 prirvaricatio
2858 1051 3035 1123 (Rom.
3068 1068 3152 1119 tv,
3185 1049 3311 1122 15);
3341 1063 3395 1110 et
3426 1055 3531 1109 itc-

1935 1155 2054 1196 rum
2088 1158 2101 1194 :
2136 1139 2412 1196 Peccatum
2460 1153 2628 1199 autem
2657 1161 2759 1200 non
2794 1146 3102 1216 imputatur,
3136 1164 3251 1201 cum
3297 1148 3383 1202 lea:
3428 1162 3533 1203 non

1934 1239 2007 1286 est
2038 1230 2215 1302 (Rom.
2244 1248 2300 1297 v,
2326 1234 2447 1305 15);
2480 1244 2535 1290 et
2554 1235 2749 1292 iterum
2777 1255 2789 1290 :
2820 1237 2950 1292 Sine
2971 1238 3080 1309 lege
3104 1240 3241 1293 enim
3262 1249 3534 1311 peccatum

1935 1336 2195 1381 mortuum
2224 1336 2317 1383 est.
2351 1326 2465 1398 Ego
2493 1338 2667 1383 autem
2706 1332 2929 1387 vivebam
2954 1334 3068 1387 sine
3110 1334 3220 1403 lege
3254 1333 3535 1404 aliquando

1936 1420 2115 1490 (Rom.
2147 1438 2252 1489 vu,
2293 1424 2355 1488 8,
2391 1424 2475 1493 9).
2500 1424 2764 1481 Similiter
2791 1436 2848 1482 et
2877 1427 3021 1483 Deus
3064 1426 3233 1499 Moysi
3277 1427 3347 1483 de
3373 1428 3531 1497 juve-

1935 1514 2095 1570 nibus
2126 1515 2297 1584 legem
2320 1517 2576 1593 condens
2602 1518 2733 1575 dicit
2766 1537 2777 1573 :
2812 1518 2940 1573 Vivo
2969 1537 3093 1592 ego,
3126 1530 3172 1574 et
3201 1522 3318 1576 vivit
3348 1538 3532 1576 nomen

1932 1623 2123 1679 meum,
2158 1618 2205 1662 et
2232 1608 2461 1681 implevit
2490 1610 2659 1682 gloria
2690 1609 2899 1666 Domini
2934 1629 3131 1668 onmem
3160 1622 3368 1681 terram,
3409 1615 3533 1685 quia

1936 1716 2110 1755 omnes
2143 1702 2261 1768 viri,
2303 1704 2390 1772 qui
2427 1704 2600 1758 vident
2641 1706 2861 1777 gloriam
2898 1720 3083 1773 meam,
3135 1714 3183 1760 et
3227 1706 3377 1775 signa
3416 1720 3534 1778 qua

229 1791 411 1862 Ipsius
450 1792 601 1864 regni
645 1793 884 1850 οωιθςιίδ
922 1793 1213 1866 parlicipes
1250 1795 1402 1864 ﬂant,
1453 1796 1594 1852 sicut
1640 1796 1832 1853 beam;
1860 1776 1911 1839 Β
1937 1792 2035 1861 feci
2054 1791 2107 1845 in
2138 1791 2391 1863 Egyplo,
2418 1803 2465 1849 et
2495 1795 2547 1848 in
2573 1776 2771 1849 deserto
2798 1796 2916 1861 isto,
2946 1806 2994 1850 et
3016 1804 3333 1851 tentaverunt
3365 1776 3443 1851 ηιὲ
3470 1798 3535 1854 de

226 1881 437 1940 Paulus
462 1885 619 1943 docet
647 1884 749 1942 hoc
777 1887 939 1944 modo
968 1905 981 1941 :
1015 1888 1077 1944 Si
1102 1906 1203 1959 qua
1228 1889 1281 1943 in
1300 1887 1502 1945 Christo
1531 1906 1659 1945 nova
1688 1908 1830 1945 crea-

226 1985 360 2031 tura
389 1978 431 2047 (Ι
454 1978 578 2033 Cor.
604 1994 684 2047 m,
716 1980 841 2051 i7);
873 1991 928 2037 et
950 1982 1178 2038 iterum:
1212 1983 1309 2039 Sin
1339 1992 1507 2039 autem
1534 1984 1633 2053 ﬁlii
1653 1994 1699 2040 et
1726 1986 1830 2040 ha:-

226 2068 406 2136 redes,
434 2068 659 2126 hwredes
684 2073 894 2144 quidem
924 2071 1043 2141 Dei,
1099 2076 1390 2131 colueredes
1432 2086 1600 2131 autent
1641 2076 1831 2133 Christi

224 2157 436 2230 (Rom.
474 2177 603 2229 Vill,
642 2161 767 2235 i7).
820 2162 977 2220 Unde
1016 2162 1300 2221 Cornelius
1327 2211 1341 2236 ,
1391 2170 1482 2236 qui
1517 2168 1829 2223 testimonio

227 2247 339 2306 Dei
360 2251 568 2322 iustitia
598 2255 822 2323 nitebat,
854 2258 1054 2328 quique
1095 2257 1363 2328 baptisma
1392 2260 1650 2329 Spiritus,
1689 2260 1829 2316 sicut

224 2350 297 2398 et
335 2347 566 2415 apostoli
614 2357 951 2418 perceperat,
1005 2360 1061 2406 et
1089 2353 1261 2407 sancti
1297 2353 1531 2423 Spiritus
1559 2356 1827 2425 particeps

220 2444 377 2504 erat,
401 2453 513 2507 quo
540 2439 596 2494 in
623 2455 684 2496 se
710 2439 1045 2499 inhabitants
1072 2454 1351 2514 peccatum
1386 2448 1598 2516 penitus
1628 2448 1828 2504 habere

220 2542 348 2584 non
395 2538 633 2600 poterat;
689 2535 1001 2591 necessario
1052 2546 1229 2592 tamen
1280 2539 1443 2593 etiam
1496 2539 1594 2593 illo
1651 2541 1824 2610 bapti-

217 2628 434 2689 smate,
462 2623 606 2693 quod
630 2637 728 2694 per
752 2640 950 2696 aquam
975 2628 1226 2697 traditur,
1258 2630 1453 2700 dignus
1477 2632 1692 2687 habitus
1721 2643 1825 2697 est,

218 2722 298 2769 ut
330 2716 628 2772 secundum
668 2719 883 2775 beatum
922 2720 1168 2790 Paulum,
1199 2725 1578 2795 complanlatus
1620 2734 1829 2797 propter

214 2818 455 2863 mortem
483 2811 840 2868 similitudinis
867 2812 1078 2881 Christi,
1117 2818 1269 2870 etiam
1297 2818 1458 2887 ipsius
1498 2818 1828 2873 resurrectio-

217 2901 318 2956 nis
338 2900 567 2957 conteres
592 2904 827 2961 existeret
857 2906 1033 2977 (Rom.
1060 2923 1134 2975 Vl,
1158 2910 1236 2980 5).

309 3035 575 3116 Quintum
590 3054 962 3116 argumentum
991 3064 1001 3097 :
1028 3046 1081 3100 Si
1105 3046 1278 3101 iulans
1302 3056 1521 3116 pr0pter
1549 3056 1823 3115 peccatum

226 3107 431 3185 A_d_ami
483 3107 777 3185 tollendum
823 3116 1148 3183 baptizatur,
1195 3107 1449 3183 baptizari
1491 3107 1674 3185 utique
1717 3134 1822 3173 non

1937 1884 2033 1937 hoc
2074 1884 2239 1938 decies
2261 1926 2274 1951 ,
2320 1896 2368 1940 et
2407 1902 2509 1941 non
2546 1888 2819 1941 audierunt
2848 1904 3019 1942 vocem
3060 1904 3245 1955 meam,
3280 1890 3529 1960 quoniam

1934 1989 2039 2028 non
2064 1974 2304 2030 videbunt
2333 1986 2523 2031 terram
2548 1994 2702 2048 quam
2722 1979 2898 2050 juravi
2934 1977 3167 2047 patribus
3196 1995 3404 2046 eorum,
3432 1982 3532 2035 nisi

1934 2068 2031 2137 ﬁlii
2060 2084 2260 2137 eorum,
2291 2071 2381 2141 qui
2408 2080 2526 2126 sunt
2549 2088 2746 2127 mecum
2772 2073 2852 2126 hic
2890 2072 3061 2141 hodie,
3105 2074 3409 2144 quicumque
3438 2091 3530 2129 ne-

1932 2159 2098 2214 sciunt
2139 2176 2229 2214 nec
2269 2161 2421 2227 bona,
2460 2179 2550 2217 nec
2578 2163 2734 2217 mala.
2771 2162 2949 2217 Omnis
2965 2164 3174 2237 juvenis
3207 2181 3385 2234 expers
3406 2210 3421 2233 ,
3449 2164 3530 2220 his

1934 2253 2067 2308 dabo
2113 2267 2301 2309 terram
2341 2242 2529 2327 (Nam.
2579 2273 2686 2326 xw,
2736 2248 2809 2312 22
2855 2274 3018 2329 seqq.,
3067 2259 3275 2313 secund.
3328 2256 3525 2330 LXX).

1934 2341 2143 2401 Pariter
2171 2347 2333 2402 etiam
2360 2348 2620 2405 Dominus
2645 2359 2831 2405 noster
2857 2350 3014 2405 Jesus
3042 2351 3288 2406 Christus
3314 2350 3382 2407 de
3403 2366 3529 2423 par-

1932 2439 2074 2495 Vulis
2103 2439 2279 2511 docet,
2313 2442 2455 2512 quod
2494 2443 2562 2497 ab
2593 2443 2739 2498 omni
2773 2453 2997 2512 peccato
3042 2445 3149 2499 sint
3178 2442 3361 2513 alieni,
3397 2460 3520 2499 cum

1934 2529 2067 2586 dicit
2099 2549 2111 2586 :
2147 2535 2306 2587 Amen
2336 2534 2451 2587 dico
2488 2536 2661 2603 vobis,
2706 2536 2807 2589 nisi
2838 2536 3067 2590 conversi
3102 2536 3306 2603 [ueritis
3342 2545 3388 2589 et
3427 2537 3529 2606 efﬁ-

1935 2624 2143 2676 ciamini
2176 2627 2311 2678 sicut
2340 2625 2564 2694 parvuli,
2598 2642 2699 2680 non
2738 2627 2999 2680 intrabitis
3028 2628 3080 2680 in
3125 2642 3339 2697 regnum
3373 2626 3529 2680 ccelo-

1934 2732 2049 2769 rum
2087 2716 2302 2788 (Matth.
2332 2733 2481 2783 xv1u,
2514 2720 2588 2787 3).
2634 2718 2704 2773 Et
2732 2719 2927 2774 iterum
2961 2720 3026 2773 ad
3065 2718 3359 2789 discipulos
3403 2732 3532 2773 suos

1935 2806 2064 2863 dicit
2104 2826 2115 2860 :
2161 2808 2331 2864 Sinite
2376 2812 2618 2881 parvulos
2666 2812 2839 2865 venire
2878 2812 2947 2865 ad
2982 2826 3081 2880 me,
3128 2820 3178 2866 et
3220 2811 3372 2866 nolite
3412 2828 3533 2879 pro-

1932 2899 2106 2954 hibere
2146 2916 2259 2963 eos,
2293 2902 2473 2955 talium
2515 2903 2652 2955 enim
2693 2911 2766 2957 est
2808 2919 3022 2973 regnum
3062 2903 3324 2958 caelorum.
3369 2903 3531 2957 Amen

1934 2991 2048 3046 dico
2075 2991 2243 3059 vobis,
2270 2994 2577 3065 quicumque
2610 3009 2710 3048 non
2739 2996 2991 3064 acceperit
3028 3012 3243 3070 regnum
3274 2992 3372 3050 Dei
3399 2996 3532 3051 sicut

1934 3082 2204 3152 parvulus,
2235 3101 2335 3138 non
2366 3084 2580 3139 intrabit
2613 3086 2665 3139 in
2691 3084 2823 3139 illud
2859 3086 3051 3155 (Marc.
3084 3098 3148 3154 Χ,
3183 3086 3294 3157 id).
3330 3085 3533 3142 Simili.

228 3162 788 3257 debet
817 3162 1673 3257 (Sapinia;,"Jii{ué"i{a}§$ri§
1850 3162 1897 3226 C
1928 3186 2015 3232 ter
2050 3186 2228 3232 autem
2267 3177 2429 3232 etiam
2477 3178 2666 3234 beatus
2710 3176 2907 3233 Paulus
2951 3179 3080 3234 dicit
3112 3198 3127 3233 :
3162 3177 3343 3234 Nolite
3383 3180 3531 3249 pueri

228 3250 499 3332 catinnisi
525 3250 986 3332 _f_o_i'_te_baptismus
1012 3250 1223 3332 dicatur
1248 3250 1354 3313 non
1385 3250 1574 3316 tollere
1602 3250 1822 3329 peccata

232 3323 453 3398 omnia;
472 3323 1080 3398 ail‘hibuitheiestiusin
1099 3329 1238 3384 libro
1260 3347 1443 3398 quem,
1461 3323 1825 3388 testePraede-

233 3390 692 3471 stinato_(Hteres_.
718 3396 837 3471 88),
862 3398 1052 3471 edidit,
1083 3390 1367 3469 antequam
1405 3390 1649 3471 Pelagius
1676 3418 1825 3457 com-

236 3467 535 3541 mentarios
548 3467 813 3523 scriberet
828 3469 882 3523 in
897 3470 1171 3539 Epistulas
1194 3467 1363 3527 Pauli.
1384 3472 1517 3527 Illud
1535 3467 1714 3541 ipsum
1738 3488 1826 3529 re-

238 3534 367 3613 tulit
396 3537 448 3591 in
475 3540 895 3613 commentarios
940 3534 1222 3612 Pelagius,
1257 3544 1486 3599 testibus
1524 3534 1823 3613 Augustino

236 3603 383 3728 (Lib.
411 3622 471 3663 nr
496 3608 559 3661 de
580 3627 718 3677 pecc.
751 3610 925 3666 Merit.
949 3629 993 3666 ε.
1011 3603 1400 3682 2):Merc:itore
1420 3603 1748 3685 (Commonit.
1771 3636 1821 3671 c.

281 3676 370 3728 let
387 3675 772 3728 Praedestinatn
800 3681 960 3728 [Lnnn
986 3701 1106 3728 morr.
1134 3684 1311 3728 nitntni
1353 3688 1444 3728 apii
1476 3687 1669 3728 ιΙρΙρυίι
1692 3690 1821 3728 lina-

273 3675 772 3756 )e‘tPraedestinato
800 3675 1106 3756 (Laconico:
1134 3675 1445 3756 cilato),sed
1476 3687 1673 3741 delevit
1692 3690 1822 3742 Cas-

237 3746 511 3811 siodorus,
558 3760 618 3805 ut
659 3767 765 3807 non
806 3746 982 3809 semel
1028 3746 1352 3811 monuimus.
1401 3757 1535 3812 Hinc
1581 3759 1823 3813 Julianus

234 3815 433 3884 (Libet.
466 3837 524 3897 tu
556 3832 715 3891 part.,
745 3840 892 3897 num.
925 3824 993 3879 15
1016 3835 1065 3879 et
1087 3828 1180 3897 20)
1217 3829 1491 3884 exsecrari
1528 3845 1587 3883 se
1634 3831 1826 3885 scribit

235 3903 359 3972 eos,
389 3894 475 3961 qui
486 3904 729 3972 asserunt
756 3898 809 3949 in
831 3896 1083 3972 baptismo
1128 3894 1230 3972 non
1267 3904 1466 3971 penitus
1495 3910 1701 3972 peccata
1734 3902 1825 3955 de-

240 3961 369 4038 leri;
408 3964 593 4038 quique
630 3978 814 4038 negant
848 3961 911 4022 de
944 3968 1141 4022 duobus
1184 3961 1455 4038 baptizatis
1492 3961 1701 4034 natum,
1747 3974 1826 4026 vel

238 4031 304 4085 de
313 4031 539 4114 muliere
559 4031 816 4114 baptigsata
842 4050 1113 4114 pron_atu_m
1132 4031 1449 4114 baptismatis
1471 4044 1638 4114 gratia
1657 4031 1822 4112 egere.

307 4102 550 4185 Observa
592 4102 852 4163 traditum'
891 4122 921 4163 a
952 4108 1147 4165 Ruﬁno
1189 4102 1493 4185 Pelagianis
1531 4102 1819 4185 eﬂ‘ugium,

240 4189 348 4251 quo
377 4175 714 4251 declinarent
735 4192 1107 4251 argumentum
1133 4175 1522 4237 catholicorum
1544 4196 1611 4239 es
1636 4175 1826 4239 neces;

238 4240 401 4327 sitate
446 4240 1067 4327 baptismiprdbantium
1110 4254 1454 4327 parvulorum
1499 4265 1772 4321 peccatum
1808 4274 1819 4308 :

239 4316 466 4392 aiebant
505 4321 649 4375 enim
701 4316 981 4392 baptizari,
1023 4316 1130 4378 non
1181 4332 1241 4377 ut
1274 4316 1684 4391 mandarentur,
1733 4328 1824 4392 qui

238 4397 428 4479 essent
457 4391 789 4479 innocentes,
831 4395 926 4479 sed
959 4403 1016 4447 ut
1056 4394 1444 4479 adoptarentur
1469 4397 1701 4479 [iutilius
1728 4391 1823 4451 Dei

236 4470 295 4514 et
341 4460 585 4517 haeredes
628 4465 777 4533 regni
818 4464 1102 4520 caelorum.
1142 4460 1425 4521 Caelestius
1462 4465 1599 4534 (Lib.
1644 4467 1824 4522 Rom

236 4530 445 4586 oblato.
483 4535 623 4586 apud
666 4538 799 4586 Atta.
833 4535 873 4586 Ι.
904 4537 966 4586 de
992 4534 1145 4586 Pecc.
1183 4537 1331 4586 Uria.
1374 4552 1422 4586 c.
1450 4538 1507 4586 5i
1539 4553 1555 4586 :
1587 4535 1823 4586 Infantes

236 4542 414 4586 oblato
428 4574 445 4598 ,

236 4613 413 4680 autem
435 4604 618 4659 debere
641 4604 891 4680 baptizari
928 4608 983 4661 in
1011 4604 1360 4680 remis_sionem
1390 4604 1714 4680 peccatorum
1742 4627 1823 4663 se-

235 4676 469 4747 cundum
520 4678 750 4747 regulam
793 4680 1092 4733 universalis
1133 4676 1411 4740 Ecclesiae,
1451 4689 1498 4733 et
1542 4681 1823 4735 secundum

236 4744 515 4819 Evangelii
528 4744 832 4820 sententiam
856 4750 1191 4820 conﬁtemur;
1217 4752 1338 4819 quia
1365 4749 1618 4805 Dominus
1644 4754 1822 4805 statuit

234 4833 456 4893 rogassem
500 4819 742 4893 calorum
792 4819 1000 4876 nonnisi
1051 4822 1325 4892 baptizatis
1377 4838 1523 4893 posse
1574 4826 1820 4893 conferri,

234 4890 401 4959 quod,
432 4892 556 4961 quia
588 4892 719 4946 vires
754 4904 953 4947 naturae
991 4908 1095 4947 non
1121 4890 1330 4959 habent,
1365 4890 1588 4963 conferri
1623 4890 1823 4949 necesse

237 4971 312 5037 est
338 4977 432 5028 per
456 4963 638 5037 gratia:
677 4964 985 5037 largitatem.
1012 4965 1257 5019 Julianus
1286 4964 1472 5035 (Apud
1502 4964 1634 5037 Aug.
1671 4967 1708 5018 l.
1739 4980 1816 5033 lli,

238 5032 594 5087 advers.’.lul.
625 5049 671 5087 ο.
697 5032 783 5105 5)ξ
817 5035 1052 5090 Christus
1088 5038 1176 5105 qui
1204 5045 1278 5090 est
1296 5032 1474 5105 operis
1511 5032 1602 5088 sui
1622 5032 1822 5089 redem-

238 5113 566 5177 ptor,auget
610 5106 746 5159 circa
785 5106 1061 5175 imaginem
1104 5123 1253 5161 suam
1296 5108 1541 5160 continua
1582 5108 1821 5177 largitate

240 5174 507 5242 beneﬁcia,
538 5186 586 5229 et
622 5193 747 5243 quos
782 5174 973 5245 fecerat
1001 5179 1269 5231 condendo
1303 5179 1482 5246 bonos,
1520 5178 1641 5248 facit
1665 5174 1825 5231 inno-

239 5248 409 5301 vando
438 5248 833 5320 adaptandoque
854 5249 1106 5303 meliores.
1135 5249 1266 5304 Vide
1292 5265 1410 5319 quae
1434 5250 1639 5316 prolixe
1658 5264 1827 5303 anno-

244 5328 348 5372 tata
376 5330 505 5375 sunt
529 5321 585 5373 in
617 5320 753 5374 hanc
781 5334 895 5375 rem
917 5320 984 5373 ad
1014 5329 1173 5391 caput
1202 5320 1235 5376 8
1261 5320 1736 5376 Subnotationum.

312 5434 402 5488 41.
446 5435 580 5503 Quia
632 5436 791 5506 igitur
835 5434 1055 5505 quidam
1105 5433 1503 5504 Scripturarum
1546 5436 1827 5491 inscientia

244 5525 579 5592 divinarum,
612 5527 667 5582 in
701 5526 961 5582 nefariam
1002 5536 1058 5582 et
1087 5526 1341 5596 injustam
1383 5528 1451 5584 de
1484 5529 1701 5584 Christo
1734 5544 1829 5584 vo-

247 5630 363 5673 cem
408 5619 605 5675 audent
646 5635 962 5691 erumpere,
993 5629 1300 5677 asserentes
1334 5634 1457 5676 eum
1501 5636 1698 5690 pueros
1728 5625 1834 5679 mi-

1926 3266 2053 3340 eﬂici
2093 3270 2346 3338 sensibus,
2378 3272 2467 3325 sed
2514 3270 2714 3324 malitia
2745 3271 2947 3341 parvuli
2993 3280 3145 3325 estote
3174 3271 3217 3341 (Ι
3251 3269 3372 3325 Cor.
3417 3287 3526 3338 xw,

1926 3364 2047 3435 20).
2078 3364 2145 3420 Ει
2176 3366 2373 3421 iterum
2418 3366 2486 3421 de
2520 3365 2660 3421 Esau
2692 3374 2745 3420 et
2772 3365 2940 3421 Jacob
2983 3364 3144 3422 docet
3185 3366 3262 3419 sic
3292 3364 3479 3421 dicens
3510 3383 3527 3420 ι

1929 3453 2055 3511 Cum
2083 3457 2301 3510 necdum
2331 3461 2442 3511 nati
2463 3466 2649 3521 essent,
2683 3472 2773 3510 nec
2794 3455 2993 3527 aliquid
3027 3457 3267 3525 fecissent
3302 3456 3425 3509 boni
3450 3458 3530 3511 vel

1926 3547 2055 3601 mali
2094 3548 2271 3620 (Rom.
2306 3564 2392 3616 ιι,
2426 3547 2536 3619 ii).
2570 3547 2731 3603 Pueri
2776 3547 2968 3618 igitur,
3003 3548 3141 3604 sicut
3182 3548 3295 3617 ipsa
3342 3546 3527 3604 divina

1928 3641 2205 3711 Scriptura
2253 3640 2554 3711 perdocuit,
2604 3642 2755 3711 quasi
2805 3640 3020 3711 penitus
3070 3639 3295 3709 innoxii,
3351 3655 3526 3711 neque

1926 3735 2181 3791 malitiam
2207 3750 2428 3807 prorsus
2454 3736 2687 3805 experti,
2716 3734 2842 3790 boni
2866 3735 3026 3790 etiam
3055 3736 3138 3791 vel
3167 3734 3288 3789 mali
3318 3733 3525 3789 discre-

1926 3828 2128 3884 tionem
2159 3830 2497 3900 ignorantes,
2528 3829 2667 3900 ignis
2705 3830 2895 3884 aeterni
2929 3845 3103 3899 pinna:
3129 3830 3346 3884 minime
3374 3845 3525 3884 man-

1926 3922 2175 3990 cipantur
2225 3939 2237 3974 :
2287 3920 2484 3992 quippe
2537 3936 2659 3975 cum
2706 3919 2845 3991 ignis
2895 3928 3155 3975 mternum
3199 3920 3519 3989 supplicium

1926 4012 2111 4082 impiis
2151 4023 2206 4068 et
2248 4013 2621 4082 peccatoribus
2663 4020 3020 4082 praeparatum
3065 4014 3154 4067 sit.
3189 4011 3295 4069 Sed
3342 4022 3396 4067 ct
3435 4012 3525 4068 isti

1928 4106 2143 4177 quidem
2175 4123 2296 4162 cum
2329 4121 2423 4161 sua
2455 4106 2722 4177 imperitia
2752 4106 3112 4161 dimittantur.

2000 4243 2161 4298 Aliud
2200 4242 2456 4313 eli‘ugium
2499 4242 2705 4310 aperit,
2740 4256 2844 4308 quo
2875 4256 2934 4296 se
2970 4240 3337 4313 subducerent
3366 4242 3522 4297 Pela-

1926 4314 2093 4382 giani,
2126 4328 2247 4367 cum
2283 4312 2655 4381 premerentur
2676 4328 2703 4365 a
2729 4313 3007 4367 catholicis
3032 4312 3230 4366 Christi
3257 4312 3519 4382 judicium

1927 4384 2461 4452 argumentantibus,
2506 4392 2561 4438 et
2600 4383 2924 4438 sententiam
2958 4398 3147 4437 omnes
3175 4383 3228 4437 in
3257 4386 3363 4437 duo
3406 4394 3523 4438 tan-

1930 4464 2038 4508 tum
2092 4455 2209 4509 loca
2259 4455 2697 4509 distribuenlem.
2757 4456 3018 4510 Dixerunt
3066 4456 3209 4508 enim
3257 4455 3515 4524 judicium

556 4535 623 4588 ιιά
650 4524 799 4609 ῌᾹυρ,
833 4535 966 4609 ιεάε
992 4534 1145 4590 pace,
1183 4537 1331 4609 (mg,
1374 4552 1422 4592 ε,
1450 4524 1507 4606 δ)
1539 4553 1555 4589 ι
1587 4535 1823 4607 Infante,
1848 4537 1903 4598 1)
1928 4526 2194 4607 ejusmodi
2225 4526 2290 4579 ad
2328 4528 2470 4607 solos
2501 4526 2716 4609 adultos
2744 4526 2973 4581 rationis
3014 4524 3334 4609 participes3
3357 4537 3421 4609 _ct
3442 4527 3525 4609 _le-

1929 4600 2032 4663 gis,
2058 4610 2217 4666 quam
2242 4599 2536 4666 novissent).
2561 4598 2773 4651 violat-.13
2799 4613 2917 4652 reos
2946 4596 3234 4666 pertinere.
3273 4596 3403 4652 Vide
3431 4596 3525 4652 Ju-

1928 4664 2302 4733 liani—eadem,
2351 4682 2472 4737 quae
2500 4664 2851 4731 Theodorus,
2885 4664 3187 4724 teétimonia
3236 4669 3521 4724 tractantis

1927 4737 2333 4795 altercationem
2360 4738 2498 4811 (Lib.
2523 4756 2560 4794 ιι
2592 4738 2693 4810 0p.
2718 4737 2984 4811 Imperf.).

2536 4852 2765 4911 CAPUT
2806 4854 2919 4909 νη.

2214 4944 2290 5001 De
2312 4944 2678 5001 Incarnatione
2708 4945 2880 5016 Verbi,
2907 4963 2994 5001 seu
3013 4947 3235 5002 Christo.

1996 5059 2088 5114 42.
2109 5060 2317 5115 Rursus
2338 5067 2516 5115 autem
2539 5058 2820 5125 docemur,
2848 5058 2987 5128 quod
3012 5058 3064 5112 in
3091 5056 3383 5113 novissimo
3411 5058 3523 5113 die-

1932 5167 2050 5208 rum
2070 5152 2374 5222 unigenitus
2398 5152 2541 5207 Deus
2558 5150 2817 5218 Verbum,
2835 5150 3111 5205 voluntate
3129 5150 3300 5205 Patris
3316 5160 3371 5205 et
3402 5149 3525 5219 Spi-

1934 5249 2070 5304 ritus
2098 5249 2288 5313 sancti,
2308 5245 2813 5316 complacuithomo
2842 5244 2980 5301 ﬁeri.
3008 5246 3069 5299 Et
3090 5244 3228 5315 quod
3252 5245 3526 5301 voluntate

1941 5341 2116 5400 Patris
2143 5341 2312 5397 iactus
2341 5353 2445 5405 εει,
2478 5349 2667 5409 aperte
2694 5340 2875 5395 docuit
2902 5340 3091 5395 beatus
3118 5339 3313 5395 Paulus
3342 5339 3415 5395 ita
3444 5338 3525 5394 di-

1936 5450 2069 5492 cens
2108 5452 2121 5490 :
2164 5436 2229 5489 At
2269 5434 2355 5488 ubi
2392 5435 2527 5489 venit
2567 5432 2831 5504 plenitudo
2876 5433 3155 5502 temporis,
3202 5432 3341 5486 misit
3389 5431 3526 5485 Deus

1939 5526 1987 5581 Γ
1992 5530 2138 5583 ilium
2174 5543 2325 5583 suum
2365 5527 2560 5595 factum
2587 5541 2651 5581 ea:
2680 5524 2925 5590 muliere,
2959 5530 3149 5595 factum
3179 5526 3269 5580 sub
3300 5526 3439 5594 lege,
3473 5532 3525 5575 ut

1940 5639 2025 5679 eos
2064 5623 2153 5693 qui
2182 5621 2275 5675 sub
2305 5620 2416 5694 lege
2453 5629 2596 5675 erant
2625 5621 2896 5675 redimeret
2917 5626 2946 5685 ,'
2964 5630 3013 5675 et
3041 5621 3363 5689 adoptionem
3393 5619 3526 5685 ﬁlio-

247 5713 391 5769 nime
435 5713 730 5784 baptizatos
785 5716 974 5770 aeterni
1020 5715 1156 5785 ignis
1204 5728 1378 5785 pinum
1417 5714 1701 5785 deputare,
1744 5718 1838 5785 qui
1941 5733 2060 5771 rum
2088 5716 2445 5786 reciperemus.
2479 5712 2619 5783 (Gal.
2650 5730 2720 5780 tv,
2755 5714 2835 5784 4).
2867 5715 2933 5769 Et
2973 5714 3114 5784 quod
3155 5713 3319 5769 etiam
3363 5711 3527 5767 Filius

252 5809 465 5875 assolet
500 5808 559 5871 in
596 5806 889 5872 Scriptum
913 5807 1160 5878 aeneum
1199 5807 1495 5881 nominari:
1524 5807 1735 5869 discant
1774 5824 1841 5870 ex
1940 5808 2138 5870 volens
2163 5805 2337 5869 iactus
2356 5814 2439 5869 est
2463 5804 2649 5879 homo,
2672 5806 2922 5897 similiter
2950 5806 3143 5865 beatus
3174 5805 3376 5866 Paulus
3401 5801 3528 5860 edo.
