3900 6268
195 207 297 264 ιδι
376 205 685 266 DISSERT.
730 204 795 259 γ.
838 203 930 260 DE
971 201 1282 261 LIBELLIS
1320 198 1503 259 FIDE!
1539 201 1849 259 SCRIPTIS
1886 201 1978 258 AB
2015 198 2453 260 AUCTORIBUS
2490 200 2813 262 HERESIS
2851 202 3291 264 PELAGIANE.
3366 210 3476 266 £82

265 320 358 376 46.
386 319 495 376 Per
522 318 690 374 multa
723 316 885 388 igitur
916 315 1221 373 testimonia
1250 314 1411 369 docet
1435 312 1614 368 divina
1637 311 1788 369 Scri-
1818 317 1872 375 Α
1896 312 2275 383 peccatoribus
2305 313 2457 369 obire
2483 323 2712 387 mortem
2754 314 3004 385 dignatus
3028 326 3134 384 est,
3165 316 3307 373 sicut
3348 317 3479 373 bea-

194 421 376 484 ptura,
408 410 553 481 quod
589 410 899 481 unigenitus
929 409 1025 465 Dei
1059 408 1227 463 Filius
1256 407 1428 462 iactus
1470 413 1557 461 est
1596 404 1781 470 homo,

195 513 251 560 et
278 502 510 574 primum
547 501 765 572 quidem
795 508 856 556 ut
882 498 1236 555 humilitatem
1280 496 1508 553 doceret
1536 494 1784 563 cwlestes

194 596 449 661 virtutes,
488 610 552 651 ac
579 602 892 650 terrestrem
935 593 1211 648 hominem
1262 606 1550 662 numquam
1588 589 1785 647 debere

195 687 465 759 superbire
490 684 619 742 vitio
640 684 910 753 laborare,
931 685 1073 741 sicut
1091 684 1339 759 diabolus
1359 693 1413 739 et
1429 683 1547 754 ejus
1572 680 1746 752 angeli
1767 698 1783 748 ;

196 792 259 837 ut
285 781 355 837 de
382 789 579 837 caetero
603 780 847 837 videntes
874 780 1070 836 Filium
1120 779 1217 836 Dei
1266 778 1492 834 formam
1520 777 1664 834 servi
1693 777 1789 834 ha-

118 912 119 915 η
196 874 440 941 bentem,
465 888 755 945 numquam
788 874 841 928 in
871 886 1090 930 sensum
1132 871 1401 942 superbiae
1429 870 1615 927 venire
1645 869 1789 941 cogi-

196 974 403 1032 tarent,
436 965 574 1021 sicut
603 965 793 1021 beatus
815 952 1015 1022 Paulus
1046 964 1226 1034 docet,
1253 978 1375 1021 cum
1400 962 1532 1019 dicit
1559 962 1789 1036 (Philip.

197 1075 261 1125 tt,
294 1060 383 1130 5):
419 1057 533 1113 Hoc
562 1059 699 1114 enim
745 1059 929 1115 sentite
974 1060 1030 1114 in
1082 1058 1242 1127 vobis,
1269 1057 1407 1129 quod
1430 1066 1479 1112 et
1505 1057 1561 1112 in
1588 1055 1792 1111 Christo

197 1149 355 1219 Jesu,
387 1150 477 1222 qui
516 1165 635 1205 cum
660 1152 713 1205 in
750 1153 919 1221 {arma
940 1150 1043 1206 Dei
1065 1158 1219 1219 esset,
1248 1166 1352 1205 non
1387 1150 1625 1221 rapinam
1653 1148 1793 1203 arbi-

197 1253 371 1299 tratus
396 1250 494 1313 est,
525 1259 634 1299 esse
667 1259 722 1299 se
745 1244 995 1315 cequalem
1027 1240 1159 1311 Deo,
1191 1242 1281 1297 sed
1310 1242 1639 1314 semetipsum
1684 1240 1794 1296 eati-

198 1334 422 1404 nanioit,
454 1334 675 1404 formam
701 1334 835 1389 servi
862 1334 1141 1406 accipiens.
1169 1332 1240 1388 Et
1259 1333 1472 1405 qualem
1501 1332 1660 1388 istam
1685 1331 1796 1388 lor-

198 1427 384 1483 mami
414 1441 523 1482 non
547 1425 851 1483 caelestium
880 1425 1141 1481 virtutum
1166 1421 1319 1492 dicit,
1345 1423 1440 1480 sed
1471 1422 1667 1480 terreni
1692 1422 1797 1479 ho-

1886 413 1971 461 tus
2000 407 2201 462 Paulus
2222 407 2384 465 docet
2410 423 2532 464 cum
2556 408 2687 464 dicit
2709 407 2885 481 (Rom.
2913 425 2964 475 v,
2999 408 3086 481 6):
3118 410 3185 467 Ut
3203 412 3328 482 quid
3347 414 3479 468 enim

1887 494 2120 553 Christus
2135 538 2151 566 ,
2179 515 2297 553 cum
2322 500 2491 556 adhuc
2504 500 2699 569 infirmi
2721 516 2964 567 essemus,
2983 503 3266 556 secundum
3279 511 3478 575 tempus

1889 606 1983 660 pro
2004 591 2175 661 impiis
2203 600 2434 647 mortuus
2458 594 2574 648 est?
2610 592 2706 647 Via:
2726 593 2859 649 enim
2882 609 2977 663 pro
2994 594 3140 667 justo
3175 596 3293 666 quis
3322 597 3483 651 mori-

1888 690 2011 750 tur;
2038 699 2157 738 nam
2179 701 2273 755 pro
2298 684 2429 739 bono
2461 685 2680 757 forsitan
2704 686 2820 755 quis
2840 694 2891 740 et
2928 686 3115 741 audeat
3146 688 3273 741 mori
3289 688 3313 741 ?
3332 687 3487 742 Com—

1889 777 2097 833 mendat
2124 787 2299 845 autem
2326 795 2472 833 suam
2498 778 2800 834 charitatem
2818 778 2958 834 Deus
2979 782 3031 835 in
3050 780 3217 849 nobis,
3244 783 3488 853 quoniam

1889 886 2007 925 cum
2033 870 2203 924 adhuc
2224 879 2514 940 peccatores
2541 888 2787 938 essemus,
2803 872 3037 927 Christus
3062 889 3157 942 pro
3178 874 3324 929 nobis
3348 890 3490 929 nter-

1894 969 2011 1017 tuus
2038 970 2130 1017 est.
2155 961 2419 1019 Similiter
2441 972 2646 1033 autem,
2673 963 2818 1033 quod
2846 963 3008 1021 etiam
3037 964 3122 1021 his
3152 966 3241 1035 qui
3260 966 3490 1022 credunt

1894 1053 1948 1109 in
1972 1053 2149 1124 ipsum
2177 1053 2516 1124 spiritualem
2544 1055 2889 1126 adoptionem
2918 1057 3149 1113 ﬁliorum
3181 1058 3407 1129 largitur
3435 1067 3491 1115 et

1896 1148 2059 1215 dona,
2088 1156 2144 1203 et
2161 1145 2331 1202 eilicit
2360 1146 2509 1217 regni
2534 1148 2616 1202 sui
2643 1148 2886 1205 caelestis
2913 1149 3178 1223 ltmredes,
3210 1150 3349 1206 sicut
3375 1152 3493 1222 ipse

1896 1240 2160 1295 Dominus
2202 1247 2387 1295 noster
2413 1238 2571 1295 Jesus
2610 1238 2857 1297 Christus
2898 1241 3101 1299 docens
3137 1242 3490 1301 Nicodemum

1897 1332 2031 1390 dicit
2052 1331 2231 1404 (Joan.
2267 1346 2347 1399 ut,
2373 1332 2457 1404 5):
2492 1331 2677 1400 Amen,
2699 1350 2869 1401 amen,
2896 1334 3012 1389 dico
3035 1336 3146 1403 tibi,
3174 1338 3218 1391 si
3245 1340 3358 1409 quis
3389 1356 3494 1394 non

1900 1424 2069 1479 denuo
2105 1434 2259 1479 natus
2300 1424 2477 1494 fuerit,
2526 1440 2633 1478 non
2685 1434 2851 1496 potest
2896 1426 3067 1483 videre
3112 1444 3327 1501 regnum
3370 1430 3490 1487 Dei.

199 1518 391 1585 minis,
420 1533 542 1590 qua:
567 1517 819 1574 omnibus
842 1515 1200 1573 rationalibus
1224 1514 1537 1571 substantiis
1568 1513 1798 1570 habetur
1901 1514 2059 1573 Unde
2097 1515 2331 1572 infantes
2367 1516 2457 1586 qui
2508 1515 2562 1571 in
2598 1517 2837 1586 peccatis
2884 1532 2991 1573 non
3041 1529 3186 1587 sunt,
3219 1532 3496 1579 merentur

199 1611 486 1683 humilior,
519 1611 675 1683 quasi
704 1626 825 1684 quae
872 1627 939 1669 ex
965 1610 1145 1666 anima
1195 1609 1445 1667 rationali
1471 1618 1527 1666 et
1555 1608 1799 1666 terrestri
1902 1615 2082 1664 tamen
2114 1606 2453 1678 baptismatis
2475 1608 2729 1678 gratiam,
2759 1616 2818 1663 ut
2846 1609 2900 1663 in
2922 1608 3138 1667 Christo
3165 1627 3300 1668 nova
3327 1629 3496 1685 gene-

200 1721 438 1778 corpore
480 1706 551 1763 sit
590 1716 795 1763 creata.
836 1705 994 1763 Unde
1038 1704 1230 1777 adjicit
1269 1705 1456 1761 dicens
1482 1702 1673 1775 (Ibid.,
1704 1702 1798 1774 7):
1829 1707 1880 1769 B
1905 1702 2119 1758 ratione
2144 1702 2335 1771 creati,
2368 1702 2531 1758 etiam
2561 1702 2714 1773 regni
2743 1704 2863 1773 ejus
2907 1703 3222 1763 cohaeredes
3252 1708 3495 1765 efﬁcian-

199 1797 273 1854 1η
301 1798 693 1855 similitudinem
715 1799 979 1854 hominum
1007 1799 1198 1869 factus,
1223 1806 1269 1852 et
1293 1797 1471 1851 habitu
1492 1798 1721 1852 inventus
1743 1804 1799 1851 ut

202 1890 383 1958 homo,
413 1889 697 1945 humiliavit
720 1891 1071 1959 semetipsum,
1100 1893 1269 1959 factus
1290 1887 1527 1943 obediens
1544 1904 1708 1959 usque
1728 1888 1800 1943 ad

201 1988 444 2035 mortem.
476 1981 544 2036 Et
573 1980 742 2051 ipsius
789 1980 985 2035 iterum
1016 1979 1206 2035 mortis
1239 1977 1460 2049 qualis?
1505 1993 1627 2049 quae
1655 1978 1798 2049 apud

204 2071 459 2127 homines
482 2070 730 2127 omnibus
759 2070 998 2127 deterior
1045 2079 1150 2138 est,
1181 2085 1416 2143 namque
1460 2070 1659 2142 adjecit
1713 2072 1796 2128 di-

202 2177 367 2221 cens:
395 2162 615 2220 Mortem
635 2173 804 2220 autem
824 2167 1005 2221 crucis.

279 2300 359 2356 De
379 2299 556 2356 causis
575 2314 675 2355 cur
696 2299 1000 2370 unigenitus
1028 2298 1122 2355 Dei
1136 2298 1307 2370 Filius
1329 2297 1500 2354 factus
1520 2297 1592 2354 sit
1614 2297 1796 2366 homo,

203 2372 432 2427 omnino
459 2369 853 2442 pelagianizat;
887 2386 987 2428 sex
1012 2371 1157 2426 enim
1195 2369 1351 2426 aﬂ'ert
1379 2371 1543 2440 solas,
1579 2385 1715 2440 quas
1743 2377 1801 2427 et

205 2442 313 2513 ipsi
339 2443 647 2513 Pelagiani:
684 2452 739 2497 ut
788 2442 1035 2498 homines
1063 2443 1287 2497 doceret
1314 2442 1708 2503 humilitatem;
1742 2449 1802 2496 ut

204 2512 362 2569 suam
389 2512 516 2585 erga
556 2527 655 2569 nos
678 2512 1023 2585 dilectionem
1042 2514 1378 2585 ostenderet
1403 2528 1419 2578 ;
1452 2520 1514 2585 ut
1537 2528 1636 2585 pro
1667 2528 1800 2581 pec-

204 2583 482 2641 catoribus
508 2592 843 2649 moreretur;
866 2593 927 2639 ut
955 2583 1057 2639 sibi
1084 2583 1429 2639 credentibus
1452 2583 1798 2652 ad0ptionem

204 2654 523 2726 largiretur,
554 2665 610 2711 et
634 2656 785 2726 regni
815 2654 1219 2726 hatreditatem;
1251 2661 1309 2706 ut
1330 2654 1661 2726 exemplum
1697 2655 1803 2708 vir-

205 2721 338 2781 tutis
369 2721 721 2795 exercendae,
763 2735 819 2781 et
847 2725 1093 2781 vincendi
1140 2721 1347 2795 peccati
1392 2724 1691 2795 praeberet;
1744 2734 1803 2795 ut

203 2805 357 2853 esset
387 2797 657 2852 mediator
684 2792 846 2866 atque
892 2795 1289 2866 reconciliator.
1319 2794 1564 2849 Julianus
1600 2792 1691 2866 (In
1733 2794 1801 2849 li-

204 2868 309 2923 bel.
337 2877 474 2935 part.
509 2883 526 2922 ι
554 2884 696 2921 num.
729 2864 773 2921 7⁷
798 2877 846 2921 et
871 2864 1025 2937 seq.).
1064 2864 1327 2937 Nascitur
1365 2881 1489 2937 ergo
1530 2865 1695 2930 nobis,
1746 2875 1801 2919 ut

206 2940 507 2992 universum
536 2939 787 2990 mundum
816 2954 848 2990 a
877 2936 1097 3008 peccatis
1121 2944 1169 2990 et
1197 2936 1431 3007 exemplo
1452 2946 1730 3008 repocaret,
1755 2948 1802 2990 et

204 3009 452 3080 patiendo
476 3009 780 3074 redimeret;
801 3004 925 3061 dum
938 3017 1221 3080 peccatum,
1245 3015 1293 3059 et
1313 3004 1461 3075 quasi
1486 3004 1803 3080 Deusgigno-

1906 1805 2015 1860 tur,
2045 1793 2340 1851 secundum
2363 1794 2578 1849 beatum
2608 1794 2832 1850 Paulum
2855 1794 2922 1867 (ll
2945 1794 3069 1851 Cor.
3097 1812 3151 1863 v,
3178 1797 3268 1870 17)
3286 1817 3296 1851 :
3314 1799 3376 1857 Si
3396 1817 3497 1872 qua

1902 1888 1959 1942 in
1985 1886 2191 1943 Christo
2220 1901 2352 1941 nova
2374 1896 2633 1944 creatura.

1974 1980 2063 2035 49.
2091 1977 2225 2034 Nam
2256 1988 2540 2050 propterea
2564 1978 2727 2035 etiam
2750 1979 2977 2037 virtutes
3004 1982 3257 2041 caelestes
3282 1999 3381 2055 per
3403 2001 3497 2043 so-

1904 2070 2013 2127 lam
2041 2072 2205 2127 ﬁdem
2230 2082 2487 2129 creantur
2520 2073 2573 2129 in
2614 2071 2856 2142 Christo,
2881 2076 3007 2147 quia
3036 2084 3092 2132 et
3119 2078 3254 2134 istas
3283 2095 3499 2152 quoque

1903 2180 2096 2221 omnes
2127 2165 2178 2220 in
2211 2165 2508 2236 semetipso
2536 2168 2850 2235 renovavit;
2876 2176 2929 2225 et
2968 2178 3191 2242 propter
3220 2171 3321 2228 hoc
3352 2174 3498 2230 enim

1905 2257 2001 2329 qui
2029 2257 2082 2312 in
2110 2256 2326 2313 Christo
2346 2258 2577 2313 credunt
2608 2274 2745 2315 nova
2777 2270 3024 2317 creatura
3072 2263 3345 2330 dicuntur,
3374 2266 3499 2336 quia

1903 2351 2246 2422 unigenitum
2277 2350 2442 2406 Deum
2476 2351 2712 2408 Verbum
2734 2354 2986 2411 similiter
3005 2371 3125 2412 cum
3155 2358 3297 2413 servi
3326 2359 3501 2417 forma

1904 2460 2062 2516 quam
2080 2443 2241 2498 habet
2264 2455 2593 2501 venerantur
2612 2455 2666 2500 et
2682 2447 2887 2502 colunt.
2917 2448 3070 2517 Quod
3094 2458 3273 2506 autem
3304 2461 3502 2511 creatas

1904 2546 2032 2592 sunt
2061 2536 2310 2591 cmlestes
2350 2536 2578 2592 virtutes
2609 2537 2663 2592 in
2692 2536 2935 2606 Christo,
2989 2541 3143 2595 testis
3183 2551 3267 2597 est
3308 2542 3502 2599 beatus

1905 2629 2106 2685 Paulus
2134 2630 2323 2685 dicens
2354 2628 2574 2702 (Ephes.
2629 2647 2668 2697 ι,
2720 2630 2831 2702 10),
2882 2629 3183 2688 Instaurare
3233 2637 3405 2690 omnia
3446 2638 3501 2692 in

1905 2720 2134 2790 Ghristo,
2166 2739 2282 2794 qua:
2312 2723 2365 2777 in
2397 2722 2536 2777 caelis
2562 2732 2607 2778 et
2635 2724 2688 2779 in
2720 2732 2856 2779 terra
2881 2734 2999 2779 sunt
3029 2728 3083 2780 in
3111 2728 3241 2797 ipso.
3295 2728 3502 2789 Rursus

1910 2814 2070 2871 etiam
2099 2814 2238 2870 sicut
2258 2822 2420 2885 caput
2449 2814 2709 2871 Ecclesiae
2754 2816 2974 2883 dicitur,
3022 2818 3101 2874 sic
3138 2820 3301 2875 etiam
3335 2822 3503 2878 coelo-

1906 2907 2071 2961 stium
2100 2907 2354 2961 virtutum
2380 2908 2618 2962 omnium
2646 2919 2808 2979 caput
2829 2924 2949 2966 esse
2977 2921 3331 2970 monstratur.
3361 2915 3501 2984 Quid

1908 3000 2053 3055 enim
2084 2999 2213 3055 dicit
2241 3000 2434 3056 beatus
2461 3001 2661 3057 Paulus
2683 3000 2908 3076 (Coloss.
2935 3021 2995 3073 tt,
3021 3005 3111 3078 9):
3144 3008 3281 3074 Quia
3305 3010 3358 3064 in
3386 3012 3503 3081 ipso

206 3076 401 3133 scendo
427 3079 654 3170 anferJret
672 3089 765 3170 ,Jet
794 3080 945 3170 quasi
971 3078 1122 3170 homo
1150 3086 1468 3170 permatura:
1505 3076 1800 3170 similitudi-

1909 3090 2160 3145 inhabitat
2200 3091 2367 3146 omnis
2412 3091 2677 3161 plenitudo
2724 3096 3007 3150 divinitatis
3052 3076 3417 3170 corporaliter,
3454 3113 3503 3159 et

208 3167 348 3217 nem,
371 3147 889 3220 quemadmodum'de
915 3158 1097 3220 σιτ-ιενο
1127 3147 1259 3220 vinci
1285 3147 1466 3220 possit,
1490 3148 1794 3220 ostenderet.

283 3217 547 3290 Incipiens
578 3237 611 3273 a
639 3221 939 3288 baptismate
965 3217 1205 3288 Joannis,
1236 3233 1339 3290 quo
1382 3217 1670 3290 baptizatus
1700 3231 1798 3287 est,

206 3292 373 3346 dandi
390 3288 610 3363 exempli
630 3292 819 3364 gratia,
842 3305 947 3364 non
964 3290 1073 3364 s_ui,_
1079 3290 1208 3343 sicut
1223 3288 1436 3364 quidam
1449 3288 1530 3342 vol
1538 3299 1648 3364 unt,
1672 3306 1802 3364 cau-

208 3380 270 3418 sa
304 3365 515 3431 peccati,
537 3358 671 3417 sicut
695 3363 804 3430 ipse
834 3362 906 3414 ait
933 3362 1001 3413 ad
1036 3358 1292 3415 Joannem
1323 3375 1353 3431 :7
1374 3358 1504 3431 Sine
1529 3360 1703 3427 modo,
1727 3362 1802 3416 sic

209 3430 350 3505 enim
374 3444 569 3505 Oportet
598 3432 808 3505 implere
830 3447 1047 3505 omnem
1049 3432 1308 3505 justitiam
1330 3430 1549 3505 _(Mat_th.
1576 3447 1654 3497 ιιι,
1689 3431 1797 3503 15).

211 3502 450 3572 διώίεέὶι
476 3520 529 3558 se
565 3502 796 3559 omnibus
823 3502 1147 3572 passionibus
1197 3502 1389 3566 carnis,
1445 3503 1657 3572 ferendo
1685 3502 1803 3558 esu-

209 3575 362 3640 riem,
395 3575 552 3640 sitim,
585 3573 960 3637 lassitudinem,
993 3573 1248 3639 dolorem,
1279 3579 1514 3637 mortem,
1546 3583 1593 3626 et
1618 3583 1804 3628 caetera

209 3645 516 3715 hujusmodi
531 3661 551 3699 .'
569 3642 764 3715 Factus
784 3644 1025 3715 obediens
1053 3659 1212 3713 usque
1238 3643 1307 3696 ad
1330 3652 1563 3715 mortem,
1590 3653 1802 3699 mortem

210 3714 382 3769 autem
404 3714 811 3840 crucis§Philip.
843 3731 903 3798 li,
929 3714 1006 3786 8).
1036 3714 1334 3796 Secundum
1376 3714 1515 3783 quod
1551 3731 1645 3769 nos
1689 3715 1804 3771 bea-

211 3798 298 3840 tus
328 3785 519 3840 Petrus
548 3804 575 3840 e
615 3798 769 3840 acuit.
816 3786 989 3840 dicens
1017 3802 1036 3840 :
1079 3784 1313 3840 Christus
1358 3801 1541 3840 passus
1588 3795 1661 3840 est
1709 3803 1803 3840 pro

211 3798 298 3841 tus
328 3785 519 3841 Petrus
548 3784 769 3852 edocuit,
816 3784 1036 3841 dicens:
1079 3784 1313 3840 Christus
1358 3801 1541 3853 passus
1588 3795 1661 3840 est
1709 3803 1803 3857 pro

212 3858 385 3925 nobis,
418 3858 560 3913 nobis
584 3857 876 3927 relinquens
892 3857 1204 3928 exemplum,
1222 3866 1277 3929 ut
1291 3871 1571 3929 sequamur
1592 3860 1805 3929 vestigia

210 3933 328 4002 ejus
355 3931 736 4002 quipeccatum
770 3945 873 4002 non
902 3927 1043 3999 fecit,
1075 3944 1167 3981 nec
1211 3927 1361 3981 dolus
1391 3927 1625 3983 inventus
1646 3927 1735 3983 est'
1750 3930 1804 3983 in

212 3998 301 4055 ore
314 3998 426 4072 ejus
451 3999 493 4072 (l
516 4001 659 4055 Petr.
688 4015 749 4072 ll,
770 3998 887 4068 21).

348 4068 635 4145 αηόὶρὶων
660 4070 722 4145 ob
750 4078 979 4145 nostram
1024 4068 1245 4145 salutem
1275 4070 1555 4145 secundum
1595 4086 1805 4124 carnem

210 4159 428 4209 passum
456 4140 514 4196 ei
528 4141 808 4211 sepultum,
837 4142 985 4195 tertia
1019 4140 1103 4196 die
1131 4142 1471 4195 resurrexisse
1491 4152 1536 4194 et
1569 4152 1629 4194 ut
1665 4157 1805 4194 mor-

207 4223 317 4268 tem
344 4216 648 4282 destrueret,
676 4223 721 4267 et
751 4219 805 4266 ut
830 4212 973 4266 nobis
992 4212 1126 4264 viam
1145 4213 1533 4267 resurrectionis
1562 4212 1802 4281 aperiret.

284 4346 377 4401 47.
402 4343 478 4400 Ne
503 4345 623 4416 quis
651 4353 848 4411 autem,
870 4342 1099 4399 audiens
1126 4344 1342 4400 beatum
1366 4343 1590 4399 Paulum
1620 4344 1807 4402 dicen-

208 4449 328 4495 tem
358 4437 501 4509 quod
519 4437 827 4493 humiliavit
851 4451 911 4492 se
939 4452 1109 4506 usque
1131 4436 1196 4491 ad
1224 4444 1475 4501 mortem,
1500 4437 1804 4506 passionem

209 4531 396 4588 crucis
429 4530 539 4585 Deo
580 4537 851 4594 annectat,
903 4527 1065 4583 sicuti
1097 4527 1288 4583 nefarii
1320 4527 1537 4597 sapiunt
1568 4527 1755 4583 Ariani
1782 4545 1796 4588 :

210 4625 338 4680 sine
365 4624 613 4694 passione
651 4622 795 4677 enim
827 4620 1135 4691 unigenitus
1159 4620 1305 4676 Deus
1336 4630 1450 4689 est,
1479 4634 1543 4675 ac
1588 4622 1804 4691 penitus

210 4716 455 4789 passioni
487 4716 769 4787 subjacere
788 4729 903 4769 non
930 4722 1127 4785 potest.
1152 4714 1519 4785 Quaecumque
1547 4713 1711 4784 igitur
1735 4714 1806 4772 de

207 4810 437 4866 Christo
467 4808 685 4864 humilia
730 4807 892 4863 verba
939 4806 1210 4873 dicuntur,
1264 4806 1378 4862 haec
1422 4806 1601 4861 omnia
1640 4821 1808 4863 anne-

206 4902 409 4960 ctenda
434 4910 563 4957 sunt
586 4899 726 4957 servi
758 4897 966 4954 formae.

286 5015 685 5072 NeSIorianizat
713 5027 833 5068 cum
864 5010 971 5065 ait:
1004 5010 1348 5079 Quaecumque
1376 5010 1534 5081 igitur
1560 5010 1624 5063 de
1652 5008 1806 5064 Chri-

208 5098 295 5145 sto
325 5086 542 5141 humilia
570 5085 719 5142 verba
744 5082 1131 5147 dicuntur,htec
1159 5083 1330 5135 omnia
1352 5081 1669 5135 annectenda
1688 5087 1810 5135 sunt

212 5166 405 5286 normae
424 5159 576 5213 servi.
611 5157 946 5225 Quamquam
967 5151 1114 5208 enim
1138 5153 1306 5208 verba
1335 5152 1452 5207 haec
1480 5151 1807 5206 catholicum

254 5230 425 5285 abent
449 5244 692 5286 sensum.
724 5234 849 5280 sunt
891 5233 1071 5279 tamen
1100 5226 1296 5279 merito
1318 5231 1590 5286 suspecta,
1623 5236 1745 5277 cum
1776 5236 1807 5277 a

254 5230 425 5285 abent
449 5244 692 5291 sensum,
724 5234 849 5280 SUﬂl
891 5233 1071 5279 tamen
1100 5230 1296 5279 merito
1318 5231 1590 5292 suspecta,
1623 5236 1745 5277 cum
1776 5236 1807 5277 a

210 5300 489 5372 discipulo
510 5298 784 5355 Theodori
814 5295 1179 5366 proferuntur.

290 5414 386 5471 48.
406 5414 600 5470 Postea
631 5421 830 5476 autem,
860 5417 917 5464 ut
943 5407 1260 5465 ostenderet
1289 5416 1544 5479 quantam
1585 5408 1811 5465 haberet

218 5510 366 5566 circa
395 5520 492 5562 sua
540 5519 704 5576 opera
758 5502 1137 5568 dilectionem,
1177 5515 1300 5556 cum
1346 5501 1605 5557 Dominus
1644 5511 1807 5570 esset,

208 5599 434 5665 maluit,
465 5606 685 5668 accepta
722 5595 862 5652 servi
892 5595 1085 5662 forma,
1112 5593 1226 5649 ﬁeri
1262 5600 1531 5665 tamquam
1579 5610 1715 5649 unus
1742 5610 1812 5651 ex

209 5690 489 5755 nobis;et
517 5689 736 5756 iterum,
766 5686 909 5773 quod
941 5688 1102 5743 homo
1155 5684 1331 5742 iactus
1380 5700 1477 5758 pro
1528 5686 1706 5759 impiis
1759 5694 1813 5748 et

1903 3186 2025 3239 estis
2054 3186 2109 3239 in
2148 3186 2243 3241 illo
2283 3184 2488 3257 repleti,
2517 3188 2605 3256 qui
2626 3196 2700 3242 est
2728 3199 2883 3260 caput
2912 3192 3077 3247 omnis
3100 3194 3423 3266 principatus
3451 3206 3503 3252 et

1904 3280 2168 3348 potestatis
2189 3279 2214 3332 ?

1978 3373 2045 3429 Et
2073 3374 2286 3441 iterum,
2323 3382 2605 3445 propterea
2638 3375 2808 3433 factus
2835 3385 2919 3433 est
2948 3378 3131 3446 homo,
3164 3390 3220 3436 ut
3246 3350 3523 3440 damnalo‘

1904 3470 1958 3525 in
1978 3483 2139 3526 carne
2170 3478 2413 3539 peccato,
2438 3470 2932 3541 relinqueretnobis
2953 3474 3279 3545 exemplum,
3308 3491 3501 3547 quem-

1908 3559 2195 3616 admodum
2228 3561 2456 3632 quisque
2495 3562 2690 3619 debeat
2716 3564 3026 3621 carnalibus
3054 3568 3326 3638 superatis
3356 3568 3503 3626 vitiis

1908 3669 2015 3709 non
2059 3655 2196 3711 ultra
2227 3655 2428 3713 diaboli
2476 3655 2702 3713 fallaciis
2730 3657 2929 3729 decipi.
2960 3659 3028 3715 Et
3072 3660 3288 3727 iterum,
3322 3671 3379 3717 ut
3408 3677 3503 3732 per

1906 3746 2051 3803 servi
2084 3747 2315 3802 formam
2339 3747 2603 3803 mediator
2624 3748 2781 3805 ﬁeret
2806 3749 2954 3805 Patri
2984 3760 3038 3804 et
3060 3750 3285 3821 Spiritui
3314 3762 3502 3809 sancto

1906 3846 1962 3894 et
1983 3853 2042 3894 se
2064 3838 2260 3910 dignis,
2294 3848 2349 3894 et
2377 3840 2456 3895 sic
2486 3840 2538 3895 in
2570 3850 2888 3910 perpetuum
2920 3854 3015 3896 eos
3052 3842 3323 3897 custodiat
3353 3844 3500 3913 pacis

1907 3931 2146 3998 vinculo,
2187 3932 2326 3987 sicut
2354 3930 2543 3987 beatus
2561 3932 2758 3987 Paulus
2787 3931 2947 3988 docet
2964 3932 3065 3988 hoc
3089 3933 3250 3989 modo
3275 3933 3499 4006 (Coloss.

1908 4040 1947 4090 ι,
1976 4023 2097 4095 19);
2132 4023 2267 4089 Quia
2304 4024 2358 4079 in
2389 4025 2501 4093 ipso
2529 4023 2838 4095 complacuit
2886 4041 3085 4080 omnem
3127 4026 3503 4097 plenitudinem

1912 4116 2159 4180 habitare,
2182 4123 2229 4169 et
2247 4132 2339 4186 per
2364 4132 2480 4170 eum
2504 4115 2837 4170 reconciliare
2860 4118 3052 4186 omnia,
3071 4119 3242 4172 omnia
3261 4120 3314 4173 in
3334 4119 3502 4190 ipsum

1911 4207 2190 4279 paciﬁcans
2216 4224 2306 4278 per
2330 4207 2637 4279 sanguinem
2662 4207 2832 4261 crucis
2860 4210 2993 4279 ejus,
3036 4209 3140 4263 sive
3170 4225 3287 4279 qua:
3313 4210 3367 4264 in
3396 4219 3500 4266 ter-

1910 4300 2004 4362 ris,
2028 4299 2130 4352 sive
2154 4314 2267 4369 qua:
2287 4299 2342 4352 in
2361 4297 2501 4352 uelis
2529 4309 2666 4353 sunt.

1985 4388 2072 4443 50.
2122 4388 2273 4446 Sicut
2319 4390 2479 4459 igitur
2535 4398 2805 4446 tantorum
2858 4391 3121 4447 bonorum
3173 4393 3290 4463 ipsa
3339 4407 3500 4450 causa

1834 4478 1891 4539 D
1916 4482 2166 4538 omnibus
2188 4483 2540 4540 credentibus
2572 4483 2692 4551 fuit,
2720 4485 2800 4541 sic
2828 4484 2987 4542 etiam
3020 4500 3127 4543 nou
3155 4488 3500 4546 credentibus

1910 4575 2167 4646 ﬁtjustus
2196 4576 2512 4633 retributor.
2545 4575 2673 4633 Ideo
2717 4577 2878 4648 igitur
2908 4594 3002 4649 per
3048 4582 3215 4636 multa
3258 4583 3502 4637 testimo-

1911 4672 2000 4726 nia
2047 4684 2147 4727 nos
2173 4669 2372 4726 docent
2402 4670 2599 4726 divina:
2628 4669 2925 4742 Scriptura:
2977 4674 3121 4744 quod
3175 4674 3309 4729 nolit
3355 4675 3503 4733 Deus

1911 4774 2143 4820 mortem
2192 4764 2342 4832 impii
2390 4772 2445 4819 et
2473 4766 2794 4834 peccatoris,
2840 4765 2942 4821 nisi
2974 4775 3029 4821 ut
3065 4775 3422 4823 convertatur
3445 4779 3505 4825 et

1910 4856 2078 4910 vivat.
2108 4854 2375 4923 Quamdiu
2408 4854 2570 4925 igitur
2601 4869 2789 4909 sumus
2821 4855 2872 4910 in
2916 4855 3017 4912 hac
3059 4854 3184 4923 vita,
3217 4872 3505 4928 possumus

1914 4946 2293 5018 paenitentiam
2324 4960 2507 5017 agere,
2539 4954 2594 5002 et
2622 4945 2860 5001 futuram
2902 4947 3049 5003 illam
3077 4949 3290 5005 beatam
3337 4952 3501 5007 vitam

1913 5038 2297 5108 sempiternam
2328 5038 2550 5096 mereri.
2578 5036 2767 5108 Neque
2796 5038 2940 5094 enim
2965 5039 3077 5109 jam
3120 5050 3241 5111 post
3263 5045 3505 5112 corporis

1913 5131 2239 5187 solutionem
2268 5131 2600 5203 paenitentiae
2630 5130 2953 5201 relinquitur
2982 5132 3153 5201 locus,
3189 5148 3311 5190 cum
3336 5136 3504 5192 David

1912 5224 2177 5295 propheta
2208 5225 2289 5279 sic
2319 5224 2532 5291 doceat,
2562 5222 2750 5280 dicens
2776 5224 2844 5280 ad
2875 5224 3049 5282 Deum
3083 5225 3256 5297 (Psal.
3289 5243 3366 5295 vt,
3413 5229 3504 5302 6):

1917 5314 2054 5382 Quia
2091 5331 2194 5369 non
2239 5323 2313 5370 est
2344 5316 2397 5369 in
2440 5324 2603 5368 morte
2637 5316 2726 5387 qui
2768 5331 2962 5370 memor
2999 5318 3066 5370 sit
3096 5318 3193 5385 tui,
3220 5318 3272 5373 in
3303 5320 3508 5392 inferno

1915 5416 2081 5461 autem
2110 5408 2224 5476 quis
2253 5406 2581 5475 conﬁtebitur
2611 5406 2700 5461 tibi
2728 5406 2903 5478 (Psal.
2939 5424 3091 5478 cun,
3125 5411 3261 5482 l7)?
3296 5413 3364 5468 Et
3409 5413 3509 5471 ite-

1916 5514 2036 5555 rum
2062 5519 2072 5553 :
2108 5500 2229 5555 Non
2257 5500 2442 5554 mortui
2474 5498 2761 5553 laudabunt
2793 5509 2860 5567 te,
2889 5518 3051 5573 neque
3089 5519 3268 5559 omnes
3295 5506 3383 5576 qui
3411 5506 3509 5560 de-

1916 5597 2167 5650 scendunt
2193 5596 2246 5649 in
2274 5595 2556 5665 infernum.
2582 5592 2737 5662 Quod
2759 5603 2938 5651 autem
2968 5594 3214 5653 Christus
3240 5597 3507 5667 judicatu-

1917 5701 2010 5743 rus
2038 5687 2112 5744 sit
2135 5688 2283 5743 vivos
2314 5701 2376 5741 ac
2408 5694 2670 5754 mortuos,
2694 5685 2851 5746 docet
2881 5698 3067 5756 aperte
3100 5689 3287 5747 beatus
3313 5686 3505 5751 Paulus
