3970 6282
440 280 556 341 ωδ
767 333 778 341 ,
873 272 970 335 ΔΙ)
1006 263 1294 330 PARTE!
1328 252 1601 327 PRNAH
1635 261 1928 321 manu
1967 261 2040 319 Ι.
2082 256 2529 319 IERCATORIS
2567 256 2920 317 APPENDIX
2955 253 3298 316 SECUNDA.

442 392 522 448 sic
551 389 740 446 dicens
761 383 831 459 (II
858 384 975 443 Cor.
1010 398 1065 449 v,
1111 381 1203 452 ιθ)
1230 398 1244 437 :
1279 376 1468 438 Omnes
1497 379 1634 434 enim
1674 393 1769 432 nos
1815 375 2036 445 mortife-
2059 385 2113 442 Α
2729 371 2958 431 CAPUT
2988 372 3123 428 Vlii.

448 483 578 542 stari
603 487 799 555 oportet
840 486 957 534 ante
997 475 1221 532 tribunal
1250 473 1462 537 Christi,
1493 479 1548 525 ut
1582 470 1798 541 recipiat
1825 469 2042 540 quisque
2262 469 2269 472 “
2425 481 2429 484 ·
2599 480 2626 522 s
2647 482 2664 523 ι
2688 483 2720 521 v
2737 483 2770 522 ε
2825 482 2856 522 Α
2876 482 2906 522 p
2928 481 2961 521 Ρ
2979 482 3012 522 n
3034 481 3068 522 ιη
3088 482 3123 521 n
3146 481 3165 521 ι
3187 481 3215 520 1

392 569 395 571 ’
447 577 662 652 propria
681 571 934 643 corporis,
950 577 1102 641 prout
1125 567 1301 639 gessit,
1329 566 1434 626 sine
1459 564 1670 628 bonum,
1699 564 1806 616 sire
1821 562 2037 615 malum.
2517 557 2598 613 De
2622 558 2991 631 quastionibus
3018 557 3352 613 Arianorum.

447 646 577 726 ideo
603 668 750 725 cutim
778 665 977 722 dieitur
1000 661 1254 718 Christus
1278 661 1332 713 in
1355 658 1577 714 dextera
1605 655 1784 712 Patris
1823 655 1904 710 sui
1949 667 2039 710 se-
2214 655 2305 709 5'1.
2326 651 2599 720 Quoniam
2629 652 2790 721 igitur
2815 649 2908 722 qui
2932 650 3044 706 Arii
3074 651 3155 706 vel
3186 647 3442 706 Ennomii
3473 646 3734 705 uelandae

447 762 580 818 dere
606 760 764 831 quasi
786 757 955 828 iudex
989 765 1098 810 tam
1119 754 1374 808 vivorum
1399 763 1560 820 quam
1584 756 1957 813 moratorum;
1987 752 2045 801 et
2145 748 2383 804 haereses
2420 755 2697 802 sectantur
2737 753 2792 802 et
2834 745 3105 816 dogmata,
3141 743 3208 800 ad
3249 743 3736 816 blasphemandum

447 853 594 925 quod
624 851 782 914 Pater
807 849 1060 906 nemine-its
1073 845 1298 917 iudicat,
1328 843 1418 898 sed
1445 857 1595 896 omne
1609 839 1870 912 judicium
1900 835 2047 891 Filio
2145 842 2478 912 unigenitum
2506 840 2702 896 Fiiiu’m
2731 838 2826 895 Dei
2855 854 2949 909 per
2975 838 3090 894 dies
3112 837 3354 908 singulos
3378 851 3506 893 snas
3533 843 3740 892 acuunt

449 945 612 1013 dedit,
636 953 821 1014 aperte
847 940 1104 997 Dominus
1131 946 1322 994 noster
1363 933 1524 991 Jews
1547 931 1798 988 Christus
1826 927 2046 984 edocuit
2145 935 2375 1004 linguas,
2405 933 2585 989 edocti
2609 947 2829 1002 semper
2864 929 3061 986 divina:
3088 928 3382 1000 Scriptum
3426 929 3744 1002 simplicita-

453 1037 632 1107 (Joon.
663 1051 719 1100 v,
749 1032 868 1102 92).
2147 1033 2257 1080 tem
2283 1023 2612 1092 adulterare,
2643 1032 2700 1080 et
2730 1022 2912 1079 verbis
2936 1019 3258 1093 quibusdam
3296 1023 3589 1092 pervenis,
3622 1036 3744 1092 qua

2149 1130 2215 1171 ex
2262 1113 2649 1170 communibus
2695 1113 3026 1169 descendere
3073 1112 3327 1169 sensibus
3373 1120 3742 1179 consuerunt,

3619 253 3734 314 ιθι

526 1149 803 1203 Adversus
823 1141 1153 1199 Novatianos
1180 1139 1307 1210 agit,
1327 1137 1468 1208 quod
1492 1135 1887 1210 iaciuntomnes
1903 1131 2044 1210 ejus-

457 1201 774 1280 deinﬁtetatis
797 1216 1112 1284 scriptores,
1131 1201 1520 1284 Naiianienus,
1543 1205 1882 1284 Ambrosius,
1905 1201 2051 1259 Hila-

456 1277 571 1348 rius
603 1290 882 1350 diaconus,
910 1277 1299 1353 Hieronymus,
1331 1289 1388 1336 et
1417 1279 1506 1354 alii
1537 1292 1671 1344 quos
1704 1277 1921 1354 longum
1953 1286 2050 1352 es.—

459 1345 543 1417 set
572 1345 898 1421 recensere;
933 1356 1039 1424 agit
1062 1345 1193 1408 ve'ro
1223 1367 1328 1424 non
1354 1351 1545 1404 eodem
1573 1361 1683 1424 quo
1710 1345 1909 1424 reliqui
1935 1345 2052 1424 ani-

460 1412 586 1497 mo,
605 1412 700 1485 sed
723 1412 1100 1497 (inoriielavgitts
1121 1435 1173 1479 et
1193 1423 1461 1497 Julianus,
1489 1412 1609 1497 cuni
1638 1419 1789 1471 aiunt
1812 1412 2050 1497 ,lﬂtitttio

462 1485 600 1565 ueni,
630 1503 678 1556 si
707 1485 818 1571 post
849 1485 1156 1571 baptismum
1188 1491 1562 1571 lapsus-fuerit,
1589 1485 2056 1571 perfertitentilt‘rns

463 1554 728 1630 Zizaim;
756 1554 925 1640 posse'
952 1567 1181 1640 salvari;
1227 1554 1422 1631 netnp'e
1459 1571 1521 1640 _ut
1550 1554 1806 1640 invidiam
1854 1554 2055 1640 confici

463 1626 766 1700 catholicis.
793 1639 1090 1694 fatentibus
1131 1626 1236 1690 non
1270 1626 1428 1705 posse
1459 1631 1733 1686 hominem
1786 1626 2056 1699 pceniten-

466 1717 596 1770 tiam
628 1727 810 1784 agere,
844 1709 947 1765 nisi
976 1710 1114 1763 Deus
1140 1706 1252 1762 det.

2151 1207 2523 1262 contaminare
2545 1206 2795 1262 similiter
2814 1203 3120 1274 veritatem,
3153 1211 3212 1260 ut
3240 1211 3393 1275 parte
3418 1204 3748 1277 syllogistica

2152 1299 2543 1369 sophismatutn
2590 1297 2885 1354 nefandam
2929 1297 3180 1355 ltatrosim
3230 1312 3384 1354 suam
3425 1297 3751 1354 confirmaro

2153 1393 2462 1459 videantur,
2490 1391 2826 1464 sophisticae
2849 1389 3006 1448 nobis
3035 1391 3102 1446 de
3146 1391 3258 1446 Deo
3295 1389 3754 1462 interrogationes

2157 1487 2517 1559 praetendunt,
2551 1501 2582 1543 a
2624 1487 2924 1542 substantia
2973 1484 3150 1541 Patris
3184 1467 3520 1556 unigenitum
3555 1483 3754 1541 Filium

2155 1581 2393 1636 alienare
2413 1587 2706 1645 conantes;
2733 1578 3100 1635 necessarium
3125 1578 3263 1634 duco
3290 1593 3358 1632 ex
3385 1577 3578 1632 iisdem
3605 1562 3774 1632 com--

2158 1673 2412 1729 munibus
2427 1672 2677 1728 sensibus
2688 1685 2876 1727 eorum
2891 1671 3140 1726 haeresim
3155 1669 3439 1726 nefandam
3452 1669 3757 1738 destruere,

2083 1777 2135 1842 Β
2160 1772 2220 1821 ut
2242 1780 2309 1821 ex
2340 1763 2534 1836 quibus
2567 1763 2942 1835 probationem
2986 1761 3189 1818 habere
3231 1775 3290 1818 se
3320 1769 3530 1830 putant,
3564 1775 3634 1817 ex
3668 1760 3759 1817 iis-

534 1850 625 1908 51.
659 1847 870 1904 Rursus
893 1843 1056 1898 etiam
1075 1840 1336 1898 docemur
1363 1835 1512 1909 quod
1543 1841 1828 1904 resurgant
1856 1830 2060 1894 mortui

469 1944 526 2000 in
560 1940 751 1998 eadem
774 1951 941 1992 carne
968 1936 1020 1990 in
1052 1947 1158 2004 qua
1184 1932 1346 1988 etiam
1375 1930 1429 1986 in
1454 1929 1608 1986 utero
1633 1925 1821 1984 matris
1847 1923 2064 1980 forati

467 2043 618 2104 sunt,
648 2034 701 2090 in
732 2045 962 2102 corpore
995 2029 1196 2100 pariter
1225 2039 1290 2082 ac
1319 2025 1511 2095 ﬁgura,
1539 2022 1683 2078 sicut
1703 2021 1893 2083 beatus
1922 2017 2064 2078 Pau-

468 2131 552 2195 lus
579 2128 648 2186 ad
674 2124 988 2184 Corinthios
1014 2121 1262 2183 scribens
1286 2119 1418 2178 dicit
1450 2117 1493 2188 (ι
1525 2115 1645 2174 Cor.
1671 2129 1761 2178 xv,
1791 2111 1884 2182 55)
1915 2127 1928 2165 :
1957 2110 2067 2168 Sed

471 2222 596 2278 dicit
625 2217 842 2290 aliquis:
873 2214 1142 2281 Quomodo
1172 2219 1439 2283 resurgent
1462 2207 1696 2268 mortui?
1725 2204 1883 2272 Quali
1897 2211 2070 2264 autem

477 2328 692 2382 corpore
720 2309 953 2368 venient?
979 2304 1010 2366 1
1015 2305 1263 2374 nsipiens,
1299 2313 1354 2358 tu
1377 2300 1517 2374 quod
1543 2299 1790 2362 seminas,
1817 2311 1918 2350 non
1939 2295 2070 2350 vivis

476 2407 702 2479 ﬁcaiur,
752 2403 852 2457 nisi
898 2401 1041 2474 prius
1081 2397 1354 2452 moriatur.
1403 2392 1471 2448 Et
1521 2391 1658 2463 quod
1695 2389 1938 2454 seminus,
1969 2402 2072 2448 non

477 2515 662 2570 corpus
695 2495 833 2568 quod
857 2495 1090 2565 futurum
1116 2498 1193 2546 est
1218 2488 1464 2552 seminus,
1490 2484 1578 2540 sed
1605 2483 1804 2538 nudum
1829 2495 2071 2553 granum,

485 2603 610 2664 puta
639 2589 817 2653 tritici,
849 2594 938 2640 aut
967 2584 1193 2655 alicujus
1213 2588 1534 2636 eaterorum.
1587 2577 1727 2632 Deus
1771 2584 1942 2630 autem
1986 2574 2077 2626 dat

481 2683 566 2738 illi
589 2698 776 2755 corpus
799 2680 930 2742 sicut
961 2676 1141 2734 voluit.
1173 2675 1288 2730 Hoc
1313 2687 1436 2730 cum
1484 2669 1778 2742 Apostolus
1825 2667 2074 2736 dixisset,

481 2775 624 2848 quod
654 2774 796 2830 Deus
832 2771 926 2826 dat
972 2768 1052 2830 illi
1084 2781 1304 2837 corpus,
1349 2779 1455 2820 non
1489 2764 1630 2819 sicut
1652 2761 1790 2830 vult,
1811 2759 1910 2816 sed
1935 2757 2080 2816 sicut

485 2869 678 2933 voluit,
720 2864 961 2921 ostendit
988 2861 1131 2933 quod
1171 2861 1312 2914 sicut
1365 2873 1395 2914 a
1440 2855 1704 2928 principio
1743 2865 1958 2926 creatus
1997 2857 2082 2908 est

487 2961 676 3038 homo,
727 2957 805 3012 sic
834 2957 998 3009 etiam
1053 2954 1108 3008 in
1159 2949 1564 3006 resurrectione
1607 2955 1877 3016 resurget,
1907 2955 2083 3014 neque

489 3051 700 3115 habitu,
731 3061 907 3118 neque
927 3059 1158 3115 corpore
1180 3051 1510 3114 permutato,
1538 3041 1679 3100 sicut
1700 3040 1958 3096 Dominus
1986 3051 2085 3092 no-

489 3154 607 3202 ster
628 3142 786 3199 Jesus
814 3137 1087 3201 Christus,
1123 3137 1405 3207 postquam
1438 3132 1740 3192 resurrexit
1781 3145 1811 3185 a
1837 3128 2083 3195 mortuis,

494 3249 598 3292 nec
627 3247 848 3306 corpus,
895 3243 1000 3286 nec
1051 3211 1274 3298 ﬁguram
1329 3224 1543 3294 penitus
1594 3222 1920 3279 immutavit.
1953 3219 2085 3276 Nam

497 3328 639 3383 sicut
663 3318 888 3396 granum
936 3317 1213 3383 frumenti,
1244 3320 1448 3372 amisso
1477 3329 1705 3385 corpore
1733 3327 1854 3379 suo,
1886 3311 2086 3370 nudum

499 3418 798 3476 seminatur
826 3425 881 3471 et
909 3421 1207 3478 mortuum,
1238 3411 1317 3466 sic
1348 3411 1546 3469 iterum
1585 3423 1710 3468 cum
1747 3405 1940 3468 eodem
1966 3417 2090 3460 cor-

499 3529 633 3586 pore
669 3510 812 3582 quod
874 3509 1130 3564 amiserat
1182 3505 1449 3577 resurgit,
1481 3505 1562 3560 sic
1622 3503 1782 3559 etiam
1826 3503 1986 3579 homo
2035 3501 2087 3555 in

497 3601 898 3663 resurrectione
936 3607 1301 3664 mortuorum,
1330 3595 1431 3652 etsi
1461 3602 1739 3650 truncatus
1766 3592 1943 3663 aliqua
1973 3605 2092 3648 cor-

497 3697 645 3770 poris
659 3702 809 3767 parte
835 3700 1080 3748 mortuus
1093 3696 1200 3758 est,
1220 3697 1398 3744 tamen
1423 3688 1562 3746 sicut
1584 3686 1834 3758 primitus
1857 3685 1912 3742 in
1939 3693 2094 3742 utero

501 3789 691 3848 matris
713 3801 826 3844 sua:
855 3796 1073 3842 creatus
1101 3793 1206 3853 est,
1237 3784 1316 3838 sic
1345 3782 1397 3840 in
1429 3782 1548 3851 ipso
1577 3795 1806 3851 corpore
1837 3794 1900 3836 ac
1925 3778 2095 3851 ﬁgura

501 3888 774 3952 resurget,
808 3879 952 3936 sicut
974 3876 1162 3932 beatus
1184 3873 1384 3930 Paulus
1406 3873 1602 3932 iterum
1624 3872 1783 3930 docet
1808 3873 1912 3928 hoc
1937 3870 2098 3934 modo

505 3976 571 4050 (ll
603 3974 724 4032 Cor.
743 3991 797 4041 v,
827 3971 883 4044 4)
907 3989 921 4026 :
943 3969 1083 4032 Nam
1109 3979 1156 4025 et
1175 3969 1262 4040 qui
1289 3984 1464 4024 sumus
1489 3968 1543 4022 in
1573 3965 1923 4031 tabernaculo,
1952 3965 2096 4038 inge.

508 4072 771 4127 miscimus
817 4065 1095 4140 ingravati,
1127 4079 1186 4119 eo
1225 4062 1362 4134 quod
1407 4062 1649 4116 nolumus
1700 4058 1979 4130 exspoliari
2011 4058 2101 4116 sed

509 4163 870 4238 superrestiri,
889 4170 944 4216 ut
971 4159 1305 4216 absorbeatur
1329 4156 1466 4228 quod
1493 4154 1710 4214 mortale
1738 4163 1810 4212 est
1836 4169 1868 4208 a
1891 4153 2014 4210 vita.
2038 4151 2106 4208 Et

509 4259 738 4316 iterum:
776 4256 987 4326 Oportet
1017 4252 1152 4314 enim
1195 4249 1526 4317 corruptibile
1557 4251 1654 4302 hoc
1692 4246 1906 4304 induere
1930 4244 2104 4302 incor-

512 4349 792 4423 ruptelam,
820 4357 864 4402 et
889 4347 1103 4400 mortale
1131 4345 1227 4398 hoc
1249 4344 1462 4398 induere
1483 4340 1942 4396 immortalitatem.
1969 4336 2107 4394 ineo

513 4441 657 4514 quod
708 4439 840 4496 dicit
870 4438 1188 4508 Apostolus,
1240 4435 1384 4506 quod
1408 4435 1650 4490 nolumus
1679 4430 1986 4502 exspoliari,
2018 4428 2108 4484 sed

2167 1859 2290 1915 dem
2317 1860 2480 1914 etiam
2513 1857 2614 1928 ipsi
2641 1856 3056 1927 redarguantur.
3090 1855 3154 1911 Et
3177 1855 3487 1926 priusquam
3507 1854 3764 1925 incipiant

2167 1962 2490 2006 enumerare
2535 1962 2725 2003 eorum
2754 1948 2823 2002 de
2853 1947 2994 2002 Filio
3023 1945 3284 2002 adversus
3315 1961 3414 2001 nos
3460 1945 3765 2017 interroga-

2170 2043 2367 2108 tiones,
2395 2055 2528 2113 quas
2557 2043 2805 2112 ingentes
2835 2047 2890 2095 et
2913 2039 3111 2095 arduas
3139 2039 3494 2105 arbitrantur,
3522 2037 3590 2093 ad
3619 2039 3766 2109 ipsos

2171 2137 2297 2192 volo
2327 2135 2512 2190 dicere
2536 2134 2661 2204 quia
2690 2133 3068 2204 quodcumque
3099 2130 3196 2186 lari
3225 2130 3507 2186 volueritis
3535 2129 3604 2185 de
3633 2131 3770 2185 nati-

2173 2231 2342 2285 vitate
2390 2227 2512 2284 Filii
2552 2229 2647 2284 Dei
2677 2243 2743 2284 cx
2776 2227 2953 2293 Patre,
3011 2224 3403 2296 temporalibus
3431 2223 3514 2279 usi
3563 2223 3768 2291 verbis,

2173 2322 2292 2393 ejus
2321 2321 2678 2386 nativitatem,
2709 2328 2770 2376 ut
2816 2319 2933 2388 ipsa
2964 2331 3024 2383 se
3055 2317 3238 2384 habet,
3285 2316 3518 2388 probare
3545 2316 3774 2372 minime

2175 2414 2454 2486 poteritis:
2483 2413 2738 2482 quoniam
2759 2410 3143 2482 unigenitiDei
3170 2409 3333 2465 Verbi
3359 2409 3774 2474 nativitas,cum

2177 2510 2250 2565 sit
2277 2507 2535 2564 naturalis
2560 2521 2625 2562 ac
2653 2505 2770 2560 sine
2793 2503 3078 2576 principio,
3105 2511 3163 2556 ut
3191 2502 3306 2570 ipsa
3335 2517 3396 2558 se
3418 2500 3599 2567 habet,
3631 2515 3776 2556 com-

2179 2599 2441 2674 prehendi
2469 2613 2574 2654 non
2619 2604 2817 2668 potest.
2867 2593 3001 2652 Nam
3033 2594 3079 2650 si
3119 2593 3298 2650 omnia
3352 2593 3516 2650 verba
3569 2592 3778 2664 prolata

2183 2703 2396 2762 tempus
2419 2691 2760 2762 signiﬁcant,
2777 2694 2872 2743 aut
2893 2701 3136 2757 praesens
3155 2683 3390 2748 scilicet,
3417 2696 3508 2742 aut
3545 2693 3777 2755 praeter-

2184 2788 2339 2852 itum,
2371 2783 2754 2848 autiutatrum,
2802 2781 2948 2836 Deus
3001 2789 3180 2834 autem
3226 2777 3538 2847 unigenitus
3585 2776 3778 2830 borum

2184 2887 2268 2933 est
2314 2885 2563 2941 creator;
2618 2873 2738 2944 ejus
2783 2870 3026 2942 profecto
3081 2856 3337 2924 nativitas
3392 2866 3782 2935 temporalibus

2185 2969 2370 3025 verbis
2396 2967 2684 3039 approbari
2713 2981 2824 3021 non
2855 2972 3057 3036 potest.
3113 2962 3291 3032 Atque
3318 2960 3441 3018 ideo
3473 2960 3784 3020 necessario

2188 3062 2351 3119 ﬁdem
2384 3061 2687 3116 divinarum
2721 3058 3134 3128 Soripturarum
3160 3063 3474 3124 sequentes,
3504 3067 3572 3109 ex
3598 3068 3666 3108 ea
3695 3052 3786 3108 de-

2113 3165 2161 3231 c
2190 3157 2380 3212 bemus
2407 3169 2624 3210 sumere
2653 3150 2989 3226 probationis
3015 3147 3292 3220 exempla.

2225 3266 2228 3270 '
2266 3248 2354 3306 55.
2394 3247 2530 3303 Cum
2570 3246 2732 3318 igitur
2775 3259 2875 3302 nos
2905 3239 3380 3314 interrogaverint,
3409 3246 3596 3296 utrum
3626 3238 3776 3296 Deus

2192 3339 2564 3414 procreaverit
2622 3338 2840 3403 Filium,
2874 3351 3068 3404 necne,
3117 3345 3174 3391 et
3216 3333 3530 3404 acceperint
3557 3347 3592 3387 a
3630 3333 3790 3388 nobis

2193 3450 2554 3508 responsum:
2582 3431 2921 3499 Procrearit;
2953 3431 3132 3485 statim
3187 3427 3446 3499 adjiciunt
3487 3427 3792 3498 interroga-

2197 3529 2401 3584 tionem
2422 3524 2755 3597 huiusmodi,
2778 3538 2940 3595 quam
2971 3519 3145 3578 Graeci
3166 3520 3532 3580 dilemmatam
3559 3529 3787 3574 vocant:

2197 3621 2424 3690 Invitus,
2459 3635 2528 3678 an
2563 3618 2781 3688 sponte?
2810 3615 2926 3671 Hoc
2951 3621 3134 3671 autem
3158 3612 3382 3678 iaciunt,
3410 3621 3470 3668 ut
3511 3610 3558 3666 si
3586 3609 3794 3670 dixerio

2199 3728 2345 3781 mus,
2375 3712 2590 3777 invitus,
2624 3723 2750 3765 mox
2799 3707 3055 3777 adiiciant
3084 3723 3096 3757 :
3128 3704 3281 3772 Quod
3321 3703 3366 3760 si
3415 3702 3615 3758 invitus
3672 3714 3796 3774 pro-

2200 3807 2410 3882 creavit
2430 3806 2650 3873 Filium,
2675 3801 2945 3876 quomodo
2963 3815 3076 3858 non
3094 3808 3177 3856 est
3203 3797 3428 3867 impium
3461 3795 3529 3852 de
3559 3796 3671 3852 Deo
3695 3796 3798 3851 hoc

2201 3901 2404 3967 dicere,
2447 3897 2592 3968 quod
2623 3893 2996 3968 generationis
3041 3890 3354 3950 necessitati
3405 3887 3800 3960 subiungatur?

2204 3997 2298 4053 Sin
2329 4003 2536 4061 autem,
2564 4000 2765 4063 sponte,
2804 3987 3128 4052 dixerimus,
3172 3985 3253 4040 illi
3301 3996 3488 4039 rursus
3515 3981 3799 4052 adjiciunt,

2207 4090 2348 4164 quod
2373 4087 2475 4144 sibi
2494 4087 2707 4142 libitum
2735 4092 2818 4140 est
2845 4099 2857 4136 :
2887 4081 3028 4152 Ergo
3058 4079 3102 4134 si
3133 4083 3323 4150 sponte
3351 4074 3659 4146 procreavit
3679 4086 3801 4140 sua,

2210 4185 2257 4239 si
2287 4181 2565 4238 voluntate
2593 4176 2766 4234 Filius
2794 4179 3130 4247 procreatus,
3167 4172 3308 4226 inter
3333 4169 3510 4238 ipsum
3532 4175 3588 4222 et
3613 4165 3804 4221 omnia

2209 4281 2430 4350 caetera,
2462 4285 2583 4342 quas
2612 4269 2707 4324 Dei
2737 4267 2940 4339 pariter
2973 4264 3250 4320 voluntate
3275 4269 3454 4316 creata
3477 4266 3623 4326 sunt,
3660 4256 3808 4312 nulla

2213 4368 2427 4440 penitus
2480 4362 2670 4422 haberi
2705 4361 2959 4420 discretio
3010 4359 3231 4432 poterit.
3265 4355 3375 4414 Sed
3414 4369 3522 4414 non
3571 4367 3808 4426 respon-

2215 4459 2449 4516 dendum
2482 4467 2586 4525 est,
2634 4455 2780 4527 quod
2835 4453 2940 4525 ipsi
2982 4452 3194 4508 scilicet
3220 4448 3410 4508 audire
3457 4445 3808 4511 desiderant;

514 4531 863 4602 supervestiri,
887 4528 1125 4586 ostendit
1148 4526 1291 4599 quod
1321 4525 1833 4622 hincunusquisque
1862 4532 2106 4582 nostrum
2133 4557 2188 4618 Β
2213 4553 2310 4610 sed
2344 4551 2521 4622 magis
2565 4525 2670 4605 ι]οὸ
2715 4547 2877 4604 modo
2923 4545 3166 4602 dicemus
3189 4559 3206 4599 ι
3233 4542 3420 4613 Neque
3448 4549 3641 4612 smne
3683 4554 3813 4611 pro.

515 4625 755 4694 habebit,
786 4637 1039 4693 corpore,
1069 4630 1124 4678 et
1153 4635 1340 4690 carne,
1373 4621 1458 4676 vel
1491 4618 1915 4690 liguraindutus,
1943 4617 2107 4672 vitam

516 4727 567 4776 et
600 4716 827 4790 gloriam
857 4722 912 4770 et
941 4711 1365 4783 incorruptelatn
1395 4718 1496 4767 tut
1542 4708 1686 4767 sicut
1725 4708 1854 4766 ferri
1884 4707 2110 4764 materia

517 4794 778 4878 candens,
809 4807 981 4880 gloria
1009 4806 1149 4876 Ignis
1176 4805 1386 4874 induta,
1415 4814 1661 4864 naturam
1690 4804 1960 4875 propriam
2005 4799 2110 4856 mi-

520 4906 668 4963 nime
695 4910 1020 4968 commutat;
1061 4900 1140 4956 sic
1187 4899 1350 4956 etiam
1380 4898 1555 4956 sancti
1587 4899 1795 4956 caelesti
1840 4895 2007 4967 gloria
2034 4893 2116 4950 in-

520 4998 659 5066 duti,
686 4994 828 5067 quod
860 4993 1064 5050 habent
1095 4994 1148 5048 in
1177 4992 1280 5048 hac
1309 4993 1419 5050 vita
1441 5007 1640 5064 corpus
1665 5000 1721 5047 et
1741 4990 1968 5060 ﬁguram
2003 5002 2114 5045 non

523 5091 797 5162 deponent
826 5105 838 5140 :
869 5087 1011 5142 sicut
1040 5085 1202 5148 etiam
1230 5085 1492 5142 Dominus
1530 5092 1716 5140 noster
1756 5081 1917 5139 Jesus
1960 5079 2119 5136 Chri-

525 5194 644 5241 stus
674 5184 728 5238 in
758 5189 943 5238 monte
973 5180 1198 5252 gloriam
1227 5179 1480 5246 induens,
1510 5176 1655 5248 quod
1679 5184 1798 5232 erat
1824 5174 1988 5230 homo
2016 5175 2113 5230 mi-

441 5278 466 5292 ί
522 5277 669 5332 nilne
694 5274 1064 5332 commutavit.
1099 5271 1207 5330 Sed
1237 5273 1355 5329 haec
1381 5271 1448 5326 de
1481 5270 1750 5343 probanda
1780 5269 1886 5325 (ide
1922 5267 2142 5324 divinae

526 5369 820 5438 Scripturae
847 5367 1174 5423 testimoniis
1195 5365 1530 5430 sufﬁcienter
1558 5364 1714 5420 nobis
1738 5362 1902 5420 dicta.

601 5481 676 5537 De
699 5483 1100 5537 resurrectione
1129 5481 1308 5538 carnis
1337 5479 1606 5536 catholico
1653 5478 1866 5550 quidem
1923 5479 2113 5548 sentit,

529 5553 625 5610 sed
657 5553 906 5625 exemplo
935 5553 1249 5625 Hieronymi
1283 5551 1634 5625 vehementer
1682 5552 1944 5625 adversus
1989 5551 2112 5607 Dri-

568 5638 747 5707 enem,
800 5623 1062 5681 Joannem
1121 5623 1690 5707 Ilierosolytnitanuni,
1742 5631 1798 5682 et
1851 5623 2116 5707 liminum

583 5695 930 5765 quileiensem
957 5710 1119 5766 super
1144 5710 1205 5752 ea
1235 5694 1536 5764 quaestione
1555 5694 1894 5751 dis's'ertantis
1923 5695 2119 5767 (Epist.

530 5768 623 5836 6i,
653 5775 700 5823 et
728 5767 950 5840 Apolog.
983 5769 1182 5826 advers.
1213 5767 1513 5838 Ruﬁnum).

2213 4644 2437 4710 creavit,
2469 4657 2644 4711 neque
2671 4642 2891 4696 invitus.
2923 4637 3058 4695 Cum
3089 4637 3253 4707 igitur
3287 4640 3511 4706 accepto
3558 4633 3667 4688 hoc
3723 4646 3812 4688 re—

2213 4752 2414 4810 sponso
2447 4751 2478 4791 a
2505 4735 2856 4796 conclusione
2903 4748 3000 4790 sua
3043 4731 3228 4802 iniqua
3258 4730 3316 4786 in
3345 4737 3623 4800 posterum
3658 4726 3818 4798 peni-

2218 4841 2304 4888 tus
2334 4830 2540 4888 exclusi
2569 4829 2793 4895 fuerint,
2830 4837 2886 4886 et
2935 4826 3253 4898 quaesierint
3291 4837 3322 4878 a
3367 4823 3524 4896 nobis
3547 4819 3818 4891 quemad-

2219 4924 2438 4980 modum
2488 4921 2874 4992 procreaverit,
2920 4927 3048 4975 tunc
3092 4917 3199 4974 illis
3247 4915 3323 4972 ita
3365 4913 3813 4984 respondebitur,

2220 5017 2562 5084 naturaliter,
2613 5015 2757 5085 quod
2791 5023 2875 5070 est
2921 5027 3082 5084 supra
3113 5025 3330 5068 omnem
3368 5008 3710 5065 voluntatem
3754 5019 3821 5061 ac

2221 5110 2628 5174 necessitatem;
2657 5115 2712 5163 et
2736 5106 3003 5179 siquidem
3028 5105 3304 5171 intellecto
3324 5117 3592 5174 responso
3620 5108 3819 5158 nostro

2219 5203 2545 5276 quieverint,
2579 5202 2720 5258 bene
2754 5209 2812 5258 et
2857 5200 3082 5272 optime.
3113 5199 3208 5255 Sin
3238 5213 3373 5255 vero
3411 5195 3671 5264 dixerint,
3707 5209 3824 5251 non

2221 5310 2345 5353 esse
2373 5296 2590 5366 planum
2623 5308 2970 5364 responsum,
3001 5300 3056 5349 et
3100 5305 3200 5348 nos
3235 5298 3426 5346 contra
3455 5289 3825 5362 interrogabi-

2222 5405 2344 5448 mus
2373 5403 2490 5458 eos,
2516 5389 2680 5445 simili
2724 5389 2886 5444 modo
2918 5385 3357 5459 interrogationis
3386 5400 3598 5456 eorum,
3631 5395 3828 5441 utrum

2223 5495 2417 5559 sponte
2450 5486 2592 5542 Deus
2615 5484 2791 5540 bonus
2813 5483 2908 5550 sit,
2937 5497 3004 5539 an
3031 5482 3252 5538 invitus.
3283 5480 3389 5552 ipsi
3419 5493 3634 5552 quoque
3657 5479 3830 5534 nobis

2221 5579 2651 5652 respondebunt,
2686 5577 2937 5634 timentes
2989 5592 3054 5632 ex
3105 5583 3333 5645 utraque
3381 5583 3531 5645 parte
3569 5571 3824 5628 illicitam

2226 5674 2637 5744 responsionem
2665 5688 2677 5724 :
2711 5669 2896 5740 Neque
2926 5677 3138 5740 sponte,
3175 5683 3350 5739 neque
3381 5665 3602 5729 invitus,
3632 5666 3738 5719 setl
3765 5680 3829 5719 ea

2233 5766 2438 5824 scilicet
2470 5775 2660 5821 natura
2689 5778 2808 5832 qua:
2837 5776 2995 5831 supra
3020 5762 3351 5818 voluntatem
3381 5767 3462 5816 est
3488 5769 3544 5816 et
3576 5764 3824 5817 necessi-
