3900 6268
228 284 338 346 888
411 286 719 346 DISSERT.
767 285 828 341 V.
870 283 961 340 DE
1000 283 1308 341 LIBELLIS
1344 284 1531 342 FIDEI
1570 281 1877 343 SCRIPTIS
1917 282 2004 337 ΔΒ
2046 281 2483 341 AUCTORIBUS
2521 283 2838 342 HERESIS
2876 284 3310 344 PELAGIANE.
3384 286 3501 346 £86.

228 417 418 465 tatem.
449 408 547 464 llis
587 406 754 477 igitur
796 402 1075 473 responsis
1117 402 1311 474 quibus
1359 410 1574 459 utentur
1617 403 1716 473 ipsi
1747 402 1814 465 de
1839 401 1891 464 Δ
1920 403 2412 475 temporalibusque
2441 403 2690 462 sensibus
2730 404 2932 464 audere
2963 406 3030 462 de
3063 407 3171 465 Deo
3198 407 3494 479 quodcum-

228 502 368 570 Deo,
395 502 542 573 quod
564 502 738 556 bonus
764 507 847 555 est
871 506 1199 571 asserentes,
1223 497 1413 554 iisdem
1455 511 1553 553 nos
1579 511 1812 568 quoque,

228 595 377 665 quod
400 594 542 648 Deus
570 591 894 662 procreavit,
922 589 1304 660 approbamus.
1327 589 1458 645 Nam
1482 590 1619 645 sicut
1641 590 1815 648 bonus

228 698 315 742 est
368 687 512 741 Deus
563 698 738 753 neque
782 683 1077 750 voluntate,
1129 696 1305 751 neque
1355 684 1692 747 necessitate,
1718 684 1813 740 sed

230 780 349 849 ipsa
380 786 595 844 natura,
628 784 687 831 ut
712 776 953 831 bonitate
983 775 1224 843 privatus
1252 789 1539 844 numquam
1570 775 1814 845 reperia-

230 881 343 937 tur,
374 871 453 925 sic
484 870 645 925 etiam
675 868 871 923 Filium
898 867 1060 922 habet
1092 875 1282 921 natura
1309 885 1321 919 :
1350 882 1520 937 neque
1545 867 1687 921 enim
1720 883 1815 937 p0-

230 973 337 1019 test
368 963 511 1018 Deus
537 975 788 1031 umquam
819 958 1020 1030 privari
1050 957 1330 1027 unigenito
1360 958 1469 1014 Deo
1510 958 1648 1015 Filio
1687 973 1810 1015 suo.

231 1058 300 1111 Et
329 1057 447 1113 haec
471 1055 684 1126 quidem
706 1055 850 1109 dicta
877 1053 945 1107 de
971 1052 1251 1122 unigenito
1284 1052 1391 1107 Deo
1412 1051 1813 1121 comprobanda

225 1148 445 1203 abunde
471 1146 801 1213 sufﬁcerent,
837 1146 881 1199 si
904 1160 1025 1199 cum
1045 1142 1404 1212 prudentibus
1431 1156 1617 1198 sermo
1645 1150 1809 1211 esset,

224 1255 294 1295 eo
322 1240 463 1310 quod
491 1238 804 1293 naturaliter
834 1237 993 1292 habet
1023 1251 1089 1291 ex
1113 1236 1272 1291 Patre
1300 1235 1657 1293 nativitatem.

300 1332 394 1386 Si.
428 1330 536 1387 Sed
566 1330 823 1400 quoniam
853 1329 963 1394 isti,
1000 1339 1266 1396 tamquam
1296 1342 1457 1384 canes
1486 1327 1683 1398 arrepti
1722 1342 1812 1385 ra-

228 1422 337 1485 bie,
378 1422 467 1491 qui
498 1432 685 1475 contra
714 1420 968 1474 dominos
1017 1434 1231 1489 quoque
1278 1420 1528 1484 sariunt,
1564 1420 1814 1489 passione

227 1515 458 1569 insanis
486 1527 583 1583 per
632 1510 990 1582 ignorantiam
1030 1510 1329 1575 concitati,
1378 1521 1567 1566 contra
1616 1511 1811 1566 Filium

227 1606 329 1661 Dei
358 1606 736 1676 blasphemare
766 1606 1032 1673 nituntur,
1059 1605 1104 1659 si
1133 1604 1349 1674 quando
1378 1605 1578 1675 aliquid
1604 1605 1671 1662 de
1696 1606 1812 1676 ipso

230 1698 602 1755 venerationis
645 1697 931 1764 audierint,
982 1706 1037 1754 et
1076 1698 1281 1779 exclusi
1337 1698 1539 1754 iuerint
1585 1712 1618 1755 a
1653 1700 1810 1755 solita

1916 508 2026 565 que
2070 497 2447 566 pronuntiari:
2482 499 2681 569 quippe
2720 513 2843 555 cum
2900 499 2967 565 is,
3025 499 3094 555 de
3139 515 3247 571 quo
3292 502 3492 572 agitur,

1917 587 2069 657 quasi
2098 589 2186 656 qui
2216 589 2418 660 absque
2446 589 2599 645 initio
2628 589 3160 661 sit,_necessitatibus
3188 601 3490 663 temporum

1918 678 2203 747 subjacere
2233 695 2339 737 non
2372 682 2565 752 possit.
2592 682 2723 738 ideo
2766 681 2928 752 igitur
2976 697 3073 739 nos
3120 698 3337 755 quoque
3375 684 3497 745 illo:

1918 772 2290 839 consulamus,
2342 774 2741 845 quodammodo
2788 774 3026 845 ipsorum
3077 775 3498 846 interrogatione

1917 870 2150 932 utentes,
2204 873 2261 921 ut
2308 866 2387 921 sic
2418 866 2731 937 ﬁgmentum
2780 881 2961 932 suum,
3012 866 3155 936 quod
3205 868 3378 926 Grmci
3408 884 3497 927 so-

1916 955 2129 1025 phisma
2158 966 2371 1025 vocant,
2418 960 2523 1015 illis
2551 969 2795 1030 apertum
2827 960 2918 1021 ﬁat
2948 976 3012 1019 ac
3042 963 3279 1033 planum.
3326 962 3497 1025 Dicite

1917 1047 2079 1104 nobis
2114 1063 2211 1107 vos
2242 1066 2255 1102 :
2293 1049 2451 1106 Solus
2499 1066 2620 1107 cum
2673 1062 2820 1111 esset
2859 1053 3005 1110 Deus
3029 1094 3044 1120 ,
3100 1054 3495 1117 misericordias

1914 1140 2119 1210 genuit,
2148 1155 2215 1195 an
2244 1140 2387 1196 non?
2416 1142 2668 1212 quoniam
2698 1143 2887 1203 beatus
2916 1144 3110 1203 Paulus
3146 1152 3349 1216 patrem
3391 1146 3492 1203 mi-

1917 1231 2334 1293 sericordiarum
2387 1233 2553 1289 Deum
2599 1237 2860 1303 nominat,
2894 1237 2965 1293 ita
3007 1238 3191 1301 dicens
3223 1256 3235 1291 :
3270 1237 3493 1297 Benediq

1915 1331 2027 1378 ctus
2056 1321 2219 1390 Deus,
2248 1332 2295 1381 et
2326 1322 2486 1381 Pater
2515 1321 2727 1381 Domini
2756 1328 2915 1383 nostri
2945 1326 3071 1383 Iesu
3099 1328 3314 1396 Christi,
3348 1340 3491 1399 pater

1913 1418 2382 1474 misericordiarum
2409 1420 2484 1489 (Il
2508 1419 2629 1475 Cor.
2660 1436 2700 1489 t,
2732 1419 2810 1491 5).
2838 1422 2902 1477 Et
2924 1422 2970 1477 si
3001 1422 3118 1479 ausi
3167 1423 3365 1483 fuerint
3404 1424 3490 1483 di-

1915 1526 2060 1579 cere,
2090 1512 2236 1584 quod
2256 1514 2406 1571 Solus
2431 1529 2557 1570 cum
2591 1524 2736 1571 esset
2759 1516 2965 1585 genuit,
2996 1530 3094 1571 nos
3123 1532 3335 1589 quoque
3361 1518 3490 1586 ipsis

1914 1606 1988 1661 ita
2020 1607 2493 1677 respondebimus,
2522 1606 2633 1664 Cur
2661 1623 2765 1663 non
2795 1609 2865 1667 sit
2890 1609 3111 1680 impium
3140 1624 3203 1665 ac
3228 1611 3489 1675 nefarium

1914 1696 2120 1765 dicere,
2162 1698 2303 1769 quod
2339 1698 2441 1754 fuit
2468 1699 2756 1769 aliquando
2788 1700 2928 1757 Deus
2955 1700 3158 1771 absque
3186 1702 3490 1759 misericor-

229 1804 419 1848 contra
449 1808 575 1847 eum
614 1791 968 1862 blasphemia,
1002 1790 1459 1860 perseverantiam
1492 1798 1673 1847 tamen
1700 1807 1814 1847 ma-
1843 1789 1891 1851 B
1918 1790 2018 1845 diis
2048 1809 2059 1844 :
2091 1792 2289 1861 quippe
2310 1806 2431 1846 cum
2460 1792 2601 1846 Deus
2628 1792 3119 1847 misericordiarum
3150 1792 3266 1849 ions
3297 1792 3462 1851 habea

226 1884 360 1938 litim
388 1898 519 1950 sua),
547 1898 704 1953 quam
728 1892 915 1938 eontra
942 1880 1135 1937 Filium
1164 1896 1379 1951 semper
1400 1891 1678 1952 exercent,
1710 1882 1811 1939 mi-

225 1977 380 2030 nime
405 1975 680 2043 amittunt,
713 1974 810 2029 sed
840 1988 1028 2029 rursus
1056 1973 1515 2029 contradictiones
1542 1973 1677 2029 alias
1716 1988 1809 2029 ex-

225 2069 470 2136 cogitare
512 2076 796 2133 conantur,
850 2065 1186 2121 nativitatem
1242 2065 1503 2136 unigeniti
1534 2065 1695 2121 Verbi
1740 2081 1807 2123 ex

226 2160 363 2223 Deo,
393 2174 512 2229 quas
539 2158 655 2214 sine
701 2157 964 2228 principio
1014 2166 1097 2213 est
1140 2174 1204 2215 ac
1256 2159 1516 2215 naturalis
1549 2159 1802 2229 habetur,

226 2250 507 2306 destruere
545 2251 853 2317 molientes,
887 2251 1037 2322 quasi
1068 2260 1254 2307 contra
1295 2267 1419 2308 eum
1446 2268 1660 2323 semper
1710 2269 1807 2324 pu-

223 2357 394 2411 gnare
441 2345 749 2413 cupientes;
799 2345 1161 2399 necessarium
1207 2355 1337 2414 puto
1384 2347 1546 2401 etiam
1594 2348 1805 2404 caeteris

224 2436 619 2492 illorum‘vanis
644 2437 1157 2507 interrogationibus
1181 2438 1537 2507 respondere,
1567 2455 1636 2496 ne
1660 2454 1807 2509 qua)-

223 2530 467 2582 stionum
496 2530 892 2599 propositarum
947 2530 1257 2585 violentiam
1309 2544 1407 2585 nos
1452 2530 1687 2601 eii‘ugere
1722 2532 1805 2585 vi-

222 2620 473 2676 deamur.
506 2622 850 2692 interrogant
876 2621 1039 2692 igitur
1073 2622 1199 2678 item
1245 2637 1366 2691 nos,
1400 2624 1445 2678 si
1475 2639 1635 2681 omne
1663 2625 1805 2695 quod

222 2715 411 2785 desiit,
440 2727 495 2774 et
522 2718 705 2785 cmpit.
740 2716 799 2772 Si
831 2732 930 2772 nos
969 2719 1427 2787 responderimus,
1456 2722 1601 2791 quod
1648 2737 1807 2779 omne

221 2808 370 2879 quod
418 2809 600 2874 desiit,
658 2816 715 2863 et
753 2808 936 2878 coepit,
988 2824 1114 2864 mox
1142 2811 1400 2881 adjiciunt
1449 2814 1550 2882 ipsi
1594 2815 1809 2870 :Desiit

221 2900 379 2954 nasci
426 2900 616 2967 Filius,
667 2901 976 2956 necessario
1022 2915 1152 2972 ergo
1201 2904 1391 2973 erepit;
1432 2915 1487 2960 et
1535 2906 1582 2961 si
1621 2908 1803 2977 coepit,

224 3003 344 3049 erat
368 2993 657 3064 aliquando
688 2994 903 3063 quando
930 3010 1034 3048 non
1073 3004 1218 3061 erat;
1251 3005 1306 3051 et
1338 2998 1407 3063 si
1433 3007 1549 3053 erat
1594 3002 1806 3070 quando

227 3101 337 3141 non
359 3094 497 3149 erat,
534 3099 638 3139 non
660 3084 825 3139 habet
851 3085 1026 3140 locum
1058 3101 1122 3140 ex
1158 3087 1248 3141 Dei
1282 3087 1577 3144 substantia
1609 3090 1806 3147 habere

1915 1892 2023 1949 tur,
2054 1891 2109 1943 et
2136 1898 2428 1954 numquam
2460 1883 2735 1955 pravitatis
2761 1893 2913 1956 pater
2944 1885 3110 1942 fuisse
3132 1884 3404 1952 credatur,
3434 1897 3491 1943 ut

1910 1991 2036 2033 cum
2066 1977 2299 2047 primum
2347 1977 2842 2035 misericordiarum
2875 1987 3028 2048 pater
3056 1992 3165 2035 non
3196 1987 3361 2044 esset,
3396 1994 3491 2039 ea-

1909 2086 2030 2129 rum
2066 2079 2250 2141 postea
2295 2070 2414 2129 ﬁeri
2448 2080 2600 2141 pater
2629 2071 2908 2142 inciperet.
2953 2071 3049 2130 Sin
3081 2086 3233 2137 vero,
3262 2072 3491 2135 vitantes

1913 2163 2054 2219 hanc
2081 2171 2322 2233 apertam
2366 2164 2433 2221 de
2462 2163 2574 2221 Deo
2616 2163 3033 2235 blasphemiam,
3064 2164 3297 2229 dixerint
3330 2183 3344 2219 :
3374 2165 3489 2225 Non

1908 2256 2011 2311 iuit
2037 2257 2326 2326 aliquando
2359 2257 2511 2313 solus
2542 2258 2744 2327 absque
2774 2258 3158 2317 misericordiis
3195 2275 3210 2314 :
3257 2274 3488 2330 respon-

1909 2348 2161 2404 debimus
2205 2349 2335 2420 ipsis
2374 2350 2536 2406 etiam
2583 2350 2687 2407 hoc
2729 2350 2927 2407 modo:
2954 2350 3106 2408 Sicut
3159 2352 3317 2423 igitur
3348 2355 3489 2411 Deus

1908 2456 2204 2510 numquam
2231 2441 2382 2498 solus
2412 2442 2531 2499 sine
2552 2444 2951 2512 misericordia,
2977 2444 3148 2503 factus
3175 2454 3259 2503 est
3303 2454 3490 2515 postea

1906 2532 2414 2590 misericordiarum
2444 2544 2627 2604 pater;
2660 2536 2741 2591 sic
2772 2537 2937 2593 etiam
2980 2553 3087 2595 non
3133 2538 3280 2595 solus
3310 2548 3488 2609 antea,

1908 2635 2099 2696 postea
2152 2627 2411 2698 unigeniti
2446 2628 2570 2683 Filii
2617 2628 2779 2684 Pater
2804 2628 3059 2686 efﬁcitur.
3092 2632 3317 2704 Semper
3346 2632 3490 2690 enim

1910 2720 2055 2776 Deus
2089 2721 2247 2777 Pater
2273 2729 2359 2777 est
2384 2721 2646 2791 unigeniti
2677 2723 2759 2778 sui
2794 2723 2888 2779 Dei
2915 2724 3097 2781 Verbi.

1982 2812 2073 2869 56.
2102 2812 2203 2868 Sin
2232 2820 2409 2869 autem
2465 2829 2657 2870 rursus
2708 2816 2761 2869 in
2807 2830 2904 2870 sua
2951 2806 3189 2875 vanitate
3235 2816 3490 2873 duranles

1912 2902 2153 2960 dixerint
2183 2906 2306 2973 quia
2354 2904 2406 2960 id
2438 2906 2584 2976 quod
2615 2896 2722 2962 non
2759 2915 2943 2965 natum
2997 2916 3084 2963 eat
3131 2906 3489 2967 substantiam

1911 2998 2180 3069 signiﬁcat
2206 2998 2432 3054 Deitatis
2457 3017 2471 3052 :
2496 2999 2641 3056 Deus
2669 3010 2847 3057 autem
2873 3001 3033 3057 Pater
3062 3016 3169 3058 non
3198 3010 3357 3057 natus
3384 3008 3487 3068 est,

1913 3096 1969 3142 et
2002 3088 2173 3142 Filius
2205 3097 2388 3154 natus,
2419 3104 2527 3145 una
2556 3089 2854 3161 eademque
2894 3090 3071 3149 Patris
3120 3100 3175 3148 et
3217 3091 3339 3146 Filii
3370 3105 3491 3147 esse

225 3193 351 3232 eum
375 3178 711 3232 nativitatem
740 3193 753 3231 :
780 3179 981 3248 quippe
1002 3193 1123 3233 cum
1148 3179 1244 3234 Dei
1261 3181 1579 3248 substantia,
1609 3192 1665 3237 ut
1688 3183 1806 3240 sine
1832 3161 1879 3227 δ
1910 3182 2209 3239 substantia
2258 3197 2363 3239 non
2421 3191 2641 3253 potest;
2693 3183 2910 3241 discant
2949 3183 3092 3253 quod
3142 3198 3250 3239 non
3300 3191 3491 3243 natum

225 3273 514 3343 principio,
540 3286 603 3326 ac
628 3286 844 3342 semper
891 3287 953 3327 ac
989 3272 1244 3329 similiter
1295 3274 1520 3344 habens,
1552 3290 1809 3346 augmen-

230 3376 367 3429 tum,
394 3365 477 3418 vel
506 3364 921 3419 diminutionem
953 3379 1059 3419 non
1085 3366 1281 3435 capiat.
1322 3364 1432 3422 Sed
1464 3381 1568 3423 non
1617 3377 1702 3424 est
1736 3370 1809 3424 ita

226 3457 662 3526 respondendum
695 3454 823 3525 illis,
871 3459 1012 3528 quod
1042 3473 1201 3514 omne
1231 3460 1374 3529 quod
1409 3460 1586 3528 desiit,
1616 3472 1669 3517 et
1699 3477 1810 3518 cm-

232 3548 330 3616 pit,
364 3548 613 3617 quoniam
647 3563 753 3603 non
776 3563 935 3604 omne
963 3549 1105 3619 quod
1135 3550 1334 3605 desinit
1354 3551 1489 3621 jam,
1511 3562 1565 3607 et
1599 3554 1807 3610 initium

230 3639 397 3695 habet
424 3654 440 3693 :
472 3654 580 3695 non
606 3640 780 3695 solum
809 3651 987 3697 autem
1008 3642 1129 3707 hoc,
1157 3642 1253 3698 sed
1276 3652 1329 3699 et
1357 3659 1464 3699 non
1492 3660 1653 3702 omne
1668 3648 1810 3719 quod

228 3732 553 3802 principium
587 3734 769 3800 habet,
796 3734 907 3805 jam
941 3745 996 3791 et
1019 3736 1247 3797 desinit;
1279 3737 1531 3806 quoniam
1574 3750 1629 3796 et
1668 3742 1810 3799 Deus

230 3825 422 3881 volens
449 3826 699 3882 caelestes
731 3826 911 3883 iacere
945 3829 1195 3894 virtutes,
1226 3829 1437 3885 initium
1469 3846 1577 3886 non
1613 3832 1806 3900 habet;

228 3918 389 3974 factis
416 3935 549 3975 vero
575 3920 719 3988 istis,
746 3922 887 3977 velle
915 3936 1009 3977 cas
1030 3923 1209 3978 facere
1234 3923 1458 3980 desinit.
1490 3928 1568 3981 Ac
1590 3938 1811 3997 propter

230 4010 337 4066 hoc
369 4011 529 4082 igitur
558 4028 661 4067 nou
687 4028 848 4069 omne
879 4014 1022 4084 quod
1060 4015 1264 4070 desinit
1291 4016 1453 4071 habet
1483 4018 1714 4073 initium.
1748 4021 1812 4075 Et

229 4105 427 4160 iterum
456 4105 610 4161 facta:
637 4108 891 4163 caelestes
921 4108 1171 4176 virtutes,
1218 4110 1319 4165 etsi
1356 4111 1566 4165 initium
1613 4113 1813 4168 habent

231 4199 571 4268 substantiae,
607 4216 896 4271 numquam
945 4212 1119 4256 tamen
1150 4217 1274 4258 esse
1303 4204 1557 4260 desinunt
1584 4222 1599 4260 :
1623 4220 1686 4261 ac
1718 4222 1812 4274 per

230 4290 339 4346 hoc
366 4307 470 4346 non
501 4308 659 4349 omne
682 4294 829 4364 quod
858 4294 1165 4364 cmpitjam,
1188 4304 1240 4350 et
1267 4295 1497 4351 desinet.
1524 4298 1662 4368 Ergo
1681 4314 1814 4367 quo-

234 4385 380 4440 niam
407 4387 689 4456 prohatum
718 4397 800 4444 est
829 4387 971 4457 quod
1010 4402 1114 4443 non
1145 4402 1307 4444 omne
1332 4389 1477 4459 quod
1509 4389 1724 4456 desinit,
1759 4400 1814 4445 et

229 4479 418 4547 cmpit,
439 4488 490 4533 et
512 4479 938 4545 ideo,ctdesinit
960 4480 1106 4534 nasci
1130 4481 1435 4551 unigenitus
1456 4482 1597 4536 Deus
1622 4482 1809 4548 Filius,

230 4579 473 4626 attamen
516 4586 621 4629 non
654 4570 813 4627 habet
852 4572 1144 4626 nativitatis
1189 4572 1420 4647 initium.
1448 4574 1577 4628 Nam
1608 4575 1814 4643 absque

229 4664 391 4718 initio
436 4672 517 4719 est
552 4680 618 4719 ex
654 4664 815 4720 Patre
858 4664 1108 4719 nativitas
1138 4664 1279 4732 Filii,
1309 4667 1505 4736 quippe
1546 4680 1669 4721 cum
1718 4682 1814 4722 na-

228 4755 423 4810 turalis
469 4756 677 4811 scilicet
702 4756 981 4812 habeatur.

304 4848 396 4904 55.
426 4848 635 4904 Rursus
685 4849 1020 4919 interrogant
1072 4864 1190 4921 nos,
1244 4851 1290 4905 si
1338 4851 1491 4907 solus
1518 4866 1640 4908 cum
1672 4863 1814 4909 esset

226 4939 395 5003 Deus,
428 4940 612 5010 genuit
639 4939 856 5005 Filium,
888 4948 946 4997 ut
977 4941 1022 4994 si
1053 4942 1515 5011 responderimus,
1549 4945 1691 5014 quod
1723 4958 1813 4999 so-

229 5032 317 5086 lus
344 5046 465 5086 cum
493 5041 641 5087 esset
668 5033 877 5103 genuit.
911 5034 1092 5091 Statim
1126 5034 1227 5091 hoc
1270 5035 1562 5103 adjiciant:
1597 5036 1738 5105 Ergo
1771 5036 1815 5093 si

224 5125 381 5180 solus
405 5140 525 5181 cum
556 5133 723 5191 esset,
751 5125 957 5195 genuit,
987 5133 1103 5180 erat
1133 5126 1423 5197 aliquando
1454 5128 1669 5197 quando
1708 5143 1814 5183 non

225 5224 347 5273 erat
394 5216 588 5272 Filius.
619 5216 882 5273 Similiter
905 5224 1084 5272 autem
1126 5216 1171 5271 si
1210 5218 1646 5287 responderimus
1674 5218 1815 5289 quod

228 5322 341 5365 non
370 5308 536 5377 solus,
571 5325 693 5365 mox
719 5310 1009 5379 adjiciant:
1038 5309 1106 5363 Et
1142 5310 1411 5378 quomodo
1453 5310 1571 5365 ﬁeri
1616 5320 1811 5381 potest,

226 5410 293 5457 ut
319 5401 373 5457 id
404 5402 545 5472 quod
572 5416 785 5474 semper
814 5417 918 5459 una
942 5417 1061 5457 cum
1091 5402 1208 5471 ipso
1236 5403 1351 5468 luit,
1384 5412 1568 5459 natum
1598 5407 1817 5477 proprie

224 5493 577 5551 nominetur?
615 5496 871 5565 quoniam
905 5503 965 5549 ut
1006 5494 1111 5564 ipsi
1156 5493 1377 5562 dicunt,
1414 5495 1530 5566 ipsa
1570 5495 1821 5553 nativitas

225 5586 599 5656 suspicionem
631 5596 851 5658 praestat
881 5585 1172 5657 aliquando
1218 5587 1436 5656 penitus
1484 5602 1588 5642 non
1633 5588 1817 5656 fuisse,

224 5689 460 5752 propter
496 5680 596 5737 hoc
643 5681 818 5753 ipsum
865 5681 1007 5752 quod
1039 5680 1234 5736 dicitur
1265 5689 1442 5736 natus.
1470 5682 1597 5739 Hth
1640 5691 1820 5739 autem

223 5774 421 5831 dicunt
484 5776 793 5847 ignorantes
846 5784 1101 5845 quantum
1173 5775 1388 5833 intersit
1446 5777 1821 5844 corporalibus

1910 3274 2262 3330 substantiam
2314 3274 2531 3331 minime
2569 3274 2877 3345 signiﬁcat:
2908 3290 3027 3333 nam
3077 3275 3121 3330 si
3158 3290 3265 3331 non
3295 3284 3482 3339 natum

1913 3376 2040 3422 nato
2065 3366 2283 3422 videtur
2305 3382 2425 3424 esse
2448 3368 2798 3434 contrarium,
2826 3368 3140 3427 Substantite
3164 3376 3343 3429 autem
3362 3383 3495 3429 cnn-

1913 3462 2137 3519 trarium
2168 3462 2300 3516 nihil
2326 3470 2429 3527 est,
2457 3450 2700 3531 proiecto
2725 3476 2834 3517 non
2866 3469 3048 3517 natum
3076 3460 3298 3521 minime
3320 3468 3495 3533 potest

1912 3568 2036 3611 esse
2076 3554 2397 3609 substantia.
2433 3554 2500 3609 Et
2544 3553 2722 3617 aliter,
2752 3553 2797 3607 si
2847 3552 3143 3611 substantia
3173 3554 3223 3607 in
3264 3567 3329 3609 eo
3353 3552 3492 3621 quod

1913 3653 1996 3701 est
2017 3644 2301 3713 asseritur,
2334 3658 2441 3700 non
2474 3654 2657 3699 natum
2688 3650 2867 3699 autem
2897 3643 2950 3701 in
2989 3657 3055 3701 eo
3080 3644 3221 3714 quod
3251 3658 3357 3700 non
3388 3652 3493 3709 est,
3580 3650 3583 3653 ’

1911 3737 2034 3809 quia
2057 3753 2163 3793 non
2202 3746 2385 3793 natum
2418 3746 2523 3802 est,
2566 3736 2810 3808 profecto
2839 3752 2946 3793 non
2976 3746 3157 3793 natum
3188 3737 3490 3794 substantia

1912 3846 2021 3887 non
2068 3841 2171 3887 est.
2204 3830 2270 3886 Et
2319 3830 2540 3897 iterum,
2586 3831 2631 3886 si
2667 3831 2966 3886 substantia
3014 3846 3110 3900 per
3152 3831 3494 3901 semetipsum

1913 3935 2165 3981 constare
2210 3924 2538 3993 dinoscitur,
2568 3938 2675 3980 non
2726 3931 2911 3979 natum
2955 3932 3134 3979 autem
3175 3938 3280 3977 non
3315 3938 3409 3991 per
3439 3938 3497 3980 se

1914 4024 2171 4080 constat,
2221 4015 2317 4070 sed
2368 4015 2435 4070 de
2482 4012 2780 4069 substantia
2832 4013 3062 4079 dicitur,
3091 4028 3211 4084 qua:
3241 4028 3345 4069 non
3378 4024 3497 4070 nata

1914 4118 2016 4174 est,
2062 4108 2305 4179 profecto
2333 4122 2437 4165 non
2466 4116 2649 4163 natum
2684 4121 2791 4167 non
2816 4114 2899 4161 est
2928 4107 3241 4163 substantia.

1986 4203 2078 4257 57.
2120 4200 2326 4255 Rursus
2356 4199 2517 4255 etiam
2545 4198 2589 4251 si
2618 4197 2851 4254 dixerint
2883 4215 2894 4249 :
2922 4198 2979 4255 Si
3018 4197 3178 4259 Pater
3204 4212 3313 4255 non
3346 4206 3500 4255 natus

1918 4303 2002 4349 est
2050 4291 2347 4348 secundum
2390 4289 2766 4355 substantiam,
2810 4287 2978 4349 Filius
3017 4303 3146 4346 vero
3196 4297 3354 4373 natus
3395 4299 3497 4357 rst,

1918 4384 2026 4439 nati
2055 4391 2110 4440 et
2138 4397 2244 4437 non
2278 4383 2385 4437 nati
2414 4397 2519 4437 una
2545 4395 2650 4437 non
2684 4388 2861 4451 potest
2888 4396 3010 4438 esse
3033 4382 3369 4448 substantia;
3393 4382 3501 4443 (ἤδη

1917 4484 2043 4534 cant
2072 4475 2250 4531 adhuc
2278 4475 2421 4546 quod
2457 4489 2565 4531 non
2597 4472 2908 4531 necessario
2936 4473 3356 4533 substantiarum
3386 4489 3502 4535 mo-

1920 4568 2022 4625 dus
2050 4566 2292 4623 diversas
2325 4564 2452 4621 facit
2485 4562 2833 4619 substantias.
2865 4563 3050 4635 Neque
3088 4563 3232 4619 enim
3262 4564 3385 4634 quia
3428 4563 3504 4617 tli-

1919 4661 2057 4716 citur
2095 4659 2236 4714 Deus
2283 4657 2441 4713 Pater
2467 4671 2588 4713 esse
2632 4672 2739 4715 non
2785 4665 2974 4724 natus,
3005 4656 3203 4714 dicitur
3245 4666 3419 4712 autem
3453 4665 3507 4713 et

1921 4754 2239 4811 immortalis
2266 4753 2535 4819 similiter,
2559 4760 2614 4809 et
2640 4751 3085 4823 incorruptibilis,
3108 4752 3233 4811 ideo
3261 4751 3504 4805 diversas

1923 4847 2137 4903 habebit
2167 4845 2518 4911 substantias,
2551 4845 2749 4916 quippe
2776 4860 2896 4905 cum
2926 4860 3032 4901 non
3056 4847 3122 4903 sit
3148 4860 3308 4901 unum
3339 4843 3506 4899 idem-

1925 4956 2028 5012 que
2055 4954 2162 4996 non
2196 4946 2375 4994 natum
2404 4947 2455 4994 et
2487 4938 2825 5003 immortale,
2875 4938 2961 4992 vel
2995 4935 3422 5004 incorruptibiic,
3453 4945 3509 4991 et

1920 5042 2116 5090 cratera
2146 5030 2227 5086 his
2259 5030 2477 5087 similia.
2522 5030 2671 5087 Sicut
2712 5029 2874 5099 igitur
2905 5029 3020 5084 hate
3049 5042 3173 5084 cum
3199 5026 3267 5083 de
3293 5028 3401 5083 Deo
3424 5028 3509 5091 di-

1923 5133 2141 5192 cuntur,
2173 5124 2417 5179 diversas
2446 5121 2775 5179 substantias
2815 5118 3037 5175 minime
3065 5116 3401 5188 signiﬁcant;
3431 5118 3510 5181 sic

1924 5234 2099 5290 neque
2124 5228 2312 5274 natum
2343 5223 2399 5272 et
2423 5232 2528 5274 non
2560 5224 2745 5273 natum
2767 5216 3011 5270 diversas
3044 5211 3370 5273 substantias
3394 5228 3511 5267 um~

1926 5325 2086 5381 quam
2113 5309 2342 5375 facient;
2377 5322 2552 5379 neque
2576 5307 2716 5364 enim
2741 5306 2864 5377 quia
2891 5304 3060 5361 Adam
3091 5318 3197 5361 non
3223 5312 3378 5360 natus
3406 5312 3510 5374 est,

1926 5402 2058 5463 Seth
2116 5410 2295 5460 autem
2347 5410 2546 5467 natus,
2594 5399 2718 5456 ideo
2763 5398 2977 5455 diversa
3026 5403 3111 5457 est
3153 5410 3338 5454 eorum
3387 5396 3514 5453 sub-

1924 5498 2140 5556 stantia.

1997 5593 2089 5647 58.
2128 5590 2220 5645 Sin
2249 5596 2426 5643 autem
2456 5586 2969 5658 perseveraverint,
2999 5584 3263 5651 dicentes,
3292 5583 3434 5656 quod
3462 5581 3515 5636 id

1925 5682 2068 5755 quod
2097 5692 2179 5738 est
2208 5682 2324 5737 sine
2347 5682 2522 5749 initio,
2549 5681 2707 5738 etiam
2735 5696 2842 5737 non
2868 5688 3049 5741 natum
3066 5689 3171 5748 est,
3189 5687 3242 5735 et
3264 5675 3514 5746 quoniam

1930 5777 2096 5833 Filius
2127 5784 2285 5833 natus
2316 5782 2420 5839 est,
2451 5775 2567 5830 sine
2598 5774 2748 5832 initio
2778 5788 2900 5849 esse
2928 5790 3034 5830 non
3063 5780 3279 5841 potest;
3311 5770 3517 5825 discant
