3900 6268
468 324 577 385 18³1

898 321 994 380 AD
1030 318 1321 377 PARTEM
1362 315 1630 375 PRIMAM
1668 310 1951 370 OPERUM
1992 306 2059 363 Μ.
2101 304 2546 365 MERCATORIS
2581 305 2932 365 APPENDIX
2971 306 3316 365 SECUNDA.

3648 307 3753 370 488

469 443 593 517 quia
616 455 723 498 non
752 440 956 511 siquid
983 440 1101 496 sine
1126 438 1279 494 initio
1308 446 1413 503 est,
1448 436 1500 491 id
1532 434 1678 491 omni
1704 432 1867 489 modo
1897 438 2061 487 etiam
2090 434 2142 492 Α
2168 428 2312 500 ipse;
2348 442 2522 499 neque
2551 444 2583 484 e
2612 428 2831 485 diverso
2870 442 3053 484 sermo
3092 439 3291 482 sensus
3316 437 3588 496 umquam
3640 424 3749 517 ﬁet,

471 550 579 591 non
610 540 792 588 natum
843 540 947 601 est,
974 545 1040 586 eo
1070 531 1210 601 quod
1259 544 1363 584 non
1394 529 1439 582 si
1486 526 1611 597 quid
1643 526 1849 581 initium
1882 524 2063 589 habet,

472 628 528 685 id
551 626 698 683 omni
736 625 899 681 modo
929 624 1092 681 etiam
1125 632 1308 678 natum
1352 629 1454 677 est.
1484 621 1749 688 Quoniam
1780 618 1873 674 Dei
1906 617 2065 673 mise-

474 719 724 777 ricordiaa
751 719 870 774 sine
915 718 1067 773 initio
1114 715 1333 782 habitae,
1366 730 1473 770 non
1503 715 1666 770 etiam
1691 714 1888 768 innatat
1917 719 2066 779 sunt,

477 814 679 885 quippe
698 826 821 868 cum
853 820 1062 881 patrem
1109 808 1343 864 habeant
1370 808 1563 864 Deum.
1596 807 1858 865 Similiter
1887 815 2067 862 autem

477 905 674 962 coelum
696 913 752 961 et
782 914 943 968 terra,
968 916 1091 957 cum
1118 900 1329 956 initium
1356 900 1611 968 habeant,
1636 915 1741 954 non
1769 908 1894 954 sunt
1920 908 2067 967 nata,

479 995 576 1052 sed
602 1003 805 1051 creata.
836 992 1023 1064 Neque
1042 992 1183 1049 enim
1207 992 1251 1047 si
1273 991 1399 1062 quid
1430 1002 1511 1047 est
1534 1000 1795 1058 creatum,
1829 990 1931 1045 hoc
1956 1004 2071 1044 om—

479 1087 536 1143 ni
564 1085 727 1142 modo
756 1092 940 1140 natum
973 1091 1083 1151 est,
1118 1098 1241 1138 nam
1266 1083 1311 1138 si
1339 1081 1481 1138 idem
1510 1092 1749 1138 creatum
1777 1091 1832 1138 et
1860 1090 2067 1147 natum,

479 1179 756 1250 superﬂuo
802 1176 988 1232 docuit
1035 1176 1364 1247 evangelista
1417 1175 1690 1242 Joannes,
1726 1176 1799 1231 ita
1847 1175 2067 1231 dicens:

482 1272 740 1342 Quotquot
777 1280 949 1327 autem
975 1279 1284 1341 acceperunt
1319 1286 1457 1337 eum,
1490 1270 1631 1324 dedit
1670 1272 1746 1325 eis
1774 1279 2075 1343 potestatem

482 1364 619 1435 ﬁlios
644 1364 737 1419 Dei
761 1365 874 1434 ﬁeri
900 1363 1082 1435 (Joan.
1106 1378 1147 1429 ι,
1173 1361 1303 1433 12);
1326 1362 1589 1432 siquidem
1608 1362 1699 1433 qui
1718 1362 1887 1419 semel
1906 1362 2075 1419 creati

482 1466 629 1524 sunt,
664 1455 764 1512 hoc
798 1455 1020 1521 habent,
1050 1461 1110 1509 ut
1130 1455 1292 1509 etiam
1321 1453 1411 1508 lilii
1442 1453 1536 1509 Dei
1568 1454 1716 1509 ﬁant.
1739 1453 1889 1510 Sicut
1916 1454 2076 1525 igitur

484 1559 725 1606 creatum
752 1556 808 1605 et
829 1556 1011 1602 natum
1041 1546 1185 1602 idem
1215 1559 1321 1601 non
1351 1540 1456 1611 est,
1483 1546 1563 1601 sic
1591 1546 1753 1601 etiam
1781 1560 1891 1601 non
1920 1560 2076 1602 crea-

486 1650 599 1698 tum
636 1649 692 1697 et
738 1655 848 1694 non
874 1647 1056 1694 natum
1110 1637 1253 1693 idem
1283 1652 1391 1692 non
1436 1652 1559 1694 esse
1609 1646 1807 1708 potest,
1836 1652 1904 1695 eo
1931 1638 2077 1709 quod

486 1732 583 1790 Dei
611 1730 1029 1799 misericordiae,
1058 1744 1181 1786 cum
1227 1729 1336 1784 sint
1363 1744 1469 1786 non
1498 1739 1693 1787 creatae
1712 1772 1727 1799 ,
1759 1746 1866 1787 non
1896 1742 2075 1789 tamen

484 1834 611 1884 sunt
630 1825 849 1881 innatae.

556 1918 648 1974 59.
686 1915 821 1972 Cum
871 1915 1065 1971 iterum
1110 1929 1211 1972 nos
1254 1915 1749 1987 interrogaverint:
1792 1916 2074 1984 Quomodo

486 2009 633 2066 Deus
659 2022 822 2075 unus,
861 2007 1092 2078 simplex
1124 2022 1247 2063 cum
1276 2007 1348 2063 sit
1377 2016 1432 2063 et
1463 2008 1883 2079 incompositus,
1916 2008 2075 2065 Pater

485 2101 649 2158 simul
690 2109 746 2157 et
778 2098 952 2156 Filius
979 2106 1035 2156 et
1064 2099 1300 2169 Spiritus
1324 2109 1545 2156 sanctus
1583 2115 1706 2156 esse
1756 2101 1966 2171 potest?
1992 2100 2076 2157 di-

486 2200 643 2249 scant
670 2191 814 2262 quod
844 2205 952 2246 non
985 2199 1270 2261 propterea
1301 2190 1445 2247 Deus
1474 2190 1672 2246 amittit
1699 2205 1819 2247 esse
1845 2192 2074 2263 simplex

485 2294 545 2343 et
573 2284 981 2357 incompositus,
1014 2285 1269 2356 quoniam
1318 2285 1481 2341 habet
1528 2301 1694 2341 unum
1740 2286 2075 2357 unigenitum

487 2378 728 2435 Verbum
753 2377 1174 2445 substantivum,
1204 2376 1412 2448 aequale
1440 2376 1543 2433 sibi
1574 2393 1669 2448 per
1695 2379 1899 2447 omnia,
1928 2377 2076 2434 simi-

488 2472 610 2541 liter
632 2481 689 2528 et
730 2473 1049 2544 sapientiam
1091 2474 1507 2540 substantivam,
1538 2474 1797 2545 aequalem
1846 2475 1949 2531 sibi
1977 2489 2077 2546 per

488 2562 689 2619 omnia.
721 2562 829 2620 Sed
860 2563 1150 2635 siquidem,
1183 2572 1244 2620 ut
1273 2564 1374 2635 ipsi
1402 2572 1619 2636 putant,
1648 2565 1772 2621 ideo
1809 2567 2078 2637 composi-

490 2661 578 2710 tus
597 2662 703 2722 est,
725 2654 867 2726 quod
893 2656 1226 2711 voluntatem
1257 2654 1472 2723 habeat,
1497 2664 1553 2711 et
1577 2656 1732 2710 istam
1764 2672 1872 2711 non
1899 2671 2079 2727 aequa-

491 2747 598 2804 lem
624 2747 939 2803 substantia:
959 2749 1209 2818 :quippe,
1231 2762 1352 2803 cum
1378 2762 1487 2803 non
1511 2746 1652 2802 idem
1683 2747 1757 2802 sit
1780 2747 2078 2804 substantia

492 2846 547 2894 et
570 2838 820 2895 voluntas
841 2879 857 2904 ,
887 2854 986 2895 nos
1012 2848 1190 2895 tamen
1219 2855 1325 2895 non
1355 2838 1629 2895 imitamur
1648 2854 1834 2896 eorum
1861 2850 2079 2897 senten-

493 2932 644 2998 tiam,
671 2932 765 2987 sed
798 2933 884 3003 pie
905 2932 1139 2989 dicimus
1162 2940 1217 2988 et
1241 2932 1514 3002 religiose,
1538 2934 1682 3003 quod
1702 2934 1806 2989 etsi
1830 2934 2080 2989 volunta—

494 3032 601 3078 tem
626 3023 771 3079 Deus
800 3023 1016 3093 habeat,
1050 3031 1105 3079 ct
1122 3024 1282 3079 istam
1307 3036 1411 3079 non
1440 3024 1705 3095 aequalem
1742 3024 2076 3094 subStantim,

494 3125 672 3173 tamen
701 3117 770 3172 ab
796 3117 940 3173 omni
973 3127 1056 3173 est
1076 3116 1467 3188 compositione
1491 3118 1719 3175 alienus.
1984 3114 1999 3120 ’

565 3209 656 3265 60.
696 3209 831 3279 Quia
861 3208 1021 3281 igitur
1064 3209 1206 3281 apud
1249 3224 1309 3265 se
1333 3210 1583 3267 videntur
1630 3211 1806 3268 adhuc
1849 3225 1970 3268 esse
1994 3225 2082 3267 sa-

493 3304 725 3374 pientes,
771 3318 892 3359 cum
946 3319 1045 3375 per
1081 3304 1265 3361 omnia
1299 3305 1462 3361 nimis
1502 3306 1667 3377 inepti
1708 3306 1918 3377 probati
1950 3307 2081 3377 sint,

448 3416 454 3421 ·
494 3396 599 3451 hoc
624 3396 784 3451 etiam
818 3412 917 3452 nos
959 3397 1295 3468 interrogant
1322 3414 1336 3451 :
1365 3396 1650 3465 Quomodo
1682 3397 1797 3453 ﬁeri
1827 3406 2004 3468 potest
2027 3407 2085 3454 ut

493 3503 636 3545 unus
664 3489 830 3553 Deus,
864 3504 966 3543 una
1014 3489 1337 3556 substantia,
1364 3489 1522 3545 Pater
1549 3498 1604 3545 et
1638 3489 1810 3545 Filius
1833 3489 2081 3547 nomine-

494 3590 603 3648 tur,
654 3581 909 3652 quoniam
959 3581 1012 3636 hi
1059 3582 1149 3651 qui
1193 3582 1298 3638 hoc
1344 3582 1551 3653 dicunt,
1584 3598 1747 3639 unum
1794 3599 1857 3640 ac
1908 3586 2081 3642 solum

493 3674 662 3730 Deum
700 3673 893 3728 Filium
917 3673 1075 3728 simul
1102 3682 1157 3728 et
1178 3673 1392 3729 Patrem
1421 3690 1520 3744 per
1544 3691 1702 3730 unam
1729 3686 1932 3745 partem
1962 3692 2082 3733 ora-

494 3765 659 3822 tionis
707 3766 1062 3836 pronuntiare
1116 3766 1385 3835 assolent,
1436 3768 1591 3838 quasi
1640 3768 1829 3824 Grmce
1874 3769 2084 3827 dicatur

494 3857 794 3936 υἱοπάτωρῖ
827 3858 1043 3913 Discant
1070 3872 1177 3913 non
1206 3858 1258 3913 in
1276 3857 1464 3915 eadem
1493 3859 1584 3915 diu
1604 3859 1804 3916 debere
1826 3876 2081 3932 perseve-

492 3964 619 4008 rare
647 3951 900 4006 stultitia.
933 3950 1118 4021 Neque
1143 3951 1286 4006 enim
1314 3952 1437 4023 quia
1468 3967 1607 4008 unus
1632 3963 1715 4009 est
1732 3956 1874 4011 Deus
1898 3955 2079 4024 Pater,

491 4043 717 4115 ejusque
762 4043 956 4113 Filius,
986 4058 1049 4098 ac
1076 4044 1282 4114 pariter
1328 4059 1434 4099 una
1486 4044 1780 4102 substantia
1828 4047 2003 4104 Patris
2028 4059 2082 4105 et

492 4136 635 4203 Filii,
688 4135 893 4194 idcirco
946 4135 1109 4193 debet
1157 4135 1300 4192 Deus
1328 4138 1587 4215 υἱοπάτωρ
1630 4141 1807 4195 vocari
1839 4156 1855 4197 :
1883 4142 2083 4213 quippe

492 4245 614 4286 cum
644 4244 750 4285 non
799 4244 964 4284 unum
1011 4243 1363 4299 personarum
1416 4246 1641 4288 numero
1688 4232 1953 4303 dicamus,
1984 4235 2081 4292 sed

492 4322 809 4378 substantia:
832 4323 1106 4377 communi
1137 4323 1420 4380 vocabulo.
1454 4323 1695 4397 Namque
1724 4327 1895 4382 Adam
1917 4328 2080 4385 simul

493 4424 549 4472 et
573 4415 691 4485 ejus
713 4414 852 4471 [ilius
873 4414 1032 4483 Abel,
1064 4430 1203 4471 unus
1228 4416 1413 4485 homo,
1443 4433 1564 4473 cum
1593 4429 1739 4476 esset
1767 4420 1924 4488 alter,
1949 4436 2081 4476 una-

492 4523 601 4580 que
651 4507 853 4577 pariter
904 4506 1199 4578 eademque
1242 4509 1540 4565 substantia
1565 4551 1579 4577 ,
1612 4520 1831 4583 prapter
1870 4522 2077 4569 naturae

492 4598 946 4666 communionem,
977 4613 1269 4670 numquam
1303 4603 1565 4677 νεοπάτωρ
1594 4603 1770 4673 vocati
1798 4612 1947 4671 sunt,
1979 4603 2075 4660 sed
2101 4578 2157 4638 D

494 4707 565 4749 ne
585 4690 764 4747 vocari
793 4690 1010 4762 quidem
1038 4690 1143 4747 hoc
1168 4692 1389 4748 nomine
1416 4703 1683 4763 poterant.
1712 4696 1864 4764 Quod
1896 4706 2075 4753 autem

492 4788 599 4843 duo
621 4799 846 4842 numero
863 4786 1023 4843 simul
1044 4786 1292 4843 homines
1314 4802 1454 4844 unus
1476 4788 1636 4845 homo
1658 4789 1907 4847 dicuntur
1928 4805 2077 4848 com-

490 4879 766 4949 munione,
800 4888 860 4935 ut
886 4879 1017 4947 dixi,
1047 4888 1103 4936 et
1147 4881 1405 4937 societate
1429 4892 1664 4950 naturae,
1699 4884 1848 4941 testis
1872 4894 1956 4942 est
1994 4886 2076 4941 fa-

490 4973 669 5029 mulus
688 4973 780 5029 Dei
800 4973 1034 5044 Moyses,
1056 4973 1128 5028 ita
1147 4972 1336 5029 dicens
1365 4991 1379 5026 :
1406 4973 1472 5029 Et
1493 4976 1609 5046 fecit
1631 4975 1771 5031 Deus
1793 4976 2075 5047 hominm,

489 5064 771 5120 secundum
817 5063 1093 5134 imaginem
1133 5061 1232 5117 Dei
1259 5063 1380 5134 fecit
1409 5081 1547 5132 eum,
1581 5069 1867 5121 masculum
1917 5078 1964 5122 et
2003 5073 2079 5139 fe-

490 5157 681 5209 minam
709 5155 824 5222 fecit
868 5170 954 5208 eos
981 5152 1147 5225 (Gen.
1178 5169 1218 5223 ι,
1241 5154 1354 5225 27).
1387 5155 1576 5213 itidem
1609 5158 1871 5213 Dominus
1910 5159 2078 5215 etiam

490 5259 675 5307 noster
699 5251 858 5306 Jesus
885 5248 1134 5304 Christus
1163 5263 1223 5304 se
1252 5265 1416 5305 unum
1458 5260 1512 5306 et
1543 5252 1758 5308 Patrem
1799 5253 1959 5307 simul
1985 5269 2083 5324 ap-

489 5344 674 5412 pellat,
712 5343 1318 5413 propter'mqualitatem
1345 5344 1714 5414 unitatemque
1743 5346 2078 5412 substantiae,

488 5433 561 5488 ita
594 5434 781 5489 dicens
813 5451 827 5489 :
862 5432 978 5505 Ego
1000 5442 1048 5489 et
1087 5445 1235 5505 pater
1256 5452 1416 5492 unum
1440 5452 1616 5491 sumus
1650 5435 1838 5506 (Joan.
1869 5454 1923 5505 x,
1950 5439 2075 5509 50).

492 5522 640 5578 Unus
664 5522 824 5594 igitur
844 5525 1009 5593 Deus,
1041 5525 1200 5581 Pater
1221 5533 1276 5581 et
1303 5526 1469 5583 Filius
1490 5536 1545 5583 et
1576 5528 1809 5599 Spiritus
1834 5539 2075 5598 sanctus,

495 5626 716 5684 propter
742 5617 999 5673 unitatem
1026 5620 1493 5691 :equalitatemque
1520 5622 1854 5679 substantiae.

563 5708 651 5762 61.
686 5706 815 5762 Nam
855 5710 995 5766 sicut
1038 5726 1231 5769 sensus
1268 5725 1451 5771 noster
1488 5731 1670 5773 sermo
1699 5717 1817 5774 ﬁeri
1846 5732 1952 5775 non
1978 5734 2071 5791 po-

494 5809 618 5866 test.
676 5804 875 5869 quippe
926 5822 1047 5863 cum
1094 5811 1359 5867 sermonis
1405 5812 1575 5869 nostri
1620 5823 1779 5876 pater
1813 5814 2076 5874 habeatur

2170 523 2267 580 sed
2298 537 2474 593 neque
2504 531 2689 578 nostra
2719 521 2988 590 sapientia
3016 533 3213 576 sensus
3233 532 3298 575 ac
3317 532 3521 574 sermo.
3548 516 3753 576 Sedeat

2170 616 2367 673 iterum
2394 630 2590 671 sensus
2619 628 2890 686 generatis
2926 628 3263 680 sermonem,
3297 621 3353 668 et
3383 627 3490 667 non
3522 612 3644 683 ipse
3666 626 3753 684 ιθ-

2172 716 2395 765 neratur
2420 726 2432 761 :
2462 708 2715 763 similiter
2736 717 2917 763 autem
2939 716 2996 763 et
3012 720 3193 763 sermo
3215 712 3508 777 generatur
3528 713 3752 781 tantum,

2172 815 2279 856 non
2310 808 2564 871 generat;
2600 800 2716 869 pari
2747 800 2957 855 ratione
2996 806 3053 855 et
3091 796 3356 868 sapientia
3396 811 3574 868 neque
3600 811 3753 868 gene-

2171 901 2276 959 rat,
2312 906 2488 962 neque
2517 902 2828 962 generatur.
2866 892 3071 948 Sensus
3100 899 3281 947 autem
3312 898 3499 945 noster
3536 904 3661 945 cum
3688 892 3750 946 sit

2172 983 2412 1052 sapiens,
2437 990 2492 1037 et
2518 982 2842 1052 sapientiam
2866 982 3083 1048 habeat,
3114 981 3268 1053 quasi
3293 981 3633 1036 rationabilis
3650 996 3751 1037 ser-

2173 1090 2390 1131 monem
2421 1084 2626 1129 tantum
2649 1083 2893 1144 generat.
2926 1072 3208 1145 Sapientia
3237 1072 3439 1129 iterum
3467 1087 3577 1127 non
3602 1087 3752 1143 gene-

2175 1176 2260 1222 rat
2304 1180 2634 1231 sermonem,
2687 1164 2780 1221 sed
2813 1172 2899 1221 est
2926 1180 3049 1221 cum
3080 1178 3247 1223 sensu
3297 1178 3428 1219 vere
3473 1162 3676 1233 pariter
3699 1178 3752 1219 ac

2175 1274 2452 1316 sermone.
2487 1259 2577 1315 Sic
2624 1259 2769 1315 Deus
2799 1257 2962 1314 Pater
2987 1270 3283 1327 numquam
3312 1255 3492 1311 Filius
3526 1255 3646 1310 ﬁeri
3670 1270 3751 1325 po-

2177 1360 2307 1421 test,
2337 1367 2514 1422 neque
2540 1366 2573 1407 e
2601 1351 2819 1407 diverso
2846 1350 3016 1406 Filius
3046 1350 3228 1415 Pater,
3260 1348 3358 1403 sed
3388 1362 3571 1418 neque
3598 1347 3753 1417 Spiri-

2176 1453 2265 1500 tus
2306 1452 2528 1501 sanetus
2557 1443 2752 1511 Filius,
2800 1451 2895 1498 aut
2933 1442 3116 1497 Pater.
3151 1440 3360 1495 Rursus
3403 1438 3575 1494 etiam
3628 1439 3752 1495 Deus

2177 1535 2341 1592 Pater
2369 1537 2551 1607 genuit
2571 1534 2787 1607 quidem
2810 1534 3147 1605 unigenitum
3174 1532 3341 1587 Deum
3365 1530 3630 1596 Verbum,
3650 1530 3752 1601 ipse

2178 1640 2362 1688 autem
2393 1647 2501 1688 non
2530 1642 2615 1688 est
2645 1641 2831 1698 natus;
2863 1630 3039 1686 Filius
3065 1644 3198 1685 vero
3230 1638 3388 1683 natus
3417 1635 3505 1683 est
3532 1627 3749 1697 quidem,

2181 1739 2294 1780 non
2315 1723 2477 1780 etiam
2503 1724 2723 1795 genuit;
2749 1723 2987 1794 Spiritus
3016 1731 3198 1777 autem
3227 1728 3449 1777 sanctus
3471 1734 3649 1791 neque
3674 1735 3753 1774 na-

2104 1819 2155 1881 B
2183 1824 2268 1873 tus
2296 1825 2403 1882 est,
2435 1830 2612 1887 neque
2638 1815 2857 1887 genuit:
2885 1815 3004 1882 sed,
3034 1823 3093 1870 ut
3116 1813 3357 1885 apertius
3384 1812 3590 1879 dicam,
3613 1811 3752 1867 sicuti

2177 1906 2275 1963 Dei
2300 1906 2477 1962 Patris
2505 1906 2926 1972 misericordiae,
2958 1921 3081 1961 cum
3111 1915 3255 1961 natae
3283 1904 3397 1959 sint
3419 1918 3451 1957 a
3480 1913 3635 1974 patre
3662 1918 3753 1959 non

2176 2007 2329 2066 nato,
2358 1998 2784 2069 conglutinatam
2815 1998 3029 2068 penitus
3053 1998 3257 2053 habent
3300 1995 3629 2053 innativitati
3663 1994 3752 2050 Pa.

2180 2091 2284 2147 tris
2308 2092 2751 2163 generationem;
2783 2093 2862 2148 sic
2882 2092 3045 2148 etiam
3064 2090 3437 2147 substantivus
3464 2090 3753 2160 unigenitus

2178 2182 2351 2238 Filius
2383 2183 2479 2239 Dei
2504 2183 2932 2253 conglutinatam
2964 2184 3182 2255 penitus
3219 2183 3381 2240 habet
3414 2182 3598 2238 Patris
3624 2182 3754 2252 inge-

2179 2278 2445 2334 nerationi
2490 2277 2852 2345 nativitatem,
2884 2280 3083 2348 quippe
3125 2291 3249 2331 cum
3296 2275 3564 2347 splendor
3587 2275 3753 2346 gloria:

2178 2371 2269 2435 sit,
2303 2376 2359 2425 et
2383 2369 2558 2425 forma
2586 2370 2684 2425 Dei
2715 2370 3054 2426 substantiae.
3093 2368 3183 2427 Sic
3212 2368 3359 2424 enim
3387 2367 3556 2423 etiam
3586 2366 3754 2423 beatus

2178 2463 2380 2520 Paulus
2417 2463 2485 2520 ad
2516 2464 2777 2520 Hebraeos
2806 2465 3074 2529 scribens,
3103 2462 3237 2518 dicit
3264 2461 3429 2534 (Heb.
3462 2476 3503 2525 ι,
3539 2462 3597 2530 5)
3628 2478 3639 2513 :
3671 2459 3755 2528 Qui

2178 2566 2254 2612 est
2289 2556 2535 2629 splendor
2562 2558 2773 2630 gloria,
2806 2565 2854 2610 et
2878 2556 3048 2628 ﬁgura
3076 2554 3376 2610 substantia
3404 2556 3546 2626 ejus.
3588 2552 3757 2623 Splen-

2179 2648 2369 2703 dorem
2401 2649 2560 2719 igitur
2582 2649 2758 2703 Patris
2783 2647 2981 2703 Filiqu
3008 2663 3129 2703 cum
3157 2647 3359 2703 Paulus
3381 2643 3617 2700 dixisset
3647 2657 3757 2715 apo-

2180 2741 2378 2808 stolus,
2432 2740 2680 2811 probavit
2737 2749 2925 2810 aperte
2961 2739 3106 2811 quod
3152 2753 3218 2794 ex
3246 2739 3556 2793 substantia
3604 2736 3755 2791 Patris

2182 2834 2353 2890 Filius
2375 2842 2483 2899 est,
2510 2842 2565 2890 et
2594 2833 2738 2905 quod
2760 2833 3158 2904 inseparabilis,
3184 2832 3273 2888 vel
3304 2831 3575 2887 indivisus
3602 2829 3756 2885 Patris

2181 2925 2351 2982 Filius
2380 2926 2631 2995 habetur,
2664 2934 2719 2983 et
2756 2925 2897 2997 quod
2928 2939 3145 2996 semper
3175 2938 3280 2979 una
3316 2938 3441 2987 cum
3482 2922 3643 2978 Patre
3664 2927 3755 2976 est.

2182 3017 2435 3087 Figuram
2487 3032 2677 3073 rursus
2725 3018 2822 3073 Dei
2862 3016 3182 3071 substantia:
3223 3029 3576 3079 memorans,
3623 3014 3758 3069 docet

2182 3108 2327 3179 quod
2373 3109 2636 3178 mqualem
2668 3109 2831 3165 habet
2870 3108 3042 3164 Filius
3082 3107 3260 3164 Patris
3295 3109 3676 3165 substantiam.
3706 3106 3758 3161 Et

2108 3200 2154 3263 C
2188 3200 2413 3267 iterum,
2438 3200 2593 3255 sicuti
2625 3200 2721 3256 Dei
2758 3200 2930 3255 Patris
2958 3200 3335 3256 immortalitas
3366 3216 3470 3255 una
3503 3215 3632 3256 cum
3665 3200 3759 3256 Deo

2185 3291 2345 3348 Patre
2372 3307 2480 3348 non
2512 3301 2655 3358 nata,
2688 3308 2797 3346 non
2821 3292 3017 3348 dicitur
3044 3303 3191 3361 nata,
3224 3307 3403 3363 neque
3434 3293 3553 3362 ipsa
3583 3292 3760 3363 pariter

2182 3398 2478 3453 generare;
2520 3384 2601 3440 sic
2639 3385 2803 3439 etiam
2842 3384 2938 3438 Dei
2970 3384 3342 3445 substantivus
3370 3384 3617 3455 Spiritus
3659 3399 3761 3440 san-

2184 3484 2327 3542 ctus,
2376 3490 2555 3544 neque
2602 3483 2759 3531 natus
2809 3483 2914 3541 est,
2966 3490 3140 3546 neque
3171 3475 3396 3545 genuit:
3450 3490 3514 3531 ac
3554 3492 3652 3548 per
3676 3474 3761 3532 hoc

2185 3566 2351 3632 igitur
2378 3575 2488 3621 tres
2531 3580 2791 3637 personas
2819 3566 2994 3621 Patris
3021 3576 3075 3621 et
3104 3565 3227 3621 Filii
3257 3576 3313 3622 et
3340 3566 3585 3637 Spiritus
3609 3568 3762 3622 sancti

2184 3661 2438 3725 fatentes,
2469 3674 2630 3715 unam
2656 3658 2948 3725 credimus,
2982 3668 3205 3729 propter
3236 3660 3499 3715 unitatem
3530 3660 3763 3715 substan-

2189 3752 2300 3818 tiae,
2345 3750 2627 3806 Trinitatis
2665 3765 2786 3806 esse
2824 3751 3104 3807 virtutem.
3135 3750 3397 3807 Similiter
3432 3760 3619 3807 autem
3658 3765 3763 3822 pro-

2186 3852 2309 3913 pter
2337 3840 2721 3898 indivisionem
2748 3850 2979 3907 natura),
3013 3841 3226 3896 Patrem
3258 3851 3314 3897 et
3340 3841 3541 3897 Filium
3575 3853 3633 3898 et
3661 3842 3765 3912 Spi-

2184 3933 2347 3989 ritum
2378 3944 2644 4002 sanctum,
2676 3948 2844 3988 unum
2870 3933 3184 3999 Dominum,
3208 3949 3377 3991 unum
3402 3933 3577 3989 Deum
3601 3933 3760 3991 omni-

2186 4038 2461 4099 potentem
2489 4069 2504 4095 ,
2559 4036 2862 4084 creatorem
2891 4066 2905 4091 ,
2946 4026 3280 4097 provisorem
3309 4068 3324 4092 ,
3362 4042 3587 4098 semper
3626 4042 3682 4083 se
3711 4040 3765 4081 ac

2185 4122 2441 4177 similiter
2484 4121 2797 4188 habentem,
2846 4120 2935 4176 cui
2981 4119 3156 4176 honor
3184 4128 3239 4176 et
3280 4120 3451 4191 gloria
3482 4121 3537 4175 in
3586 4120 3764 4178 saecula

2184 4215 2530 4270 saeculorum.
2563 4213 2756 4271 Amen.
3424 4212 3427 4213 ⁷

2754 4416 3205 4475 CONFESSIO

2936 4544 3026 4582 διο

2504 4647 3052 4732 LIBELLUS
3130 4640 3446 4731 FIDE]
3532 4736 3541 4739 ,

2805 4784 2844 4834 Α
2874 4783 3078 4835 PELAG
3086 4784 3153 4835 ΙΟ

2310 4910 2395 4953 Εἰ
2440 4908 2715 4953 ORIENTE
2757 4908 2987 4953 ROMAM
3030 4910 3253 4955 MISSUS
3299 4912 3382 4955 Δῐ)
3427 4910 3644 4956 εεοεκ

2740 4989 3175 5035 ΑΡοεΤοιιοΑΜ
3188 5016 3198 5033 ι

2256 5180 2662 5237 Coniessionem
2694 5182 2833 5237 hanc
2864 5183 3131 5239 Baronius
3163 5192 3371 5239 erutam
3402 5199 3469 5241 ex
3501 5182 3765 5241 Vaticanis

2184 5253 2552 5337 monumentis
2579 5253 2761 5337 retulit
2787 5251 2842 5307 in
2872 5255 3129 5337 Annales.
3162 5255 3283 5337 Quo
3310 5255 3472 5337 facto_
3485 5256 3763 5337 consilium

2186 5324 2362 5395 Patris
2388 5323 2665 5395 Sirmondi
2683 5327 2978 5392 praevertit,
3010 5327 3099 5395 qui
3128 5323 3223 5381 su'a
3256 5341 3419 5382 manu
3439 5326 3762 5393 descriptam

2187 5394 2431 5450 editurus
2473 5402 2609 5451 erat.
2642 5394 2776 5465 Eam
2807 5411 2912 5451 nos
2935 5411 3001 5451 ex
3028 5394 3323 5452 doctissimi
3346 5399 3499 5453 senis
3540 5410 3764 5465 apogra-

2186 5465 2297 5537 pho
2338 5464 2443 5535 (Ad
2471 5482 2596 5520 ann.
2628 5464 2819 5523 Christ.
2854 5466 2980 5537 H8)
3028 5466 3332 5523 Baroniaua
3384 5464 3765 5526 correctiorem

2181 5534 2519 5593 exhibemus.
2906 5534 2921 5547 ’

2520 5646 2651 5688 PARS
2687 5648 2846 5689 Mill”
2870 5673 2885 5700 ,
2924 5647 3041 5697 ουλε
3082 5647 3440 5691 τηεοιοςιςλ.

2252 5723 2304 5779 i.
2338 5723 2619 5781 Credimus
2646 5727 2701 5780 in
2730 5727 2897 5782 Deum
2920 5725 3131 5783 Patrem
3154 5727 3609 5798 omnipotentem,
3638 5743 3765 5787 cun-

2179 5828 2387 5876 ctorum
2419 5819 2711 5875 visibilium
2739 5828 2794 5875 et
2822 5819 3172 5878 invisibilium
3196 5820 3566 5879 conditorem.
