3900 6268
135 268 226 331 ιεθ
286 261 591 327 DISSERT.
630 261 696 318 Υ.
740 259 831 317 DE
869 258 1175 317 LIBELLIS
1213 257 1395 315 FlDEl
1435 257 1743 317 SCRIPTIS
1781 256 1869 317 AB
1910 258 2344 320 AUCTORIBUS
2380 258 2699 319 HERESIS
2738 262 3180 321 PELAGIANE.
3256 265 3367 324 490

188 382 237 437 2.
264 376 538 438 Credimus
561 386 616 434 et
641 378 696 433 in
727 377 1014 433 Dominum
1043 386 1286 433 nostrum
1310 376 1494 433 Iesum
1525 376 1680 433 Chri-
1706 380 1760 440 Α
1784 393 1894 433 rem
1927 390 1983 435 et
2021 380 2140 450 ejus
2184 380 2413 447 similes,
2444 380 2535 451 qui
2564 380 2749 437 dicunt
2799 382 2889 438 Dei
2938 382 3134 439 Filium
3187 388 3365 443 minus

134 484 275 540 stum,
307 487 398 542 per
443 486 601 542 quem
645 479 827 527 creata
871 478 997 525 sunt
1026 470 1241 538 omnia,
1269 485 1456 525 verum
1490 469 1679 535 Deum,
1783 473 1986 543 aliquid
2005 473 2075 529 de
2096 473 2331 529 humana
2354 475 2662 545 suscepisse
2685 485 2895 542 natura;
2914 487 2968 532 et
2989 478 3075 533 vel
3101 478 3153 533 in
3176 494 3363 547 carne,

134 565 453 639 unigenitum,
484 572 537 620 et
578 578 768 620 verum
818 562 911 618 Dei
956 562 1175 629 Filium,
1216 577 1323 617 non
1361 562 1559 618 factum
1592 571 1684 619 aut
1785 566 1867 620 vel
1896 565 1948 619 in
1998 565 2196 635 anima,
2246 569 2330 623 vel
2381 568 2435 623 in
2484 582 2645 623 sensu
2688 579 3024 638 assumptum
3065 570 3366 645 hominem,

131 660 436 729 adoptivum,
465 656 562 713 sed
600 656 860 727 genitum,
891 655 1048 710 unius
1075 670 1200 711 cum
1227 655 1390 711 Patre
1426 656 1683 711 substan-
1786 658 1872 715 his
1919 670 2140 730 propter
2167 675 2306 731 quos
2358 671 2666 732 assumptus
2709 672 2794 718 est
2830 663 2994 720 fuisse
3022 664 3366 736 dissimilem,

134 755 224 819 tite,
252 750 386 819 quod
416 748 593 804 Grmci
620 748 805 804 dicunt
833 746 1120 820 ὁμοούσιον,
1151 757 1313 817 atque
1342 747 1415 804 ita
1446 762 1543 818 per
1569 762 1687 804 om-
1787 769 1967 824 quem,
1989 757 2190 824 absque
2210 755 2320 809 sola
2345 757 2551 824 peccati
2573 756 2805 822 macula,
2828 773 2947 827 quae
2970 759 3231 815 naturalis
3261 776 3369 816 non

134 847 205 900 nia
232 843 482 914 aequalem
515 841 628 897 Deo
654 841 823 905 Patri,
855 850 911 895 ut
944 855 1043 895 nec
1068 849 1334 909 tempore,
1366 855 1466 896 nec
1493 841 1682 912 gradu,
1787 855 1891 915 est,
1924 846 2082 901 nobis
2106 846 2427 903 confitemur
2458 847 2623 904 fuisse
2651 849 3006 907 conformem.

132 953 213 995 nec
240 945 497 1007 potestate
527 935 694 1004 possit
722 947 847 990 esse
891 932 1134 989 inferior.
1182 932 1525 1006 Tantumque
1565 948 1688 990 esse
1863 940 1949 995 10.
1980 940 2199 995 illorum
2223 956 2438 1011 quoque
2465 942 2715 998 similiter
2744 959 3091 1001 exsecramur
3117 946 3374 1015 blasphe-

132 1035 421 1089 conﬁtemur
446 1031 599 1086 illum
620 1030 713 1102 qui
742 1038 826 1085 est
851 1026 1089 1099 genitus,
1118 1038 1351 1099 quantus
1372 1037 1455 1084 est
1482 1028 1573 1084 ille
1595 1030 1687 1099 qui
1790 1032 1975 1096 miam,
2018 1031 2109 1101 qui
2141 1046 2280 1086 novo
2308 1046 2472 1087 sensu
2503 1047 2751 1090 asserere
2778 1043 3042 1091 conantur
3069 1052 3100 1091 a
3130 1046 3377 1108 tempore

132 1125 312 1197 genuit.
1789 1132 2057 1193 suscepta:
2086 1123 2266 1179 carnis
2306 1126 2483 1179 omnia
2523 1142 2643 1195 quae
2685 1136 2839 1182 erant
2864 1128 3089 1184 Deitatis
3117 1130 3172 1185 in
3201 1130 3378 1187 homi-

188 1218 234 1272 3.
262 1215 375 1270 Non
427 1223 607 1270 autem
635 1215 758 1285 quia
788 1214 1021 1271 dicimus
1060 1217 1299 1285 genitum
1329 1228 1360 1269 a
1406 1215 1565 1271 Patre
1602 1215 1688 1271 Fi—
1792 1229 1916 1271 nem
1960 1215 2310 1286 demigrasse,
2337 1224 2391 1271 et
2421 1231 2633 1271 rursum
2674 1234 2793 1285 qua:
2832 1231 2984 1273 erant
3024 1219 3381 1277 humanitatis

133 1313 263 1375 lium,
307 1307 505 1364 divinae
553 1318 607 1365 et
636 1307 891 1364 ineffabili
937 1307 1272 1378 generationi
1304 1307 1521 1378 aliquod
1553 1316 1692 1363 tem-
1794 1310 1845 1364 in
1876 1308 2043 1364 Deum
2075 1323 2195 1365 esse
2222 1308 2490 1365 transfusa
2522 1326 2535 1364 :
2561 1320 2616 1363 ut
2638 1312 2781 1380 quod
2813 1312 2957 1366 nulla
2984 1329 3233 1383 umquam
3267 1316 3380 1370 hae-

134 1421 214 1477 pus
236 1402 585 1468 ascribimus;
617 1400 713 1458 sed
741 1416 839 1457 nec
880 1402 1095 1457 Patrem
1143 1399 1376 1457 dicimus
1402 1400 1693 1471 aliquando
1794 1400 1928 1455 resis
1956 1399 2139 1456 dicere
2162 1415 2291 1455 ausa
2322 1410 2428 1466 est,
2461 1400 2709 1455 videatur
2753 1400 2853 1455 hac
2886 1404 3205 1460 confusione
3232 1416 3381 1461 utra-

131 1497 357 1567 cmpisse,
388 1510 495 1550 nec
522 1494 748 1559 Filium;
782 1508 891 1548 non
921 1493 1069 1549 enim
1106 1493 1265 1548 aliter
1295 1493 1541 1548 conﬁteri
1571 1508 1695 1563 pos-
1793 1506 1898 1561 que
1928 1491 2197 1546 exinanita
2225 1492 2555 1557 substantia,
2592 1492 2817 1565 Deitatis
2857 1493 3066 1548 scilicet
3094 1504 3149 1549 et
3190 1496 3383 1551 Imma-

133 1603 293 1646 sumus
338 1597 603 1642 aeternum
673 1586 915 1651 Patrem,
981 1586 1083 1640 nisi
1131 1584 1487 1641 conﬁteamur
1532 1586 1693 1642 etiam
1795 1584 2000 1651 uitatis,
2032 1592 2088 1638 et
2115 1598 2145 1638 a
2175 1585 2392 1653 proprio
2430 1592 2570 1639 statu
2612 1584 2666 1638 in
2710 1584 2882 1638 alium
2912 1599 3034 1640 esse
3061 1597 3293 1657 mutata,
3324 1596 3385 1646 ut

132 1686 436 1736 coaeternum
499 1676 732 1743 Filium;
797 1693 862 1733 ex
914 1676 1006 1731 illo
1056 1677 1196 1731 enim
1251 1677 1410 1732 Pater
1456 1676 1692 1746 dicitur,
1798 1678 1887 1748 qui
1912 1685 2019 1731 tam
2045 1677 2215 1731 Deum
2253 1676 2628 1747 imperfectum
2652 1676 2707 1731 in
2735 1676 2873 1732 Filio
2903 1693 3063 1746 quam
3104 1678 3384 1737 hominem

131 1780 177 1827 et
196 1769 277 1841 qui
302 1783 521 1839 semper
543 1769 704 1823 Pater
726 1766 847 1833 fuit,
877 1782 1093 1838 semper
1121 1767 1314 1823 Filium
1345 1768 1549 1822 habuit.
1729 1758 1773 1818 Β
1801 1771 2151 1833 conﬁtentur,
2176 1784 2276 1827 nec
2308 1770 2475 1828 Deum
2518 1786 2732 1836 verum,
2764 1786 2865 1826 nec
2896 1770 3169 1829 hominem
3199 1783 3387 1831 tenere

187 1863 237 1916 ι.
258 1860 545 1916 Credimus
569 1859 697 1915 etin
719 1860 975 1929 Spiritum
998 1869 1267 1924 sanctum,
1290 1874 1473 1914 verum
1498 1859 1693 1926 Deum,
1799 1862 2111 1919 credantur.

133 1970 184 2011 cr
232 1953 387 2009 Patre
416 1951 823 2023 procedentem,
866 1953 1128 2022 aequalem
1178 1967 1275 2021 per
1320 1953 1500 2008 omnia
1550 1952 1696 2007 Patri
1876 1954 1962 2010 11.
1991 1954 2102 2010 Nos
2133 1963 2313 2011 autem
2343 1955 2576 2011 dicimus
2605 1965 2913 2027 susceptum
2944 1958 3014 2011 ita
3043 1972 3073 2011 a
3112 1958 3204 2012 Dei
3244 1958 3387 2016 Filio

132 2053 176 2101 et
198 2044 347 2111 Filio,
393 2044 711 2109 voluntate,
740 2050 1034 2113 potestate,
1075 2044 1404 2109 aternitate,
1446 2042 1698 2100 substan-
1802 2047 2055 2117 passibile
2079 2048 2987 2118 nostrum,utDeitasimpassibilis
3012 2058 3383 2119 permaneret;

134 2137 241 2191 tia..
1800 2153 1990 2209 passus
2018 2148 2103 2195 est
2153 2140 2295 2195 enim
2335 2139 2431 2195 Dei
2462 2139 2631 2194 Filius
2687 2155 2790 2194 non
2840 2140 3101 2209 putative,
3136 2143 3230 2198 sed
3261 2157 3389 2199 vere

190 2230 237 2284 5.
256 2227 365 2285 Nec
389 2238 476 2286 est
504 2244 729 2299 prorsus
751 2228 945 2298 aliquis
971 2231 1025 2284 in
1064 2229 1333 2286 Trinitate
1360 2230 1586 2302 gradus,
1614 2233 1698 2288 ni-
1801 2234 1981 2288 omnia
2008 2249 2127 2303 qua:
2148 2234 2425 2304 Scriptura
2450 2242 2696 2301 testatur,
2722 2233 2775 2289 id
2797 2244 2901 2300 est,
2932 2237 3189 2304 esuriem,
3215 2238 3387 2301 sitim,

135 2321 196 2377 hil
232 2321 374 2391 quod
411 2322 637 2377 inferius
690 2321 1010 2392 superiusve
1062 2322 1167 2379 dici
1197 2323 1405 2393 possit:
1453 2325 1545 2379 sed
1590 2332 1701 2380 tota
1802 2325 2195 2388 lassitudinem.
2250 2326 2515 2395 dolorem,
2574 2335 2828 2397 mortem,
2875 2336 2930 2383 et
2975 2336 3169 2384 caetera
3210 2329 3393 2399 hujus-

134 2413 291 2469 Deitas
320 2415 409 2471 sui
459 2416 789 2486 perfectione
816 2416 1039 2486 aequalis
1088 2426 1192 2482 est,
1223 2426 1314 2483 ut,
1344 2419 1584 2488 exceptis
1607 2433 1703 2474 vo-
1804 2415 1971 2470 modi.

138 2508 324 2563 cabulis
382 2524 505 2580 quae
570 2510 959 2579 proprietatem
1018 2524 1373 2579 personarum
1427 2510 1697 2579 indicant,
1880 2510 1965 2562 12.
1998 2508 2307 2565 Secundum
2338 2509 2471 2564 illud
2496 2524 2685 2579 passus
2709 2520 2788 2565 est
2820 2511 2962 2581 qttod
2997 2514 3103 2581 pati
3154 2521 3389 2582 poterat,

135 2600 373 2670 quidquid
418 2601 487 2656 de
533 2616 641 2655 una
675 2615 903 2669 persona
936 2601 1155 2670 dicitur,
1195 2602 1265 2658 de
1294 2603 1467 2659 tribus
1494 2602 1701 2674 dignis-
1806 2599 1861 2654 id
1890 2609 2004 2665 est,
2036 2600 2331 2655 secundum
2371 2600 2518 2654 illam
2557 2601 2915 2656 substantiam
2955 2617 3076 2673 quae
3116 2614 3393 2673 assumpta

134 2692 251 2749 sime
278 2694 461 2764 possit
485 2693 734 2763 intelligi.
1807 2700 1919 2757 est;
1948 2692 2064 2761 ipse
2105 2693 2249 2747 enim
2282 2691 2376 2748 Dei
2409 2691 2577 2747 Filius
2602 2693 2899 2748 secundum
2936 2709 3085 2747 suam
3127 2695 3392 2751 Deitatem

184 2787 234 2842 6.
269 2791 455 2856 Atque
485 2794 544 2839 ut
567 2784 959 2841 confundentes
988 2786 1194 2852 Arium,
1233 2801 1395 2841 unam
1433 2786 1707 2843 eamdem-
1809 2783 2154 2852 impassibilis
2182 2793 2265 2839 est
2296 2792 2355 2838 ut
2378 2784 2561 2851 Pater,
2608 2785 3176 2854 incomprehensibilis
3206 2796 3263 2845 ut
3292 2788 3396 2843 Pa-

136 2894 214 2949 que
241 2879 483 2933 dicimus
506 2876 782 2932 Trinitatis
812 2893 931 2934 esse
961 2879 1341 2943 substantiam,
1378 2890 1433 2934 et
1459 2896 1621 2934 unum
1650 2880 1706 2935 in
1812 2882 1916 2941 ter,
1941 2864 2229 2930 invisibilis
2258 2884 2315 2930 ut
2356 2876 2540 2941 Pater,
2576 2877 3000 2933 inconvertibilis
3030 2888 3089 2932 ut
3118 2880 3308 2944 Pater;
3341 2890 3399 2935 et

140 2972 289 3029 tribus
338 2968 590 3039 personis
640 2970 867 3023 fatemur
898 2970 1099 3032 Deum;
1131 2970 1203 3024 ita
1235 2970 1564 3039 impietatem
1608 2972 1709 3028 Sa-
1810 2966 2057 3035 quamvis
2085 2966 2301 3036 propria
2334 2980 2564 3037 persona
2607 2966 2754 3035 Filii,
2785 2967 2836 3023 id
2882 2979 2994 3035 est,
3031 2971 3121 3026 Dei
3154 2969 3395 3025 Verbum

142 3063 267 3118 bellii
295 3062 657 3126 declinantes,
710 3070 819 3116 tres
844 3075 1105 3133 personas
1137 3077 1424 3132 expressas
1449 3064 1551 3118 sub
1582 3080 1707 3134 pro-
1810 3057 2050 3126 suscepit
2073 3057 2384 3125 passibilem
2412 3057 2706 3127 hominem,
2734 3058 2807 3114 ita
2836 3068 3014 3116 tamen
3044 3062 3160 3131 ejus
3190 3062 3395 3118 habita-

141 3155 348 3224 prietate
401 3153 821 3224 distinguimus;
854 3169 960 3209 non
993 3154 1167 3223 ipsum
1221 3154 1323 3209 sibi
1349 3155 1587 3218 Patrem.
1619 3157 1698 3226 ip-
1732 3134 1781 3198 C
1814 3150 1959 3204 tione
1988 3149 2285 3204 secundum
2332 3164 2485 3205 suam
2514 3151 2875 3206 substantiam
2912 3150 3088 3207 Deitas
3111 3154 3277 3209 Verbi
3307 3157 3395 3209 ni-

145 3259 243 3299 sum
280 3245 381 3300 sibi
412 3244 633 3312 Filium,
667 3246 837 3315 ipsum
876 3245 980 3300 sibi
1007 3245 1262 3315 Spiritum
1306 3256 1548 3302 sanctum
1584 3263 1708 3306 esse
1811 3240 1884 3295 hi'
1919 3255 2077 3310 P3533
2107 3252 2211 3305 θεῖν
2257 3250 2314 3295 υι
2358 3250 2466 3297 to”
2497 3241 2764 3312 Τι’ίηίιδεν
2796 3258 2958 3314 quam
3007 3244 3395 3315 i'“Pa53ibilem

147 3338 381 3403 dicentes,
413 3338 510 3393 sed
548 3338 709 3393 aliam
745 3338 948 3404 Patris,
982 3339 1140 3393 aliam
1172 3339 1317 3409 Filii,
1349 3341 1508 3396 aliam
1536 3341 1710 3413 Spiri—
1811 3334 2057 3390 conﬁteri
2088 3350 2311 3392 necesse
2349 3344 2453 3389 es!-

148 3437 218 3484 tus
257 3431 427 3485 sancti
464 3444 590 3486 esse
631 3445 938 3500 personam.
974 3431 1088 3487 Non
1119 3433 1265 3488 enim
1318 3434 1537 3489 nomina
1594 3446 1711 3491 tan-
1886 3428 1973 3483 15o
2010 3430 2251 3482 Mortuus
2279 3436 2366 3483 est
2390 3442 2520 3498 ει*εο
2551 3429 2645 3484 Dei
2679 3428 2872 3497 FiliUS,
2915 3430 3211 3486 secundum
3244 3431 3364 3488 Scri

151 3522 424 3590 tummodo,
459 3521 557 3577 sed
587 3522 748 3577 etiam
786 3523 1063 3578 nominum
1092 3525 1469 3594 proprietates,
1495 3526 1569 3597 [id
1601 3536 1705 3596 est,
1816 3530 2021 3593 pturas,
2065 3524 2218 3592 juxta
2266 3522 2393 3577 illud
2444 3522 2584 3592 quod
2633 3524 2772 3579 mori
2802 3533 3033 3594 poterat.
3079 3525 3401 3581 Resurrexit

152 3630 384 3683 personas
413 3616 533 3679 vel,
572 3624 631 3670 ut
662 3615 836 3671 Graeci
869 3616 1206 3685 exprimunt,
1241 3618 1577 3688 bypostases,
1608 3621 1712 3677 hoc
1813 3616 1973 3671 tertia
2027 3614 2135 3684 die,
2162 3614 2412 3670 ascendit
2460 3616 2510 3669 in
2540 3616 2760 3681 omium,
2807 3616 2959 3671 sedet
3004 3617 3070 3671 ad
3112 3617 3398 3672 dexteram

153 3716 238 3773 est,
266 3707 591 3764 substantias
621 3707 963 3764 confitemur.
1816 3707 1911 3763 Dei
1954 3707 2150 3773 Patris,
2199 3715 2452 3763 manente
2490 3708 2682 3763 eadem
2734 3718 2925 3763 natura
2969 3711 3150 3764 carnis
3196 3711 3251 3765 in
3292 3726 3400 3782 qua

212 3798 256 3851 7.
286 3797 389 3854 Nec
418 3798 583 3854 Pater
633 3797 751 3853 Filii
781 3807 874 3853 aut
917 3799 1153 3869 Spiritus
1207 3803 1378 3859 sancti
1424 3819 1711 3874 personam
1818 3809 1975 3855 natus
2004 3809 2059 3855 et
2104 3814 2293 3868 passus
2338 3811 2452 3868 est,
2484 3800 2539 3855 in
2567 3816 2672 3871 qua
2714 3802 2875 3856 etiam
2908 3802 3233 3858 resurrexit.
3284 3804 3401 3859 Non

156 3887 411 3960 aliquando
457 3888 720 3953 excludit,
771 3905 873 3945 nec
914 3906 1102 3946 rursus
1129 3892 1321 3961 Filius,
1352 3904 1443 3949 aut
1481 3895 1714 3966 Spiritus
1817 3895 1961 3950 enim
1992 3894 2266 3949 exinanita
2298 3902 2382 3947 est
2422 3893 2771 3947 humanitatis
2799 3894 3096 3947 substantia
3116 3937 3131 3961 ,
3159 3894 3255 3950 sed
3283 3896 3401 3965 glo-

158 3994 347 4036 sanctus
372 3982 553 4037 Patris
583 3996 778 4037 nomen
805 3998 1201 4055 personamque
1221 3987 1414 4056 recipit
1439 4004 1454 4053 ;
1488 3988 1582 4044 sed
1615 3989 1715 4044 Pa-
1820 3990 2048 4055 riﬁcata,
2076 4000 2131 4044 et
2162 3989 2215 4042 in
2241 3996 2506 4044 aeternum
2533 4004 2651 4042 cum
2689 3988 2897 4043 Deitate
2921 4003 3197 4042 mansura.

161 4084 227 4131 ter
252 4092 458 4145 semper
488 4076 650 4133 Pater
678 4086 780 4145 est,
813 4077 984 4133 Filius
1012 4094 1227 4149 semper
1253 4080 1421 4136 Filius
1448 4090 1552 4148 est,
1588 4082 1715 4152 Spi-
1894 4080 1980 4136 14.
2013 4083 2249 4147 Accepta
2279 4094 2408 4149 ergo
2438 4094 2467 4131 a
2494 4078 2655 4133 Patre
2692 4078 2934 4133 omnium
2976 4086 3245 4146 potestate
3283 4095 3404 4149 qu:e

162 4171 273 4222 ritus
317 4179 538 4224 sanctus
586 4183 802 4237 semper
856 4168 1090 4240 Spiritus
1118 4180 1336 4225 sanctus
1365 4178 1490 4226 est:
1538 4171 1720 4242 itaque
1823 4175 1879 4230 in
1904 4174 2043 4229 coelo
2084 4180 2209 4227 sunt
2231 4181 2286 4227 et
2317 4173 2369 4226 in
2414 4183 2576 4239 terra,
2610 4181 2871 4226 venturus
2924 4179 3005 4225 est
3049 4171 3116 4224 ad
3140 4171 3408 4239 judicium

164 4259 427 4315 substantia
457 4276 625 4315 unum
648 4269 791 4327 sunt,
825 4262 1072 4330 personis
1096 4276 1162 4317 ac
1196 4262 1507 4317 nominibus
1527 4262 1719 4318 distin-
1822 4268 2069 4322 vivorum
2099 4274 2155 4319 et
2200 4275 2559 4332 mortuorum,
2586 4274 2646 4319 ut
2673 4272 2729 4320 et
2772 4265 2949 4333 justos
2999 4277 3310 4322 remuneret
3351 4276 3407 4324 et

163 4362 387 4418 suunlur.
1827 4358 2014 4430 puniat
2044 4367 2377 4428 peccatores.

428 4436 565 4478 PARS
600 4437 868 4490 SECUNDA,
912 4437 1031 4488 θυι
1069 4438 1393 4481 (100110111οΑ

225 4536 270 4589 8.
294 4535 467 4605 Ipsum
491 4547 671 4590 autem
699 4535 792 4591 Dei
814 4535 1035 4601 Filium,
1063 4536 1153 4607 qui
1176 4536 1381 4607 absque
1399 4537 1551 4593 initio
1569 4546 1722 4595 aeter-
1749 4517 1765 4580 Ῑ

1479 4538 1551 4593 tio
1569 4546 1722 4595 teter.
1749 4517 1806 4580 D
2215 4503 2343 4544 “Rs
2378 4503 2604 4554 τῑΜῚΑ,
2643 4503 2763 4552 oua:
2802 4504 3016 4547 ετιιιοΑ.

170 4623 361 4682 nitatem
403 4642 529 4682 cum
559 4627 717 4682 Patre
749 4637 805 4682 et
832 4625 1038 4695 Spiritu
1070 4637 1255 4683 sancto
1287 4629 1556 4699 possidet,
1586 4630 1721 4686 dici-
1902 4624 1988 4678 15-
2033 4622 2509 4678 Resurl‘ecuonem
2554 4624 2715 4678 etiam
2761 4626 2941 4680 carnis
2990 4627 3317 4683 conﬁtemur
3355 4640 3411 4684 et

171 4732 269 4771 mus
287 4719 336 4773 in
357 4718 464 4774 ﬁne
492 4718 809 4772 saeculorum
837 4717 1135 4786 perfectum
1170 4729 1374 4775 naturae
1400 4732 1599 4777 nostra;
1626 4722 1724 4777 ho-
1830 4715 2130 4781 credimus,
2168 4728 2225 4769 ut
2272 4716 2514 4771 dicamus
2555 4732 2649 4771 nos
2687 4718 2741 4771 in
2779 4718 2967 4773 eadem
3014 4719 3067 4773 in
3119 4735 3218 4789 qua
3270 4736 3412 4775 nunc

173 4808 343 4865 minem
371 4812 678 4880 suscepisse
715 4827 782 4866 ex
812 4811 977 4867 Maria
1005 4828 1219 4884 semper
1242 4815 1471 4884 virgine,
1504 4828 1557 4871 et
1591 4816 1723 4872 Ver.
1832 4823 2019 4864 sumus
2048 4809 2282 4864 veritate
2321 4811 2681 4864 membrorum
2720 4825 2839 4865 esse
2877 4812 3231 4880 reparandas,
3276 4828 3411 4881 qua-

176 4897 277 4954 bum
302 4916 515 4959 carnem
541 4916 662 4958 esse
691 4904 911 4967 factum,
943 4906 1266 4961 assumenda
1294 4907 1588 4974 hominem,
1620 4924 1716 4963 non

1866 4915 2022 4971 esque
2053 4900 2220 4955 semel
2254 4908 2374 4968 post
2421 4899 2875 4955 resurrectionem
2907 4901 3167 4956 fuerimus
3208 4902 3406 4971 eﬂ‘ecti,

177 4995 508 5060 permutando
530 4994 792 5049 Deitatem
815 5011 830 5060 ;
854 5010 973 5061 nec,
997 5007 1053 5050 ut
1075 4998 1289 5066 quidam
1313 4999 1732 5056 sceleratissime
1837 4995 1891 5050 in
1923 5004 2237 5066 perpetuum
2268 5009 2669 5064 permansuros.

178 5084 455 5156 Opinantur,
506 5087 764 5157 Spiritum
813 5096 1059 5143 sanctum
1092 5090 1322 5145 dicimus
1361 5106 1459 5160 pro
1497 5094 1727 5163 semine,
1912 5090 1996 5145 16.
2045 5091 2217 5146 Unam
2245 5105 2368 5145 esse
2409 5090 2570 5143 vitam
2628 5098 2936 5144 sanctorum
2995 5090 3268 5155 omnium,
3317 5092 3412 5147 sed

177 5178 255 5231 sed
283 5180 512 5248 potentia
541 5194 605 5235 ac
630 5180 831 5235 virtute
855 5180 1127 5236 Creatoris
1144 5194 1447 5253 Operatum.
1839 5180 2057 5251 prmmia
2094 5194 2191 5247 pro
2223 5180 2405 5234 labore
2443 5179 2654 5240 diversa
2680 5195 2695 5244 ;
2742 5194 2772 5234 e
2813 5180 3086 5235 contrario
3116 5195 3212 5249 pro
3253 5183 3416 5237 modo

236 5269 283 5322 9.
309 5270 393 5327 Sic
416 5280 595 5327 autem
625 5270 1013 5329 conﬁtemurin
1036 5273 1254 5329 Christo
1281 5290 1439 5331 unam
1466 5276 1588 5332 Filii
1612 5292 1733 5335 esse
1805 5326 1817 5342 ,
1837 5272 2156 5328 delictorum
2175 5312 2190 5337 ,
2219 5280 2561 5341 peccatorum
2593 5287 2806 5341 quoque
2836 5285 2956 5327 esse
2984 5272 3269 5341 supplicia.

181 5371 460 5430 personam,
494 5372 552 5417 ut
580 5362 824 5419 dicamus
851 5365 987 5421 duas
1012 5382 1135 5422 esse
1170 5366 1437 5436 perfectas
1466 5378 1626 5437 atque
1653 5367 1736 5423 in-
1914 5363 1999 5418 17.
2029 5364 2302 5433 Baptisma
2346 5378 2511 5417 unum
2562 5372 2809 5417 tenemus
2836 5362 2979 5432 quod
3006 5363 3197 5419 iisdem
3235 5380 3419 5420 sacra-

185 5455 341 5519 tegras
377 5454 724 5521 substantias,
766 5455 820 5509 id
857 5464 965 5523 est,
997 5456 1222 5512 Deitatis
1265 5467 1321 5512 et
1368 5458 1731 5525 humanitatis,
1843 5456 2006 5511 menti
2032 5455 2213 5509 verbis
2241 5456 2291 5508 in
2318 5454 2612 5509 infantibus
2634 5455 2828 5525 quibus
2850 5455 3011 5511 etiam
3041 5458 3094 5512 in
3120 5458 3421 5529 majoribus

186 5556 288 5610 qua:
314 5560 376 5600 ex
418 5547 593 5603 anima
625 5549 929 5604 continetur
955 5558 1011 5605 et
1046 5564 1307 5620 corpore;
1332 5561 1491 5622 atque
1526 5563 1582 5607 ut
1608 5568 1738 5608 con-
1842 5551 2141 5605 asserimus
2169 5563 2289 5605 esse
2315 5548 2724 5603 celebrandum.

184 5632 479 5694 demnamus
504 5639 808 5707 Photinum,
834 5641 922 5711 qui
945 5642 1119 5696 solum
1143 5651 1195 5698 et
1217 5644 1416 5697 nudum
1442 5645 1493 5698 in
1520 5643 1739 5699 Christo
1918 5644 2001 5698 18.
2036 5644 2341 5707 Hominem,
2386 5644 2429 5696 si
2462 5652 2583 5712 post
2633 5642 2959 5712 baptismum
3006 5646 3186 5714 lapsus
3237 5647 3421 5711 fuerit,

186 5726 440 5789 hominem
470 5735 782 5792 conﬁtetur.
815 5738 882 5795 ita
918 5737 1430 5793 anathematizamus
1460 5739 1734 5808 Apollina-
1848 5753 1940 5808 per
1970 5738 2341 5808 paenitentiam
2374 5737 2641 5794 credimus
2672 5753 2828 5808 posse
2858 5739 3073 5793 salvari.

446 5830 713 5889 ΡΔτιοι.
762 5831 1041 5890 XLVIII.

2910 5832 2981 5890 λϐ
