3900 6268
520 261 621 316 lilii

736 390 1051 431 ϐαῖιεετιυε

519 477 607 524 tre
627 468 962 531 substantiae,
978 470 1118 537 quod
1140 470 1282 526 Grae-

517 561 570 618 ci
620 561 804 617 dicunt
856 561 1158 634 ὃμοούσιον,
1194 571 1279 617 at-

519 671 624 726 que
658 657 726 710 ita
763 670 857 726 per
887 656 1063 709 omnia
1095 669 1279 728 mqua-

517 749 624 806 ietn
677 752 788 808 Deo
831 751 1016 815 Patri,
1075 758 1133 804 ut
1181 765 1279 806 nec

517 852 786 910 tempore,
819 858 916 898 nec
947 843 1144 912 gradu,
1179 859 1278 898 nec

513 946 786 1006 pctcstate
827 950 945 991 esse
988 936 1156 1007 possit
1191 935 1272 991 in-

514 1031 722 1085 ferior:
781 1038 1096 1099 tantumque
1154 1046 1278 1088 esse

515 1124 839 1178 coniltemur
881 1123 1030 1176 illum
1073 1124 1163 1193 qui
1193 1135 1276 1178 est

515 1217 750 1286 genitus,
796 1224 1024 1286 quantus
1054 1224 1136 1272 est
1185 1215 1276 1273 ille

517 1309 609 1378 qui
640 1309 846 1374 genuit.

587 1401 640 1454 5.
690 1399 805 1454 Non
873 1409 1093 1468 autem,
1149 1402 1272 1471 quia

515 1490 744 1547 dicimus
788 1493 1024 1563 genitum
1058 1507 1086 1546 a
1116 1491 1275 1549 Patre

514 1581 740 1650 Filium,
777 1583 970 1638 divina
1001 1592 1055 1640 et
1089 1585 1276 1641 inetia-

515 1675 610 1730 bili
668 1677 998 1743 generationi
1058 1678 1272 1747 aliquod

515 1776 728 1836 tempus
776 1768 1129 1834 ascribimns;
1181 1771 1273 1826 sed

515 1874 614 1912 nec
647 1859 858 1914 Patrem
901 1862 1131 1915 dicimus
1177 1863 1275 1917 ali-

514 1950 730 2018 qando
758 1953 991 2020 cmpisss
1013 1994 1027 2019 ,
1057 1969 1156 2009 nec
1186 1953 1275 2010 Fi-

513 2042 666 2096 iittttt.
687 2043 802 2097 Non
831 2045 968 2099 enim
990 2061 1274 2116 possumus

515 2134 673 2187 aliter
716 2136 962 2192 confiteri
1013 2150 1270 2196 aeternum

517 2225 753 2294 Patrem,
790 2228 893 2290 nisi
920 2233 1275 2290 conﬁteamur

516 2323 675 2376 etiam
717 2333 770 2377 et
811 2325 1001 2382 Filium
1050 2339 1275 2383 coaeter-

517 2427 678 2477 num;
707 2430 769 2467 ex.
794 2410 933 2468 Filio
955 2416 1098 2471 enim
1115 2417 1274 2474 Pater

516 2505 751 2571 dicitur,
817 2514 874 2562 et
923 2507 1011 2578 qui
1063 2525 1277 2579 semper

516 2595 677 2651 Pater
700 2598 818 2663 fuit,
843 2614 1058 2670 semper
1080 2602 1273 2658 Filium

513 2688 721 2744 habuit.

587 2783 641 2838 4.
683 2779 968 2841 Credimus
994 2791 1052 2842 et
1076 2786 1127 2842 in
1155 2786 1276 2857 Spi-

519 2874 682 2928 ritum
707 2886 972 2943 sanctum,
994 2879 1160 2934 Deum
1188 2895 1279 2936 ve-

518 2980 661 3034 rum,
690 2984 756 3023 ex
794 2971 951 3025 Patre
982 2973 1280 3040 proceden-

520 3070 652 3122 tem,
682 3062 946 3127 :equalem
974 3080 1068 3134 per
1097 3066 1277 3121 omnia

520 3151 662 3208 Patri
689 3165 741 3208 et
763 3153 918 3218 Filio.
954 3167 1160 3223 natura,
1186 3175 1278 3213 vo-

518 3248 745 3317 luntate,
791 3262 1073 3319 patestate,
1119 3263 1278 3310 teter-

524 3342 710 3406 nitate,
744 3344 1066 3402 Substantia.

593 3436 644 3490 ὅ.
674 3435 786 3492 Nec
819 3446 903 3491 est
933 3453 1152 3507 prorsus
1175 3440 1277 3495 ali-

521 3527 641 3596 quis
676 3531 725 3581 in
759 3529 1022 3584 Trinitate
1053 3532 1270 3600 gradus,

522 3621 653 3673 ttihil
685 3621 825 3690 quod
859 3621 1080 3676 inferius
1119 3639 1277 3693 supe-

521 3711 704 3767 riusve
756 3713 859 3768 dici
905 3715 1109 3782 possit;
1157 3716 1276 3770 ideo

521 3816 630 3859 tota
663 3806 897 3861 Trinitas
947 3823 1040 3861 sua
1099 3809 1279 3878 perfe-

518 3901 696 3954 ctione
736 3899 958 3968 {aqualis
1009 3911 1124 3968 est,
1177 3911 1273 3972 ut,

522 3995 766 4058 exceptis
824 3995 1097 4052 uocabulis
1151 4012 1276 4066 quae

519 4087 902 4153 proprietatem
927 4101 1274 4156 personarum

516 4179 776 4246 indicant,
805 4180 1060 4250 quidquid
1084 4179 1150 4236 de
1172 4195 1274 4235 una

516 4284 747 4336 persona
765 4269 983 4333 dicitur,
1008 4271 1076 4327 de
1107 4274 1275 4328 tribus

518 4362 834 4431 dignissime
881 4366 1055 4434 possit
1113 4367 1273 4421 intel-

516 4454 632 4524 ligi.

594 4547 646 4601 6.
673 4549 843 4617 Atque
874 4558 927 4601 ut
953 4552 1274 4618 confutantes

517 4639 726 4703 Arium,
745 4655 900 4693 unam
925 4643 1275 4712 eamdemque

520 4731 749 4786 dicimus
817 4731 1095 4787 Trinitatis
1151 4735 1278 4788 sub-

517 4825 770 4879 stantiam
801 4837 922 4879 esse
948 4863 963 4889 ,
1013 4835 1066 4880 et
1107 4839 1274 4880 unum

517 4915 572 4972 in
624 4917 797 4971 tribus
845 4918 1094 4988 personis
1131 4917 1274 4974 fate-

518 5025 641 5063 mur
667 5008 876 5075 Deum;
929 5011 997 5063 ita
1032 5010 1274 5078 impieta-

518 5110 626 5156 tem
650 5101 870 5156 Sahcllii
899 5101 1232 5158 declinantes
1257 5144 1270 5170 ,

521 5208 634 5249 πρε
683 5210 938 5264 personas
985 5211 1047 5251 εκ
1059 5211 1274 5265 pressas

517 5290 599 5341 sui
629 5291 954 5357 proprietate
992 5289 1276 5360 distingui-

521 5396 669 5444 ntus;
712 5397 814 5434 non
853 5380 1022 5448 ipsum
1049 5381 1149 5434 sibi
1169 5379 1276 5435 ‘Pa-

520 5481 689 5537 trem,
726 5474 896 5542 ipsum
935 5473 1164 5540 Filium,
1197 5476 1275 5544 ip-

518 5581 636 5620 sum
709 5566 965 5634 Spiritum
1030 5577 1271 5621 sanctum

521 5675 643 5714 esse
673 5661 934 5724 dicentes,
986 5663 1079 5718 sed
1111 5661 1272 5718 aliam

520 5750 716 5820 Patris,
743 5752 902 5808 aliam
927 5751 1072 5825 Filii,
1106 5755 1274 5811 'aliam

1593 389 1869 430 PELAGIUS.

1355 465 1691 533 substantiae,
1747 467 1889 536 quod
1938 466 2111 524 (ἱππιδοί

1353 561 1538 617 dicunt
1585 563 1856 635 ὁμοούσων
1870 602 1888 630 ,
1949 574 2112 634 atque

1357 657 1426 709 ita
1482 670 1578 724 per
1615 658 1792 710 omnia
1851 659 2108 725 :equalem

1357 747 1468 802 Deo
1496 747 1664 815 Patri,
1695 760 1753 804 ut
1779 764 1875 805 nec
1907 761 2111 820 tempo-

1352 855 1433 906 re,
1466 858 1563 898 nec
1604 844 1772 912 gradu
1791 885 1807 911 ,
1834 861 1932 900 nec
1959 857 2110 916 pote-

1353 942 1493 990 state
1513 938 1682 1007 possit
1707 953 1828 994 esse
1851 941 2104 1011 inferior:

1353 1036 1670 1099 tantumque
1717 1045 1838 1087 esse
1887 1035 2098 1089 coniite-

1349 1137 1470 1177 mur
1511 1123 1662 1178 illum
1699 1127 1788 1195 qui
1838 1136 1920 1181 est
1957 1131 2105 1197 geni-

1349 1222 1466 1283 tus,
1512 1228 1744 1286 quantus
1775 1231 1856 1276 est
1901 1222 1990 1278 ille
2017 1224 2105 1295 qui

1349 1311 1551 1378 genuit.

1420 1401 1534 1456 Non
1570 1413 1782 1473 autem,
1816 1410 1939 1477 quia
1968 1409 2107 1466 dici-

1349 1508 1468 1549 mus
1503 1498 1738 1565 genitum
1771 1515 1799 1553 a
1835 1501 1992 1558 Patre
2019 1504 2107 1559 Fi-

1350 1585 1502 1654 lium,
1536 1588 1729 1646 divina:
1761 1603 1813 1646 et
1845 1593 2102 1652 ineffabili

1346 1682 1682 1748 generationi
1725 1684 1939 1755 aliquod
1969 1696 2104 1744 tem-

953 256 1042 313 ΑΒ
1085 255 1364 314 PARTEM
1403 251 1670 312 PRIMA.“
1711 255 1995 312 OPERUM
2035 257 2105 311 M.
2148 257 2592 313 MERCATORIS
2630 256 2974 314 APPENDIX
3017 256 3360 318 SECUNDA.

2141 386 2195 444 Λ

2422 388 2752 431 οωιιετιυε.

2217 465 2446 540 Spiritus
2484 471 2655 525 sancti
2697 481 2818 527 esse
2850 485 2974 544 per-

2217 573 2406 616 sonam
2435 579 2446 614 :
2497 578 2601 618 non
2627 561 2770 620 enim
2800 566 2975 620 nomi-

2215 667 2288 707 na
2381 656 2799 725 tantummodo,
2877 658 2975 714 sed

2214 745 2376 801 etiam
2411 750 2687 803 ttominum
2729 751 2975 821 proprie-

2215 845 2395 904 tates,
2445 837 2499 896 id
2548 852 2651 910 est,
2711 858 2972 914 personas

2214 932 2556 990 coniitemur.

2287 1217 2338 1274 7.
2381 1218 2492 1275 Nec
2521 1220 2682 1278 Pater
2717 1223 2837 1280 Filii
2879 1235 2974 1284 aut

2212 1307 2446 1378 Spiritus
2487 1315 2656 1368 sancti
2685 1329 2970 1385 personam

2212 1402 2504 1472 aliquando
2551 1407 2814 1478 excludit,
2872 1426 2974 1469 nec

2211 1508 2402 1552 rursus
2452 1497 2636 1562 Filius.
2683 1513 2775 1558 aut
2804 1503 2976 1573 Spiri-

2213 1594 2301 1642 tus
2331 1600 2550 1644 sanctus
2580 1593 2752 1648 Patris
2775 1609 2970 1653 nomen

2214 1692 2614 1753 personamque
2638 1685 2826 1757 recipit
2844 1704 2858 1754 ;
2873 1687 2970 1746 scd

1348 1782 1446 1838 pus
1475 1775 1830 1840 ascribimus;
1881 1779 1976 1833 sed
2007 1795 2106 1836 nec
2135 1784 2184 1846 B
2217 1771 2378 1827 Ρηεΐ
2400 1789 2616 1842 semper
2657 1777 2844 1848 Pater,
2880 1782 2970 1838 Fi-

1348 1861 1561 1918 Patrcnt
1603 1865 1829 1921 dicimus
1861 1869 2106 1940 aliquan-

1346 1955 1416 2010 do
1445 1959 1708 2026 cmpisse,
1741 1977 1839 2016 nec
1876 1963 2097 2025 Filium.

1348 2047 1463 2102 Non
1482 2053 1624 2105 enim
1645 2066 1928 2120 possumus
1942 2057 2103 2112 aliter

1348 2140 1590 2195 confiteri
1662 2152 1920 2198 aeternum
1989 2147 2104 2202 Pa-

1349 2241 1532 2299 tretn,
1592 2235 1694 2290 nisi
1751 2238 2104 2296 cnttiiteamur

1346 2327 1507 2382 etiam
1555 2335 1610 2382 et
1656 2328 1846 2384 Filium
1872 2344 2103 2388 coatter-

1348 2434 1508 2484 nttm;
1552 2435 1615 2477 ex
1647 2423 1741 2478 illo
1769 2427 1912 2479 enim
1943 2427 2106 2483 Pater

1349 2512 1575 2582 dicitur,
1638 2526 1693 2571 et
1745 2519 1833 2586 qtti
1891 2533 2106 2590 semper

1351 2603 1508 2659 Pater
1533 2605 1652 2675 fuit,
1673 2623 1886 2679 semper
1907 2611 2102 2666 Filium

1350 2693 1560 2751 habuit.

1421 2787 1704 2845 Credimus
1717 2792 1833 2847 etin
1846 2793 2103 2865 Spiritum

1349 2891 1615 2950 sanctum,
1665 2899 1849 2938 verum
1895 2885 2102 2955 Deum,

1348 2984 1415 3024 ex
1474 2971 1631 3026 Patre
1679 2976 2058 3044 procedentem
2087 3019 2102 3044 ,

1351 3065 1607 3132 aequalem
1639 3080 1734 3134 per
1762 3069 1938 3122 omnia
1962 3069 2106 3124 Patri

2213 1865 2318 1919 lius
2344 1879 2560 1936 semper
2585 1868 2776 1936 Filius,
2804 1872 2976 1943 Spiri-

2213 1965 2302 2012 tus
2329 1971 2544 2015 sanctus
2567 1977 2779 2032 semper
2801 1963 2973 2036 Spiri-

2212 2059 2300 2104 tus
2345 2064 2584 2109 sanctus.
2636 2055 2820 2127 Itaque
2850 2061 2973 2115 sub-

2213 2143 2410 2196 stantia
2462 2161 2624 2202 unum
2665 2158 2821 2213 sunt,
2852 2165 2975 2222 per-

2215 2235 2366 2288 sonis
2415 2251 2478 2292 ac
2530 2241 2836 2299 nominibus
2863 2246 2974 2302 dis-

2214 2327 2549 2396 tinguuntur.

2285 2417 2338 2472 8.
2401 2421 2577 2490 lpsum
2641 2433 2821 2481 autem
2877 2428 2973 2484 Dei

2213 2505 2434 2575 Filium,
2469 2512 2558 2580 qui
2588 2514 2790 2584 absque
2818 2516 2976 2573 initio

2211 2611 2336 2652 cum
2362 2599 2519 2656 Patre
2543 2613 2596 2656 et
2615 2603 2817 2672 Spiritu
2849 2623 2972 2663 san-

2211 2701 2302 2746 cto
2343 2701 2461 2757 est,
2501 2695 2733 2752 dicimus
2769 2699 2823 2752 in
2865 2700 2973 2758 tino

2212 2785 2536 2840 saeculorum
2561 2789 2855 2856 perfectum
2881 2808 2975 2846 na-

2210 2883 2349 2930 tura:
2370 2886 2568 2932 nostra:
2588 2878 2859 2937 hominem
2884 2896 2974 2938 su-

2213 2969 2454 3039 scepisse
2485 2984 2548 3024 ex
2572 2971 2734 3027 Maria
2757 2989 2973 3046 semper

2211 3060 2450 3131 virgine,
2483 3061 2535 3118 et
2582 3064 2814 3120 Verbum
2850 3084 2970 3122 car-

1351 3164 1404 3210 et
1434 3154 1592 3224 Fiiio,
1635 3159 1930 3226 voluntate,
1953 3172 2102 3232 ροιθ.
2129 3169 2179 3234 C
2215 3166 2335 3207 nem
2370 3170 2490 3210 esse
2519 3156 2740 3226 factum,
2770 3163 2861 3215 sed
2887 3178 2969 3218 as-

1349 3257 1488 3304 siste
1513 3275 1542 3313 ,~
1587 3253 1889 3308 ieiunitate
1911 3295 1927 3319 ,
1975 3257 2106 3311 sub-

1348 3340 1564 3396 stantia.

1415 3427 1528 3487 Nec
1551 3443 1632 3489 est
1663 3449 1883 3504 prorsus
1912 3437 2106 3509 aliquis

1349 3527 1402 3580 in
1434 3525 1694 3583 Trinitate
1713 3531 1937 3599 gratius,
1967 3533 2103 3588 nihil

1350 3619 1490 3690 quod
1521 3619 1746 3675 inferius
1789 3625 2105 3692 Superittsve

1350 3711 1455 3766 dici
1483 3711 1682 3783 possit;
1720 3713 1813 3770 sed
1844 3726 1952 3772 tota
1983 3719 2105 3774 Dei-

1347 3813 1433 3860 tas
1461 3808 1542 3861 sui
1577 3810 1904 3875 perfectione
1921 3830 2105 3882 aequa-

1351 3898 1417 3955 lis
1447 3909 1551 3966 est,
1580 3911 1659 3962 ut,
1683 3908 1922 3974 exceptis
1946 3921 2104 3963 voca-

1352 3991 1490 4048 bulis
1531 4010 1653 4064 quae
1712 3999 2099 4064 proitrietatem

1351 4099 1700 4153 personarum
1797 4090 1972 4146 iudica
1983 4103 2041 4148 nt
2085 4135 2100 4158 ,

1349 4179 1606 4248 quidquid
1637 4181 1704 4236 de
1737 4195 1842 4236 una
1871 4199 2105 4255 persona

1351 4269 1578 4338 dicitur,
1615 4271 1682 4328 de
1713 4274 1881 4330 tribus
1904 4277 2105 4349 dignis-

1347 4364 1484 4421 sime
1517 4369 1687 4435 ptissit
1713 4369 1955 4440 intelligi.

2211 3249 2477 3304 sumendo
2525 3251 2828 3322 hominem,
2861 3271 2970 3312 non

2213 3345 2572 3412 permutando
2658 3347 2921 3405 Deitatem
2953 3367 2968 3406 :

2212 3451 2319 3491 non
2349 3479 2363 3501 ,
2407 3447 2460 3491 ut
2489 3439 2705 3509 quidam
2735 3443 2972 3499 scelera-

2210 3528 2401 3584 tissimi
2441 3532 2748 3599 opinantur,
2794 3534 2966 3604 Spiri-

2211 3631 2322 3674 tum
2347 3634 2591 3676 sanetum
2619 3623 2849 3681 dicimus
2873 3643 2970 3694 pro

2210 3711 2416 3766 semine
2445 3711 2632 3778 fuisse,
2651 3716 2746 3770 sed
2774 3725 2967 3785 poten-

2210 3803 2283 3855 tia
2334 3811 2390 3857 et
2445 3803 2639 3860 virtute
2695 3807 2968 3867 Creatoris

2208 3904 2488 3964 operatum
2498 3936 2512 3950 .

2277 3987 2334 4042 9.
2385 3988 2476 4045 Sic
2521 3999 2702 4046 autem
2741 3994 2967 4050 conﬁte-

2208 4091 2329 4132 mur
2345 4077 2398 4133 itt
2422 4080 2640 4137 Christo
2659 4097 2820 4140 unam
2843 4081 2965 4142 Filii

2207 4187 2329 4229 esse
2362 4189 2679 4244 personam,
2727 4189 2788 4242 ut
2823 4179 2968 4236 dica-

2209 4280 2330 4321 mus
2355 4266 2492 4322 duas
2527 4278 2694 4339 atque
2730 4273 2966 4342 integras

2207 4374 2330 4416 esse
2360 4363 2711 4429 substantias,
2744 4365 2965 4422 Deitatis

2211 4453 2399 4507 scilicet
2458 4463 2513 4509 et
2574 4454 2963 4526 humanitatis,

1419 4547 1594 4616 Atque
1627 4557 1684 4599 ut
1712 4547 2102 4606 confundentes
2128 4559 2182 4619 1)
2208 4559 2328 4616 quae
2349 4561 2419 4599 ex
2453 4549 2631 4602 anima
2667 4559 2883 4605 constat
2911 4561 2968 4608 et

1348 4638 1554 4706 Arium,
1572 4641 2102 4712 unameamdemqtte

1348 4733 1574 4788 dicimus
1637 4735 1918 4790 Trinitatis
1981 4750 2102 4792 esse

1349 4827 1722 4891 substantiam,
1753 4838 1814 4882 et
1858 4844 2019 4882 unum
2045 4831 2101 4885 in

1349 4921 1522 4975 tribus
1573 4921 1820 4990 personis
1865 4921 2102 4977 «fatemur

1352 5015 1567 5078 Deum;
1624 5014 1698 5067 ita
1773 5014 2101 5084 impietatem

1349 5105 1568 5160 Saiteilii
1604 5105 1961 5172 declinantes,
1993 5115 2102 5161 tres

1347 5209 1608 5267 personas
1645 5210 1942 5267 express”
2001 5198 2104 5253 sub

1348 5291 1676 5359 proprietate
1691 5289 2098 5358 distinguimus;

1347 5397 1453 5437 non
1498 5385 1670 5452 ipsum
1717 5384 1817 5436 sibi
1843 5383 2098 5451 Patrem,

1349 5476 1520 5545 ipsum
1548 5474 1648 5529 sibi
1679 5474 1894 5538 Fiiium,
1925 5476 2099 5542 ipsum

1347 5569 1449 5623 sibi
1530 5568 1788 5634 Spiritum
1857 5576 2099 5622 sanctum

1348 5675 1466 5716 esse
1493 5659 1736 5715 dicentes
1757 5700 1772 5725 ,
1816 5658 1910 5713 sed
1927 5659 2098 5713 aliam

1339 5750 1544 5818 Patris,
1589 5751 1746 5806 aliam
1769 5748 1916 5819 Filii,
1939 5749 2096 5807 aliam

2211 4651 2478 4706 corpore;
2532 4650 2691 4709 atque
2737 4651 2798 4695 ut
2838 4653 2966 4698 con-

2211 4728 2526 4784 demnamus
2545 4731 2854 4802 Photinum,
2869 4735 2961 4803 qui

2211 4821 2383 4875 solum
2433 4830 2488 4878 et
2537 4824 2736 4880 nudum
2781 4829 2961 4882 homi-

2209 4923 2330 4968 nem
2349 4913 2636 4970 coniitetur
2654 4916 2704 4971 in
2727 4917 2959 4986 Christo,

2205 5003 2278 5060 ita
2323 5005 2837 5063 anathematizamus
2889 5011 2964 5066 A-

2200 5097 2518 5168 pollinarem
2549 5109 2603 5153 et
2647 5099 2764 5169 ejus
2807 5101 2961 5162 simi-

2205 5189 2308 5256 ies,
2327 5192 2413 5260 qui
2439 5191 2626 5244 dicunt
2646 5191 2741 5244 Dei
2767 5191 2962 5246 Filium

2209 5285 2389 5338 minus
2413 5284 2611 5354 aliquid
2636 5285 2704 5339 de
2730 5283 2962 5341 humana

2207 5376 2516 5445 suscepisse
2551 5384 2761 5522 naLXra,
2790 5386 2845 5432 et
2874 5378 2962 5434 vei

2209 5471 2262 5522 in
2291 5485 2474 5522 carne.
2509 5469 2592 5522 vel
2637 5470 2658 5522 ἱ
2737 5469 2920 5522 anima
2945 5511 2960 5522 .

2209 5471 2262 5525 in
2291 5485 2474 5534 carne,
2509 5469 2592 5524 vel
2637 5469 2695 5523 in
2737 5469 2920 5524 anima
2945 5511 2960 5537 ,

2210 5561 2293 5617 vel
2335 5561 2388 5618 in
2425 5575 2588 5616 sensu
2629 5567 2961 5630 assumptum

2197 5656 2484 5718 abominata
2511 5697 2526 5721 ,
2589 5655 2672 5710 his
2745 5665 2964 5726 prepter

2198 5763 2344 5822 quos
2361 5745 2962 5819 “sumptuum-fuisse

3700 273 3794 334 500

3291 395 3560 440 PILAOIUI.

3048 468 3280 540 Spiritus
3316 477 3486 531 sancti
3531 492 3655 536 esse
3683 497 3791 554 per-

3047 576 3237 620 sonam
3258 581 3271 620 :
3289 582 3396 626 non
3419 569 3558 628 enim
3579 574 3788 634 nomine

3046 660 3447 727 tantummodo,
3495 664 3588 718 sed
3640 668 3790 725 etiam

3049 749 3326 804 nominum
3401 756 3752 826 proprietates
3773 807 3784 831 ,

3045 838 3099 896 id
3131 850 3243 912 est,
3275 858 3564 914 personas,
3607 851 3716 916 sel,
3745 866 3787 910 ut

3046 932 3215 990 Grati
3257 939 3547 1009 exprimunt
3563 981 3580 1007 ,
3634 941 3786 1014 ltgpo-

3045 1034 3206 1082 stam
3223 1068 3238 1093 ,
3271 1029 3369 1083 hoc
3395 1040 3469 1086 est
3486 1077 3500 1100 ,
3528 1033 3786 1091 subsisten-

3047 1123 3172 1186 tias,
3201 1123 3543 1184 confitentur.

3116 1213 3225 1270 Nec
3289 1216 3450 1274 Pater
3517 1218 3642 1278 Filii
3709 1235 3786 1281 aut

3043 1305 3276 1373 Spiritus
3301 1311 3473 1363 sancti
3512 1324 3784 1379 personam

3045 1396 3330 1469 aliquando
3375 1402 3643 1473 excludit,
3703 1421 3785 1464 nec

3045 1505 3232 1546 rursus
3253 1490 3421 1548 Filius
3447 1506 3539 1552 aut
3569 1497 3783 1566 Spiritus

3044 1589 3262 1637 sanctus
3285 1584 3458 1640 Patris
3469 1601 3664 1644 nomen
3682 1604 3785 1660 per-

3045 1687 3340 1750 sonamque
3404 1681 3646 1752 recipit;
3707 1684 3784 1740 sed

3045 1769 3207 1827 Pater
3235 1786 3452 1844 semper
3487 1773 3652 1832 Pater
3683 1788 3781 1847 est,

3048 1859 3218 1917 Filius
3243 1877 3462 1934 semper
3503 1865 3675 1923 Filius
3698 1880 3782 1933 est,

3045 1953 3280 2024 Spiritus
3326 1967 3548 2013 sanctus
3593 1975 3785 2030 semper

3045 2045 3279 2116 Spiritus
3316 2058 3536 2105 sanctus
3567 2063 3671 2107 est.
3700 2053 3783 2107 ita-

3043 2153 3150 2208 que
3240 2141 3544 2200 substantia
3617 2160 3624 2166 ‘
3645 2160 3781 2200 unum

3048 2239 3193 2296 sunt,
3221 2235 3468 2302 personis
3489 2249 3554 2289 ac
3579 2237 3784 2291 nomini—
3833 2302 3835 2304 η

3049 2321 3149 2377 bus
3173 2323 3599 2396 distinguuntur.

3119 2415 3296 2484 Ipsum
3351 2428 3530 2474 autem
3581 2419 3675 2474 Dei
3715 2420 3782 2475 Fi-

3050 2507 3214 2575 lium,
3262 2509 3354 2579 qui
3395 2511 3602 2580 absque
3651 2511 3777 2566 initio

3045 2601 3383 2654 cternitatem
3409 2615 3536 2655 cunt
3570 2601 3718 2657 Patre
3739 2613 3780 2658 et

3045 2689 3249 2761 Spiritu
3297 2703 3486 2750 sancto
3534 2695 3746 2762 possidet
3764 2737 3776 2761 ,

3045 2783 3273 2840 dicimus
3317 2785 3373 2840 in
3421 2785 3533 2842 line
3577 2788 3780 2843 sarculo-

3044 2891 3162 2931 rum
3233 2877 3528 2948 perfectum
3601 2890 3779 2936 natura

3047 2980 3245 3027 nostrae
3300 2971 3576 3030 hominem
3619 2989 3777 3032 susce-

3045 3063 3190 3131 pisse
3245 3079 3311 3118 cx
3370 3064 3534 3125 Maria
3589 3080 3780 3135 semper

3046 3154 3275 3224 virgine,
3322 3165 3378 3211 et
3416 3156 3655 3212 Verbum
3681 3173 3778 3212 car-

3046 3261 3170 3300 nem
3215 3261 3336 3302 esse
3368 3249 3599 3318 factum,
3655 3263 3779 3307 assu-

3045 3338 3242 3392 menda
3309 3339 3586 3398 hominem
3621 3383 3639 3408 ,
3693 3358 3779 3400 nos

3044 3441 3286 3502 permuta
3295 3433 3400 3486 ndo
3496 3434 3745 3490 Deitstent
3768 3454 3777 3488 :

3045 3538 3168 3589 nec,
3185 3533 3242 3577 ut
3267 3525 3482 3594 quidam
3503 3528 3781 3583 sceleratis-

3041 3617 3179 3672 sime
3201 3619 3512 3685 opinantur,
3539 3619 3778 3690 Spiritum

3042 3721 3293 3765 sanctum
3315 3711 3545 3766 dicimus
3586 3731 3683 3783 pro
3706 3729 3777 3770 se-

3041 3803 3208 3868 mine,
3233 3803 3328 3857 sed
3351 3808 3594 3873 potentia
3614 3821 3675 3866 ac
3694 3807 3781 3861 vir-

3044 3902 3156 3950 tute
3189 3893 3461 3953 Creatoris
3491 3910 3778 3968 operatum.

3114 3988 3204 4044 Sic
3249 3999 3430 4046 autem
3475 3996 3781 4049 condite-tn

3041 4083 3093 4138 in
3116 4083 3332 4141 Christo
3347 4099 3506 4140 unam
3532 4085 3656 4141 Filii
3682 4101 3781 4143 esse

3041 4191 3326 4245 personam
3403 4187 3465 4232 ut
3553 4179 3779 4234 dicamus

3037 4267 3172 4322 duas
3195 4283 3319 4324 esse
3341 4268 3609 4336 perfectas
3635 4280 3780 4341 atque

3033 4361 3276 4432 integras
3323 4361 3690 4430 substantias,
3733 4363 3777 4417 id

3039 4465 3143 4522 est,
3181 4453 3404 4509 Deitatis
3442 4463 3498 4508 et
3549 4452 3780 4510 humani-

3037 4548 3184 4611 tatis,
3211 4561 3337 4616 qum
3365 4561 3432 4601 es
3457 4549 3645 4608 anima
3669 4563 3780 4602 sou.

3038 4636 3227 4690 tinetur
3252 4645 3308 4691 et
3333 4650 3583 4707 corpore.
3623 4643 3780 4706 Mque

3038 4736 3097 4784 ut
3141 4729 3564 4786 condcmuamus
3605 4727 3779 4786 Photi-

3038 4837 3187 4885 num,
3214 4823 3302 4892 qui
3325 4823 3500 4884 solum
3525 4832 3581 4878 et
3595 4825 3778 4879 nudata

3036 4916 3089 4969 in
3118 4913 3338 4970 Christo
3365 4913 3643 4972 hominem
3664 4929 3779 4970 eon-

3037 5010 3244 5077 Iitetur,
3271 5011 3340 5064 ita
3374 5009 3778 5064 anathematiza-

3038 5119 3157 5158 mus
3183 5103 3556 5174 Apollinarem
3591 5113 3648 5166 et
3667 5103 3780 5169 eius

3035 5195 3242 5250 similes
3269 5237 3285 5261 ,
3318 5198 3407 5263 qui
3461 5196 3648 5249 dicunt
3689 5192 3779 5246 Dei

3034 5283 3232 5344 Filium
3266 5289 3443 5342 minus
3490 5287 3690 5357 aliquid
3724 5286 3781 5338 de

3037 5382 3269 5442 humana
3297 5383 3609 5451 suscepisse
3633 5389 3780 5448 patil-

3035 5489 3116 5540 ra,
3145 5485 3199 5528 et
3220 5475 3303 5530 vel
3331 5475 3384 5528 itt
3413 5489 3604 5538 carris,
3627 5471 3780 5526 sei-in

3036 5566 3236 5631 anima,
3283 5567 3364 5621 vel
3411 5566 3467 5620 in
3511 5577 3672 5620 sensu
3701 5573 3779 5618 as-

3035 5668 3307 5730 sumptum
3339 5657 3628 5718 bominem
3652 5702 3667 5729 ,
3706 5653 3782 5711 bis

3033 5761 3256 5823 propter
3297 5766 3436 5824 quos
3485 5758 3783 5822 assumptus
