3900 6268
115 286 196 345 ωι
266 273 570 334 DISSERT.
617 272 676 326 ν.
717 270 808 334 DE.
845 269 1151 332 ιριδειιιιιε
1191 269 1372 332 FIDE!
1409 265 1718 332 SCRIPTIS
1757 266 1844 320 ΑΒ
1883 265 1925 324 Α

1757 266 1844 320 ΑΒ
1883 262 2317 324 AUCTORIBUS
2360 260 2674 321 HERESIS
2717 260 3161 318 PELAGIANIE.
3235 261 3346 318 503

269 401 600 453 comma.

114 487 399 548 dissimilem
417 481 696 552 ;quoniam
712 479 834 542 abs.

115 597 200 656 quo
224 578 331 639 sala
360 574 562 647 peccati
589 573 795 634 macula
815 607 830 637 ο

117 686 217 744 qua
262 665 514 730 naturalis
563 678 668 727 non
709 672 833 733 est,

116 765 245 822 nobis
298 761 616 816 conﬁtemur
673 759 835 820 [uisse

113 859 433 920 mret-mem.

175 951 249 1008 to.
271 949 483 1010 illorum
505 960 721 1016 quoque
737 961 832 1007 ex.

116 1058 359 1105 secramut'
421 1041 673 1098 similiter
715 1040 835 1096 hia.

111 1138 398 1210 tphcmiam,
430 1136 523 1204 qui
547 1149 686 1194 noun
713 1150 838 1195 seu.

111 1247 160 1288 su
184 1243 414 1294 asserere
465 1239 762 1295 conantur.
805 1243 838 1291 ﬂ

115 1335 332 1393 tempore
357 1333 595 1393 accepta
625 1325 837 1390 carnis,

111 1417 265 1478 maia
287 1431 410 1486 qua
447 1427 607 1474 eram
632 1417 837 1474 Divisi.

117 1511 218 1565 tatis
262 1511 312 1564 in
349 1510 626 1572 hominem
669 1511 842 1571 demi—.-

111 1619 298 1674 ιιιωο,
345 1612 401 1660 et
450 1617 662 1662 rursum
718 1621 840 1677 qua:

111 1697 432 1756 hutttaitatil
462 1706 620 1753 erant
653 1699 706 1754 in
737 1701 841 1756 De-

114 1807 186 1848 utn
227 1805 341 1846 esse
393 1793 700 1850 transfusa:
738 1805 836 1863 ut,

110 1882 226 1954 quod
256 1883 398 1939 nulla
433 1901 690 1956 umquam
731 1888 835 1944 hu-

112 1976 226 2032 ree‘is
250 1991 374 2031 ausa
412 1987 499 2033 est
527 1979 732 2048 dicere,
753 1982 837 2037 vi-

109 2067 271 2123 deatur
343 2067 449 2126 hac
519 2072 838 2130 confusione

112 2172 306 2232 utraqe
378 2165 649 2220 exinanita
717 2182 838 2224 esse

110 2255 399 2323 animantia,
442 2259 666 2316 Deitatis
694 2264 839 2319 scili-

111 2357 176 2404 cet
221 2357 270 2403 et
330 2349 725 2421 humanitatis,
781 2365 836 2412 et

109 2439 265 2494 emisso
295 2443 518 2510 proerio
546 2454 687 2500 stattt
712 2481 727 2514 ,
779 2448 832 2503 in

111 2529 239 2584 alium
295 2549 420 2590 esse
469 2548 668 2593 mutata
707 2579 722 2604 ,
779 2549 838 2595 ut

110 2625 174 2692 qui
215 2631 318 2682 tam
367 2627 538 2683 Deum
585 2633 836 2701 imperfe-

108 2723 220 2769 ctum
269 2717 323 2772 in
372 2718 514 2774 Filio
541 2738 700 2790 quam
733 2724 833 2779 ho-

109 2807 269 2862 minem
323 2813 690 2883 conﬁtemur,
737 2833 836 2875 nec

110 2895 237 2952 linum
286 2915 456 2969 vere,
511 2920 610 2959 nee
661 2908 835 2964 homi-

111 3003 202 3044 nem
230 3001 422 3048 tenere
454 2998 758 3056 credamus.

160 3085 236 3140 ii.
276 3086 384 3141 Nos
407 3097 583 3144 autem
610 3093 676 3145 ita
700 3093 831 3149 dici-

110 3191 202 3230 mus
219 3189 524 3247 susceptum
546 3196 574 3234 s
591 3183 679 3238 Dei
699 3183 836 3244 Filio

109 3266 339 3326 hominem
361 3311 377 3335 ,
412 3280 473 3326 ut
498 3272 640 3328 Deus
667 3291 833 3334 tamen

108 3359 420 3426 impossibilia
468 3379 829 3434 permaneret.

109 3447 269 3506 Passus
295 3465 377 3510 est
402 3458 601 3512 etenim
631 3461 721 3516 Del
747 3463 832 3517 Pi-

108 3540 204 3608 lius,
225 3560 324 3600 non
347 3549 606 3618 putative,
633 3555 724 3608 sed
747 3569 832 3611 ve-

107 3646 176 3695 re,
203 3640 369 3707 omnia
399 3655 522 3710 qua
552 3641 829 3714 Scriptura

108 3730 313 3795 testatur,
349 3728 404 3785 id
435 3742 540 3798 est,
573 3737 826 3804 esuriem,

107 3811 239 3881 sitim,
264 3818 651 3892 iussitudinem,
678 3825 829 3882 dolo-

108 3919 218 3974 rem,
255 3920 511 3980 mortem,
552 3927 606 3972 et
633 3928 826 3976 canere

110 3997 392 4067 huiusmodi.

164 4093 234 4149 η.
255 4097 352 4156 Sed
375 4103 673 4157 secundum
696 4105 823 4164 iliud

109 4196 263 4250 passus
289 4201 368 4245 est
396 4193 547 4262 quod
595 4199 700 4265 pati
734 4214 824 4266 po.

110 4287 242 4335 tem:
258 4280 369 4337 Non
383 4287 664 4342 secundum
678 4289 824 4346 illam

109 4369 402 4429 substantiam
455 4393 570 4446 quo
620 4397 821 4436 assam-

108 4462 212 4527 psit,
237 4467 324 4520 sed
351 4471 648 4526 secundum
676 4475 820 4530 illam

108 4563 200 4617 quae
238 4570 502 4631 assumpta
552 4571 652 4620 est.
705 4564 820 4636 ipse

108 4646 220 4700 enim
235 4648 319 4706 Dei
337 4652 506 4710 Filius
527 4657 817 4712 secundum

106 4733 334 4798 Deitatem
345 4761 498 4800 suam
520 4747 819 4816 impassibi-

107 4825 158 4882 iis
186 4840 256 4886 est
289 4845 346 4890 ut
369 4837 552 4904 Pater,
584 4841 817 4896 incorru-

106 4921 257 4983 ptibilis
275 4936 328 4981 ut
347 4928 526 4984 Pater.
549 4931 617 4984 Et
632 4947 817 5001 quam-

105 5009 166 5062 vis
189 5020 375 5085 propria
409 5035 641 5090 persona
671 5024 810 5089 Filii,

1139 398 1415 450 emotus.
1682 385 1734 452 Α
1965 394 2294 442 εωιιετιυε.

905 485 988 538 est
1053 477 1219 538 fuisse
1297 474 1614 536 dissimilem
1645 515 1660 542 ,
1770 486 1926 542 passa
1947 482 2050 538 est,
2072 481 2131 527 ut
2150 482 2204 528 et
2224 481 2334 527 tota
2355 471 2523 527 Trini-

905 583 1065 638 quem
1091 568 1296 638 absque
1316 568 1431 630 sala
1457 566 1663 638 peccati
1767 572 1850 620 tas
1874 605 1889 629 ,
1935 578 2093 634 quam
2140 563 2520 634 impassibilem

907 661 1162 727 macula,
1222 676 1343 732 quas
1397 657 1664 722 naturalis

906 767 1012 808 non
1033 765 1135 818 εει,
1161 753 1318 807 nobis
1340 754 1661 812 conﬁtemur

907 843 1074 908 fuisse
1095 846 1450 904 conformetn.

979 937 1198 996 Illorum
1223 953 1436 1010 quoque
1473 935 1664 994 similis-

908 1039 995 1090 ιιι
1021 1046 1366 1088 exsecramur
1413 1029 1666 1099 blasphe-

909 1125 1094 1194 miam,
1117 1124 1205 1194 qui
1233 1137 1372 1178 novo
1394 1136 1554 1182 sensu
1579 1137 1665 1184 as-

910 1229 1095 1274 serere
1130 1220 1415 1278 conantur.
1447 1227 1477 1272 a
1527 1219 1665 1268 tetn-

909 1321 1042 1376 pore
1103 1313 1367 1376 susceptae
1441 1305 1660 1374 carnis,

909 1401 1084 1464 omnia
1111 1416 1230 1472 quae
1256 1407 1410 1458 erant
1439 1399 1665 1460 Deitaliﬂ

913 1494 966 1547 in
1000 1493 1270 1547 hominem
1312 1493 1664 1562 demigrasse,

912 1595 968 1644 et
996 1600 1207 1642 rursum
1245 1601 1364 1656 qua:
1391 1595 1540 1642 erant
1569 1584 1667 1638 hu-

913 1680 1186 1740 manitatis
1237 1679 1289 1734 in
1346 1678 1512 1734 Deum
1545 1691 1664 1733 esse

1767 673 1888 716 8556
1912 673 2130 716 necesse
2153 668 2258 716 est.

1838 847 1928 902 i3.
1977 846 2217 901 Mortuus
2259 853 2342 902 est
2391 860 2520 917 ergo

1767 938 1861 993 Dei
1897 937 2084 1005 Filius,
2115 938 2304 992 eadem
2334 947 2519 992 natura

1768 1031 1944 1086 carnis
1974 1032 2024 1084 in
2051 1047 2154 1100 qua
2182 1038 2338 1086 natus
2359 1039 2442 1086 est
2466 1038 2520 1085 et

1770 1140 1974 1196 passus,
2003 1127 2052 1178 in
2075 1140 2179 1196 qua
2205 1133 2257 1179 ct
2287 1139 2526 1181 resurre-

1767 1219 1865 1284 xit;
1883 1234 1985 1273 non
2001 1219 2143 1272 enim
2158 1217 2428 1272 exinanita
2442 1226 2525 1272 est

1769 1313 2115 1368 humanitatis
2176 1312 2473 1368 substantia
2503 1353 2518 1379 ,

1768 1407 1859 1461 sed
1897 1405 2190 1477 gloriﬁcata
2218 1446 2233 1472 ,
2283 1413 2338 1459 et
2367 1405 2418 1458 in
2449 1418 2522 1457 ze-

1771 1507 1979 1554 ternum
2000 1513 2121 1554 cum
2145 1497 2352 1554 Deitate
2371 1511 2523 1552 man-

1769 1605 1915 1648 sura.

913 1773 1208 1836 transfusa:
1246 1781 1333 1838 ut,
1372 1772 1516 1844 quod
1549 1772 1668 1828 nnl-
1695 1776 1746 1846 Β

913 1864 962 1918 la
1011 1879 1264 1936 umquam
1317 1864 1539 1926 bzeresis
1586 1863 1668 1920 di-

911 1970 1040 2014 cere
1081 1971 1210 2016 ausa
1255 1965 1378 2026 est,
1425 1955 1668 2010 videatur

911 2049 1014 2112 hae
1073 2051 1392 2112 conlusione
1441 2057 1667 2120 utraque

911 2143 1186 2204 exinanita
1204 2144 1526 2208 substantia,
1543 2143 1665 2200 Dei.-

911 2236 1035 2294 tatis
1083 2237 1289 2292 scilicet
1318 2244 1374 2291 et
1413 2234 1664 2294 humaui-

910 2331 1036 2388 tatis
1058 2372 1074 2398 ,
1116 2339 1171 2390 et
1200 2346 1227 2386 a
1256 2331 1475 2401 proprio
1523 2339 1665 2386 statu

906 2427 961 2480 in
988 2425 1156 2480 alium
1183 2439 1306 2480 esse
1331 2431 1557 2489 mutata,
1610 2431 1666 2478 ut

906 2519 996 2588 qui
1044 2526 1151 2574 tam
1191 2518 1360 2574 Deum
1415 2518 1666 2586 imperfe-

905 2621 1052 2664 ctum
1083 2610 1136 2663 in
1180 2609 1320 2666 Filio
1358 2624 1518 2679 quam
1568 2611 1665 2663 lio-

908 2701 1106 2758 minem
1150 2702 1476 2757 conﬁtentur
1504 2745 1519 2770 ,
1566 2716 1667 2758 nec

908 2792 1080 2848 Deum
1102 2809 1316 2858 verum,
1365 2810 1465 2854 nec
1489 2794 1664 2852 homii-

907 2899 1031 2946 nam
1059 2893 1242 2942 tenere
1269 2885 1585 2944 credantur.

974 3082 1083 3138 Noe
1102 3092 1280 3138 autem
1303 3085 1534 3139 dicimus
1552 3099 1664 3140 sus-

1845 2151 1930 2204 H.
1964 2150 2234 2204 Venturos
2253 2157 2336 2203 est
2355 2150 2418 2201 ad
2439 2163 2521 2216 ju-

1767 2243 1963 2298 dicium
2004 2244 2246 2298 vivorum
2289 2251 2344 2297 et
2379 2258 2522 2297 mor-

1768 2346 1977 2392 tuorum
2003 2378 2019 2403 ,
2066 2347 2123 2392 ut
2151 2348 2203 2393 et
2229 2336 2402 2406 justos
2431 2352 2521 2393 re-

1767 2437 2012 2483 muneret
2036 2469 2052 2495 ,
2098 2435 2153 2484 et
2182 2427 2369 2497 puniat
2402 2443 2524 2494 pec-

1767 2531 1998 2577 calores.

1841 2799 1925 2852 15.
1958 2798 2526 2854 Resurrectionem

1766 2892 1942 2946 carnis
1991 2892 2062 2945 ita
2110 2891 2416 2956 credimus,
2467 2898 2526 2946 ut

1775 2983 2006 3039 dicamus
2037 2999 2136 3038 nos
2165 2985 2218 3038 in
2249 2983 2436 3039 eadem
2470 2985 2524 3038 in

1765 3093 1869 3146 qua
1916 3092 2054 3130 nunc
2083 3093 2270 3131 sumus
2300 3077 2524 3133 veritate

910 3183 1125 3243 ceptum
1171 3179 1242 3230 ita
1295 3193 1323 3230 ε
1382 3178 1475 3233 Dei
1528 3160 1735 3232 FitioC
1768 3171 2131 3228 membrorum
2193 3185 2315 3226 esse
2371 3187 2525 3241 repa-

909 3269 1160 3336 passibile
1183 3277 1447 3337 nestrum,
1475 3279 1531 3323 ut
1555 3270 1667 3325 ῡυί-

903 3367 986 3413 tas
1013 3359 1362 3428 impassibilis
1389 3376 1664 3429 permane-

903 3459 1020 3515 ret;
1069 3462 1257 3518 passus
1285 3460 1368 3504 est
1395 3451 1537 3505 enim
1571 3452 1662 3507 Dei

902 3539 944 3600 Γ
949 3541 1091 3609 ilius,
1123 3558 1228 3597 non
1259 3545 1494 3612 putative
1519 3585 1533 3607 ,
1565 3543 1661 3600 sed

903 3647 1070 3698 vere,
1121 3635 1299 3689 omnia
1349 3650 1468 3705 qum
1515 3636 1660 3692 Scri-

904 3736 1058 3796 ptura
1079 3737 1305 3783 testatur
1329 3774 1344 3798 ,
1377 3731 1430 3784 id
1459 3740 1571 3796 est,
1601 3747 1658 3785 e-

898 3820 1096 3875 suriem
1114 3861 1129 3884 ,
1161 3821 1306 3876 sitim
1325 3861 1340 3886 ,
1386 3823 1658 3878 lassitudi-

897 3924 1044 3975 nem,
1075 3910 1350 3979 dolorem,
1384 3923 1610 3970 mortem
1635 3954 1653 3983 ,

895 4009 950 4056 et
977 4015 1170 4057 caetera
1196 4005 1525 4073 huiusmodi.

965 4091 1273 4152 Secundum
1302 4097 1436 4152 illud
1464 4113 1652 4167 passus

896 4189 1148 4257 estquod
1187 4191 1296 4257 pati
1333 4199 1562 4259 poterat,
1598 4193 1651 4248 id

895 4293 998 4348 est,
1029 4286 1322 4341 secundum
1353 4288 1497 4342 illam
1524 4289 1651 4342 sub.

893 4377 1146 4431 stantiam
1197 4393 1318 4447 quas
1377 4391 1650 4450 assumpta

893 4481 1005 4534 est;
1039 4471 1152 4539 ipse
1177 4472 1321 4526 enim
1359 4473 1452 4528 Dei
1481 4474 1648 4530 Filius

1770 3262 1966 3318 randos
1991 3304 2006 3327 ,
2038 3261 2329 3334 qualesque
2354 3263 2523 3320 semel

1769 3367 1886 3425 post
1918 3357 2364 3411 resurrectionem
2409 3355 2526 3412 fue-

1768 3449 1933 3503 rimus
1947 3447 2118 3508 eii‘ccti
2139 3449 2518 3520 inperpetuum

1766 3557 2070 3598 mansuros.

1837 3635 1924 3689 16.
1968 3636 2138 3691 Unam
2161 3649 2282 3690 esse
2304 3645 2517 3690 saneto-

1761 3741 1878 3782 rutn
1905 3727 2068 3782 vitam
2090 3729 2335 3784 omnium
2356 3766 2372 3793 ,
2421 3727 2514 3786 sed

1763 3821 1978 3890 praemia
2010 3837 2110 3890 pro
2134 3822 2318 3877 iabore
2348 3822 2518 3878 diver-

1757 3926 1818 3967 sa
1862 3930 1875 3966 :
1913 3923 1966 3968 et
1994 3929 2025 3970 ο
2052 3914 2366 3978 contrario,
2419 3930 2513 3983 pro

1759 4005 1922 4062 modo
1948 4006 2289 4068 delictorum,
2319 4019 2510 4074 peccas

1757 4105 1932 4151 torum
1981 4111 2194 4168 quoque
2237 4111 2358 4153 esse
2387 4111 2515 4166 sup-

1755 4191 1938 4261 plicia.

1827 4285 1914 4338 i7.
1948 4283 2215 4353 Baptisms
2242 4296 2410 4337 unum
2433 4291 2513 4338 te-

1753 4391 1980 4445 nemus,
2027 4376 2170 4446 quod
2200 4375 2388 4430 iisdem
2418 4391 2511 4432 sa-

1753 4469 2014 4523 cramenti
2046 4467 2224 4522 verbis
2255 4467 2308 4522 in
2337 4467 2506 4522 infan-

2835 391 3110 437 PBLAGIUS.

2597 471 2759 530 Verbi
2791 471 2922 525 nihil
2951 485 3104 542 passa
3134 481 3257 540 est,
3289 478 3351 528 ut

2594 574 2704 622 tota
2735 565 2969 622 Trinitas
2991 606 3005 631 ,
3045 579 3203 640 quam
3251 563 3354 626 im-

2593 659 2902 732 passibilem
2949 673 3070 722 esse
3127 673 3354 726 necesse

2593 768 2696 822 est.
3437 821 3440 824 _

2664 851 2900 908 Mortuus
2948 856 3032 907 est
3077 861 3208 919 ergo
3250 845 3353 908 Dei
3447 837 3450 840 ’

2592 943 2764 1002 Filius
2794 984 2809 1010 ,
2866 941 3146 1000 secundum
3205 940 3354 996 Scri-

2595 1050 2774 1111 ptura;
2799 1082 2814 1108 ,
2853 1041 3012 1112 juxta
3051 1035 3182 1090 illud
3213 1032 3354 1103 quod

2597 1133 2727 1186 mori
2774 1139 3018 1202 poterat;
3071 1125 3353 1184 resurrexit

2595 1226 2743 1282 tertia
2773 1224 2853 1278 die
2875 1263 2888 1290 ,
2919 1221 3145 1276 ascendit
3175 1220 3228 1272 in
3255 1231 3356 1274 εωο

2595 1315 2741 1383 lum,
2789 1313 2927 1372 sedet
2977 1313 3043 1368 ad
3095 1311 3356 1382 dexteram

2596 1407 2692 1466 Dei
2730 1405 2908 1466 Patris
2933 1449 2948 1472 ,
3001 1412 3235 1459 manente
3265 1418 3357 1464 ea-

2593 1500 2719 1560 dem
2752 1508 2940 1554 uatura
2971 1499 3147 1552 carnis
3174 1498 3226 1552 in
3249 1509 3358 1566 qua

2596 1603 2754 1654 natus
2775 1602 2828 1650 et
2843 1605 3032 1660 passus
3049 1599 3153 1658 est,
3175 1590 3226 1643 in
3250 1601 3357 1659 qua

2598 1687 2762 1744 etiam
2836 1683 3154 1744 resurrexit.
3236 1680 3356 1744 Non

2597 1779 2740 1840 enim
2764 1776 3045 1835 exinanita
3064 1784 3144 1834 est
3170 1773 3360 1834 huma-

2597 1873 2779 1930 nitatis
2854 1869 3189 1933 substantia,
3261 1865 3360 1930 sed

2594 1968 2914 2038 gloriﬁcata,
2939 1972 2994 2019 et
3017 1965 3070 2018 in
3091 1972 3358 2022 teternum

2596 2074 2719 2121 Cum
2745 2058 2958 2118 Deitale
2985 2068 3259 2110 mansura.

2667 2156 2886 2222 Accepta
2943 2165 3066 2220 ergo
3118 2166 3151 2203 a
3201 2145 3360 2208 Patre

2593 2248 2825 2301 carnium
2870 2252 3118 2314 potestate
3159 2241 3358 2310 quain

2593 2341 2719 2396 mlo
2747 2348 2867 2394 sunt
2893 2349 2939 2391 et
2963 2339 3016 2393 in
3041 2345 3199 2403 terra,
3229 2348 3362 2392 velt-

2596 2441 2748 2490 turus
2777 2438 2864 2486 est
2891 2429 2957 2484 ad
2982 2427 3250 2499 judicium
3279 2425 3360 2481 vi-

2596 2539 2787 2580 vorum
2817 2532 2872 2577 et
2899 2529 3231 2580 mortuorum
3253 2559 3266 2583 ,
3299 2525 3360 2573 ut

2596 2629 2652 2674 et
2686 2617 2860 2685 jnstos
2900 2623 3248 2680 remuneret,
3305 2619 3361 2678 et

2597 2710 2786 2780 puniat
2815 2694 3140 2777 peccatores.

2672 2801 3142 2858 Resurrectionem
3203 2799 3359 2853 etiam

2596 2897 2767 2952 carnis
2812 2896 3116 2964 conﬁtemur
3157 2901 3212 2948 et
3238 2906 3358 2950 cre-

2595 2989 2793 3054 dimus,
2828 2997 2885 3042 ut
2911 2988 3151 3042 dicamus
3175 3000 3276 3040 nos
3299 2985 3356 3040 in

2596 3081 2782 3136 eadem
2807 3079 2860 3136 in
2881 3095 2981 3148 qua
3009 3093 3148 3133 nunc
3170 3090 3355 3136 sumus

2597 3174 2821 3228 veritate
2845 3169 3207 3225 membrorum
3233 3181 3356 3223 esse

2597 3280 2784 3335 repara
2793 3264 2928 3320 udos
2965 3303 2981 3329 ,
3057 3263 3354 3332 qualesque

2597 3359 2762 3416 semel
2820 3367 2939 3427 post
2995 3353 3353 3416 resurrectio-

2595 3467 2718 3510 nem
2762 3451 3024 3508 fuerimus
3067 3450 3268 3516 eiTeeti,
3296 3448 3352 3506 in

2595 3551 2910 3613 perpetuum
2944 3555 3347 3612 permansuros.

2663 3636 2841 3694 Unam
2870 3651 2994 3692 esse
3025 3635 3188 3692 vitam
3219 3646 3348 3690 san-

2585 3735 2796 3784 ctorum
2817 3727 3080 3793 omnium,
3101 3725 3196 3783 sed
3222 3735 3354 3792 urar

2587 3819 2691 3876 mia
2738 3835 2838 3888 pro
2874 3819 3057 3878 labore
3087 3818 3342 3882 diversa;

2585 3926 2618 3970 θ
2663 3912 2936 3970 contrario
2966 3951 2983 3976 ,
3036 3925 3133 3978 pro
3183 3908 3344 3966 modo

2583 4003 2906 4062 deﬂetorum
2927 4047 2943 4068 .
2995 4011 3340 4072 peccatorum

2585 4112 2797 4167 quoque
2824 4111 2945 4152 esse
2965 4094 3248 4164 supplicia.

2657 4284 2726 4342 Ba
2735 4283 2928 4353 ptisma
2975 4296 3144 4336 unum
3193 4287 3342 4335 tene-

2584 4391 2704 4431 mea
2719 4420 2732 4444 ,
2767 4374 2913 4446 quod
2939 4373 3129 4428 iisdem
3157 4387 3339 4427 sacra-

2583 4471 2747 4525 menti
2769 4469 2947 4524 verbis
2971 4469 3023 4522 in
3046 4467 3338 4522 infantibus

891 4562 1185 4618 secundum
1207 4579 1362 4619 suam
1386 4551 1895 4622 Deitatethibns
1961 4559 2156 4629 quibus
2234 4562 2395 4614 etiam
2453 4560 2506 4618 in
2580 4559 3336 4632 quibusetiaminmajoribue
3389 4572 3398 4583 '

893 4655 1234 4724 impassibilis
1264 4668 1348 4713 est
1379 4667 1433 4712 ut
1464 4661 1643 4726 Pater,

891 4744 1460 4816 incomprehensibilis
1484 4757 1540 4804 ut
1556 4753 1646 4806 Pa-

891 4847 1012 4904 ter,
1053 4838 1320 4893 invisibilis
1361 4849 1416 4893 ut
1464 4840 1639 4907 Pater,

889 4929 1313 4987 inconvertibilis
1359 4943 1418 4989 ut
1461 4933 1637 4990 Pater.

890 5020 954 5074 Et
983 5025 1222 5092 quamvis
1266 5025 1478 5094 propria
1518 5042 1638 5096 per-

103 5097 253 5171 idest,
284 5109 370 5170 Dei
401 5109 653 5182 Verbum,
688 5131 808 5172 sus-
882 5127 1014 5170 sona
1055 5114 1212 5182 Filii,
1273 5115 1327 5170 id
1365 5128 1488 5184 est,
1542 5118 1636 5178 Dei

102 5198 268 5263 ceperit
305 5205 604 5270 passibilem
635 5207 807 5264 homi-
885 5205 1396 5278 Verbum,suscepit
1420 5212 1642 5278 passibi-

102 5295 216 5382 lien,
231 5299 393 5348 tamen
415 5297 531 5364 eius
554 5297 812 5354 inhabita-
885 5298 986 5354 lem
1019 5300 1319 5368 hominem,
1351 5301 1423 5355 ita
1463 5311 1640 5359 tamen

99 5377 212 5430 tione
226 5387 505 5449 secundum
524 5403 674 5452 suam
695 5392 812 5448 sub-
881 5389 1333 5466 ejusliabitatione
1345 5393 1638 5448 secundum

98 5469 306 5530 stantiam
321 5475 661 5542 DcitasVerbi
678 5482 811 5538 nihil
882 5497 1034 5540 suam
1070 5483 1418 5540 substantiam
1449 5486 1630 5541 Deitas

1220 5577 1768 5639 CASTIGATIONES
1806 5579 1893 5635 ΕΤ
1931 5578 2159 5635 NOTAE.

152 5655 320 5741 ιιιωο
370 5680 526 5725 causa
586 5669 686 5726 fuit
739 5685 835 5727 cur
886 5669 1130 5741 Pelagius
1172 5669 1376 5727 diceret
1430 5689 1444 5727 :

1757 4651 2050 4720 maioribus
2104 4649 2334 4706 dicimus
2387 4665 2512 4706 esse

1750 4743 2154 4800 celebrandum.

1822 4834 1906 4890 48.
1951 4834 2187 4889 Infantes
2208 4844 2384 4888 autem
2411 4833 2506 4890 dea

1748 4927 1878 4983 bere
1908 4926 2169 4997 baptizari
2212 4925 2265 4979 in
2314 4925 2502 4980 remis-

1743 5025 1950 5077 sionem
2000 5033 2360 5092 peccatorum,
2414 5035 2501 5076 se-

1741 5115 1971 5168 cundum
1999 5113 2237 5184 regulam
2283 5112 2498 5167 univer-

1741 5207 1870 5262 salis
1897 5207 2180 5274 Eeclesia,
2221 5215 2276 5261 et
2303 5219 2495 5261 secun-

1743 5301 1868 5357 dum
1884 5300 2156 5374 Evangelii
2173 5301 2496 5356 sententiam

1743 5394 2084 5462 confitentur,
2114 5402 2140 5430 ἰ
2168 5394 2290 5465 quia
2314 5392 2496 5450 Domi-

1739 5501 1845 5541 nus
1885 5487 2070 5542 statuit
2116 5500 2340 5556 regnum
2384 5497 2496 5544 eae-

2580 4655 2874 4710 asserimus
2901 4667 3024 4709 esse
3049 4651 3336 4708 celebrans

2579 4747 2727 4803 dum.

1502 5671 1628 5728 Sine
1734 5675 2005 5741 Pelagiani
2030 5675 2188 5743 vulgo
2211 5675 2472 5740 iactarent
2501 5691 2515 5728 :
2549 5670 2718 5728 Habet
2755 5672 2809 5728 in
2844 5666 3320 5743 infantibasgratie

179 5732 548 5814 {ismeparguii
584 5743 852 5814 morientes
880 5732 1149 5814 "quovnon
1195 5753 1308 5796 cant
1352 5746 1490 5805 svio,
1529 5762 1625 5811 quo
1731 5732 2150 5814 quodvadoptetf'
2174 5732 2273 5798 non
2326 5732 2476 5800 habet
2511 5747 2648 5801 unda
2678 5743 2814 5814 quod
2850 5732 3022 5814 abluat
3063 5732 3318 5814 (Ηῄῂρος.

99 5811 190 5855 “Ini
213 5810 370 5864 nescio
395 5811 550 5879 (Lib.
573 5815 635 5870 de
676 5813 831 5870 Pecc.
865 5813 1008 5883 Orig.
1037 5831 1081 5868 ο.
1112 5815 1172 5867 21
1200 5814 1238 5882 ).
1267 5815 1375 5870 Cur
1413 5810 1545 5870 item
1572 5815 1623 5870 iil

1734 5811 1769 5868 ι.
1804 5818 1878 5883 v).
1900 5811 2008 5872 Cur
2038 5827 2091 5871 et
2115 5817 2312 5885 sa-pius
2344 5825 2610 5885 repeteret
2633 5811 2878 5871 Julianus
2909 5834 2918 5872 τ
2944 5811 3321 5880 Ρανυιιιίίβκηθ
