3970 6282
590 292 695 351 503

800 431 1133 472 εωιιιετιυε.

584 508 763 565 lorum
802 509 1014 565 nonnisi
1063 508 1345 579 baptizatis

580 613 744 674 posse
764 602 1022 669 conferri,
1038 602 1201 673 quod,
1220 600 1343 672 quia

580 696 724 759 Vires
755 706 961 752 natura:
980 710 1087 752 non
1120 696 1336 759 habent,

580 790 819 845 conferri
867 804 1089 844 necesse
1124 796 1206 843 est
1240 802 1342 859 per

578 881 772 950 gratia:
798 880 1123 950 largitatem.

554 992 567 1057 δ
656 973 743 1029 l9.
788 982 814 1011 ιι
868 973 924 1027 1η
967 971 1342 1028 remissionem

580 1074 762 1120 autem
795 1076 1139 1136 peccatorum
1169 1064 1345 1135 bapti-

582 1159 787 1213 zandos
842 1158 1078 1213 infantes
1106 1201 1120 1225 ,
1177 1173 1281 1212 non
1316 1158 1342 1197 δ

581 1252 789 1311 idcirco
839 1255 1067 1310 dicimus
1116 1267 1174 1311 ut
1220 1272 1343 1326 pec-

583 1358 759 1402 catum
790 1363 855 1403 ex
880 1349 1102 1404 traduce
1128 1349 1342 1406 ﬁrmare

582 1440 865 1495 videamur
885 1483 900 1506 ,
954 1442 1098 1511 quod
1130 1442 1284 1511 longe
1310 1458 1338 1497 a

582 1532 852 1587 catholico
895 1548 1058 1587 sensu
1106 1533 1339 1589 alienum

584 1634 709 1691 est,
768 1625 893 1694 quia
925 1633 1202 1695 peccatum
1236 1641 1341 1681 non

583 1731 707 1772 cum
768 1718 987 1772 homine
1052 1718 1339 1785 nascitur,

583 1809 729 1877 quod
760 1809 1101 1878 postmodum
1132 1824 1347 1865 exerce-

582 1908 673 1953 tur
702 1900 771 1955 ab
801 1900 1052 1967 homine,
1083 1900 1208 1971 quia
1237 1916 1341 1956 non

584 2000 793 2045 natura:
821 1991 1077 2046 delictum
1107 2001 1220 2057 est,
1250 1992 1344 2047 sed

586 2083 879 2139 voluntatis
941 2099 1059 2140 esse
1122 2085 1340 2141 demon-

586 2182 811 2230 stratur.

661 2265 729 2319 Et
772 2265 901 2320 illud
927 2281 1057 2337 ergo
1100 2267 1346 2322 confiteri

587 2372 884 2427 congruum
906 2370 1010 2425 est,
1040 2375 1108 2415 ne
1129 2359 1345 2415 diversa

584 2450 929 2520 baptismatis
948 2467 1143 2522 genera
1167 2451 1347 2507 facere

584 2542 893 2608 videamur;
916 2554 973 2599 et
994 2544 1094 2600 hoc
1116 2560 1348 2615 praemu-

587 2635 705 2690 nire
738 2638 1125 2706 necessarium,
1152 2652 1219 2693 ne
1250 2651 1345 2708 per

587 2726 830 2796 mysterii
870 2730 1208 2785 occasionem
1229 2770 1243 2795 ,
1278 2729 1345 2784 ad

585 2818 864 2873 Creatoris
913 2820 1184 2889 injuriam,
1234 2835 1347 2875 ma-

591 2908 743 2973 lum,
799 2918 1081 2979 antequam
1136 2910 1227 2963 liat
1278 2910 1348 2964 ab

591 2996 831 3064 homine,
857 3000 995 3055 tradi
1019 3001 1228 3058 dicatur
1252 3000 1349 3057 ho-

592 3090 726 3146 mini
754 3106 849 3161 per
874 3102 1142 3150 naturam.

580 3208 581 3215 ι
664 3182 755 3239 20.
799 3184 1079 3241 Hominem
1104 3227 1120 3254 ,
1152 3187 1199 3243 si
1231 3199 1351 3259 post

590 3272 917 3344 baptismum
959 3278 1140 3347 lapsus
1166 3279 1346 3347 fuerit,

590 3367 757 3437 primo
767 3384 858 3439 per
868 3371 1351 3440 reconciliationem,

592 3456 777 3512 deinde
833 3474 929 3528 per
978 3463 1346 3531 paenitentiam

589 3550 865 3605 credimus
892 3567 1049 3621 posse
1075 3555 1291 3610 salvari.

660 3638 752 3695 2i.
812 3641 1016 3697 Novum
1081 3656 1135 3699 et
1196 3654 1350 3702 vetus

589 3729 993 3788 Testamentum
1060 3736 1347 3806 recipimus

589 3821 645 3876 in
690 3824 783 3878 illo
828 3823 1085 3881 librorum
1119 3844 1346 3883 numero

588 3930 749 3983 quem
822 3928 1023 3975 sancta:
1087 3920 1345 3978 Ecclesiae

585 4008 871 4066 catholicae
932 4010 1096 4068 tradit
1158 4024 1345 4071 aucto-

585 4099 736 4155 ritas.

654 4193 744 4247 22.
784 4194 1010 4251 Animas
1034 4212 1064 4251 a
1092 4196 1204 4253 Deo
1229 4198 1343 4254 dari

583 4284 885 4355 credimus,
938 4302 1073 4357 quas
1117 4288 1187 4344 ab
1229 4289 1346 4359 ipso

584 4372 751 4429 factas
792 4375 1065 4443 dicimus,
1112 4380 1340 4435 anathe-

585 4466 901 4522 matizantes
948 4482 1043 4524 eos
1085 4471 1177 4541 qui
1226 4472 1340 4526 ani-

584 4571 726 4611 mam
747 4559 899 4628 quasi
922 4570 1125 4631 partem
1149 4562 1343 4617 divinas

584 4649 771 4706 dicunt
817 4668 939 4710 esse
983 4655 1333 4711 substantia:

1651 426 1926 467 PELAGIUI.

2195 409 2252 472 Δ

2199 1792 2249 1856 Β

1018 296 1109 349 AD
1150 292 1427 349 PARTEM
1472 292 1731 347 l’lllMiM
1772 288 2053 345 OPERUM
2098 289 2165 345 Μ.
2211 290 2655 347 MERCATORIS
2693 288 3037 345 APPENDIX
3075 288 3392 344 SECUNDA

2485 422 2801 464 C(BLIS'I'IUB

2274 510 2403 557 ante
2428 515 2700 570 peccasse,
2731 500 2817 555 vel
2841 500 2893 554 in
2920 512 3031 555 coe-

2272 593 2341 651 lis
2366 601 2718 650 conversatas
2756 594 2922 649 fuisse
2949 592 3032 648 di-

2270 694 2440 757 cunt,
2491 701 2652 756 quam
2694 686 2750 742 in
2796 699 3030 756 corpora

2271 779 2636 834 mitterentur.

2341 869 2433 925 23.
2476 868 2835 925 Exsecramur
2868 868 3027 927 etiam

2270 979 2457 1023 eorum
2506 965 2891 1036 blasphemiam
2937 964 3033 1035 qui

2271 1059 2460 1116 dicunt
2480 1058 2816 1129 impossibile
2829 1057 3030 1128 aliquid

2272 1149 2476 1206 homini
2503 1166 2535 1205 a
2562 1150 2674 1205 Deo
2703 1158 3029 1219 praeceptum

2272 1258 2414 1310 esse,
2437 1253 2495 1299 et
2513 1242 2766 1299 mandata
2790 1242 2903 1309 Dei,
2923 1257 3029 1297 non

2272 1351 2304 1392 a
2339 1336 2587 1407 singulis,
2620 1335 2715 1391 sed
2747 1335 2817 1390 ab
2849 1334 3029 1391 omni-

2272 1429 2374 1486 bus
2440 1432 2493 1484 in
2530 1443 2819 1485 commune
2872 1443 3031 1500 posse

2271 1520 2479 1578 servari
2498 1538 2514 1587 ;

2342 1612 2434 1669 24.
2468 1612 2564 1667 Vel
2594 1612 2683 1683 qui
2711 1613 2914 1683 primas
2941 1628 3031 1667 nu-

2272 1704 2412 1775 ptias
2441 1720 2564 1760 cum
2594 1704 2912 1770 Manichaeo,
2941 1714 3031 1759 aut

2275 1798 2539 1855 secundas
2577 1813 2702 1855 cum
2730 1797 3031 1869 Catapbry-

2275 1890 2355 1959 gis
2383 1889 2663 1946 damnant.

2350 1982 2438 2038 25.
2502 1983 3035 2041 Anathematizamus

2274 2076 2437 2132 etiam
2464 2076 2585 2132 illos
2611 2078 2699 2147 qui
2721 2077 2817 2133 Dei
2843 2076 3033 2135 Filium

2275 2170 2600 2226 necessitate
2626 2170 2808 2226 carnis
2837 2173 3035 2227 menti-

2277 2270 2391 2316 tum
2416 2275 2541 2317 esse
2570 2261 2774 2328 dicunt,
2822 2272 2877 2319 et
2910 2278 3032 2320 eum

2276 2360 2498 2421 propter
2514 2362 2847 2424 assumptum
2868 2353 3034 2410 homi-

2278 2458 2401 2498 nem
2460 2458 2569 2499 non
2617 2445 2798 2500 omnia
2856 2446 3034 2503 facere

2278 2535 2519 2604 potuisse
2547 2551 2668 2605 quae
2697 2537 2887 2593 voluit.

2347 2625 2439 2682 26.
2498 2626 2772 2684 Joviniani
2824 2644 3037 2701 quoque

2278 2717 2601 2775 damnamus
2626 2719 2878 2776 haeresim
2901 2763 2915 2786 ,
2947 2724 3038 2792 qui

2277 2806 2410 2864 dicit
2481 2812 2681 2866 nullam
2759 2812 2812 2867 in
2863 2814 3039 2869 futuro

2278 2901 2593 2956 meritorum
2658 2918 2780 2959 esse
2834 2904 3039 2960 distan-

2274 2993 2408 3049 tiam
2431 3036 2447 3062 ,
2480 3011 2686 3067 nosque
2712 3013 2806 3054 eas
2832 2998 2907 3054 ibi
2935 3000 3035 3054 ha-

2278 3086 2487 3145 bituros
2506 3106 2628 3148 esse
2652 3093 2880 3150 virtutes
2905 3109 3037 3165 quas

1494 3202 1772 3259 Hominem
1799 3244 1814 3269 θ
1847 3203 1890 3257 si
1918 3210 2042 3273 pos,
2083 3203 2180 3258 ιη,
2205 3166 2253 3230 C
2282 3177 2377 3273 hic
2392 3181 2595 3273 habere
2624 3185 2983 3255 negleximus.

1423 3296 1679 3366 ptismum
1739 3296 1921 3365 lapsus
1974 3295 2131 3351 fuerit
2156 3336 2176 3363 ,

1419 3404 1517 3459 per
1580 3388 1947 3459 paenitentiam
1999 3388 2174 3448 credi-

1419 3495 1538 3535 mus
1567 3495 1723 3550 posse
1754 3481 1971 3535 salvari.

1490 3641 1699 3697 Novum
1723 3651 1777 3698 et
1803 3651 1956 3697 vetus
1988 3641 2175 3697 Testa-

1417 3742 1656 3789 mentum
1698 3735 1985 3803 recipimus
2014 3736 2066 3789 in
2109 3750 2175 3790 eo

1418 3826 1679 3882 librorum
1734 3842 1961 3882 numero
2012 3844 2171 3898 quem

1417 3931 1617 3977 sancta:
1672 3921 1929 3977 Ecclesiae
1989 3923 2175 3979 catho-

1416 4014 1533 4071 lica
1562 4015 1725 4071 tradit
1754 4017 2063 4071 auctoritas.

1487 4197 1707 4252 Animas
1731 4210 1759 4249 a
1786 4195 1900 4250 Deo
1920 4195 2032 4250 dari
2054 4209 2172 4251 cre-

1416 4288 1612 4353 dimus,
1632 4304 1766 4359 quas
1779 4288 1847 4343 ab
1874 4290 1987 4356 ipso
2006 4286 2171 4343 iactas

1416 4382 1647 4437 dicimus
1670 4424 1685 4445 .
1715 4382 2169 4436 anathematizan-

1417 4483 1497 4528 tes
1526 4487 1623 4528 cos
1642 4474 1731 4542 qui
1762 4475 1993 4528 animam
2014 4472 2169 4544 quasi

2351 3270 2441 3327 27.
2480 3272 2731 3330 Liberum
2762 3278 2841 3332 sic
2863 3278 3035 3332 conli-

2283 3374 2461 3419 temur
2482 3366 2782 3434 arbitrium,
2812 3380 2867 3424 ut
2888 3369 3036 3425 dica-

2278 3470 2402 3511 mus
2429 3473 2527 3512 nos
2548 3474 2759 3530 semper
2780 3461 2875 3518 Dei
2897 3462 3036 3517 indi-

2277 3562 2405 3617 gere
2430 3552 2632 3607 auxilio
2657 3570 2671 3607 :
2698 3562 2753 3608 et
2779 3562 2886 3609 tam
2914 3555 3035 3612 illos

2278 3654 2464 3697 errare
2484 3643 2574 3714 qui
2597 3659 2716 3699 cum
2740 3644 3036 3703 Manichaao

2277 3731 2460 3789 dicunt
2474 3735 2741 3792 hominem
2760 3748 3033 3808 peccatum

2276 3826 2446 3881 vitare
2492 3843 2598 3881 non
2631 3843 2825 3897 posse,
2873 3847 3030 3901 quam

2276 3916 2400 3971 illos
2446 3919 2537 3989 qui
2585 3936 2706 3975 cum
2746 3921 3031 3980 Joviniano

2277 4019 2526 4065 asserunt
2581 4011 2852 4069 hominem
2922 4031 3027 4071 non

2276 4114 2434 4170 posse
2480 4118 2747 4173 peccare;
2806 4114 3029 4177 uterque

2275 4198 2418 4250 enim
2449 4196 2587 4252 tollit
2613 4200 2817 4253 arbitrii
2864 4201 3027 4256 liber-

2275 4294 2459 4342 tatem.
2492 4286 2599 4342 Nos
2642 4304 2770 4344 vero
2799 4289 3026 4346 dicimus

2274 4375 2544 4433 hominem
2572 4394 2786 4449 semper
2814 4391 2868 4436 et
2900 4396 3027 4451 pec-

2273 4483 2418 4534 care,
2448 4480 2503 4525 et
2528 4488 2631 4525 non
2661 4487 2881 4541 peccare
2906 4488 3031 4541 pos-

1415 4575 1619 4635 parlem
1640 4566 1831 4621 divina
1850 4566 2033 4621 dicunt
2051 4580 2171 4621 esse
2195 4548 2248 4609 D
2272 4574 2357 4625 se,
2390 4570 2446 4615 ιιι
2474 4576 2571 4616 nos
2595 4563 2747 4619 liberi
2773 4564 3031 4620 conﬁtea-

1409 4657 1720 4712 substantia:
1762 4675 1777 4711 :
1817 4672 1999 4713 eorum
2029 4671 2165 4727 quo-

583 4757 769 4799 eorum
818 4762 1034 4819 quoque
1086 4749 1340 4805 condem-
1407 4763 1512 4818 que
1552 4748 1974 4804 condemnamus
2017 4763 2167 4804 erro-

580 4849 774 4891 namus
820 4854 1057 4895 errorem
1109 4841 1200 4912 qui
1249 4856 1341 4897 eas
1411 4854 1525 4895 rem
1574 4840 1665 4911 qui
1714 4853 1808 4895 eas
1857 4848 1983 4894 ante
2039 4854 2163 4909 pec-

1744 4953 1829 5009 CA
1838 4951 2293 5011 STIGATIONES
2332 4954 2417 5009 ET
2456 4954 2685 5009 ΝΟΤΛΕ.

2276 4668 2396 4708 mur
2424 4668 2544 4709 esse
2573 4656 2801 4710 arbitrii.

2341 4746 2433 4802 28.
2455 4746 2576 4802 Haec
2597 4758 2679 4802 est
2709 4747 2840 4803 iides
2868 4765 3027 4819 quam

2271 4840 2323 4895 in
2346 4839 2607 4895 catholica
2626 4840 2915 4896 didicimus
2931 4844 3032 4899 Ec-

3738 293 3831 349 504

3342 421 3611 463 PBLAGIUI.

3100 512 3255 554 casse
3278 540 3293 565 ,
3334 500 3417 555 vel
3459 500 3514 554 in
3543 498 3692 556 ctelis
3717 515 3833 558 con-

3100 603 3342 649 versatas
3396 592 3566 649 fuisse
3622 593 3793 651 dicunt
3816 636 3831 662 ,

3102 701 3261 757 quam
3318 686 3371 742 in
3420 700 3643 756 corpora
3672 688 3834 745 mitte-

3100 788 3307 835 rentur.

3173 872 3536 927 Exsecramur
3571 872 3728 927 etiam
3752 886 3835 928 eo-

3102 980 3223 1021 rum
3248 964 3638 1036 blasphemiam
3666 965 3750 1036 qni
3775 965 3839 1020 di-

3102 1068 3231 1115 cunt
3283 1058 3615 1130 impossibile
3661 1059 3837 1128 aliquid

3103 1152 3311 1208 homini
3337 1168 3367 1207 a
3394 1152 3507 1207 Deo
3534 1162 3837 1223 praeceptum

3102 1259 3245 1312 esse,
3268 1253 3325 1300 et
3344 1244 3594 1300 mandata
3615 1244 3727 1311 Dei,
3749 1260 3838 1300 non

3102 1351 3135 1391 a
3160 1336 3391 1408 singulis
3415 1378 3432 1403 ,
3473 1335 3567 1391 sed
3594 1334 3663 1390 ab
3687 1337 3839 1391 omni-

3102 1430 3203 1485 bus
3262 1430 3314 1485 in
3372 1444 3662 1486 commune
3702 1443 3842 1499 posse

3102 1525 3305 1580 servari
3320 1541 3335 1590 ;

3172 1615 3271 1671 Vel
3298 1616 3391 1687 qui
3419 1616 3623 1687 primas
3648 1618 3838 1689 nuptias

3101 1720 3224 1762 cum
3254 1706 3550 1763 Manichaeo
3574 1748 3592 1775 ,
3640 1718 3733 1764 aut
3768 1723 3841 1765 se-

3103 1798 3307 1854 cundas
3354 1814 3475 1854 cum
3504 1798 3843 1872 Cataphrygis

3104 1890 3381 1948 damnant.

3160 1983 3694 2040 Anathematizamus
3705 1985 3843 2041 etiam

3108 2077 3231 2133 illos
3271 2078 3365 2149 qui
3399 2078 3497 2135 Dei
3528 2078 3724 2135 Filium
3765 2095 3845 2137 ne-

3108 2169 3358 2225 cessitate
3378 2171 3557 2226 carnis
3581 2172 3844 2228 mentitum

3106 2273 3228 2316 esse
3254 2260 3478 2327 dicunt,
3506 2270 3561 2317 et
3588 2276 3714 2318 eum
3742 2277 3846 2333 pro-

3107 2362 3224 2424 pter
3238 2368 3571 2426 assumptum
3593 2358 3845 2414 hominem

3107 2460 3214 2501 non
3240 2447 3421 2502 omnia
3454 2448 3631 2505 facere
3663 2452 3847 2521 potuis-

3105 2551 3167 2593 se
3191 2553 3311 2608 qum
3337 2538 3530 2595 voluit.

3178 2626 3447 2686 Joviniani
3477 2646 3693 2703 quoque
3718 2633 3849 2689 dam-

3113 2734 3302 2776 namus
3323 2722 3598 2793 haeresim,
3623 2726 3714 2793 qui
3737 2725 3853 2780 dicit

3110 2814 3310 2870 nullam
3342 2816 3395 2870 in
3426 2815 3608 2871 futuro
3650 2819 3850 2873 merito-

3110 2923 3227 2963 rum
3249 2922 3372 2963 esse
3396 2907 3730 2973 distantiam,
3752 2924 3853 2965 nos-

3105 3013 3210 3071 que
3227 3013 3322 3055 eas
3345 3000 3414 3055 ibi
3440 3000 3721 3056 habituros
3746 3016 3851 3057 esse

3106 3092 3331 3147 virtutes
3374 3106 3509 3162 quas
3548 3091 3640 3150 hic
3668 3093 3852 3150 habere

3107 3183 3522 3254 neglexerimus.

3180 3274 3430 3331 Liberum
3451 3276 3531 3331 sic
3551 3278 3853 3334 conﬁtemur

3106 3366 3410 3432 arbitrium,
3424 3375 3485 3421 ut
3505 3366 3749 3424 dicamus
3769 3382 3853 3424 nos

3105 3473 3322 3529 semper
3352 3460 3450 3517 Dei
3477 3462 3725 3533 indigere
3766 3478 3853 3516 au-

3107 3553 3235 3608 xilio
3269 3570 3281 3606 :
3314 3563 3369 3609 et
3394 3565 3501 3609 tam
3531 3555 3657 3610 illos
3686 3570 3854 3611 errare

3105 3645 3195 3715 qui
3217 3659 3339 3699 cum
3357 3645 3659 3703 Μειιίεῇωο
3686 3648 3854 3702 dicunt

3108 3738 3381 3794 hominem
3446 3751 3727 3811 peccatum
3782 3744 3851 3796 vi-

3107 3838 3222 3885 tare
3239 3846 3345 3885 non
3364 3847 3543 3902 posse,
3558 3849 3720 3903 quam
3744 3834 3853 3888 illos

3103 3922 3192 3993 qui
3234 3938 3355 3978 cum
3386 3922 3671 3981 Joviniano
3718 3941 3855 3981 asse-

3103 4024 3229 4070 runt
3266 4016 3536 4071 hominem
3568 4032 3676 4073 non
3707 4032 3853 4089 posse

3101 4121 3373 4177 peccare;
3433 4117 3665 4179 uterque
3715 4112 3850 4165 enim

3101 4198 3239 4252 tollit
3276 4198 3483 4253 arbitrii
3530 4200 3848 4254 libertatem.

3098 4288 3205 4344 Nos
3240 4306 3368 4345 vero
3406 4290 3639 4345 dicimus
3688 4292 3852 4347 homi-

3102 4397 3224 4437 nem
3253 4397 3466 4449 semper
3493 4394 3549 4438 et
3582 4400 3803 4453 peccare
3835 4427 3847 4447 .

3100 4482 3155 4526 et
3187 4487 3293 4527 non
3332 4488 3559 4542 peccare
3588 4490 3769 4543 posse,
3803 4487 3853 4529 ut

3101 4580 3315 4635 semper
3357 4581 3455 4621 nos
3499 4568 3654 4622 liberi
3694 4570 3852 4625 conﬁ-

3104 4668 3311 4714 teamur
3338 4675 3458 4715 esse
3485 4660 3715 4716 arbitrii.

3173 4751 3298 4806 Haec
3350 4751 3483 4807 fides
3535 4762 3622 4807 est
3654 4795 3671 4820 ,
3728 4769 3854 4823 papa

3102 4843 3433 4911 beatissime,
3461 4858 3625 4914 quam
3661 4846 3714 4899 in
3764 4845 3857 4899 Ec-

582 5068 834 5139 baptismo
857 5088 956 5125 non
981 5088 1044 5126 ex
1064 5073 1212 5125 malis
1239 5072 1376 5135 boni,
1401 5072 1491 5126 sed
1517 5086 1579 5126 ea:
1598 5070 1742 5125 bonis
1764 5070 2021 5138 mlieres,
2046 5079 2151 5126 etc.

579 5137 747 5213 (Lib.
770 5141 924 5213 Oper.
955 5141 1173 5211 Imperf.
1209 5159 1251 5213 ς.
1278 5143 1347 5213 55
1366 5145 1408 5210 ).

656 5220 682 5248 ι
711 5212 841 5266 cum
869 5222 1187 5282 urgerentur
1206 5212 1473 5282 Pelagiani
1506 5222 1561 5266 ut
1582 5220 1913 5280 exponerent
1937 5226 2041 5280 qua
2073 5227 2158 5267 ra-

581 5280 729 5336 tione
752 5282 855 5336 dici
887 5280 1105 5349 possent
1137 5280 1367 5336 infantes
1399 5283 1654 5349 baptizari
1692 5284 1742 5335 in
1776 5282 2154 5337 remissionem

578 5366 947 5422 peccatorum.
993 5354 1035 5407 si
1082 5354 1241 5408 modo
1294 5364 1538 5409 carerent
1589 5361 1838 5421 peccato.
1875 5352 2003 5406 nihil
2049 5368 2153 5408 non

581 5424 872 5477 commenti
902 5434 1044 5477 sunt.
1069 5423 1430 5492 Baptizantur.
1462 5424 1792 5493 inquiehant,
1812 5424 1864 5478 in
1887 5424 2159 5480 remissio-

487 5513 503 5522 ν
581 5504 1104 5564 nempeccatorum,
1130 5495 1209 5548 vel
1234 5495 1356 5564 quia
1384 5494 1436 5548 in
1464 5493 1728 5553 Ecclesia.
1763 5497 1817 5548 in
1848 5509 1949 5564 qua
1984 5494 2043 5564 lit
2070 5510 2156 5551 re-

2256 5074 2512 5155 consequi
2550 5076 2940 5155 remissionem
2991 5088 3356 5155 peccatorum,
3409 5082 3455 5136 si
3500 5083 3849 5155 qu:e_adulti

2257 5144 2661 5221 commiserint;
2708 5147 2790 5201 vel
2819 5144 3049 5219 denique
3076 5166 3143 5204 ne
3174 5150 3385 5205 diversa
3414 5144 3613 5220 genera
3644 5153 3850 5221 baptis-

2258 5216 2416 5267 matis
2444 5216 2809 5282 celebrentur,
2836 5228 2886 5273 et
2920 5216 3023 5274 non
3058 5237 3158 5275 una
3190 5221 3258 5275 sit
3292 5216 3612 5276 univérsalis
3663 5216 3854 5278 Eccle-

2258 5287 2353 5365 sim
2381 5286 2723 5365 regula,__i_3tc.
2762 5288 2910 5365 (Lib.
2945 5306 3001 5344 ιιι
3027 5302 3206 5365 contra
3231 5290 3342 5345 Jul.
3371 5308 3418 5344 c.
3451 5294 3514 5360 5,
3541 5305 3587 5347 et
3616 5293 3706 5348 lib.
3746 5296 3850 5365 ορ.

2258 5354 2479 5431 Imperi}
2508 5373 2553 5409 ε.
2584 5358 2675 5431 53,
2707 5369 2751 5409 et
2772 5354 2902 5413 ‘alibi
2935 5363 3169 5431 passim).

2330 5424 2357 5463 δ
2390 5424 2511 5501 Tria
2544 5428 2749 5501 profert
2771 5424 3104 5497 argumenta,
3132 5424 3203 5487 ad
3226 5447 3344 5501 quae
3366 5442 3560 5489 caetera
3592 5450 3851 5489 revocan-

2265 5506 2372 5561 tur,
2390 5496 2593 5573 _quihus
2609 5498 2739 5552 ﬁdes
2760 5501 3021 5556 catholica
3047 5496 3354 5573 impugnata
3371 5513 3455 5559 est
3480 5506 3576 5557 hac
3598 5504 3650 5558 in
3674 5518 3847 5572 parte,

582 5563 771 5643 missio
816 5573 1187 5644 peccatorum;
1219 5563 1472 5644 veltquia
1504 5563 1873 5644 sacramento,
1903 5563 2043 5644 quod
2074 5580 2161 5621 re-
2264 5566 2405 5635 quod
2422 5563 2851 5644 lpeccatumnon
2884 5563 3154 5639 nascatur,
3183 5563 3275 5631 sved
3318 5563 3846 5644 exerceatnrfquod

582 5634 1863 5717 mittatnqnidquid.repereritnpeccatorum;_.vel
1892 5634 2013 5704 quia
2060 5651 2159 5717 no-
2265 5634 2371 5717 non
2394 5637 2462 5717 sit
2484 5650 2687 5717 natura:
2709 5640 2987 5717 delicium,
3012 5646 3106 5701 sed
3131 5634 3457 5711 voluntatis;
3478 5644 3623 5715 quod
3652 5634 3852 5717 inj'uria

583 5706 730 5757 mine
752 5703 1077 5793 Christi,qui
1100 5721 1194 5774 pro
1217 5703 1465 5761 omnibus
1490 5706 1838 5793 redimendis,
1864 5703 2160 5793 praesertim
2268 5708 2362 5761 ﬁat
2399 5710 2666 5793 Qreatori,
2701 5703 2985 5793 sinmalum
3007 5731 3099 5784 per
3133 5729 3407 5779 naturam,
3438 5703 3558 5787 quae
3588 5703 3727 5793 opus
3753 5720 3857 5779 Dei

585 5775 992 5842 peccatoribus,
1028 5787 1270 5831 mortuus
1295 5788 1404 5840 est;
1439 5778 1522 5832 vel
1554 5786 1611 5831 ut
1640 5777 1928 5843 aliquando
1955 5776 2167 5845 possint
2269 5792 2370 5844 est,
2404 5778 2613 5834 dicatur
2638 5781 2792 5836 tradi.
