3882 6284
288 334 396 390 505
469 323 771 387 DISSERT.
816 324 881 381 ν.
924 323 1013 378 DE
1052 316 1361 378 LIBELLIS
1399 314 1579 372 FIDEI
1616 308 1923 369 SCRIPTIS
1962 306 2050 363 AB
2094 299 2524 362 AUCTORIBUS
2563 293 2879 355 HERESIS
2921 291 3360 351 PELAGIANE.
3445 286 3552 347 506

504 456 834 503 εωιειτιυε.
1355 445 1629 490 ηιλωυε.

292 540 457 599 clesia
483 581 497 605 ,
534 551 801 608 quamque
835 547 1047 600 semper
1119 527 1280 585 clesia
1299 524 1557 582 catholica
1573 522 1878 587 didicimus,

297 627 1051 701 tenuimus;quamcredimus
1123 634 1391 691 quamque
1442 630 1656 686 semper
1705 612 1882 668 tenui-

246 738 280 779 τι
299 740 356 785 et
381 744 409 782 a
439 724 590 782 nobis
615 723 869 792 deinceps
895 732 1054 791 posse
1124 729 1245 771 mus
1274 724 1328 770 et
1355 723 1598 768 tenemus
1617 751 1632 775 ,
1683 707 1737 762 in
1780 720 1882 776 qua

264 856 272 863 -
301 820 493 877 teneri.
1127 807 1174 863 si
1195 806 1371 862 minus
1391 804 1561 877 perite
1582 809 1672 856 aut
1698 811 1884 869 parum

1129 910 1288 959 caute
1316 897 1513 969 aliquid
1559 894 1701 949 forte
1746 889 1887 959 posi-

1135 1006 1245 1052 tum
1273 1002 1354 1048 est
1381 1034 1395 1058 ,
1440 987 1711 1046 emendari
1737 985 1889 1054 cupi-

1136 1103 1256 1144 mus
1285 1102 1315 1141 a
1343 1094 1427 1149 te,
1452 1083 1541 1153 qui
1574 1080 1716 1135 Petri
1748 1087 1801 1132 et
1832 1078 1893 1130 li-

1134 1182 1259 1237 dem
1284 1190 1338 1235 et
1363 1176 1547 1231 sedem
1595 1184 1775 1235 tenes;
1808 1170 1894 1224 sin

1138 1284 1315 1329 autem
1362 1269 1477 1323 haec
1523 1272 1705 1320 nostra
1759 1276 1885 1316 con-

1138 1366 1303 1422 fessio
1345 1359 1675 1431 apostolatus
1707 1355 1781 1410 tui
1805 1354 1895 1425 ju-

1139 1458 1284 1515 dicio
1328 1454 1708 1523 comprobatur
1733 1494 1746 1518 ,
1779 1449 1898 1518 qui-

1141 1566 1371 1622 cumque
1394 1565 1478 1604 me
1509 1545 1781 1602 maculare
1808 1558 1895 1597 vo-

1114 1638 1325 1706 ‘luerit,
1356 1658 1417 1697 se
1449 1640 1784 1710 imperitum,
1816 1633 1901 1688 vel

1146 1742 1468 1799 malevolum
1505 1780 1519 1804 ,
1586 1735 1668 1791 vel
1744 1732 1903 1787 etiam

1895 430 1949 486 Α
2047 423 2313 478 Directam
2343 435 2448 475 non
2480 420 2670 489 opinor
2698 416 2763 469 ad
2795 423 2962 489 totum
2984 414 3192 489 clerum
3228 410 3552 489 ﬂomanum,

1982 495 2035 549 in
2068 509 2173 561 quo
2216 503 2372 548 erant
2407 484 2663 561 viri'lide
2703 485 3104 561 spectatissimi,
3145 494 3203 540 ut
3231 484 3557 561 Bonifacius,

1982 557 2325 625 leestinus,
2361 564 2469 619 Leo
2499 571 2553 616 et
2579 560 2700 625 alii;
2736 558 2831 614 sed
2863 557 2927 611 ad
2967 558 3114 612 solos
3142 559 3399 625 quosdam
3422 557 3560 610 ami-

1982 652 2096 703 cos,
2132 637 2217 703 qui
2258 636 2342 690 vel
2383 636 2642 688 nutabant
2685 631 2737 685 iu
2789 629 3210 703 propositopvel
3262 627 3557 703 instruendi

1984 699 2264 777 eraut'qua
2294 706 2503 761 ratione
2540 712 2789 777 nutantes
2824 701 2979 777 alios
3012 699 3410 777 retinerent.“
3455 715 3561 777 non

1985 768 2213 834 obscure
2234 779 2467 832 insinuat
2498 775 2823 845 Augustinus
2855 770 3012 839 (Lib.
3039 772 3147 845 tad
3176 768 3351 845 Bonif.
3381 784 3427 823 c.
3460 769 3559 845 ii),

1986 863 2043 904 ut
2069 866 2159 921 per
2186 848 2349 915 illaut,
2396 863 2522 917 quos
2554 842 2745 917 pbsset,
2771 859 2891 898 suos
2938 850 3029 896 aut
3054 842 3323 909 inveniret,
3354 850 3443 893 aut
3484 844 3565 911 fa-

1988 929 2144 975 ceret.

2062 990 2209 1045 Clam
2239 989 2737 1045 communicabatur
2754 984 2940 1041 amicis
2962 983 3226 1051 manibus,
3251 992 3311 1037 ut
3326 997 3569 1037 summus

1994 1060 2235 1133 pontifex
2282 1076 2398 1114 eam
2434 1060 2645 1133 (habere
2683 1073 2785 1113 non
2821 1055 3059 1133 potuerit
3101 1054 3565 1133 transmittendam

1994 1126 2445 1203 Augustiuo,_qui
2476 1130 2768 1196 refelleret,
2800 1126 2901 1183 nisi
2925 1126 3317 1199 vigilantissima
3345 1126 3565 1195 fratrum

1994 1200 2261 1274 diligentia
2287 1200 2337 1271 (1
2346 1202 2496 1271 bid.).

2070 1266 2594 1330 l‘leuissitnam'esse
2634 1269 3019 1325 calumniarum
3045 1270 3307 1325 adversus
3350 1266 3572 1322 catholi-

1998 1362 2113 1411 cos,
2138 1346 2470 1399 demonstrat
2497 1343 2846 1411 Augustinus,
2871 1342 3097 1410 singulis
3128 1340 3483 1409 respondens,
3517 1346 3573 1393 ut

1999 1416 2329 1485 superfluum
2358 1416 2426 1468 sit
2453 1413 2652 1467 diutius
2684 1412 2782 1466 hac
2808 1412 2859 1464 in
2892 1422 3042 1479 parte
3066 1411 3291 1466 versari.

2072 1478 2289 1542 Miratus
2320 1500 2437 1541 sum
2484 1494 2661 1538 autem
2698 1499 2801 1537 non
2830 1478 3041 1551 parum,
3072 1498 3193 1537 cum
3217 1478 3578 1536 animadverti

2002 1574 2070 1614 ex
2107 1570 2312 1626 septem
2346 1557 2777 1626 capitibusquae
2830 1552 3115 1626 catholicis
3151 1554 3477 1626 objiciuntur
3511 1551 3581 1607 ab

2005 1623 2218 1699 impuro
2246 1630 2503 1698 spadone.
2535 1625 2762 1689 nullum,
2796 1636 2992 1699 praeter
3021 1623 3299 1699 ultimum,
3325 1623 3581 1699 quodest

2006 1693 2098 1755 de"
2121 1693 2319 1754 virtute
2366 1699 2638 1766 baptismi,
2675 1712 2780 1749 non
2818 1695 3101 1766 (contineri,
3134 1695 3274 1761 apud
3329 1693 3579 1766 Photium

2010 1771 2172 1843 (Cod.
2200 1771 2322 1834 177,
2364 1771 2417 1823 in
2438 1762 2671 1843 'excerpt.
2710 1782 2773 1820 ea:
2796 1764 3007 1843 ﬁbris};
3040 1765 3234 1843 Tlteod.
3282 1766 3480 1843 advers.

1148 1855 1256 1895 non
1281 1834 1601 1893 catholicum
1627 1873 1642 1896 ,
1685 1843 1790 1883 non
1822 1841 1908 1881 me

2021 1819 2172 1913 Ἀῖῇἶῇ
2206 1819 2760 1913 iéeé.isehiéin’opqs
2796 1836 3062 1913 Theodori
3092 1836 3450 1913 Mopsuesteni
3479 1835 3578 1913 ad:

1148 1932 1457 1988 hrereticum
1505 1920 1899 1994 comprobabit.

391 2029 481 2085 29.
513 2027 569 2084 Si
592 2042 711 2098 quae
731 2040 860 2082 vero
890 2034 915 2063 ι
937 2040 1077 2093 pra:-

322 2134 405 2181 ter
425 2124 582 2179 fidem
597 2123 921 2194 quaestiones
938 2128 1077 2176 naue

325 2224 474 2281 sunt,
513 2216 581 2271 de
605 2215 802 2285 quibus
830 2225 974 2271 esset
1002 2215 1083 2269 in-

328 2320 411 2365 ter
454 2310 739 2380 plerosque
783 2310 1081 2376 contentio,

329 2416 436 2456 non
465 2416 564 2472 ego
594 2402 743 2473 quasi
774 2411 963 2457 auctor
984 2402 1083 2457 ali-

328 2494 481 2563 cujus
521 2494 785 2564 dogmatis
800 2538 813 2561 ,
863 2495 1083 2549 definita

328 2588 433 2643 hoc
493 2588 811 2643 auctoritate
878 2590 1085 2654 statui;

328 2680 424 2736 sed
456 2696 518 2737 ea
544 2678 574 2719 δ
603 2696 722 2750 quae
756 2680 823 2736 de
855 2680 1091 2750 prophe-

331 2785 508 2829 tarum
592 2783 645 2830 et
728 2776 1093 2843 apostolorum

328 2868 486 2923 fonte
557 2869 800 2936 suscepi,
857 2878 878 2905 ε
933 2868 1095 2923 vestri

332 2960 673 3030 apostolatus
686 2958 963 3015 oderimus
982 2974 1098 3029 pro-

334 3052 516 3107 banda
538 3051 743 3121 judicio
763 3097 776 3120 ,
804 3062 860 3107 ut
885 3053 931 3107 si
957 3051 1095 3107 forte

339 3154 399 3199 ut
459 3144 765 3199 hominibus
827 3145 1094 3215 quispiam

340 3238 660 3307 ignorantiae
676 3251 829 3292 error
844 3237 1101 3307 obrepse-

341 3330 448 3395 rit,
472 3338 646 3386 vestra
688 3330 953 3386 sententia
982 3344 1101 3386 cor-

342 3422 576 3493 rigatur.

344 3532 1917 3559 ______________—_.___

483 3617 1201 3690 BBEVIARIUM
1255 3612 1811 3688 EPISTOLIB

349 3742 528 3794 QUAM
561 3745 786 3788 VELUTI
814 3746 1113 3790 REGULAM
1138 3745 1314 3789 FIDE!
1339 3741 1707 3788 COELESTIUS
1735 3739 1936 3783 SCRIP-

496 3824 596 3867 SIT
622 3826 706 3868 ΔΙ)
735 3826 1033 3871 CLERICOS
1071 3825 1365 3871 ROMANOS
1394 3824 1529 3868 SU£
1557 3820 1799 3865 PARTIS.

424 4000 715 4068 Epistolam
738 3999 878 4054 hanc
911 3999 1235 4068 Augustinus
1262 3996 1401 4065 (Lib.
1432 4010 1448 4048 ι
1475 3994 1543 4047 ad
1575 3987 1778 4060 Bonif.)
1804 3987 1934 4068 olim

351 4058 566 4126 Juliano
598 4071 803 4133 tribuit,
828 4070 922 4125 sed
956 4058 1176 4125 faileute
1202 4058 1531 4136 conjectura,
1573 4058 1799 4136 ut_s;epe
1820 4058 1935 4136 dig-

354 4151 615 4283 tuné)est.
644 4128 882 4198 leeslii
910 4158 1031 4197 esse
1070 4141 1203 4194 alias
1233 4128 1569 4193 osieudimus
1599 4132 1845 4203 (Dissert.
1875 4128 1930 4193 2,

354 4228 402 4265 c.
514 4252 526 4265 .

351 4228 526 4265 6.2).

425 4272 558 4336 Data
587 4294 669 4338 est
717 4284 897 4337 statim
951 4293 1070 4351 post
1102 4277 1498 4351 damnationem
1548 4272 1790 4333 hwresis,
1825 4277 1879 4351 et
1906 4283 1937 4322 a

352 4352 570 4408 Zosimo
590 4352 806 4418 factam,
831 4362 886 4407 et
912 4339 1109 4406 a'clero
1136 4349 1294 4405 Urbis
1315 4352 1673 4418 re_cepta_m,et
1695 4339 1935 4418 omnium

353 4408 751 4491 subscriptione
784 4408 1069 4478 firmatam.
1103 4420 1256 4475 Unde
1296 4433 1323 4470 a
1355 4408 1657 4491 Pelagianis
1688 4408 1936 4480 pontifex

355 4490 639 4564 clerusque
674 4496 945 4549 Romanus
994 4490 1457 4564 przevartcationis
1501 4493 1786 4564 accusatus
1828 4492 1931 4534 est.

2011 1904 2201 1970 versus
2232 1920 2477 1967 sanctum
2502 1904 2889 1978 Augustinum,
2923 1917 2979 1962 ut
3026 1904 3193 1962 docet
3219 1906 3499 1978 Mercator.
3527 1904 3585 1960 ld

2009 1998 2066 2040 ut
2092 1987 2264 2040 lector
2296 1984 2503 2037 facilius
2522 1975 2812 2044 intueatur,
2842 1979 2954 2032 visa
2985 1987 3109 2033 sunt
3139 1981 3417 2047 utriusque
3440 1975 3585 2046 Ope-

2010 2057 2084 2112 ris
2113 2056 2409 2126 fragmenta
2434 2052 2761 2125 παραλλήλως
2784 2048 3092 2105 referenda.

2010 2284 2330 2339 Οαειεετιυι
2390 2293 2526 2333 nun
2594 2288 2771 2331 sucu-
2821 2270 3160 2327 'f’aeononus
3177 2268 3588 2325 APUDPIO’I‘IUI.

2270 2364 2486 2406 ετιιωιι.

2917 2448 3091 2504 Secta:
3121 2461 3248 2501 vero
3285 2446 3428 2501 illius
3452 2460 3594 2499 sums

2845 2553 2930 2593 ma
2958 2538 3135 2607 capita
3160 2538 3276 2591 haec.
3304 2534 3421 2592 fere
3450 2545 3596 2599 sunt,

2847 2632 3093 2686 homines
3124 2638 3336 2696 natura,
3365 2644 3470 2681 non
3502 2644 3598 2682 vo-

2850 2726 3053 2779 luntate
3104 2735 3345 2791 peccare.
3379 2719 3600 2783 Natura,

2086 2470 2280 2524 Dicunt
2327 2466 2403 2519 illi
2449 2461 2726 2519 Manichaei
2754 2501 2769 2526 ,

2017 2560 2213 2633 quibus
2232 2558 2391 2612 modo
2409 2571 2516 2611 non
2542 2566 2776 2608 commu-

2019 2652 2283 2715 nicamus,
2318 2648 2369 2702 id
2402 2656 2516 2711 est,
2551 2643 2647 2699 toti
2688 2644 2773 2696 isti

2020 2759 2144 2801 cum
2176 2742 2373 2813 quibus
2400 2738 2773 2804 dissentimus,

2023 2836 2145 2907 quia
2165 2834 2321 2904 primi
2345 2831 2578 2889 hominis
2590 2844 2778 2900 pecca-

2025 2935 2110 2992 to,
2140 2925 2192 2979 id
2218 2933 2333 2987 est,
2363 2922 2520 2986 Adm,
2552 2921 2778 2975 liberum

2024 3016 2303 3071 arbitrium
2336 3013 2589 3085 perierit,
2630 3020 2683 3066 et
2712 3024 2781 3065 ne

2027 3113 2233 3181 mojam
2257 3118 2576 3181 pctestatem
2592 3108 2783 3161 habeat

1953 3198 2000 3261 C
2032 3203 2169 3259 bene
2195 3202 2430 3266 vivendi,
2474 3200 2566 3254 sed
2598 3213 2785 3252 omnes

2030 3298 2083 3351 in
2134 3307 2410 3367 peccatum
2459 3292 2637 3347 carnis
2676 3304 2786 3345 suae

2032 3387 2351 3444 necessitate
2376 3391 2650 3456 cogantur.

2114 4399 2302 4454 Dicunt
2330 4397 2492 4453 etiam
2524 4395 2655 4448 istas
2675 4406 2795 4463 quae

2040 4493 2200 4547 modo
2245 4498 2475 4557 aguntur
2503 4486 2722 4552 nuptias
2764 4499 2793 4537 a

356 4566 487 4642 Data
538 4554 638 4632 est,
678 4568 947 4642 inquam,
979 4554 1175 4642 statim
1217 4559 1673 4642 andamuatitnle,
1720 4554 1934 4642 vivente
1959 4572 2013 4632 D
2042 4587 2149 4640 Deo
2172 4554 2443 4638 institutas
2468 4595 2570 4635 non
2602 4578 2792 4642 fuisse,

354 4625 651 4691 etiamnum
678 4625 893 4691 Zosimo
924 4625 1080 4701 (Lib.
1114 4649 1129 4687 ι
1162 4634 1228 4683 ad
1258 4628 1434 4701 Boni].
1468 4646 1513 4681 ο.
1550 4625 1640 4693 15)
1666 4665 1680 4688 ,
1708 4637 1822 4701 quo
1851 4625 1933 4676 ni-

358 4708 551 4761 mirum
578 4718 817 4775 tetnpore
838 4696 1105 4773 Pelagiani
1130 4696 1931 4775 vehementiuspremebantur;

355 4792 531 4844 neque
551 4764 703 4832 enim.
727 4778 841 4832 dari
867 4764 1039 4846 pouiit
1068 4774 1185 4842 post
1212 4770 1412 4846 Zosimi
1438 4764 1662 4831 obitum,
1694 4764 1784 4835 qui
1802 4779 1935 4846 eon-

358 4834 478 4918 tigi't
526 4849 715 4904 eodem
758 4834 898 4902 anni)
937 4860 1044 4916 quo
1068 4834 1310 4918 "haeresis
1359 4841 1611 4894 damnata
1649 4846 1752 4918 est.
1800 4834 1931 4917 l‘lam

356 4906 527 4988 premi
576 4936 604 4973 a
645 4918 921 4973 Bonifacio
950 4906 1057 4971 non
1115 4913 1443 4988 potuissent,
1485 4908 1739 4979 quamdiu
1768 4906 1937 4973 viguit

355 4986 589 5044 st-hisma
626 4990 839 5053 Eulalii,
867 4989 1008 5058 quod
1034 4986 1356 5040 exstinctum
1395 4996 1502 5036 non
1530 4990 1614 5035 est
1634 4987 1756 5032 ante
1788 4992 1937 5029 men-

356 5076 471 5114 sem
498 5060 697 5116 Julium
722 5076 847 5115 ann.
888 5058 1014 5114 M9.

2037 4677 2180 4748 quod
2236 4677 2286 4729 iu
2336 4676 2471 4728 libro
2516 4670 2797 4741 Augustini

2040 4770 2257 4839 legitur,
2293 4778 2483 4821 contra
2513 4779 2670 4831 quem
2697 4777 2799 4830 ego

2044 4861 2204 4915 modo
2230 4870 2460 4930 quatuor
2481 4855 2679 4910 libellis
2710 4868 2797 4907 re-

2042 4951 2234 5021 spondi
2257 4992 2272 5016 ,
2323 4948 2476 5017 cujus
2516 4945 2798 5016 Augustini

2042 5043 2187 5098 dicta
2210 5040 2411 5096 inimici
2438 5040 2607 5094 nostri
2628 5039 2679 5091 in
2710 5052 2799 5091 ve-

1536 5180 2083 5240 CASTIGATIONES
2122 5180 2210 5235 ET
2252 5177 2478 5234 NOTAE}.

432 5324 457 5351 ι
487 5312 827 5381 Qumsﬁones
857 5318 982 5364 sunt
1023 5308 1077 5381 in
1106 5306 1300 5381 quibus
1323 5301 1593 5381 affirmare
1616 5297 1742 5381 licet
1772 5306 1823 5350 et
1848 5310 1941 5348 ne-

357 5368 655 5453 garesalva
686 5384 811 5441 fide.
838 5382 911 5435 De
928 5380 1033 5453 hoc
1052 5368 1611 5453 Pelagianorumﬂfuco
1631 5368 1832 5453 dictum
1854 5377 1940 5421 est

358 5438 488 5510 satis
506 5458 559 5511 in
589 5438 810 5510 dissert;
824 5454 891 5507 de
912 5438 1412 5517 subscriptionibus.
1431 5441 1563 5517 Yide
1584 5438 1937 5509 Augustinum

362 5529 456 5582 lih.
491 5528 558 5581 de
578 5526 788 5581 Peccat.
820 5523 1025 5591 Origin.
1056 5515 1171 5588 cap.
1206 5516 1275 5572 25
1303 5524 1357 5569 et
1384 5515 1476 5568 Ἡ.

434 5598 459 5635 ι’
491 5578 857 5653 'i'raditionem
887 5578 945 5648 εἴ
971 5578 1297 5660 Scripturam
1330 5602 1426 5655 pro
1462 5598 1524 5660 _s_e
1564 5590 1728 5660 totam
1760 5578 1941 5660 facere

363 5650 636 5740 iactabant
663 5650 1000 5740 impudenter
1023 5650 1107 5717 illi
1132 5650 1433 5717 novatores.
1461 5655 1607 5736 Hauc
1628 5650 1939 5740 jactautiam

367 5724 484 5793 itum
514 5740 634 5794 aliis
684 5724 953 5793 haereticis
988 5746 1328 5803 communem
1374 5726 1586 5798 egregie
1631 5724 1941 5803 comprimit

370 5812 715 5877 Angustiuus,
749 5824 869 5865 cum
900 5807 1094 5876 ubique
1132 5802 1363 5872 passim,
1394 5794 1504 5853 t'um
1553 5794 1848 5866 praesertim
1883 5794 1941 5845 li-

2851 2816 3093 2884 iuquam,
3123 2828 3227 2867 non
3249 2828 3315 2865 ea
3341 2825 3447 2880 qua
3475 2824 3605 2880 prae

2850 2905 2993 2960 ditus
3031 2906 3098 2959 ab
3148 2904 3302 2959 initio
3331 2902 3606 2958 conditus-

2852 3013 2957 3069 que
3026 3007 3107 3052 est
3162 2997 3331 3051 Adam
3398 2995 3609 3068 (illam

2854 3095 2995 3149 enim
3027 3093 3220 3147 bonam
3251 3104 3302 3147 et
3348 3091 3471 3148 boni
3517 3091 3611 3147 Dei

2858 3202 2992 3257 opus
3021 3201 3143 3241 esse
3169 3196 3421 3240 asserunt
3445 3184 3485 3257 ),
3516 3184 3612 3239 sed

2856 3295 2921 3336 ea
2966 3294 3126 3350 quam
3173 3287 3290 3348 post
3335 3286 3614 3347 peccatum

2860 3374 3089 3443 adeptus
3134 3374 3240 3437 sit,
3270 3370 3486 3441 quando
3519 3384 3616 3439 per

2864 3465 3365 3536 praevaricationem
3455 3472 3618 3530 atque

2864 3569 3143 3629 peccatum
3177 3556 3371 3610 malam
3403 3569 3499 3623 pro
3524 3552 3619 3607 bo-

2861 3665 2951 3716 na,
2979 3649 3371 3717 mortalemque
3399 3660 3499 3715 pro
3520 3643 3620 3697 im-

2864 3740 3077 3797 mortali
3106 3736 3457 3795 commutavit
3481 3753 3495 3790 :
3523 3735 3622 3789 hac

2864 3835 3063 3904 quippe
3146 3831 3363 3886 ratione
3431 3838 3622 3883 natura

2864 3940 3078 3997 quoque
3095 3925 3367 3992 improbos
3378 3920 3621 3988 eﬂ'ectos,

2865 4019 2954 4087 qui
3021 4024 3178 4070 antea
3238 4022 3426 4068 natura
3498 4013 3624 4069 boui

2867 4110 3120 4174 fuissent,
3166 4110 3219 4163 in
3265 4117 3461 4161 natura
3486 4107 3621 4177 jam,

2868 4216 2922 4257 et
2953 4218 3058 4257 non
3085 4204 3136 4256 in
3165 4202 3462 4264 voluntate,
3497 4214 3625 4270 pec-

2868 4305 3045 4349 catum
3092 4294 3192 4348 sibi
3251 4291 3623 4361 acquisivisse.

2939 4389 3193 4455 Quintum
3220 4428 3237 4455 ,
3352 4383 3628 4437 matrimo-

2871 4481 3038 4547 nium,
3083 4479 3163 4535 vel
3211 4487 3358 4532 cerle
3403 4487 3630 4543 congre-

2869 4572 3050 4628 diendi
3078 4571 3444 4641 cupiditatem,
3470 4576 3525 4622 et
3550 4579 3630 4620 se-

2874 4667 3032 4721 minis
3060 4665 3394 4725 missionem,
3420 4660 3627 4714 omnia-

2872 4774 2975 4828 que
3022 4756 3241 4817 similia,
3269 4752 3460 4823 quibus
3505 4766 3629 4805 suc-

2874 4849 3118 4904 cessione
3147 4862 3314 4914 genus
3339 4846 3631 4899 humanum

2875 4946 3217 5009 pr0pugalttl‘,
3254 4948 3519 5005 perversae
3546 4950 3632 4989 na-

2874 5041 3007 5087 tura:
3027 5046 3187 5099 npera
3209 5044 3329 5085 esse
3348 5036 3627 5083 asserunt:

2051 5293 2160 5347 bris
2175 5293 2383 5347 dunbtts
2410 5291 2676 5361 prioribus
2698 5288 2957 5343 adversus
2979 5284 3209 5355 primum
3239 5282 3386 5361 Opus
3407 5281 3628 5361 Juliani.

2123 5375 2144 5403 ο
2178 5364 2233 5417 id
2263 5352 2422 5427 dicit,
2442 5364 2580 5432 quod
2613 5371 2738 5415 tunc
2777 5372 2966 5432 omnes
2982 5352 3352 5432 communiter
3384 5352 3628 5423 (Synod.

2050 5433 2166 5487 PP.
2188 5427 2497 5504 Carthag.)':
2523 5432 2662 5486 unde
2690 5446 2787 5486 nec
2808 5427 3279 5504 Africanidictutu
3310 5438 3628 5504 arguerunt.

2049 5521 2147 5559 nec
2174 5498 2451 5574 judicium
2476 5506 2597 5572 jure
2646 5502 2995 5574 constitutum
3028 5498 3423 5574 detrectarunt,
3461 5500 3632 5574 immo

2044 5577 2149 5629 suis
2174 5566 2503 5645 postularunt
2534 5574 2735 5627 statutis
2766 5572 3063 5645 apostolica
3084 5569 3232 5645 sedis
3274 5566 3631 5645 auctoritatem

2045 5639 2279 5700 adhiberi
2306 5646 2497 5717 (Epist.
2534 5639 2923 5717 synodica
2950 5639 3255 5717 Cari/mg),
3274 5641 3493 5717 ipseque
3516 5640 3629 5717 Au-

2044 5718 2291 5787 gustinus
2312 5706 2596 5786 responsis
2632 5714 2938 5787 aposwlicis
2958 5706 3157 5787 causas:
3172 5711 3311 5787 finiri
3335 5707 3545 5787 publice
3570 5706 3628 5763 in

2048 5778 2283 5843 Ecclesia
2319 5778 2628 5859 pt'mtlicn‘it
2653 5778 2845 5856 (Serm.
2871 5785 2906 5840 2
2936 5784 2998 5839 de
3037 5782 3185 5838 γετὸ.
3218 5778 3445 5849 Apost).
