3882 6284
426 225 536 336 sit

871 278 965 338 AD
1003 280 1285 340 PARTEM
1327 282 1592 341 PRIMAM
1633 284 1914 342 OPERUM
1953 285 2023 340 Μ.
2064 283 2503 343 MERCATUIHS
2541 287 2885 343 API’ENDIX
2927 285 3270 345 SECUNDA.

3591 282 3688 348 511

433 394 536 448 mis
560 401 719 464 atque
749 394 1019 465 perfectis,
1049 395 1144 451 Dei
1169 405 1221 450 et
1251 395 1506 459 hominis,
1527 394 1712 450 Jesum
1734 393 2011 450 Christum
2035 397 2091 456 Α
2112 395 2415 466 exemplum,
2440 406 2495 449 ut
2517 412 2786 466 sequamur
2810 400 3016 467 vestigia
3042 403 3171 468 ejus,
3194 399 3283 468 qui
3305 409 3566 481 peccatum
3595 417 3686 457 non

433 484 629 541 Filium
657 486 749 543 Dei
773 489 1097 560 accepimus,
1124 504 1280 560 quem
1303 498 1412 544 tam
1434 489 1725 545 secundum
1750 488 2013 545 Deitatem

433 575 580 632 Patri
605 592 763 648 quam
793 581 1083 636 secundum
1108 580 1494 636 humanitatem
1520 581 1676 637 nobis
1696 583 2015 637 conlltemur

430 667 596 725 fuisse
615 670 974 741 conformem,
998 681 1025 711 ι
1043 673 1246 745 absque
1267 673 1382 730 sola
1404 674 1611 745 peccati
1639 674 1866 741 macula,
1894 687 2016 744 qua

431 762 693 819 naturalis
721 779 826 821 non
858 775 962 822 est.

502 853 556 908 7.
580 851 610 893 ιι
633 855 724 910 Illa
749 855 1001 913 videlicet
1028 859 1260 926 ratione,
1292 867 1354 914 ut
1380 859 1684 916 universum
1708 857 1964 914 mundum
1982 873 2016 914 a

429 946 672 1015 peccatis
700 955 755 1004 et
779 949 1034 1018 exemplo
1064 960 1361 1018 revocaret,
1393 959 1451 1006 et
1489 949 1740 1022 patiendo
1780 949 2014 1006 redime-

427 1046 550 1094 ret:
579 1040 704 1095 dum
732 1050 1026 1110 peccatum,
1050 1051 1104 1098 et
1124 1044 1276 1114 quasi
1302 1043 1446 1100 Deus
1467 1043 1792 1114 ignoscendo
1814 1041 2013 1110 aufert,

427 1137 485 1185 et
511 1130 661 1201 quasi
691 1130 872 1199 homo,
903 1147 998 1202 per
1026 1142 1231 1189 natura:
1275 1134 1679 1191 similitudinem
1705 1175 1722 1201 ,
1758 1133 2018 1206 quemad-

431 1221 650 1278 modum
675 1223 744 1279 de
771 1233 966 1280 caetero
996 1225 1133 1281 vinci
1160 1230 1328 1297 possit
1355 1226 1610 1283 ostendit.

499 1313 554 1370 8.
589 1315 852 1384 Incipiens
880 1332 911 1368 a
940 1317 1262 1388 baptismate
1289 1317 1540 1389 Joannis,
1568 1334 1676 1390 quo
1713 1318 2015 1390 baptizatus

427 1411 540 1470 est,
587 1403 748 1460 dandi
797 1409 1026 1477 exempli
1073 1409 1275 1478 gratia,
1307 1420 1330 1450 ο
1360 1426 1466 1466 non
1491 1411 1574 1466 sui
1600 1410 1772 1483 (sicut
1798 1411 2014 1481 quidam

426 1494 644 1565 volunt)
674 1510 833 1552 causa
876 1499 1118 1569 peccati,
1171 1500 1311 1556 sicut
1356 1503 1469 1572 ipse
1515 1505 1591 1558 ait
1637 1503 1704 1558 ad
1751 1501 2014 1559 Joannem

426 1585 646 1658 (Matth.
662 1605 741 1657 nt,
769 1591 875 1664 15):
893 1591 1020 1649 Sine
1034 1599 1206 1659 modo,
1221 1595 1294 1649 sic
1323 1597 1458 1650 enim
1474 1605 1669 1663 Oportet
1684 1597 1896 1667 implere
1909 1613 2019 1652 om-

429 1695 542 1734 nem
549 1681 846 1751 justitiam;
869 1685 1099 1756 subjecit
1113 1702 1173 1742 se
1185 1687 1434 1743 omnibus
1457 1689 1794 1759 passionibus
1812 1689 2015 1756 carnis,

2118 488 2257 558 fecit,
2290 505 2380 544 nec
2408 488 2559 543 dolus
2583 490 2813 544 inventus
2839 499 2913 543 est
2937 491 2993 543 in
3019 506 3106 545 ore
3133 492 3262 555 eius.

2186 581 2237 636 9.
2263 577 2290 618 ἀ
2321 581 2472 637 Hunc
2494 583 2655 652 igitur
2679 581 2947 637 credimus
2975 581 3047 636 ob
3083 591 3316 636 nostram
3351 582 3582 638 salutem
3613 599 3688 641 se-

2113 673 2345 730 cundum
2369 688 2585 729 carnem
2613 689 2826 743 passum
2850 684 2904 730 et
2927 674 3216 743 sepultum,
3239 675 3392 729 tertia
3419 675 3510 730 die
3532 687 3692 731 resur'

2115 765 2348 828 rexisse,
2375 771 2432 819 et
2460 774 2516 818 ut
2547 772 2773 819 mortem
2803 763 3141 830 destrueret,
3179 771 3236 818 et.
3269 774 3329 819 ut
3367 766 3521 820 nobis
3562 767 3688 822 viam

2115 855 2526 912 resurrectionis
2554 856 2809 926 aperiret.

2189 947 2276 1002 10.
2307 946 2617 1004 Ascendens
2645 946 2698 1002 in
2729 948 2899 1004 caios
2921 946 3074 1004 sedet
3098 947 3166 1002 ad
3193 947 3468 1004 dexteram
3507 948 3685 1015 Patris,

2117 1037 2464 1094 humanitatis
2493 1048 2746 1095 manente
2773 1039 3097 1105 substantia,
3129 1055 3249 1110 que
3277 1054 3382 1095 non
3411 1051 3495 1094 est
3518 1043 3687 1094 exina-

2116 1131 2226 1185 nita
2252 1171 2268 1198 ,
2310 1129 2403 1186 sed
2441 1130 2776 1200 glorificata.
2817 1141 2872 1186 et
2913 1131 2968 1186 in
3011 1141 3274 1187 aeternum
3317 1145 3440 1186 cum
3494 1131 3685 1187 Deitate

2118 1236 2391 1277 mansura.

2190 1312 2277 1368 11.
2308 1312 2475 1380 Quem
2505 1319 2788 1368 venturum
2812 1311 3083 1369 credimus
3105 1311 3174 1368 ad
3203 1312 3355 1369 vivos
3377 1320 3435 1369 et
3464 1321 3688 1370 mortuos

2113 1403 2450 1473 iudicandos.

2192 1495 2277 1550 12.
2317 1494 2481 1566 Cujus
2527 1496 2721 1551 virtute
2762 1503 2819 1552 et
2861 1494 3111 1566 exemplo
3152 1509 3365 1550 omnem
3417 1497 3687 1552 humanam

2118 1603 2336 1644 carnem
2381 1589 2434 1644 in
2475 1589 2662 1645 eadem
2710 1588 3075 1644 membrorum
3116 1588 3340 1644 veritate
3378 1603 3484 1659 qua
3516 1603 3546 1641 a
3592 1587 3688 1644 Deo

2118 1681 2254 1740 facta
2281 1693 2400 1751 est,
2444 1682 2716 1738 credimus
2753 1681 3117 1738 suscitandam
3143 1722 3162 1749 ,
3206 1689 3263 1736 ut
3298 1689 3353 1736 et
3395 1691 3689 1750 peccatores

429 1769 653 1829 ferendo
680 1776 936 1845 esuriem,
965 1780 1130 1845 sitim,
1160 1781 1549 1846 lassitudinem,
1581 1782 1845 1848 dolorem,
1873 1797 2016 1837 mor—
2042 1802 2092 1864 B
2119 1791 2327 1846 ptenas,
2358 1785 2413 1831 et
2438 1775 2568 1845 justi
2590 1775 2813 1845 gloriam
2841 1783 3259 1844 consequantur.

428 1870 538 1917 tem
567 1873 623 1920 et
661 1879 856 1922 caetera
886 1868 1190 1940 hujusmodi
1216 1888 1232 1927 :
1265 1870 1462 1928 Factus
1489 1874 1724 1929 obediens
1753 1891 1914 1946 usque
1940 1874 2008 1930 ad

428 1964 660 2019 mortem,
686 1969 897 2013 mortem
925 1971 1098 2016 autem
1125 1965 1292 2018 crucis
1322 1962 1578 2036 (Philipp.
1609 1981 1667 2033 tt,
1698 1967 1778 2037 8).
1808 1966 2012 2023 Secun-

425 2043 550 2100 dum
577 2047 718 2117 quod
747 2065 842 2107 nos
869 2052 1056 2109 beatus
1082 2055 1274 2110 Petrus
1309 2057 1531 2113 edocuit
1564 2058 1749 2116 dicens
1773 2061 1795 2131 (
1811 2060 1830 2115 l
1860 2059 2006 2116 Petr.

425 2152 484 2204 ll,
511 2139 604 2211 2i)
626 2157 641 2196 :
667 2142 895 2200 Christus
925 2163 1106 2217 passus
1132 2158 1204 2204 est
1228 2166 1323 2221 pro
1349 2151 1515 2216 nobis,
1543 2153 1688 2208 nobis
1715 2153 2011 2225 relinquens

2189 1869 2276 1924 15.
2308 1877 2332 1907 ο
2373 1867 2543 1924 Unam
2583 1868 2744 1922 vitam
2789 1878 3098 1922 sanctorum
3137 1865 3377 1920 omnium
3419 1863 3564 1930 fore;
3605 1864 3687 1920 sed

2114 1963 2332 2035 premis
2360 1978 2457 2033 pro
2483 1962 2664 2018 labore
2690 1962 2926 2027 diversa,
2953 1971 3007 2016 et
3034 1975 3066 2016 e
3095 1960 3392 2024 contrario,
3420 1973 3518 2027 pro
3545 1958 3686 2014 modo

2114 2054 2454 2119 delictorum,
2481 2055 2816 2125 peccantium
2840 2067 3054 2124 quoque
3080 2067 3202 2109 esse
3227 2052 3514 2123 supplicia.

2189 2147 2275 2204 14.
2309 2146 2327 2186 ῐ
2358 2147 2649 2218 Baptisma,
2673 2146 2968 2203 secundum
2998 2145 3306 2217 exemplum
3351 2141 3608 2201 Ecclesia:
3639 2150 3684 2198 et

1586 2285 2136 2347 CASTIGATIONES
2174 2284 2266 2341 ET
2304 2283 2532 2341 ΝΟΤᾸΕ.

423 2401 530 2470 non
558 2404 715 2470 unam
744 2394 1060 2470 simpliciter
1074 2407 1355 2470 veterator
1371 2415 1655 2470 personam
1673 2401 1828 2465 dixit,
1855 2401 1998 2467 quod

425 2462 738 2542 notand_u_m,
766 2462 870 2542 sed
892 2483 1050 2542 unam
1073 2468 1216 2525 Filii.
1247 2462 1538 2542 Quo'dicto
1560 2474 1732 2542 potuit
1757 2462 2000 2542 cavillari

424 2543 575 2586 more
604 2532 874 2614 Theodori
905 2540 975 2594 ita
1003 2532 1293 2614 loquentis~
1301 2541 1393 2612 (In
1420 2532 1654 2614 Symbol.
1707 2559 1759 2596 n.
1789 2543 1845 2613 8)
1870 2561 1882 2595 :
1907 2541 2000 2614 Et

422 2604 742 2684 "alue-duos
761 2607 977 2684 dicimus
1007 2604 1164 2678 filios,
1193 2629 1282 2666 nec
1309 2604 1724 2684 duosjlominos,
1759 2604 1998 2683 quoniam

419 2685 554 2755 unus
581 2670 756 2755 Filius
785 2670 1067 2755 secundum
1108 2670 1418 2755 essentiam,
1439 2683 1656 2739 Verbum
1684 2670 1847 2747 Deus,
1877 2685 1997 2736 uni-

417 2743 620 2826 gfniltts
648 2743 819 2826 ilius
843 2749 1040 2817 Patris,
1071 2754 1159 2826 cui
1183 2755 1278 2826 iste
1304 2743 1606 2825 coniunctus
1646 2743 1998 2826 particepsque

420 2811 715 2899 divinitatis.
726 2811 1046 2899 communem
1073 2821 1220 2899 habet
1239 2825 1338 2899 ﬁlii
1364 2811 1788 2899 nuncupationem
1811 2811 1860 2878 εἱ
1897 2811 1996 2899 ho-

418 2897 636 2961 norent;
663 2887 998 2961 nihilominus
1018 2893 1103 2961 qui
1143 2887 1396 2949 Dominus
1417 2887 1696 2950 secundum
1720 2896 1995 2949 essentiam

418 2947 558 3038 Deus
586 2953 808 3038 Verbum
834 2971 929 3024 est,
963 2947 1068 3038 cui,
1098 2966 1219 3038 quia
1245 2947 1687 3038 adﬁciemini;
1703 2947 1763 3018 et
1774 2947 1994 3020 sociatus

417 3031 512 3087 est,
535 3031 940 3105 communionem
970 3031 1119 3088 habet
1144 3031 1352 3090 honorii
1375 3053 1488 3090 cum
1507 3035 1636 3100 illo;
1662 3045 1710 3090 et
1730 3046 1994 3105 propterea

417 3108 578 3174 neque
591 3095 720 3177 duos
741 3101 960 3177 dicimus
975 3105 1132 3174 filios,
1149 3123 1315 3177 neque
1329 3107 1562 3177 dominos
1579 3095 1740 3168 duos;
1752 3095 1992 3177 quoniam

415 3168 774 3258 manifesto
802 3168 1046 3258 existente
1070 3176 1156 3244 qui
1182 3168 1462 3258 secundum
1483 3168 1773 3258 .essentiam'
1814 3175 1993 3230 Domi-
2017 3195 2064 3258 ρ

418 3250 515 3316 rtus
545 3247 591 3320 et
625 3240 793 3296 Filius
837 3254 929 3320 est,
979 3240 1366 3320 inseparabilem
1407 3245 1598 3300 habens
1624 3248 1692 3300 ad
1727 3263 1843 3320 eum
1872 3262 1993 3301 con—

412 3316 728 3376 junctionem
759 3322 804 3366 et
826 3316 1134 3386 societatem,
1167 3317 1210 3370 is
1254 3319 1343 3386 qui
1392 3332 1484 3384 pro
1509 3325 1682 3371 nostra
1722 3318 1886 3371 salute
1911 3334 1996 3370 as-

417 3387 651 3459 sumptus
671 3385 1084 3459 est_conrefertur
1105 3396 1208 3459 tam
1242 3385 1614 3452 nuncupationi
1632 3405 1785 3458 quam
1811 3387 1996 3441 honori

414 3453 463 3496 et
490 3447 620 3529 Filii
653 3460 702 3503 et
733 3447 961 3529 Domini,
999 3473 1102 3508 non
1129 3457 1272 3529 sicut
1295 3447 1655 3529 _unusqttisque
1678 3467 1906 3529 nostrum
1931 3475 1996 3512 ex

415 3530 471 3600 σε
503 3523 735 3600 .ea‘n'stens
781 3523 1076 3600 appellatur
1093 3527 1244 3600 ﬁlius
1289 3525 1402 3589 Dei,
1446 3523 1581 3600 unde
1607 3538 1656 3600 et
1681 3526 1853 3600 plures
1897 3529 1995 3600 ﬁlii

419 3583 514 3666 Dei
539 3589 757 3666 dicimur
777 3583 1055 3666 secundum
1083 3583 1279 3650 beatum
1307 3583 1592 3664 apostolum
1619 3583 1841 3651 Pdulum
1859 3612 1879 3660 ;
1897 3583 1996 3651 'sed

416 3658 866 3740 singulariter_hoc
894 3664 1259 3740 habens,__ideo
1282 3658 1423 3740 quod
1446 3666 1555 3740 Deo
1584 3667 1747 3740 Verbo
1772 3658 1992 3740 conjun-

416 3731 529 3809 cttts
573 3739 692 3809 est,_
717 3732 990 3809 dignitatis
1047 3736 1142 3809 ﬁlii
1189 3746 1236 3790 et
1287 3731 1652 3792 dominationis
1697 3731 1990 3809 partic'eps,

414 3796 583 3880 aufert
602 3796 805 3880 quidem
845 3796 1054 3860 omnino.
1096 3807 1316 3862 duorum
1350 3809 1667 3880 dominorum
1696 3796 1743 3862 et
1769 3796 1994 3875 filiorum

413 3868 802 3954 irateléi'gentiam
823 3891 843 3939 ;
881 3886 1090 3954 praestat
1135 3888 1308 3954 autem
1354 3878 1497 3933 nobis
1538 3879 1593 3932 in
1639 3868 1995 3954 conjunctione

415 3934 513 4016 Dei
543 3934 693 3994 Verbi
713 3934 910 4016 omnem
949 3947 1133 4003 habere
1160 3949 1333 4015 ﬁdem.
1364 3964 1662 4016 omnemque
1687 3934 1994 4003 intellectum

413 4015 459 4058 et
488 4013 983 4091 contemmationem.
1036 4019 1124 4091 Ob
1139 4013 1248 4073 htec
1295 4031 1342 4072 et
1391 4013 1764 4074 venerationem
1805 4035 1868 4074 ea:
1899 4019 1994 4074 Dei

413 4084 737 4159 societateab
773 4089 908 4141 omni
935 4089 1150 4159 percipit
1171 4098 1425 4144 creatura.

483 4156 510 4185 ⁸
549 4149 750 4209 Eadem
777 4149 947 4232 verba
967 4149 1262 4232 posuerunt
1285 4159 1536 4232 Pelagius
1569 4169 1624 4216 et
1665 4157 1986 4232 Ctelestius:

416 4233 605 4294 omnes
633 4239 762 4280 vero
793 4227 933 4284 viam
956 4227 1057 4285 sibi
1099 4230 1368 4286 faciebant
1393 4227 1494 4286 h‘ac
1525 4231 1773 4294 loquendi
1823 4231 1991 4285 forma

413 4289 478 4342 ad
508 4303 779 4369 peccatum
804 4299 1064 4369 originale
1102 4302 1495 4369 abnegandum.
1539 4289 1674 4357 Vide
1702 4316 1822 4356 uuae
1848 4301 1990 4357 dicta

414 4371 539 4438 sunt
552 4366 618 4438 _ln
650 4367 788 4420 notis
822 4366 1075 4438 ad'caput
1100 4371 1135 4425 2
1161 4366 1634 4428 Subnotationum.

415 4499 426 4510 _
484 4427 512 4468 δ
551 4431 807 4510 Ρτρριοῑιιβ
836 4437 924 4494 hic
953 4427 1359 4510 Pelagianorum
1388 4457 1560 4505 error.
1589 4457 1908 4508 quamquam
1935 4451 1994 4498 et

414 4503 528 4563 ipse
551 4517 578 4556 a
602 4503 893 4578 Iheodoro
922 4503 1171 4578 accepius
1191 4522 1296 4577 est,
1328 4503 1860 4568 venisse-Christum.
1881 4527 1985 4568 non

2109 2396 2377 2466 passionis
2405 2393 2608 2452 Christi
2637 2410 2827 2452 causas
2871 2396 3116 2453 Julianus
3137 2395 3322 2462 aﬂert,
3373 2405 3436 2451 ut
3475 2403 3679 2453 mortem

2107 2467 2414 2524 destrueret
2450 2478 2506 2522 et
2545 2468 2700 2522 nobis
2747 2468 2885 2522 viam
2916 2469 3331 2524 resurrectionis
3353 2467 3608 2538 aperiret,
3633 2467 3679 2523 id

2106 2549 2211 2599 est.
2242 2546 2464 2620 propter
2482 2538 2866 2620 remissionem
2898 2549 3280 2620 peccatorum;
3306 2537 3516 2620 etemli
3552 2537 3677 2620 viam

2105 2610 2453 2678 aperiendam
2479 2617 2642 2679 tacet,
2671 2619 2727 2664 et
2755 2610 2981 2664 tacendo
3009 2611 3184 2679 reipsa
3226 2619 3385 2679 negat
3423 2619 3674 2664 mortuum

2106 2680 2174 2735 ad
2207 2678 2617 2747 promerendam
2648 2679 2800 2733 nobis
2828 2678 3100 2750 gratiam,
3129 2695 3236 2750 qua
3265 2678 3371 2733 non
3411 2693 3676 2748 peccemus

2105 2760 2160 2805 et
2182 2751 2320 2806 bene
2341 2763 2576 2820 agamus.
2606 2749 2850 2820 Pelagius
2879 2765 3008 2805 vero
3053 2749 3296 2820 profecto
3331 2752 3676 2820 νιστοριανὶζιι

2102 2821 2170 2875 de
2197 2819 2624 2890 impassihilitate
2651 2819 2776 2874 Filii
2809 2820 2933 2884 Dei,
2962 2831 3014 2875 et
3041 2819 3110 2876 de
3133 2821 3332 2876 unione
3376 2819 3541 2876 Verbi
3567 2835 3670 2875 cun:

2099 2891 2331 2946 humana
2366 2903 2580 2957 natura,
2609 2906 2727 2960 qua:
2750 2892 2822 2944 sit
2838 2906 2969 2960 pura
2988 2892 3260 2954 ἕνοίκησις.
3373 2957 3378 2961 _

2172 2971 2196 2999 °
2235 2961 2467 3030 ldipsum
2494 2961 2738 3030 Pelagius
2768 2961 3164 3031 Caelestiusque
3199 2962 3390 3018 iisdem
3424 2961 3599 3018 verbis
3624 2969 3671 3016 et

2097 3045 2165 3087 eo
2191 3033 2440 3097 consilio,
2471 3041 2527 3084 ut
2558 3047 2621 3086 ex
2664 3031 2916 3100 dogmate
2943 3033 3209 3088 catholico
3235 3044 3484 3088 evertere
3524 3046 3669 3088 cona-

2095 3113 2282 3157 rentur
2303 3103 2674 3156 necessitatem
2695 3104 2882 3171 gratiae
2898 3103 3094 3158 divinae
3122 3103 3187 3157 ad
3221 3104 3356 3158 bene
3381 3104 3668 3173 agendum,

2098 3172 2320 3242 perinde
2345 3173 2497 3242 quasi
2519 3187 2584 3226 ex
2608 3173 2794 3240 gratiae
2821 3174 3014 3228 divina:
3037 3173 3378 3228 confessione
3398 3172 3543 3229 foret
3556 3189 3668 3228 con-

2097 3257 2327 3314 sequens
2359 3243 2524 3314 utvel
2577 3243 2856 3314 injustum,
2889 3247 2968 3298 vel
3006 3245 3334 3314 superfluum
3385 3254 3535 3300 esset
3585 3242 3668 3299 Dei

2093 3313 2376 3387 judicium,
2412 3313 2624 3387 fatoque
2655 3313 2844 3387 fierent
2881 3314 3064 3387 omnia
3093 3329 3224 3387 quae
3243 3316 3309 3369 ad
3343 3317 3594 3383 pietatem
3621 3321 3668 3370 et

2096 3384 2349 3454 salutem.
2382 3384 2642 3454 operante
2665 3385 2836 3454 gratia
2862 3385 3065 3451 divina,
3090 3385 3446 3454 pertinerent.

2172 3453 2192 3491 τ
2233 3453 2480 3524 Pelagius
2534 3452 2625 3525 (In
2675 3452 2824 3528 libet.
2873 3454 2997 3508 Fid.
3053 3465 3187 3528 part.
3229 3453 3666 3528 xm)r:Baptisms

2095 3541 2254 3596 unum
2281 3526 2696 3596 tenemus,un
2725 3525 2903 3578 iisdem
2922 3525 3228 3581 sacramenti
3250 3527 3416 3580 verbis
3435 3525 3666 3596 in'infanp

2095 3594 2227 3648 tibus
2255 3595 2438 3664 quibus
2486 3595 2640 3648 etiam
2669 3595 2723 3648 in
2769 3597 3050 3664 majoribus
3094 3597 3367 3650 asserimus
3408 3613 3521 3652 esse
3546 3594 3666 3652 cele-

2094 3664 2367 3738 brandum.
2412 3665 2701 3738 Caelestius
2742 3664 2878 3738 (Lib.
2910 3665 2974 3720 de
3026 3665 3176 3721 Pecc.
3238 3665 3383 3738 Orig.
3423 3685 3542 3737 cap.
3569 3669 3662 3738 5):

2095 3733 2328 3808 Infantes
2357 3735 2534 3791 debere
2560 3735 2810 3808 baptizari
2855 3738 2910 3790 in
2925 3739 3286 3808 remissionem
3323 3733 3656 3808 peccatorum,

2093 3805 2374 3877 secundum
2401 3805 2634 3877 regulam
2680 3806 2981 3861 universalis
3010 3805 3256 3877 Ecclesia;
3300 3805 3348 3861 et
3393 3808 3664 3862 secundum

2097 3875 2362 3946 Evangelii
2378 3875 2698 3939 sententiam,
2725 3879 3051 3943 confitemur,
3081 3878 3201 3946 quia
3225 3875 3478 3932 Dominus
3503 3879 3662 3932 statuit

2093 3963 2304 4019 regnum
2345 3949 2584 4002 calorum
2614 3948 2816 4019 nonnisi
2836 3947 3108 4019 baptisatis
3131 3964 3278 4019 posse
3300 3951 3552 4019 cenferri,
3568 3957 3661 4003 etc.

2093 4015 2339 4090 Julianus
2371 4020 2564 4072 iterum
2597 4017 2738 4090 (Lib.
2773 4032 2810 4073 ll
2832 4015 3098 4089 ad'Bonif.
3131 4015 3247 4088 cap.
3279 4018 3336 4090 5)
3364 4015 3664 4090 {Baptisms

2093 4087 2330 4157 omnibus
2356 4099 2465 4142 esse
2507 4087 2744 4142 atatibus
2782 4087 3121 4143 necessarium
3159 4087 3662 4157 confitemurJCele-

2093 4156 2205 4212 bris
2215 4168 2295 4211 est
2309 4159 2395 4214 hic
2418 4159 2588 4223 locus,
2612 4167 2667 4214 et
2678 4172 2822 4224 saepe
2842 4175 2869 4211 a
2886 4159 2938 4215 S.
2961 4156 3558 4225 Augustino’tractatus,
3576 4171 3663 4212 nec

2094 4227 2401 4295 immerito;
2427 4230 2673 4284 continet
2693 4229 2834 4282 enim
2860 4230 3149 4284 medullam
3174 4229 3518 4285 leestianze
3544 4233 3661 4282 frau-

2093 4297 2199 4354 dis.
2225 4299 2358 4354 Nam
2388 4301 2516 4354 licet
2544 4299 2805 4365 haeretici,
2837 4309 2898 4354 ut
2921 4300 3316 4367 responderent
3340 4299 3662 4369 argumentis

2093 4369 2508 4440 catholicorum,
2561 4385 2628 4424 ex
2683 4369 2947 4440 baptismo
2994 4372 3339 4440 parvulorum
3395 4379 3660 4439 peccatum

2093 4438 2352 4508 originale
2383 4437 2763 4506 probantium,
2788 4437 3086 4495 faterentur
3124 4451 3248 4496 octo
3295 4437 3416 4504 ista,
3455 4441 3656 4494 unicum

2093 4523 2216 4564 esse
2251 4511 2496 4576 baptismi
2545 4519 2942 4564 sacramentum
2983 4525 3013 4564 a
3054 4509 3271 4565 Christo
3322 4511 3658 4572 institutum;

413 4574 710 4652 utaulsilio,
741 4579 834 4652 sed
861 4590 915 4633 ut
945 4573 1252 4650 magisterio
1273 4573 1432 4652 atque
1476 4582 1720 4652 exemplo
1764 4584 1984 4650 prodes-
2011 4573 2068 4636 Β
2093 4579 2220 4652 illud
2249 4573 2498 4652 omnibus
2521 4580 2776 4633 aetatibus
2791 4582 3178 4652 necessarium,
3210 4591 3266 4636 et
3300 4579 3516 4652 quidem
3561 4591 3658 4632 tum

410 4651 521 4723 set;
545 4642 762 4723 S_o‘len_t,_
784 4649 955 4723 inquit
983 4642 1308 4720 Augustinus
1338 4642 1477 4723 (Lib.
1506 4653 1569 4705 de
1599 4642 1985 4723 Crat-Christ.

410 4712 542 4789 c._2,
572 4717 661 4780 35,
695 4712 763 4773 57
790 4731 835 4773 et
859 4712 950 4786 38,
974 4712 1103 4789 etcf)
1123 4763 1137 4786 ,
1168 4712 1528 4787 dicere'nobis,
1557 4724 1613 4775 in
1643 4739 1700 4776 eo
1727 4722 1986 4778 Christum

407 4783 476 4863 ad
505 4800 606 4864 non
634 4783 946 4864 peccandum
976 4783 1250 4864 prebuisse
1287 4783 1605 4864 adjutorium
1627 4832 1644 4858 ,
1690 4795 1812 4864 quia
1846 4795 1987 4863 juste

407 4857 516 4919 ipse
545 4857 774 4933 uiuendo,
789 4857 1032 4933 justeque
1051 4863 1300 4928 docendo,
1334 4857 1537 4933 reliquit
1568 4857 1873 4933 excinplum'.

482 4935 513 4998 °_
547 4926 654 4981 llac
688 4926 954 4987 calumnia
998 4926 1295 4988 Caelestius
1337 4926 1634 4988 catholicos
1683 4926 1980 4998 onerabat,

408 4995 551 5076 unde
579 5000 907 5076 Augustinus
935 5001 1126 5076 (Libat
1148 5005 1216 5056 ad
1243 5002 1419 5076 Bonjf.
1448 5018 1566 5076 cap.
1594 5003 1685 5068 12)
1713 5021 1723 5054 :
1756 4995 1985 5057 Proinde

411 5070 505 5146 iste
533 5070 668 5133 quod
693 5072 896 5146 addidit
933 5089 1025 5127 nos
1053 5072 1243 5146 dicere,
1280 5091 1299 5124 ‹
1333 5070 1590 5146 Christum
1637 5083 1683 5126 et
1711 5076 1988 5146 apeccatis

407 5136 620 5212 liberum
647 5158 748 5194 non
771 5145 948 5212 fuisse,
972 5145 1060 5196 sed
1087 5136 1254 5197 carnis
1292 5145 1585 5196 necessitate
1608 5136 1894 5211 mentitum,
1938 5153 1984 5198 et

405 5209 848 5284 aliis‘maculatum
884 5216 1042 5284 fuisse
1067 5214 1305 5276 delictis;
1342 5232 1360 5265 ι
1387 5213 1576 5284 uiderit
1603 5229 1634 5265 a
1660 5215 1845 5282 quibus
1882 5209 1983 5266 au-

404 5276 578 5342 dierit,
604 5282 691 5354 vel
709 5283 762 5335 in
787 5276 1007 5354 quorum
1037 5285 1215 5338 litteris
1238 5283 1435 5354 legerit.
1472 5283 1623 5354 Quod
1642 5276 1848 5350 quidem
1877 5286 1987 5347 for-

405 5357 538 5400 tasse
557 5366 654 5402 non
676 5351 952 5420 intellexit,
999 5365 1046 5409 et
1087 5356 1142 5409 in
1183 5351 1363 5408 sensus
1413 5353 1754 5406 calumniosos
1782 5355 1984 5408 malitia

403 5419 614 5498 fallente
658 5419 1169 5498 convertit._Legere
1197 5426 1296 5480 sibi
1337 5423 1486 5498 visus
1524 5425 1720 5498 eratin
1769 5423 1983 5498 dialogo

409 5487 738 5567 Hieronymi.
795 5495 959 5567 quod
987 5487 1118 5567 fugit
1146 5495 1499 5567 Augustinum
1541 5493 1775 5567 benigne
1820 5487 1980 5567 amici

403 5561 884 5686 ἰῇὲιῗέᾗξῖῗιοὴι.
920 5561 1204 5638 νίαεάιιῑά
1229 5561 1570 5621 observatum
1601 5561 1681 5619 sit
1709 5563 1778 5619 ad
1823 5563 1981 5619 libel-

425 5646 510 5701 utn
539 5646 755 5701 Pelagii.

473 5698 498 5736 ⁴¹
544 5698 785 5774 Pelagius
816 5717 871 5761 et
899 5708 1221 5764 Caelestius:
1257 5705 1368 5761 Nos
1407 5716 1576 5762 autem
1606 5706 1823 5760 dicimus
1865 5721 1981 5759 sus-

401 5784 597 5840 t‘z‘plttm
626 5788 699 5830 tta
736 5796 766 5830 ιι
799 5775 938 5833 Filio
998 5780 1087 5834 Dei
1135 5778 1376 5840 possibile
1419 5786 1674 5842 nostrum,
1700 5788 1808 5832 etc.
1841 5777 1980 5831 Duas

2091 4650 2158 4720 ad
2187 4651 2393 4720 veniam
2421 4659 2784 4720 peccatorum,
2809 4658 2921 4704 tum
2941 4651 3006 4704 ad
3031 4666 3255 4720 regnum
3275 4651 3538 4706 caelorum
3569 4652 3658 4703 ob-

2092 4718 2434 4784 tinendum;'
2466 4718 2654 4774 iisdem
2705 4721 2889 4775 verbis
2936 4718 3200 4776 celebrari
3265 4722 3317 4775 in
3381 4721 3660 4775 infantibus

2089 4797 2250 4860 atque
2281 4791 2330 4842 in
2366 4789 2689 4858 majoribus;
2733 4789 2965 4846 infantes
3007 4793 3152 4860 ipsos
3183 4793 3441 4859 baptizari
3488 4794 3539 4845 in
3585 4805 3661 4845 re-

2091 4859 2400 4914 missionem
2432 4869 2816 4928 peccatorum;
2867 4876 2984 4917 eam
3021 4859 3142 4915 esse
3183 4863 3422 4929 regulam
3451 4861 3660 4916 univer-

2089 4929 2218 4984 salis
2266 4929 2542 5000 Ecclesiae,
2588 4940 2643 4984 et
2687 4929 2981 5000 Evangelii
3012 4932 3364 4995 sententiam;
3415 4931 3659 5000 parvulos

2089 5012 2252 5067 egere
2276 4998 2472 5053 Christi
2503 4998 2867 5069 redemptione
2896 5017 2911 5066 ;
2947 4999 3217 5055 Christum
3245 5016 3342 5067 pro
3376 4998 3506 5070 ipsis
3536 5015 3659 5069 quo-

2088 5083 2192 5138 que
2219 5079 2488 5124 mortuum
2515 5088 2527 5122 :
2559 5081 2886 5138 negaverunt
2915 5081 3089 5125 tamen
3133 5071 3342 5126 traduci
3392 5082 3659 5139 peccatum

2086 5141 2156 5193 ab
2177 5141 2382 5194 Adamo
2402 5141 2453 5193 in
2484 5151 2766 5211 posueros.
2785 5139 3070 5211 Calestius
3099 5141 3187 5211 (In
3218 5141 3403 5211 Libell.
3449 5142 3655 5196 Romam

2087 5211 2243 5263 misso
2272 5211 2412 5278 apud
2434 5209 2566 5281 Aug.
2591 5211 2629 5264 l.
2649 5211 2712 5264 de
2745 5210 2892 5264 Pecc.
2919 5209 3065 5278 Orig.
3091 5209 3136 5266 c.
3159 5211 3216 5280 6)
3247 5230 3260 5264 :
3308 5209 3375 5264 In
3405 5211 3656 5265 remissio-

2086 5295 2205 5352 nem
2222 5290 2394 5352 autem
2416 5295 2733 5349 peccatorum
2759 5281 3094 5352 baptisandos
3119 5283 3342 5352 infantes
3371 5298 3472 5336 non
3501 5282 3654 5335 idcir-

2086 5366 2146 5403 co
2173 5351 2418 5413 dia'imus,
2443 5360 2782 5422 utpeccatum
2821 5351 2884 5406 ea:
2912 5355 3120 5406 traduce
3142 5351 3350 5421 firmare
3377 5353 3652 5415 videamur,

2086 5429 2219 5492 etc.,
2267 5423 2431 5492 immo
2455 5421 2527 5476 ad
2547 5421 2858 5492 declinanda
2891 5421 3277 5477 catholicorum
3321 5431 3652 5492 argumenta.

2085 5491 2267 5546 dicere
2291 5490 2554 5556 solebant,
2585 5491 2833 5563 Baptismi
2862 5493 3165 5546 medicinam
3187 5507 3286 5545 non
3325 5490 3433 5563 esse
3457 5502 3656 5563 mutan-

2083 5563 2206 5614 dam
2227 5577 2322 5632 pro
2349 5563 2540 5626 causis,
2570 5561 2886 5632 sed‘operari
2910 5579 3001 5632 pro
3023 5564 3256 5630 personis
3287 5561 3427 5632 (Lib.
3455 5577 3474 5616 ι
3501 5561 3651 5632 Oper.

2082 5631 2303 5706 Imperf.
2332 5647 2379 5685 c.
2411 5632 2502 5706 5t)
2529 5647 2549 5706 ;A
2597 5630 2784 5706 habere
2830 5633 2885 5686 in
2911 5630 3224 5706 infantibus
3253 5630 3475 5706 gratiam
3521 5630 3655 5706 quod

2081 5703 2306 5774 adoptet,
2337 5719 2438 5756 non
2464 5701 2646 5756 habere
2677 5703 2868 5756 undam
2895 5700 3032 5764 quod
3084 5700 3542 5774 abluat'(Hypog.‘
3562 5700 3646 5753 lib.

2081 5771 2462 5842 v);’Christum
2492 5789 2616 5842 quos
2646 5775 2768 5842 fecit
2805 5774 3028 5828 creando
3081 5774 3257 5841 bonos,
3297 5771 3483 5842 facere
3509 5775 3653 5825 inno-
