3970 6282
491 330 600 394 310

918 335 1014 394 ΑΙ)
1053 335 1332 392 PARTEM
1371 325 1635 392 PRIMAM
1674 326 1961 390 OPERUM
2002 332 2072 388 Μ.
2114 331 2559 390 MERCATORIS
2597 327 2942 390 APPENDIX
2982 331 3322 391 SECUNDA.

3643 333 3749 390 5'20

488 460 544 508 et
589 456 972 508 auctoritatem
1013 450 1315 505 divinarum
1360 449 1760 518 Scripturarum
1796 447 1898 503 rite
1937 462 2066 502 con-
2091 451 2140 512 Α
2173 448 2266 503 Dei
2289 447 2482 502 Filium
2507 447 2684 502 minus
2703 448 2907 518 aliquid
2928 448 3176 502 humanae
3193 461 3501 518 suscepisse
3522 461 3750 505 natura.

488 546 670 612 fessis,
687 552 1083 616 consequenter
1099 559 1288 598 omnes
1305 543 1590 598 hmreticos
1606 543 2030 597 rondemnamus
2051 558 2066 607 ;

487 647 543 694 et
581 639 852 708 praecipue
890 638 980 706 qui
1010 636 1154 706 apud
1182 635 1402 690 Latinos
1433 646 1538 689 tam
1583 635 1800 690 nomine
1849 634 2069 704 proprio

485 746 646 802 quam
670 744 857 786 errore
882 729 1147 799 comperti
1176 738 1300 783 sunt
1318 771 1333 793 ,
1365 742 1612 799 quosque
1651 727 1928 797 impietate
1956 741 2068 783 suae

490 820 806 876 assertionis
829 821 1135 887 horremus,
1163 820 1210 874 id
1243 827 1356 874 est:
1741 883 1744 886 ξ

556 912 609 967 2.
654 922 682 949 ιι
724 913 978 977 Arianos,
1014 912 1253 966 divinam
1305 911 1662 966 substantiam
1711 910 1872 980 impie
1932 909 2067 966 divi-

489 1007 679 1064 lentes
695 1025 710 1073 ;

553 1099 610 1155 5.
642 1099 1004 1165 Sabellianos,
1040 1113 1389 1168 personarum
1414 1097 1798 1168 proprietatem
1830 1097 2067 1152 scelera-

485 1191 591 1244 tius
617 1189 1047 1254 confundentes;

551 1282 606 1335 ι.
636 1281 1022 1345 Eunomianos,
1050 1281 1244 1336 Filium
1270 1282 1365 1337 Dei
1391 1280 1593 1336 factum
1623 1296 1690 1336 ex
1717 1296 1822 1336 non
1845 1290 2064 1337 exstan-

483 1371 624 1428 tibus
649 1385 990 1438 asserentes;

549 1465 602 1520 5.
637 1464 1080 1528 Macedonianos,
1112 1464 1376 1520 Deitatem
1413 1473 1602 1520 sancto
1625 1464 1846 1534 Spiritui
1891 1464 2061 1520 dene-

478 1567 668 1625 gantes
693 1573 708 1622 ;
1409 1605 1420 1612 .

545 1651 598 1704 6.
625 1649 1062 1720 Apollinaristas,
1089 1647 1116 1688 ι’
1147 1664 1446 1720 eorumque
1484 1648 1711 1714 similes,
1756 1650 1844 1721 qui
1873 1650 2062 1706 dicunt

2250 539 2303 594 7.
2332 549 2354 578 ο
2377 538 2726 608 Novatianos,
2755 540 2919 609 lapsis
2949 540 3322 610 panitentiam
3352 541 3724 612 denegantes;

2249 633 2302 687 8.
2333 628 2359 668 σι
2397 631 2800 698 Jovinianistas,
2841 631 2929 703 qui
2970 632 3160 687 dicunt
3189 633 3462 691 hominem
3503 642 3626 703 post
3663 633 3758 689 ba-

2176 726 2432 795 ptismum
2457 726 2606 782 nullo
2629 725 2791 781 modo
2818 741 2978 796 posse
3009 742 3273 796 peccare;

2243 817 2296 874 9.
2329 828 2352 856 ο
2376 820 2700 875 Manichaeos
2726 820 2912 886 etiam,
2935 819 3042 874 duo
3065 820 3324 890 principia
3345 831 3674 888 asserentes,
3697 821 3753 878 id

2171 919 2278 976 est,
2319 910 2443 964 boni
2483 920 2538 966 et
2576 910 2724 977 mali,
2765 910 2964 981 quique
2993 926 3060 966 ex
3089 911 3229 967 bono
3253 912 3438 968 dicunt
3471 929 3593 970 esse
3632 917 3755 970 ani-

2167 1018 2332 1067 mam,
2364 1019 2430 1059 ex
2455 1005 2599 1059 malo
2630 1019 2758 1060 vero
2780 1019 3028 1070 carnem,
3066 1014 3122 1060 et
3153 1005 3222 1061 ob
3244 1006 3348 1061 hoc
3373 1022 3750 1079 compugnan-
3799 1015 3816 1082 ζ

2161 1096 2232 1150 tia
2264 1111 2481 1166 semper
2509 1111 2630 1154 esse
2662 1097 2717 1151 iu
2741 1107 3028 1167 utramque
3051 1107 3332 1162 naturam;

2239 1188 2324 1244 10.
2362 1187 2382 1227 τ
2409 1187 2613 1243 Eorum
2649 1202 2866 1258 quoque
2895 1188 3123 1256 similes,
3169 1190 3258 1259 qui
3300 1188 3401 1245 sub
3442 1190 3751 1248 assertione

2165 1280 2428 1335 naturalis
2459 1280 2660 1350 peccati
2705 1289 2976 1346 asserunt,
3001 1290 3026 1328 ϐ
3053 1283 3266 1350 nuptias
3297 1281 3364 1336 ab
3387 1293 3605 1338 auctore
3626 1284 3750 1338 dia-

2165 1373 2291 1427 bolo
2317 1373 2614 1438 exstitisse,
2640 1381 2692 1427 et
2717 1371 2929 1426 illarum
2960 1371 3095 1426 lilios
3124 1371 3408 1430 diabolica:
3431 1389 3554 1430 esse
3580 1375 3750 1428 arbo—

2169 1465 2244 1518 ris
2267 1465 2498 1528 fructus;

2235 1557 2321 1610 ll.
2364 1555 2572 1626 Quique
2614 1555 2801 1611 dicunt
2843 1571 3014 1627 usque
3053 1557 3120 1612 ad
3175 1559 3483 1627 passionem
3527 1560 3743 1617 Domini

2161 1662 2378 1712 omnes,
2424 1659 2642 1716 propter
2689 1647 2779 1714 id,
2835 1647 2978 1716 quod
3023 1649 3352 1706 matrimonii
3393 1648 3422 1688 ιι
3463 1651 3743 1722 voluptate

1639 1758 2188 1820 CASTIGATIONES
2226 1759 2312 1814 ET
2351 1756 2580 1813 NOTAE.

544 1869 566 1895 ⁸
600 1856 666 1914 Ut
696 1856 928 1912 Nicaeum
952 1855 1157 1927 synodo
1183 1870 1241 1910 se
1261 1870 1380 1910 cum
1405 1855 1514 1910 suis
1533 1856 1836 1910 consentire
1863 1871 2046 1913 osten-
2079 1859 2128 1919 Β
2159 1861 2337 1927 tamen
2367 1852 2567 1927 idcirco
2599 1851 2769 1927 aliter
2794 1851 3029 1927 sensisse
3071 1851 3137 1906 de
3168 1851 3282 1927 hac
3325 1853 3538 1927 haeresi,
3569 1873 3738 1926 quam

471 1931 641 1988 deret,
667 1929 808 1981 omni
833 1943 904 1981 ex
927 1937 1076 1998 parte
1093 1928 1364 1998 ὀμοούσιον
1381 1927 1686 1989 confitetur,
1705 1928 1920 1995 rejectis
1944 1931 2048 1983 lite-

470 2001 650 2056 reticis
676 1999 766 2067 qui
800 1998 879 2052 vel
908 1997 1261 2066 pluralitatem
1301 2011 1670 2064 personarum,
1701 2008 1756 2052 ut
1794 1998 2051 2053 Sabellia-

469 2072 553 2133 ni;
582 2070 661 2122 vel
687 2069 1040 2131 divinitatem,
1074 2077 1126 2121 ut
1181 2069 1535 2132 Eunomiani;
1576 2069 1656 2122 vel
1705 2070 2049 2123 consubstan-

473 2141 775 2203 tialitatem,
808 2149 863 2191 ιιι
897 2138 1262 2193 Macedoniani
1310 2146 1364 2190 et
1421 2137 1600 2191 Ariani
1649 2139 2045 2207 oppugnabant.

471 2211 671 2266 Deinde
696 2225 762 2264 ex
781 2209 1030 2264 omnibus
1057 2210 1173 2262 aliis
1205 2207 1502 2263 haeresibus
1548 2210 1690 2262 notis
1711 2209 1852 2274 apud
1899 2209 2046 2263 Lati-

467 2297 588 2346 nos,
620 2289 849 2350 quatuor
869 2279 1018 2349 eligit
1038 2295 1168 2350 quas
1191 2278 1531 2350 condemnet,
1558 2279 1906 2346 Apollinaris,
1941 2279 2048 2334 No-

470 2349 686 2414 vatiani,
717 2349 981 2405 Joviniani
1030 2360 1083 2403 et
1112 2349 1414 2407 Manichzei.
1457 2360 1512 2403 ut
1558 2350 1681 2402 inde
1729 2353 1926 2404 laceret
1967 2352 2045 2404 in-

466 2424 662 2476 vidiam
685 2420 965 2475 catholicis
987 2421 1188 2489 peccati
1205 2420 1478 2487 originalis
1500 2418 1899 2484 defensoribus;
1926 2436 2046 2488 per-

465 2492 590 2548 inde
619 2507 682 2547 ac
726 2493 770 2546 si
801 2507 868 2545 ex
916 2491 1014 2544 hac
1057 2490 1370 2544 defensione
1422 2489 1560 2546 foret
1600 2505 1938 2558 consequens
1985 2500 2046 2546 ut

464 2564 720 2620 societate
738 2562 1215 2630 conjungerentur,
1263 2564 1344 2616 vel
1403 2575 1524 2614 cum
1573 2562 1926 2627 Apollinario,
1951 2563 2042 2631 qui

461 2636 666 2689 animas
696 2632 836 2687 sicut
863 2647 1086 2699 corpora
1117 2631 1325 2686 traduci
1357 2631 1608 2700 putabat;
1639 2632 1722 2686 vel
1749 2632 2043 2686 Novatiano

462 2714 517 2759 et
550 2705 851 2768 Joviniano,
902 2703 990 2772 qui
1029 2702 1373 2757 inﬂexibilem
1431 2703 1660 2756 hominis
1713 2704 2041 2758 voluntatem
2083 2735 2087 2739 -

462 2775 642 2830 dicere
668 2775 1018 2837 videbantur;
1051 2775 1131 2826 vel
1160 2787 1280 2827 cum
1339 2772 1650 2838 Manichteo,
1698 2775 1787 2841 qui
1845 2777 2039 2828 malam

463 2846 737 2900 asserebat
765 2855 1033 2898 naturam.

537 2915 562 2952 δ
593 2915 725 2968 Nota
766 2929 925 2968 voces
950 2915 1078 2967 istas
1113 2914 1269 2977 duas,
1317 2930 1593 2983 eorumque
1639 2915 1863 2969 similes:
1897 2913 2038 2969 indi-

461 2994 586 3040 cant
610 2987 751 3039 enim
784 2985 1172 3039 calumniosam
1204 2983 1399 3038 Juliani
1445 2996 1715 3049 mentem;
1750 3001 1870 3038 nam
1916 2999 2036 3039 cum

462 3055 596 3110 duas
620 3055 982 3122 Apollinarins
1001 3054 1185 3108 fecerit
1205 3068 1314 3108 sua:
1341 3055 1557 3108 hmresis
1574 3067 1769 3124 partes,
1787 3056 2036 3122 alteram,

461 3126 602 3195 quod
648 3126 863 3180 Christo
911 3124 1145 3180 Verbum
1201 3126 1356 3180 fuerit
1389 3141 1487 3194 pro
1545 3135 1728 3179 mente
1783 3126 2033 3192 humana;

459 3198 708 3260 alteram,
743 3196 884 3266 quod
933 3211 960 3249 a
990 3197 1300 3264 parentibus
1324 3211 1432 3250 non
1465 3197 1644 3250 minus
1672 3196 1846 3250 anima
1871 3213 2028 3266 quam

459 3283 654 3300 nni-nnc
690 3267 1001 3300 ιοηιΙηησηιη-
1050 3276 1329 3300 ιιΙιιιιιηηηο
1359 3267 1635 3300 οηιιιιιιῖηἰο
1677 3265 1878 3300 ofﬁc-vit
1920 3269 2027 3300 Iun-
2060 3236 2106 3300 Ο

459 3283 658 3336 corpus
690 3265 1022 3329 traduCatur,
1050 3276 1329 3335 utramque
1359 3267 1638 3321 catholicis
1676 3265 2028 3322 afliuxithtn-

459 3340 683 3404 reticus;
715 3340 809 3394 sed
841 3339 998 3392 aliam
1028 3354 1147 3390 cum
1195 3337 1461 3402 Nestorio,
1491 3348 1581 3391 aut
1624 3337 1908 3392 Theodoro
1933 3354 2028 3407 po-

460 3409 570 3464 tius
599 3412 886 3477 magistro,
917 3407 1200 3462 catholicis
1225 3408 1470 3462 omnibus
1518 3409 1675 3462 aliam
1709 3409 2024 3478 Augustino,

461 3488 590 3542 etc.,
611 3481 929 3549 ca'tcrisquc
956 3481 1153 3544 peccati
1182 3478 1455 3546 originalis
1482 3479 1874 3533 defensoribus.

535 3549 669 3605 Hinc
689 3558 867 3604 autem
901 3549 1142 3618 intellige
1193 3565 1350 3604 unam
1383 3551 1451 3602 de
1504 3549 1670 3603 tribus
1715 3553 1893 3605 causis
1929 3565 2026 3604 cur

461 3621 825 3688 Apollinarius
879 3619 1109 3673 voluerit
1163 3618 1382 3691 Christo
1446 3619 1681 3691 verbum
1743 3636 1864 3677 esse
1931 3636 2026 3691 pro

465 3701 645 3746 mente
673 3692 932 3745 humana:
994 3705 1096 3742 non
1150 3690 1365 3744 videbat
1411 3690 1606 3759 quippe
1649 3690 1942 3760 quomodo,
1982 3693 2024 3747 si

462 3761 641 3815 anima
669 3770 813 3816 esset
854 3777 920 3816 ex
953 3762 1198 3827 traduce,
1223 3760 1363 3828 quod
1409 3762 1629 3814 omnino
1679 3763 2024 3818 asserendutn

463 3832 720 3902 putabat,
745 3841 804 3886 ut
835 3840 1106 3902 peccatum
1138 3832 1396 3901 originale
1441 3831 1840 3898 defenderetur,
1873 3849 2024 3888 suum

467 3901 714 3958 Christus
739 3917 844 3956 non
869 3901 1090 3958 haberet
1119 3913 1392 3971 peccatum
1421 3903 1681 3972 originale
1709 3919 1826 3958 cum
1849 3903 2026 3959 anima

464 3973 789 4030 traductum.
826 3972 1067 4042 lntellige
1084 3976 1283 4044 pariter
1326 3989 1419 4027 cur
1447 3972 1762 4044 Theodorus
1785 3974 2028 4043 MOpsue-

463 4053 650 4100 stenus
686 4057 792 4099 tam
841 4047 1034 4098 acriter
1079 4043 1428 4098 insectaretur
1484 4043 1894 4112 Apollinarium,
1928 4061 2027 4100 nec

465 4123 644 4171 tamen
671 4125 815 4170 tanto
837 4115 1014 4168 studio
1045 4115 1282 4169 veritatis
1302 4115 1600 4176 catholicae,
1626 4127 1821 4181 quanto
1842 4131 2027 4169 amore

465 4199 580 4240 sua:
626 4187 865 4248 limosis,
916 4198 1021 4254 qua
1074 4185 1277 4240 nullum
1322 4185 1530 4240 dicebat
1582 4199 1702 4239 esse
1753 4193 2026 4252 peccatum

461 4256 742 4325 originale,
774 4255 858 4310 cui
885 4255 1228 4309 vehementer
1258 4256 1614 4324 Apollinarius
1644 4259 1988 4326 repugnabat.

469 4353 472 4355 λ
540 4337 562 4365 ο
599 4326 663 4380 Ει
695 4325 779 4379 hic
799 4341 1009 4395 quoque
1038 4326 1264 4394 maligne
1297 4337 1546 4391 petuntur
1586 4325 1873 4380 catholici:
1905 4343 2024 4381 cum

467 4397 608 4451 enim
632 4397 764 4450 duas
788 4398 972 4451 itidem
999 4395 1112 4450 site
1138 4397 1372 4450 Novatus
1400 4399 1514 4451 sive
1561 4395 1887 4450 Novatianus
1935 4413 2028 4451 v0-

463 4466 622 4521 luerit
649 4481 768 4522 esse
791 4466 871 4519 sui
901 4467 1099 4519 erroris
1142 4479 1350 4532 partes;
1378 4483 1558 4532 unam,
1587 4477 1642 4520 ut
1661 4476 1882 4522 testatur
1908 4467 2027 4522 Tri-

465 4537 743 4592 dentinum
797 4537 1080 4607 concilium
1112 4537 1277 4604 (Sess.
1329 4539 1414 4604 14,
1448 4555 1492 4589 ‹·.
1533 4536 1607 4606 1),
1657 4554 1757 4606 qua
1811 4547 2029 4607 negaret

2155 1925 2238 1977 vel
2268 1924 2596 2000 Augustinus
2636 1922 2687 1975 in
2717 1922 2852 2000 libro
2879 1923 2947 1975 de
2977 1921 3303 2000 ﬂmresibtts,
3342 1925 3424 1978 vel
3447 1921 3739 2000 ilict-ony-

2154 2009 2273 2047 mus
2321 1991 2374 2048 in
2410 1993 2665 2060 Operihus
2691 1992 2951 2046 adversus
2976 1991 3317 2048 Jovinianum
3335 2034 3350 2057 ,
3379 1996 3459 2050 vel
3487 1991 3739 2056 Julianus

2154 2063 2269 2134 ipse
2310 2065 2361 2118 in
2393 2063 2728 2117 confessione
2760 2062 2878 2116 lidei
2903 2107 2916 2128 ,
2950 2064 3148 2131 aliique
3193 2064 3431 2132 ejusdem
3463 2067 3561 2121 teri
3587 2071 3732 2122 scri-

2152 2147 2370 2204 ptores:
2413 2134 2577 2187 verbo
2607 2134 2750 2187 enim
2782 2134 2974 2202 attigit,
3017 2135 3156 2202 quod
3212 2149 3332 2190 cum
3387 2138 3736 2198 restrit-tione

2151 2204 2372 2277 intelligi
2396 2204 2551 2258 facile
2576 2212 2758 2277 posset
2778 2204 2846 2277 ab
2873 2204 3144 2274 omnibus,
3179 2221 3284 2260 non
3325 2207 3524 2277 ignaris
3549 2209 3734 2266 haere-

2149 2287 2273 2344 seos
2299 2273 2385 2328 vix
2412 2289 2516 2329 non
2544 2273 2719 2328 adhuc
2744 2275 2991 2344 vigentis.

2219 2343 2465 2400 Julianus
2499 2343 3017 2414 Augustino’objceit
3038 2347 3348 2402 societatem
3375 2350 3574 2403 erroris
3601 2368 3728 2408 cum

2147 2413 2456 2487 Joviniano,
2490 2413 2937 2487 proptereaquod
2987 2416 3292 2485 scripsisset
3319 2417 3453 2487 (Lib.
3489 2421 3598 2474 tad
3617 2419 3730 2476 Bo-

2146 2487 2244 2554 nif.
2270 2503 2316 2539 c.
2358 2486 2438 2552 2),
2468 2502 2567 2538 non
2593 2484 2742 2554 posse
2768 2484 3023 2539 hominem
3065 2484 3183 2540 boni
3218 2484 3418 2557 aliquid
3443 2491 3591 2551 relle.
3623 2495 3729 2548 nisi

2146 2557 2416 2626 adjuvetur
2462 2556 2526 2610 ab
2556 2572 2613 2610 eo
2647 2557 2735 2624 qui
2769 2557 2960 2609 malum
2991 2573 3092 2610 non
3138 2556 3310 2624 potest
3329 2561 3468 2614 velle.
3505 2560 3724 2620 Dictum

2146 2629 2292 2681 enim
2316 2627 2696 2696 interpretatus
2753 2635 2854 2691 est,
2892 2630 3040 2696 quasi
3068 2638 3281 2682 sanctus
3307 2630 3494 2685 doctor
3520 2634 3726 2689 voluis-

2145 2707 2252 2768 set,
2284 2699 2351 2751 ab
2387 2713 2453 2751 eo
2495 2697 2582 2763 qui
2614 2697 2703 2751 Dei
2735 2699 2955 2765 gratiam
3003 2699 3211 2768 accipit,
3255 2716 3359 2754 non
3393 2711 3595 2756 tantum
3627 2720 3726 2759 vo-

2144 2767 2401 2824 luntatem
2434 2768 2662 2832 bonam,
2691 2782 2848 2836 quam
2874 2768 3016 2822 Deus
3045 2767 3223 2834 habet,
3254 2771 3345 2824 sed
3398 2774 3556 2827 etiam
3601 2791 3722 2831 mo-

2143 2837 2269 2912 dum
2300 2838 2554 2912 habendae
2575 2839 2861 2892 voluntatis
2893 2840 3068 2902 honre,
3090 2855 3217 2912 qua:
3245 2844 3556 2912 necessitas,
3593 2861 3720 2912 par-

2144 2909 2372 2978 ticipari.
2427 2908 2556 2964 Vide
2585 2922 2747 2976 super
2775 2924 2838 2962 ea
2881 2925 2941 2963 re
2969 2911 3224 2976 prolixam
3276 2911 3416 2966 inter
3441 2908 3717 2972 Julianutn

2141 2988 2196 3060 et
2224 2980 2839 3060 sanctumAugustin‘utn
2893 2980 3293 3036 altercationem
3326 2983 3465 3053 (Lib.
3519 3003 3566 3040 tv
3601 2986 3711 3060 0p.

2140 3047 2362 3118 Imperi.
2385 3067 2430 3102 c.
2465 3049 2559 3103 121
2582 3047 2778 3118 ίδεᾳιιῴ

2214 3130 2237 3156 ο
2271 3123 2342 3174 De
2381 3120 2753 3174 discernendis
2784 3134 2812 3172 a
2851 3120 2954 3176 ﬁde
2981 3121 3240 3178 catholica
3296 3123 3714 3184 Manichmorum

2139 3189 2364 3262 deliriis.
2395 3190 2464 3244 ita
2493 3191 2730 3259 disputat
2770 3191 2822 3244 in
2866 3202 3091 3262 utroque
3119 3211 3283 3262 opere
3309 3199 3564 3253 adversus
3611 3200 3682 3255 Ju
3702 3234 3716 3245 -

2138 3261 2336 3340 lianum
2364 3272 2578 3340 sanctus
2606 3265 2949 3340 Augustinus,
2982 3261 3037 3316 nt
3068 3261 3170 3318 non
3202 3265 3272 3340 sit
3307 3268 3518 3340 aliunde
3541 3271 3719 3340 major

2131 3331 2224 3386 lux
2277 3333 2540 3407 Speranda
2562 3373 2574 3394 ,
2610 3348 2722 3407 qua
2747 3333 3122 3407 pervideanﬁtttr
3153 3335 3372 3392 nefariae
3423 3331 3718 3407 impietatis

2129 3404 2408 3473 mysteria.
2444 3403 2610 3457 Porro
2639 3403 2885 3458 Julianus
2924 3408 2999 3458 ait
3029 3405 3346 3462 Manichzeos
3373 3403 3574 3466 sentire
3597 3415 3718 3466 ani-

2133 3489 2274 3546 mam
2307 3474 2534 3528 hominis
2557 3487 2587 3526 a
2628 3475 2767 3546 bono
2796 3475 2906 3529 Deo
2930 3475 3170 3543 ﬂuxisse,
3213 3494 3432 3533 carnem
3474 3495 3502 3532 ιι
3534 3485 3711 3546 malo.

2129 3542 2361 3613 ideoque
2393 3546 2614 3599 alteram
2663 3545 2815 3600 alteri
2860 3542 3196 3618 continenter
3240 3565 3473 3618 pugnare
3509 3568 3522 3604 :
3581 3542 3708 3608 cum

2131 3624 2307 3688 tamen
2336 3625 2552 3670 sanctus
2581 3619 2908 3685 Augu-tinus
2941 3616 3084 3688 (Lib.
3134 3620 3196 3672 de
3237 3616 3447 3676 Duabus
3490 3623 3717 3678 Anima-

2130 3684 2244 3756 bus)
2281 3687 2412 3741 hanc
2447 3684 2682 3756 pugnam
2703 3689 2906 3741 scribat
2949 3684 2980 3742 a
3035 3689 3340 3746 Manichzcis
3383 3691 3597 3748 refundi
3661 3697 3716 3751 itt

2130 3757 2400 3826 disparem
2451 3759 2675 3812 duarqu
2731 3760 3030 3814 animarum
3077 3762 3128 3814 in
3162 3777 3268 3817 uno
3299 3763 3519 3819 homine
3554 3776 3720 3820 natu-

2130 3843 2266 3882 ram.
2305 3828 2495 3882 Verum
2530 3832 2699 3898 potuit
2724 3829 2969 3884 Julianus
2999 3832 3214 3886 nomine
3265 3835 3442 3888 carnis
3473 3835 3714 3892 aniu‘tam

2129 3899 2424 3974 carnalem,
2457 3915 2575 3969 qua:
2606 3900 2804 3974 a_malo
2834 3901 2943 3954 Deo
2967 3910 3130 3967 esset,
3165 3905 3490 3974 intelligere.

2209 3969 2232 4048 ς
2269 3970 2468 4048 Eadem
2505 3971 2731 4048 omnino
2784 3980 2909 4025 sunt
2961 3974 3097 4048 apud
3151 3969 3567 4048 mlest'inmiin
3592 3977 3718 4048 epi-

2130 4040 2267 4096 stola
2294 4043 2358 4094 ad
2386 4041 2616 4095 clericos
2669 4040 2959 4097 Romanos.
2997 4040 3228 4099 ’Accedit
3283 4062 3412 4102 vero
3463 4040 3717 4102 Julianus

2130 4112 2196 4186 ad
2231 4113 2810 4186 faciendascatholicis
2836 4115 3209 4186 defensoribus
3240 4119 3442 4185 peccati
3474 4119 3716 4186 origina-

2131 4183 2197 4237 lis
2226 4199 2413 4236 novem
2439 4183 2736 4258 calumnias
2755 4184 2929 4256 (Apud
2953 4187 3165 4257 August.
3195 4183 3284 4240 lib.
3308 4204 3326 4242 ι
3354 4193 3423 4242 ad
3453 4183 3662 4258 Bouif.)
3699 4207 3714 4242 ε

2130 4264 2347 4326 accusat
2378 4254 2518 4306 enim
2539 4255 2696 4326 quasi
2726 4254 3048 4316 assererent;
3101 4258 3314 4326 nuptias
3359 4261 3426 4314 ab
3487 4254 3716 4314 auctore

2129 4325 2344 4378 diabolo
2373 4325 2914 4388 exstitisse;illarum
2969 4327 3105 4381 filios
3156 4325 3434 4383 diabolica:
3492 4329 3713 4384 arboris

2132 4410 2252 4448 esse
2300 4395 2535 4469 fructus;
2593 4410 2780 4469 omnes
2829 4413 2992 4466 usque
3041 4397 3106 4451 ad
3155 4398 3353 4454 Christi
3402 4400 3714 4469 passionem

2131 4475 2350 4535 propter
2383 4467 2433 4538 id
2472 4465 2611 4538 quod
2656 4467 2747 4538 de,
2774 4465 3095 4521 ntltrimonii
3153 4465 3422 4538 voluptate
3472 4471 3716 4538 suscepti

2133 4546 2276 4607 sunt,
2330 4553 2358 4589 a
2406 4537 2623 4590 diabolo
2667 4537 2789 4605 jure
2839 4537 3147 4607 aequissimo
3180 4537 3480 4606 possideri;
3515 4537 3717 4595 Filium

465 4609 643 4662 datam
686 4623 805 4662 esse
836 4622 864 4660 a
911 4605 1124 4680 Christo
1148 4607 1407 4680 Ecclesiae
1458 4617 1773 4674 potestatein
1830 4605 2026 4680 remit-
2054 4620 2109 4680 ι)
2137 4606 2225 4659 Dei
2261 4607 2627 4680 tantummodo
2654 4623 2682 4660 a
2713 4605 2952 4674 tempore
2978 4610 3242 4677 passionis
3267 4613 3447 4677 generi
3473 4611 3720 4666 humano

463 4680 607 4735 tendi
657 4690 868 4749 peccata
923 4685 1042 4746 post
1094 4677 1271 4741 tidem,
1323 4679 1372 4731 id
1419 4688 1518 4749 e~t,
1555 4689 1670 4744 post
1698 4679 2020 4746 baptismum

462 4747 788 4812 commissa;
840 4749 1058 4802 alti-ram
1092 4791 1106 4814 ,
1167 4763 1288 4818 qua:
1339 4747 1601 4818 colligitur
1644 4765 1707 4804 es
1757 4751 2028 4804 veteribus

462 4821 834 4893 scriptoribus,
853 4835 919 4873 ne
949 4821 1100 4873 aDeo
1123 4819 1334 4893 quidem
1366 4823 1558 4893 remitti
1581 4822 1758 4873 omnia
1789 4831 2026 4893 peccata,

461 4891 555 4946 sed
587 4891 782 4947 leviora
816 4899 1040 4955 tantum,
1065 4891 1310 4958 graviora
1351 4906 1476 4942 vero
1504 4891 1676 4958 puniri
1708 4906 1942 4960 semper,
1974 4892 2026 4945 in

462 4971 744 5032 utramque
783 4962 995 5015 videtur
1018 4964 1320 5026 resiiexisse
1349 4961 1613 5024 Julianus,
1657 4972 1707 5015 nt
1743 4963 1792 5015 in
1822 4969 2027 5017 crimen

465 5043 679 5088 vocaret
705 5034 1020 5088 defensores
1062 5033 1262 5098 peccati
1291 5033 1583 5100 originalis,
1624 5034 1772 5101 quasi
1803 5033 2023 5095 vellent,

463 5119 638 5172 neque
671 5120 762 5169 ier
793 5104 1158 5172 paenitentiam
1185 5103 1382 5167 cordis,
1408 5119 1578 5173 neque
1607 5118 1700 5171 per
1725 5117 2031 5157 sacramen-

467 5184 577 5230 tum
635 5174 981 5243 pmnitentite,
1030 5188 1277 5242 peccata,
1307 5174 1390 5228 vel
1441 5175 1640 5238 omnia,
1691 5175 1773 5228 vel
1815 5177 2032 5228 omnino

465 5247 608 5307 tolli;
644 5258 924 5316 preptert-a
970 5245 1132 5312 quod,
1181 5245 1250 5316 ob
1307 5256 1673 5299 remanentem
1715 5245 1767 5298 in
1815 5244 2034 5316 homine

463 5313 971 5384 concupiscentiam,
999 5315 1386 5371 contenderent
1413 5318 1678 5370 neminem
1711 5331 1832 5369 eSse
1860 5317 1909 5368 in
1934 5313 2033 5372 hac

463 5385 572 5457 vita
601 5385 689 5454 qui
714 5402 816 5441 non
845 5396 996 5456 egeat
1025 5386 1263 5457 qumidie
1291 5386 1505 5441 dicere:
1541 5384 1752 5440 Dimitte
1778 5385 1922 5440 nobis
1946 5388 2036 5440 de-

465 5455 569 5508 bita
600 5466 794 5511 nostra.

535 5523 832 5595 dPelagius
871 5528 1027 5596 paqu
1077 5528 1235 5582 aliter
1277 5545 1290 5580 :
1334 5525 1571 5581 Liberum
1615 5527 1686 5580 sic
1735 5528 2036 5596 conﬁtemur

467 5597 758 5660 arbitrium,
793 5606 896 5652 etc.
931 5599 1039 5653 Etsi
1061 5614 1188 5654 vero
1216 5597 1411 5652 dixerit
1459 5615 1485 5650 a
1513 5596 1796 5652 Joviniano
1841 5602 2027 5662 asseri,

468 5669 738 5723 hominem
777 5683 880 5723 non
914 5685 1073 5739 posse
1103 5685 1344 5737 peccare,
1389 5684 1510 5722 cum
1560 5667 1611 5722 id
1640 5669 1706 5722 ab
1738 5683 1802 5723 eo
1833 5685 1936 5722 non
1965 5671 2036 5724 sit

465 5750 727 5795 assertum
756 5739 1095 5810 simpliciter,
1118 5741 1211 5796 sed
1242 5754 1362 5794 cum
1416 5739 1517 5792 hac
1545 5740 1879 5806 exceptione,
1915 5751 2034 5808 post

463 5820 769 5876 susceptum
821 5809 1085 5864 lavacrum
1143 5809 1600 5878 regenerationis;
1656 5825 1760 5865 non
1821 5811 2033 5867 videtur

2137 4678 2364 4749 coepisse
2402 4677 2690 4746 prodesse;
2746 4689 2962 4746 peccata
3018 4695 3122 4733 non
3178 4683 3391 4749 penitus
3441 4681 3612 4736 deleri
3663 4684 3720 4738 in

2138 4747 2436 4822 baptismo;
2469 4757 2682 4822 sanctos
2731 4747 3302 4822 veterisTestamenti
3340 4768 3460 4807 cunt
3491 4764 3722 4822 peccato

2135 4816 2202 4890 de
2232 4819 2330 4871 hac
2357 4824 2458 4871 vita
2491 4821 2781 4890 migrasse;
2816 4821 3082 4875 hominem
3117 4821 3170 4876 in
3211 4816 3724 4890 peccatum'neces-

2135 4889 2292 4942 sitate
2351 4889 2713 4958 praecipitari;
2771 4893 3106 4946 Salvatorem
3159 4889 3478 4948 necessitate
3531 4897 3721 4950 carnis

2133 4957 2301 5014 fuisse
2331 4957 2611 5034 mentitum
2634 4976 2648 5024 ;
2668 4971 2731 5034 et
2753 4975 2968 5030 propter
2993 4963 3233 5030 eju~dem
3263 4964 3719 5034 impedimentum

2136 5045 2240 5084 non
2273 5031 2506 5100 pomisse
2536 5031 2714 5084 omnia
2743 5049 2860 5102 qua:
2893 5035 3127 5090 volebat.

2209 5111 2234 5148 8
2276 5103 2425 5157 Hanc
2464 5103 2783 5157 eatnnmiatn
2825 5117 2875 5157 nt
2910 5116 3257 5160 removereta
3282 5106 3562 5161 catholicis
3607 5107 3725 5161 Au-

2135 5173 2404 5240 gustinus,
2435 5173 2646 5242 scripsit
2669 5174 2805 5228 duos
2833 5175 2997 5230 libros
3025 5176 3089 5230 ad
3123 5174 3393 5231 Valerium
3423 5177 3716 5242 camitem,

2136 5243 2217 5319 de
2245 5245 2438 5312 quibus
2461 5244 2681 5319 consule
2701 5245 2814 5319 _li_b.
2846 5261 2882 5299 tt
2929 5247 3384 5302 [tetractationum
3417 5247 3570 5318 (Cap.
3599 5246 3726 5319 55).

2137 5314 2407 5387 Adversus
2438 5316 2666 5382 primum
2691 5314 2933 5371 Julianus
2953 5314 3723 5387 composuitquatuor'tibros:

2138 5394 2261 5440 octo
2287 5384 2542 5439 adversus
2576 5387 2890 5458 secundum.
2923 5384 3116 5456 quibus
3147 5384 3426 5451 reSpondit
3464 5391 3727 5458 Augusti—

2139 5472 2243 5528 nus
2269 5467 2496 5528 utroque
2522 5467 2708 5513 contra
2729 5456 2997 5512 lulianum
3025 5475 3211 5528 opere.
3237 5459 3370 5515 Vide
3393 5456 3618 5515 dissert.
3641 5475 3685 5515 ι.

2214 5523 2243 5563 ³³
2282 5523 2605 5597 Legebatur,
2651 5529 2928 5594 uoluntate,
2969 5523 3307 5585 sed‘vitiose.
3332 5531 3419 5587 Sic
3449 5531 3596 5586 enim
3628 5530 3729 5586 Ju-

2144 5598 2318 5672 lianus
2350 5599 2481 5672 ipse
2506 5599 2679 5672 (Apud
2731 5599 2948 5669 August.
2981 5601 3067 5654 lib.
3099 5614 3235 5656 cont.
3266 5601 3377 5656 Jul.
3409 5619 3454 5656 c.
3492 5602 3586 5672 12)
3617 5622 3629 5658 :
3667 5601 3735 5658 Si

2141 5669 2419 5743 Apostolus
2448 5669 2957 5743 detradugepeccati
2979 5673 3296 5742 loquebatur,
3327 5669 3581 5743 nusquam
3598 5691 3736 5729 con-

2140 5741 2401 5812 gruentius
2423 5740 2636 5815 diceret.
2688 5738 2814 5794 Ideo
2837 5738 3130 5809 pertransiit
3153 5738 3445 5810 peccatum,
3463 5747 3588 5815 quia
3611 5762 3740 5801 om-

2141 5827 2228 5863 nes
2258 5819 2372 5864 sunt
2399 5812 2460 5863 de
2489 5815 2765 5882 conjugum
2797 5815 3057 5880 voluptate
3083 5818 3331 5878 generati.

3781 759 3798 788 ι’
