3882 6284
146 174 239 233 525
299 164 599 226 DlSSERT.
643 165 707 221 ν.
749 165 836 221 DE
872 162 1187 235 ‘LIBELLIS
1225 162 1408 221 FIDE]
1447 160 1757 220 SCRIPTIS
1795 159 1886 218 AB
1924 153 2363 218 AUCTORIBUS
2398 152 2720 213 {UERESIS
2757 138 3199 212 ΡΕιᾹῦιΑΝιΕ.
3275 150 3380 213 526

147 288 231 347 diei
250 286 467 339 fatentur
487 279 628 351 quod
655 278 738 333 lea:
761 285 935 333 nostra
958 294 1057 333 non
1071 279 1273 349 judicet
1299 275 1691 342 hominem,nisi
1720 280 1772 337 Α
1799 278 2003 344 fuerant
2046 272 2101 325 in
2147 268 2573 343 peregrinationis
2613 283 2806 334 errore,
2855 276 2901 322 et
2913 267 3137 339 justitite
3164 268 3220 322 in
3245 277 3382 325 sorte

146 382 200 438 ab
219 381 319 452 ipso
344 373 565 429 audierit
589 380 636 427 et
664 372 952 444 cognouerit
972 370 1097 443 quid
1122 371 1299 441 faciat.

204 471 252 528 5.
293 468 358 525 Ει
402 466 459 522 in
487 465 708 522 Actibus
743 465 1125 536 Apostolorum
1158 462 1293 536 (Act.
1318 477 1450 531 xxv,
1480 461 1569 532 l6)
1600 476 1695 532 per

145 564 345 642 gentiles
368 560 514 617 Festi
541 560 746 615 similes
778 559 986 629 prolata
1014 567 1096 614 est
1121 558 1389 613 sententia
1418 556 1563 628 quod
1592 570 1695 610 non

100 706 103 715 .
148 662 203 717 sit
227 655 531 713 consuetudo
560 652 813 709 Romanis
841 655 1088 707 damnare
1131 652 1353 723 aliquem
1398 653 1696 722 priusquam

148 754 219 827 qui
245 758 530 817 accusatur,
564 758 843 817 praesentes
870 747 1052 803 habeat
1081 754 1400 801 accusatores
1430 745 1697 814 locumque

149 844 431 917 defendendi
455 843 677 911 accipiat
702 844 771 897 ad
809 842 1117 898 abluendum
1140 842 1381 895 crimina.

207 942 253 995 6.
284 936 431 994 Unde
453 945 506 991 et
531 948 749 991 sanctus
778 937 1055 1005 apostolus
1082 933 1278 990 Paulus
1302 931 1579 1004 judicandi
1608 946 1699 987 re-

149 1033 299 1106 gulam
326 1028 600 1099 episcopis
630 1031 883 1085 sanciens
910 1030 987 1085 ait
1018 1028 1061 1101 (Ι
1090 1026 1227 1082 Tim.
1256 1043 1311 1094 v,
1342 1026 1434 1097 19)
1467 1042 1481 1080 :
1511 1024 1703 1079 Adver-

148 1140 219 1180 sus
243 1122 588 1194 presbyterum
633 1121 1010 1175 accusationem
1036 1120 1145 1173 noli
1190 1119 1438 1189 recipere,
1488 1116 1586 1171 nisi
1608 1114 1702 1169 sub

149 1212 321 1269 duobus
348 1220 441 1265 aut
468 1211 632 1266 tribus
661 1212 895 1267 testibus.

204 1306 251 1358 7.
284 1302 369 1358 llis
407 1302 568 1372 igitur
592 1314 644 1358 et
669 1303 879 1359 cmteris
903 1302 1225 1358 testimoniis
1249 1300 1570 1367 conﬁrmati,
1597 1314 1706 1356 me-

150 1398 320 1453 tuimus
368 1394 425 1448 in
479 1394 762 1450 absentum
823 1403 876 1450 et
930 1395 1083 1451 nobis
1126 1392 1487 1449 inauditorum
1532 1391 1707 1461 capita

149 1490 327 1545 dictare
347 1488 693 1557 sententiam,
717 1488 823 1544 nisi
842 1502 963 1544 cum
980 1495 1280 1559 praesentes
1297 1486 1498 1543 fuerint
1514 1484 1707 1541 confu-

148 1581 244 1638 tati.

1795 373 2058 419 versantur
2081 362 2169 433 qui
2203 362 2412 432 fuerant
2434 361 2490 417 in
2518 360 2820 431 confusione
2840 359 3060 431 peccati.
3095 357 3221 414 Non
3246 359 3383 415 enim

1796 466 1999 513 tantum
2018 464 2135 512 sunt
2165 455 2333 523 liberi,
2350 453 2448 511 sed
2493 462 2545 508 et
2586 452 2789 520 sancti;
2836 468 2944 509 non
2971 459 3169 509 tantum
3190 452 3379 521 sancti,

1795 549 1887 604 sed
1924 556 1975 604 et
2003 548 2170 621 justi;
2212 563 2319 603 non
2364 550 2536 602 solum
2557 546 2713 615 justi,
2737 546 2830 601 sed
2855 552 2905 600 et
2928 546 3061 615 filii;
3082 561 3190 601 non
3214 544 3383 600 solum

1799 640 1918 712 ﬁlii,
1940 642 2029 696 sed
2050 651 2097 695 et
2126 640 2386 709 hieredes;
2406 656 2511 695 non
2536 638 2709 694 solum
2737 636 2987 706 hieredes,
3010 638 3100 693 sed
3130 646 3176 692 et
3199 640 3386 709 fratres

1800 732 2025 801 Christi;
2046 750 2148 788 non
2174 742 2375 789 tantum
2403 733 2591 803 fratres
2622 729 2838 797 Christi,
2869 729 2960 787 sed
2983 741 3035 786 et
3060 730 3387 798 cohaeredes;

1800 841 1904 880 non
1945 834 2145 879 tantum
2188 823 2503 891 cohwredes,
2530 823 2619 879 sed
2646 832 2695 877 et
2732 822 2991 889 membra;
3015 838 3121 876 non
3158 821 3386 877 membra

1803 928 2025 986 tantum,
2052 918 2141 974 sed
2169 926 2217 973 et
2245 918 2525 987 templum;
2556 933 2661 973 non
2688 925 2890 971 tantum
2915 915 3180 989 templum,
3210 914 3300 968 sed
3341 924 3390 968 et

1807 1028 2001 1083 organa
2028 1012 2263 1082 spiritus.
2290 1008 2604 1066 Benedictus
2648 1009 2810 1078 Deus,
2861 1009 2950 1080 qui
2981 1009 3102 1081 fecit
3130 1005 3390 1062 mirabilia

1803 1103 1965 1159 solus.
1987 1101 2142 1157 Vides
2169 1110 2292 1172 quot
2308 1102 2413 1156 sint
2430 1102 2755 1172 baptismatis
2775 1101 3038 1172 largitates
3056 1100 3081 1154 7
3100 1108 3148 1154 et
3167 1097 3391 1152 nonnul—

1806 1195 1869 1249 lis
1916 1194 2121 1265 quidem
2168 1194 2369 1249 videtur
2415 1193 2665 1248 calestem
2706 1194 2935 1267 gratiam
2962 1192 3025 1245 in
3049 1199 3374 1261 peccatorum

1808 1296 2007 1340 tantum
2038 1286 2336 1342 remissione
2364 1283 2791 1339 consistere.'Nos
2813 1295 2983 1339 autem
3013 1285 3229 1339 honores
3257 1298 3395 1338 com-

1808 1380 2100 1451 putavimus
2122 1379 2296 1435 decem
2320 1394 2341 1433 :
2366 1379 2464 1432 hac
2501 1379 2567 1433 de
2611 1394 2770 1435 causa
2796 1378 2952 1433 etiam
2980 1376 3269 1448 infantulos
3300 1376 3398 1430 ba-

1807 1472 2084 1544 ptizamus,
2109 1487 2224 1526 cum
2250 1486 2357 1525 non
2377 1470 2481 1524 sint
2506 1470 2827 1541 coinquinati
2850 1472 3089 1538 peccatis,
3120 1476 3177 1523 ut
3200 1468 3275 1522 eis
3300 1466 3399 1522 ad-

1811 1565 1967 1619 datur
1990 1565 2258 1632 sanctitas,
2270 1564 2500 1636 justitia,
2522 1564 2756 1635 adoptio,
2783 1561 3079 1630 haereditas,
3099 1564 3397 1633 fraternitas

206 1673 253 1728 8.
279 1671 534 1740 Quamvis
573 1671 735 1742 igitur
788 1670 1142 1727 sacerdotalis
1173 1670 1336 1726 ofﬁcii
1374 1670 1447 1727 sit
1474 1678 1529 1727 et
1552 1668 1707 1724 Chri-
1736 1665 1783 1727 B
1812 1658 2025 1727 Christi,
2074 1670 2132 1715 ut
2181 1661 2293 1729 eius
2320 1657 2546 1715 multra
2573 1658 2698 1725 sint.
2724 1666 2774 1711 et
2822 1657 3039 1727 spiritus
3088 1655 3399 1714 inhabitat“

147 1764 309 1820 stianze
342 1761 627 1817 cbaritatis
657 1777 754 1818 eos
781 1764 877 1834 qui
903 1777 965 1819 se
994 1763 1195 1818 libellis
1218 1770 1448 1834 purgant
1486 1761 1713 1818 catholi-

150 1870 230 1911 cos
271 1855 619 1924 conﬁtentur,
651 1864 705 1911 et
731 1854 1061 1911 damnabilis
1091 1855 1191 1911 sibi
1220 1856 1431 1925 objecta
1459 1854 1713 1911 condem-

148 1957 261 2005 nant
288 1946 453 2003 libera
485 1948 805 2004 auctoritate
833 1947 1146 2018 defendere,
1176 1958 1232 2004 et
1260 1947 1312 2003 in
1336 1947 1512 2004 dubiis
1550 1947 1714 2005 rebus

148 2040 206 2097 de
253 2055 572 2111 unoquoque
620 2041 846 2097 meliora
875 2042 1108 2108 sentire;
1154 2050 1331 2097 tamen
1359 2042 1559 2098 dudum
1586 2057 1715 2112 pro-

148 2132 345 2187 missam
373 2133 700 2202 equalitatis
722 2133 915 2189 libram
947 2134 1179 2189 mediam
1236 2135 1377 2190 inter
1429 2144 1716 2205 utrumque

149 2241 430 2301 servantes,
458 2248 559 2290 nec
588 2232 906 2291 damnamus
933 2232 1209 2291 inauditos
1238 2248 1340 2291 nec
1370 2232 1716 2292 defensamus

149 2323 405 2381 absentes.

204 2419 255 2473 9.
298 2418 523 2474 Certum
575 2420 646 2474 sit
692 2420 853 2491 igitur
902 2419 1043 2490 apud
1086 2420 1430 2475 sanctitatem
1458 2427 1718 2485 vestram,

147 2509 252 2581 quia
279 2512 679 2582 quantumlibet
706 2512 811 2567 hoc
830 2527 983 2567 mare
1011 2511 1188 2567 ventis
1207 2510 1458 2567 flantibus
1487 2513 1722 2567 intume—

144 2609 260 2666 scat,
294 2610 347 2657 et
364 2604 564 2658 amaris
594 2603 649 2658 in
686 2617 785 2659 nos
828 2602 1381 2667 ﬂuctibus'eﬁ‘eratur,
1419 2616 1716 2671 numquam

142 2692 319 2765 integri
365 2694 558 2765 iudicii
588 2695 832 2762 domum,
862 2710 985 2764 quae
1037 2710 1204 2766 supra
1226 2696 1490 2766 justitiam
1521 2691 1723 2750 Christi

144 2784 346 2842 fundata
370 2798 480 2855 est,
514 2788 712 2857 poterit
749 2803 1115 2845 commovere.

198 2881 283 2936 ω.
344 2881 487 2936 Illud
537 2882 726 2949 etiam,
779 2892 966 2938 sancte
1002 2896 1067 2936 ac
1095 2882 1423 2937 venerabilis
1449 2882 1644 2937 Frater
1671 2889 1726 2938 et

147 2971 286 3029 Pater
316 2975 625 3044 Augustine
673 2972 817 3047 (Car.
861 2973 1127 3046 Zozime),
1162 2975 1473 3031 necessario
1500 2990 1726 3046 respon-

148 3065 365 3122 dendum
419 3067 727 3137 putavimus
767 3076 793 3105 ι
822 3067 965 3137 quod
994 3066 1168 3124 beatae
1200 3068 1475 3124 memoriae
1506 3068 1721 3137 episco-
1750 3055 1796 3118 C

150 3172 258 3227 pum
284 3158 554 3216 Joannem
586 3160 640 3215 in
662 3159 894 3230 epistola
937 3160 1236 3216 sanctitatis
1262 3169 1371 3216 tua
1412 3160 1721 3217 rectissime

150 3250 475 3318 eollaudasti,
510 3267 618 3306 non
663 3252 839 3309 solum
891 3267 996 3307 non
1041 3252 1377 3309 destruxisse
1424 3253 1724 3319 Ecclesias,

150 3341 231 3397 sed
257 3342 419 3398 etiam
450 3344 822 3401 conﬁrmasse.
848 3344 897 3400 Is
926 3359 1160 3415 namque
1187 3345 1254 3401 ad
1300 3344 1614 3418 Neopbytos
1667 3346 1722 3400 in

152 3431 338 3499 libello,
364 3435 495 3505 quid
524 3436 593 3491 de
615 3436 942 3507 baptismate
962 3438 1247 3494 infantium
1272 3436 1521 3504 sentiret,
1554 3435 1722 3506 ipsius

150 3528 311 3583 verbis
358 3529 722 3598 subdidimus,
776 3539 835 3585 ut
861 3531 1029 3587 etiam
1054 3545 1171 3595 vos,
1221 3545 1255 3583 ο
1294 3538 1479 3586 sancte
1506 3528 1719 3595 Frater,

152 3618 376 3685 praedicti
397 3620 511 3676 viri
530 3634 693 3691 super
720 3621 821 3677 bac
847 3637 911 3677 re
935 3621 1260 3678 sententiam
1287 3619 1650 3692 cognoscatis.

211 3711 291 3765 ll.
337 3711 367 3750 δ
422 3712 739 3769 Benedictus
787 3714 949 3782 Deus,
1003 3715 1197 3785 inquit,
1244 3715 1435 3769 iterum
1462 3712 1721 3784 dicamus,

153 3803 226 3870 qui
252 3804 366 3873 fecit
394 3805 664 3878 mirabilia
688 3806 865 3872 solus;
891 3807 978 3878 qui
1000 3807 1123 3875 fecit
1147 3806 1385 3861 uniuersa
1403 3814 1453 3860 et
1479 3807 1727 3861 convertit

154 3893 385 3949 uniuersa.
417 3876 562 3951 Ecce
586 3896 835 3951 libertatis
863 3876 1136 3951 serenitate
1163 3897 1507 3967 perfruuntur
1536 3898 1624 3967 qui
1646 3905 1721 3953 te-

156 3984 379 4042 nebantur
398 3989 563 4060 paulo
594 3998 708 4044 ante
739 3989 953 4061 captivi,
980 3999 1029 4045 et
1057 3990 1189 4045 cives
1218 3987 1470 4045 Ecclesia:
1493 3998 1616 4045 sunt
1634 3992 1723 4061 qui

1818 1752 1969 1822 ﬁant.

1892 1844 1980 1899 12.
2012 1844 2139 1900 Haec
2164 1843 2325 1914 igitur
2369 1842 2564 1899 divinis
2586 1850 2643 1899 et
2671 1839 3099 1899 sacerdotalibus
3130 1837 3399 1909 exemplis

1820 1938 2019 2009 edocti,
2052 1948 2250 1993 vestra:
2278 1938 2645 2008 suggessimus
2689 1935 2980 1992 sanctitati.
3020 1934 3270 1991 Vestrum
3298 1944 3402 2000 eat.

1816 2030 2164 2087 considerato
2179 2030 2387 2102 judicio
2408 2030 2525 2096 Dei,
2541 2028 2723 2084 omnia
2742 2028 2986 2097 diligenti
3003 2025 3407 2082 examinatione

1818 2123 2176 2198 perpendere,
2223 2131 2288 2178 ut
2335 2137 2462 2194 pax,
2491 2136 2654 2193 quam
2700 2135 2803 2176 nos
2859 2134 2889 2173 a
2933 2118 3150 2175 Christo
3176 2115 3407 2173 Domino

1818 2216 2250 2276 commendatam
2301 2230 2523 2274 servare
2574 2214 2931 2286 uiscepimus,
2962 2212 3109 2271 nullo
3151 2210 3406 2276 scandatis

1820 2310 2215 2366 interveniente
2238 2308 2498 2365 solvatur.

1894 2475 2210 2527 DISQUISITIO
2230 2475 2511 2515 IlSTOBlCA
2538 2475 2589 2513 IN
2610 2473 2873 2513 LIBELLUI
2893 2472 3034 2513 ιηηι
3056 2474 3089 2512 Δ
3112 2472 3336 2513 «ΙῠιιίΔΝο

2484 2544 2763 2585 SCRIPTUM.

1895 2645 2088 2715 Operae
2118 2644 2347 2715 pretium
2368 2651 2474 2715 est,
2496 2641 2662 2697 immo
2685 2641 3069 2715 necessarium,
3100 2641 3258 2715 paulo
3283 2640 3407 2715 dili.

1825 2710 2039 2788 gent’ius
2067 2710 2335 2784 inquirere
2362 2714 2421 2769 in
2458 2721 2672 2788 tempus
2698 2726 2807 2781 quo
2833 2710 3010 2788 editus
3056 2719 3142 2788 est
3168 2711 3405 2788 libellus.

1827 2781 1883 2845 Et
1906 2788 1963 2842 in
1995 2781 2273 2841 auctorem
2302 2800 2329 2837 a
2361 2799 2468 2854 quo
2489 2784 2757 2855 scriptus;
2777 2783 2873 2841 sed
2900 2781 3127 2852 quaestio
3152 2782 3409 2855 temporis

1827 2858 1966 2915 solvi
1996 2872 2101 2911 non
2134 2866 2331 2926 potest,
2371 2855 2575 2926 saltem
2591 2855 2737 2911 omni
2784 2870 2852 2926 es
2898 2862 3072 2924 parte,
3102 2855 3230 2926 quin
3260 2854 3409 2926 prius

1831 2924 2382 2997 innotuerit'quorum
2434 2924 2652 2997 nomine
2678 2935 2742 2997 et
2777 2925 2846 2980 ad
2875 2939 3036 2993 quem
3071 2924 3271 2997 missus
3295 2925 3367 2981 sit
3393 2942 3409 2981 :

1829 3015 2015 3055 verum
2050 3013 2148 3053 nec
2170 2995 2277 3051 ista
2308 3006 2533 3066 possunt
2563 2995 2782 3051 aliunde
2812 3005 2961 3052 certo
2990 2995 3218 3065 intelligi
3240 3010 3410 3066 quam

1830 3071 2153 3140 exipsomet
2194 3067 2404 3132 libello,
2436 3069 2489 3122 in
2532 3067 2683 3140 cujus
2735 3076 2887 3140 parte
2909 3075 3105 3136 quarta
3152 3066 3410 3140 nonnulla

1833 3137 2313 3199 animadvertenda
2341 3146 2488 3201 sunt,
2503 3137 2699 3204 quibus
2720 3137 2798 3196 sic
2818 3146 3089 3208 mquam
3108 3137 3405 3207 principiis,

1835 3212 2093 3283 deinceps
2120 3209 2624 3283 veritasprobetur.

1907 3278 2172 3347 Primum,
2198 3278 2414 3338 libellus
2445 3281 2567 3349 iste,
2597 3280 2788 3337 saltem
2802 3279 2983 3349 aliqua
3006 3294 3078 3335 ex
3101 3290 3275 3349 parte,
3299 3278 3415 3349 epi-

1840 3355 1977 3412 stola
2007 3354 2255 3424 quaedam
2282 3360 2386 3408 est.
2414 3348 2567 3417 H036,
2600 3360 2655 3405 ut
2688 3352 2832 3409 nobis
2859 3348 3145 3424 secundum
3178 3348 3417 3421 regulam

1844 3421 2149 3482 catholicam
2168 3425 2334 3479 uisum
2354 3433 2456 3487 est,
2469 3430 2650 3477 vestris
2665 3423 2928 3479 sanctitati
2942 3421 3234 3488 conscripta
3245 3431 3414 3476 tratu-

1846 3498 2105 3561 misimus,
2152 3509 2268 3565 quas
2311 3494 2358 3549 si
2414 3493 2565 3565 aliter
2606 3495 2804 3565 putatis
2856 3492 3109 3565 tegenda,

1836 3566 2025 3639 (Nam.
2048 3566 2134 3639 2).
2160 3561 2436 3639 postea
2469 3562 2654 3639 (Num.
2691 3562 2838 3639 di);
2871 3561 3003 3619 Hm
3038 3563 3196 3633 igitur

1828 3634 1875 3693 et
1905 3634 2310 3693 sacerdotalibus
2345 3635 2591 3707 exemplis
2632 3634 2823 3703 edocti,
2846 3646 3031 3689 uestra
3072 3636 3415 3705 suggessimus

1828 3709 2107 3773 sanctitati,
2132 3717 2245 3764 etc.
3476 3726 3485 3733 ·

1900 3780 2235 3843 Secundum,
2264 3775 2531 3847 ejusmodi
2559 3776 2787 3845 epistola
2828 3776 3032 3845 scripta
3059 3785 3144 3847 es_t
3199 3774 3416 3830 nomine

1828 3850 2107 3907 hominum
2152 3844 2488 3913 Latinorum,
2514 3844 2687 3903 immo
2730 3847 3058 3903 Siculorum.
3084 3844 3417 3915 Consequen-

1828 3931 1926 3990 ter,
1953 3938 2127 3976 omnes
2155 3920 2421 3974 hwreticos
2466 3916 2892 3990 condemnamus,
2922 3927 2973 3974 et
3014 3916 3277 3985 principiis
3326 3915 3419 3988 qui

1828 3988 1967 4063 apud
1992 3990 2203 4048 Latinos
2258 3999 2362 4046 tam
2405 3989 2609 4045 nomine
2634 3988 2845 4059 proprie
2889 4002 3049 4059 quam
3076 4002 3253 4042 errore
3279 4001 3420 4041 cern-

1298 4140 1763 4199 CASTIGATION
1770 4144 1853 4203 ES
1884 4145 1979 4202 ET
2015 4143 2247 4201 ΝΟΤΕ.

214 4256 245 4286 ί
277 4248 485 4319 Opinor
526 4250 799 4307 Zosinmm
830 4262 946 4307 tres
986 4252 1182 4309 fecisse
1225 4262 1406 4324 partes
1448 4255 1719 4324 tractoria:

162 4331 287 4393 suae,
319 4336 553 4391 quarum
585 4324 755 4392 prima
782 4325 1091 4379 contineret
1131 4323 1301 4378 totam
1349 4324 1550 4393 Pelagii
1594 4323 1721 4381 Cae-

163 4387 387 4465 lestiique
414 4387 638 4447 causam
655 4435 671 4461 ,
701 4408 821 4449 cum
850 4394 1104 4450 omnibus
1128 4396 1417 4465 utriusque
1444 4387 1719 4462 haeretici,

1898 4254 1970 4310 Et
1996 4268 2126 4309 vero
2156 4254 2295 4307 hanc
2323 4249 2497 4323 tenuit
2527 4250 2772 4309 Ecclesia
2804 4258 2933 4323 tunc
2964 4250 3234 4323 temporis
3253 4292 3270 4319 ,
3312 4251 3418 4307 im-

1830 4341 1922 4383 mo
1951 4338 2185 4394 semper,
2219 4322 2411 4395 agendi
2452 4323 2723 4395 rationem
2767 4322 3029 4395 adversus
3077 4329 3424 4395 emergentes

1834 4392 2101 4459 hereses,
2132 4402 2222 4462 ut,
2252 4392 2397 4463 quod
2420 4394 2606 4451 aiebat
2632 4394 2931 4465 Capreolus
2954 4392 3425 4463 Carthaginenais,

164 4458 262 4539 sive
301 4458 685 4539 argmnentjs,
712 4468 828 4539 sive
871 4465 1190 4532 sententiis;
1249 4458 1490 4539 secunda
1532 4458 1725 4521 delini-
1748 4466 2133 4539 Despugnata
2160 4458 2379 4521 novitate
2404 4466 2690 4539 antiquitas
2712 4458 3075 4539 defenderetur
3101 4479 3122 4531 ;
3153 4458 3258 4539 Et,
3276 4458 3424 4539 quod

168 4528 343 4586 tionem
364 4528 505 4589 ﬁdei
537 4534 603 4589 ad
643 4528 882 4605 singulas
921 4528 1419 4592 controversiarum
1452 4547 1721 4592 motarum

170 4610 365 4681 partes;
397 4604 567 4681 tertia
595 4604 944 4681 auctoritates
986 4615 1333 4681 sanctorum,
1364 4607 1561 4677 quibus
1591 4608 1723 4664 deli-

170 4676 285 4750 ttitio
314 4676 679 4750 consentiret.
710 4677 861 4750 Quod
894 4678 961 4750 de
991 4679 1166 4750 prima
1209 4676 1437 4750 dicimus
1462 4720 1477 4746 ,
1516 4681 1722 4750 proba-

171 4746 377 4817 tumAest
402 4743 792 4817 dissertatione
820 4748 873 4817 Δε.
907 4743 1059 4814 Quod
1088 4749 1163 4803 de
1192 4743 1472 4817 secunda,
1510 4743 1728 4806 constat

172 4822 229 4890 ex
266 4809 587 4890 fragmentis
630 4809 1116 4890 huiusdeéretaiis
1161 4809 1608 4890 epistola),'qu:n
1648 4821 1735 4876 id-

173 4879 301 4960 circo
325 4879 581 4960 regularis
607 4879 886 4960 auctoritas
915 4884 1181 4960 appellata
1198 4879 1310 4960 est.
1344 4879 1593 4960 Quod-de
1622 4901 1726 4943 ter-

174 4954 268 5024 tia_,
295 4954 570 5024 colligitur
601 4970 709 5008 non
740 4955 972 5010 obscure
1003 4970 1071 5010 ex
1100 4954 1203 5009 hoc
1236 4957 1405 5011 libelli
1432 4958 1576 5013 loco.

235 5020 396 5079 Porro
426 5020 614 5080 autem
642 5041 707 5080 ex
740 5025 839 5079 hac
868 5026 1121 5080 tractoria
1150 5026 1490 5096 desumptum
1518 5029 1730 5084 videtur

176 5096 713 5173 aeonsequentibus,
739 5098 871 5173 sive
914 5098 1141 5173 summis
1186 5099 1568 5173 pontiﬁcibus,
1618 5100 1733 5156 sive

177 5165 419 5239 patribus.
456 5169 572 5221 sive
599 5168 861 5239 conciliis,
896 5165 1201 5239 exemplum
1229 5165 1561 5239 subjiciendi
1585 5174 1736 5226 testi-

178 5234 335 5289 monia
357 5236 577 5291 Patrum
600 5237 895 5292 deﬁnitioni
923 5234 1257 5308 dogniatum,
1284 5234 1345 5294 ut
1368 5256 1469 5295 una
1496 5243 1734 5297 omnium

179 5311 376 5379 aetatum
392 5309 527 5379 ﬁdes
542 5308 706 5363 fuisse
730 5310 1070 5379 probaretur.
1086 5309 1222 5365 Vide
1242 5312 1521 5379 epistolam
1542 5314 1738 5368 Leonis

180 5370 336 5454 μειθηί
359 5378 424 5431 ad
438 5378 678 5454 lieonem
691 5370 988 5454 Augustum
1001 5380 1067 5454 de
1079 5370 1330 5454 Nestorio
1348 5392 1401 5454 et
1418 5384 1735 5454 Eutychete;

181 5446 421 5520 gestatus
444 5450 633 5520 Cyrilli
680 5450 748 5506 de
782 5446 931 5506 recta
964 5452 1066 5505 ﬁde
1104 5451 1170 5506 ad
1203 5446 1563 5508 Theodosium
1592 5465 1645 5510 et
1674 5446 1741 5510 ad

180 5505 437 5593 Beginas;
468 5505 711 5593 Ejusdem
731 5505 1152 5592 responsionem
1183 5505 1248 5576 ad
1288 5505 1747 5593 ssjeeiﬁdié'rl
1790 5545 1796 5553 ·

184 5591 267 5666 ius
293 5587 769 5666 anathematismps
789 5634 805 5659 ,
831 5587 1129 5666 concilium
1157 5587 1489 5666 Ephesium
1526 5605 1636 5653 act.
1670 5597 1693 5654 1
1722 5638 1740 5663 ,

183 5648 575 5715 Theodoretum
601 5659 657 5716 in
683 5648 973 5730 Erantete,
1001 5673 1113 5718 etc.

1829 4534 2049 4609 scripsit
2077 4535 2262 4593 Sixtus
2284 4534 2539 4609 pontifex'
2558 4535 2757 4609 Joanni
2781 4534 3152 4609 Antiocheno,
3181 4534 3318 4609 nihil
3349 4536 3420 4609 μυ

1828 4605 1961 4664 ceret
1993 4610 2240 4672 novitati,
2271 4605 2392 4676 quia
2434 4607 2564 4661 nihil
2602 4608 2728 4661 addi
2770 4606 3003 4662 convenit
3048 4606 3287 4676 vetustati
3336 4605 3427 4675 (ts

1830 4688 1967 4750 part.
2000 4695 2145 4750 conci.
2181 4675 2374 4747 Ephes.
2407 4687 2510 4750 act.
2541 4679 2568 4732 1
2596 4678 2614 4747 )
2645 4695 2657 4730 :
2692 4677 2923 4747 ideoque
2952 4690 3019 4731 ex
3059 4675 3214 4729 libris
3246 4677 3423 4750 uisio:

1832 4736 1953 4806 'rum
1976 4736 2319 4805 deﬁnitiones
2340 4736 2735 4817 proferrentur,
2760 4736 3139 4817 sic'tamquam
3160 4760 3228 4802 es
3260 4736 3431 4817 sacro‘

1830 4815 2372 4893 quodanttltesauro,
2400 4818 2454 4873 in
2484 4833 2594 4893 quo
2628 4815 3224 4893 asservaturreligiose
3248 4815 3421 4893 depo-

1833 4884 1997 4947 s'itum
2028 4889 2157 4946 illud
2183 4889 2462 4959 divinum,
2501 4884 2574 4959 de
2603 4904 2711 4957 quo
2740 4887 3032 4959 Apostolus
3062 4884 3130 4943 ad
3159 4884 3422 4959 charissi-

1838 4974 1989 5015 mutn
2020 4959 2381 5029 discipulum:
2421 4958 2465 5013 Ο
2496 4957 2802 5027 Ttntothee,
2824 4958 3113 5029 depositum
3178 4957 3420 5029 custodi,

1840 5031 2072 5101 devitans
2120 5028 2368 5101 profanas
2415 5047 2594 5085 uocum
2644 5028 2929 5096 novitates,
2978 5038 3027 5083 et
3076 5028 3425 5101 oppositiones

1842 5100 1963 5173 falsi
2013 5098 2230 5173 nominis
2277 5100 2536 5170 scientitz,
2594 5118 2751 5173 quam
2800 5098 3421 5173 quidamﬂprornittentes

1841 5167 1977 5227 circa
2006 5171 2165 5243 ﬁdem
2192 5173 2491 5227 exciderunt
2520 5167 2561 5243 (1
2589 5167 2737 5243 Tim.
2756 5167 2837 5237 vr,
2861 5169 2990 5238 26).
3026 5167 3159 5224 Vide
3191 5167 3426 5225 Vincen-

1845 5245 1980 5299 tium
2008 5242 2350 5299 Lirinensem
2381 5243 2438 5298 in
2463 5242 2911 5309 Coimmonitorio,
2943 5251 2998 5297 et
3025 5254 3091 5297 ea
3118 5246 3275 5307 parte
3305 5253 3424 5295 ma-

1848 5313 2028 5385 ;ime,
2062 5330 2165 5385 qua
2215 5314 2439 5383 eXponit
2476 5315 2689 5370 .dictum
2740 5313 2984 5383 Apestoli
3023 5330 3038 5371 :
3079 5311 3158 5367 Au
3197 5326 3231 5385 a_
3282 5309 3428 5364 nobis

1856 5382 2095 5439 Verbum'
2113 5383 2207 5439 Dei
2239 5382 2524 5457 processit?
2547 5395 2637 5440 aut
2668 5386 2723 5439 in
2751 5382 2837 5439 vos
2862 5385 3000 5441 solos
3029 5382 3252 5439 amouit
3272 5421 3289 5450 ,
3317 5389 3425 5437 etc.

1850 5454 1899 5527 (l
1923 5455 2045 5527 Cor.
2071 5471 2187 5521 XIV,
2212 5457 2329 5527 56).
3082 5526 3107 5527 η
3416 5524 3425 5527 _

1967 5474 2045 5510 or.
2071 5471 2187 5521 XIV,
2212 5458 2329 5521 56).

1925 5458 2045 5511 Cor.
2071 5471 2187 5521 XIV,
2212 5458 2329 5527 56).

1922 5525 1950 5565 δ
1981 5527 2039 5583 In
2071 5527 2456 5583 dissertatione
2494 5528 2518 5579 1
2561 5527 2799 5583 diximus
2824 5566 2839 5593 ,
2865 5526 3009 5582 hanc
3044 5524 3428 5595 Cbrysostomi

1854 5597 2134 5653 homiliam
2165 5599 2355 5655 eadem
2386 5599 2642 5656 versione
2668 5592 2866 5657 lectam
2891 5596 3062 5655 fuisse
3092 5592 3433 5663 temporibua

1856 5670 2180 5743 Augustini,
2210 5684 2316 5741 qua
2343 5670 2573 5751 nostris,
