3882 6284
220 269 306 327 529
376 261 686 321 DlSSERT.
722 262 787 321 ν.
822 263 911 320 DE
952 261 1259 320 LIBELLIS
1301 261 1481 319 FlDEl
1519 258 1831 319 SCRIPTIS
1870 260 1959 318 AB
1997 258 2432 320 AUCTORIBUS
2472 257 2797 319 HERESIS
2832 258 3267 321 PELAGIANA}.
3341 264 3446 324 550

220 376 618 448 mandare‘tAut
652 391 771 445 qum
809 377 983 433 edicta
1015 376 1239 447 intelligi
1284 384 1536 446 possunt,
1570 382 1766 448 prieter
1792 376 1844 436 A
1870 385 2004 432 erat.
2050 375 2129 431 An
2159 385 2379 448 propter
2409 376 2553 432 scdis
2583 376 2938 447 dignitatem?
2973 377 3044 432 At
3089 378 3448 448 Hipponensis

221 453 310 507 duo
352 447 435 502 illa
480 445 731 516 Honorii,
766 464 884 517 quae
926 459 1083 503 antea
1131 444 1586 517 memeravimus?
1624 444 1763 512 Quid

220 521 427 588 denique
473 517 650 574 edicta
696 516 1030 589 imperabant
1058 518 1356 589 episcopis,
1390 516 1494 589 nisi
1528 518 1765 589 subseri:

221 587 433 664 ptionem
478 587 912 664 cendemnaitioni
954 589 1154 664 Pelagii
1203 587 1364 660 atque
1397 587 1765 664 Coelestii,__id

219 658 319 728 est,
347 660 584 730 episton
609 675 639 715 a
669 660 882 716 Zosimo
908 658 1120 731 missae,
1152 669 1210 716 ut
1237 658 1517 717 ostensum
1544 665 1628 717 est
1655 658 1765 716 dis-

218 733 487 791 sertatione
513 733 865 800 praecedente.

277 804 517 875 ldipsmn
548 802 831 875 conﬁnmat
876 802 1140 858 Mercator
1181 800 1271 875 (In
1313 806 1465 875 prce].
1493 801 1565 875 ad
1605 805 1763 875 νεῖμε.

218 874 359 955 syntb.
390 890 432 955 al
456 872 647 955 ZIieOd:
696 873 983 943 Mopsuest.
1032 872 1362 955 ςοηρεὲὶριὶ).Δ
1387 872 1654 955 Julianus,
1685 872 1768 955 in-

217 941 331 1015 quit,
363 944 432 1016 a_d
457 941 1089 1016 Theodorum'peragratis
1118 941 1284 1009 terris,
1305 941 1363 998 'et
1384 953 1593 1016 exarata
1612 944 1762 1010 mari,

216 1012 350 1085 atque
374 1012 581 1068 Oriente
622 1012 835 1070 lustrato
853 1057 866 1079 ,
891 1012 1008 1069 cum
1035 1015 1215 1080 sociis,
1246 1022 1295 1068 et
1328 1015 1691 1085 participibus,
1721 1024 1767 1068 et

216 1085 667 1159 συνταλαιπὼροις,
707 1102 894 1159 magno
924 1086 1038 1139 nisu
1069 1093 1325 1159 tamquam
1363 1085 1432 1139 ad
1465 1085 1768 1159 christiani;-

214 1172 313 1209 rum
342 1154 634 1227 dogma'tum
662 1154 995 1227 praedicatum
1026 1157 1326 1227 magistrum
1356 1157 1593 1227 tetendit,
1626 1164 1681 1227 ut
1706 1154 1769 1208 de

214 1227 377 1281 hiet-esi
406 1224 712 1298 Pelagiana,
741 1244 831 1282 seu
862 1224 1185 1295 Caelestiana,
1212 1243 1365 1298 quam
1393 1224 1769 1297 defendendam

213 1314 264 1351 ac
291 1296 592 1366 sequendam
632 1299 880 1367 suscepit,
916 1299 976 1352 ab
1005 1298 1116 1368 ipso
1158 1296 1567 1367 conﬁrmaretur,
1620 1304 1769 1367 atque

213 1368 318 1421 inde
344 1368 477 1421 velut
505 1368 795 1423 instructior
824 1379 934 1424 octo
957 1377 1134 1423 contra
1161 1368 1318 1439 [idem
1346 1368 1655 1423 catholicam
1680 1382 1770 1439 po-

214 1439 300 1512 tius
333 1454 487 1512 quam
522 1449 697 1492 contra
736 1448 925 1512 sancta:
958 1437 1216 1512 memoria:
1251 1439 1590 1512 Augustinum
1625 1437 1770 1512 votu-

211 1510 332 1577 mina
359 1510 473 1573 illa,
503 1518 557 1562 ut
580 1520 744 1579 putat,
771 1510 1165 1579 prudentissima
1188 1508 1445 1565 conderet.
1474 1509 1606 1565 Cum
1627 1508 1769 1564 enim

210 1580 443 1641 lulianus
472 1581 526 1634 in
557 1579 799 1636 Ciliciam
837 1580 1109 1651 prolectus
1146 1581 1217 1635 sit
1245 1595 1374 1636 ann.
1396 1582 1535 1647 421,
1568 1588 1660 1651 aut
1687 1593 1771 1651 se-

211 1659 421 1723 quente,
458 1664 559 1723 nec
590 1661 768 1723 tamen
813 1649 961 1722 prius
989 1652 1060 1707 sit
1100 1651 1373 1723 profectus
1416 1665 1597 1723 quam
1622 1649 1770 1723 dejef

208 1720 405 1793 ctusude
438 1720 592 1786 sede,
627 1719 892 1792 dejectum
920 1719 1159 1793 oportuit
1187 1730 1314 1778 ante
1345 1719 1472 1777 ann.
1504 1721 1633 1776 42!.
1663 1719 1770 1777 Sed

208 1790 430 1864 libellum
476 1807 589 1846 suae
630 1790 755 1848 ﬁdei
795 1790 1011 1864 scripsit
1050 1802 1175 1849 ante
1218 1793 1571 1864 ejectionem,
1600 1799 1660 1847 ut
1700 1806 1767 1847 ex

208 1861 661 1934 animadversione
709 1861 1153 1934 quarta'constat
1193 1880 1204 1915 :
1238 1861 1455 1934 scripsit
1502 1864 1664 1933 igitur
1701 1876 1769 1934 eo

208 1933 451 2005 temporis
498 1932 778 1989 intervallo
809 1936 950 2005 quod
981 1936 1048 1990 ab
1075 1949 1204 1989 ann.
1231 1932 1547 2005 418‘hujus:
1585 1932 1769 1988 saeculi

207 2003 263 2057 ad
290 2002 390 2059 420
419 2004 754 2070 intercessit;
790 2002 929 2073 quod
970 2014 1147 2062 autem
1195 2021 1321 2061 ann.
1365 2002 1484 2074 ipso
1522 2003 1626 2060 418
1671 2005 1774 2060 de-.

208 2074 603 2147 monstrandum
646 2084 755 2142 est,
800 2077 972 2131 soluta
1020 2076 1169 2147 prius
1222 2078 1520 2147 quaestione
1572 2076 1768 2147 altera,

206 2160 421 2213 quorum
467 2146 673 2202 scilicet
716 2147 933 2204 nomine
970 2145 1215 2205 Julianus
1242 2145 1559 2217 scripserit,
1601 2157 1655 2203 et
1702 2145 1770 2201 ad

206 2231 371 2271 nuem.

239 2232 371 2271 nem.

220 2232 235 2359 l_
269 2286 465 2342 Verum
491 2286 791 2344 Siculorum
836 2289 1052 2345 nomine
1081 2285 1385 2359 scripsi’sse,
1417 2288 1664 2344 dubitare
1685 2288 1772 2344 vix

207 2356 341 2430 licet,
382 2374 503 2430 cum
541 2359 591 2430 id
637 2360 941 2430 signiﬁcent
969 2371 1153 2430 aperte
1183 2356 1425 2416 extrema
1462 2359 1772 2430 subiuncta:

204 2427 446 2483 clausulae
472 2429 632 2485 verba
667 2427 944 2500 z'Explicit
975 2427 1176 2485 libellus
1206 2430 1329 2497 ﬁdei
1358 2430 1418 2500 S.
1447 2429 1497 2500 Ι.
1536 2427 1597 2484 (Ι.
1640 2430 1772 2499 Quis

201 2500 337 2552 enim
381 2517 484 2554 non
514 2500 689 2555 videat
718 2502 887 2556 tribus
919 2502 1035 2556 istis
1064 2503 1260 2556 litteris
1286 2502 1345 2556 S.
1376 2499 1419 2555 l.
1450 2499 1513 2554 C.
1540 2501 1772 2555 breviari

201 2569 413 2641 aliquod
446 2585 668 2641 nomen,
700 2587 801 2627 nec
828 2572 976 2626 aliud
1020 2586 1177 2640 posse
1200 2612 1214 2636 ,
1245 2586 1402 2639 quam
1434 2570 1770 2641 Siculorum,

200 2640 239 2693 si
271 2640 465 2710 modo,
495 2640 636 2710 quod
687 2642 970 2708 proclivius
1006 2650 1088 2697 est
1117 2642 1349 2709 opinari,
1393 2651 1502 2696 tres
1542 2640 1651 2696 illa:
1680 2640 1772 2697 lit;

198 2719 323 2783 terge
351 2712 406 2765 in
436 2725 594 2765 unam
623 2712 882 2783 syllabam
912 2713 1251 2783 coalescant?

261 2780 453 2850 Neque
482 2783 621 2836 enim
655 2780 758 2836 illis
788 2783 1149 2849 temporibus,
1180 2781 1223 2837 si
1268 2796 1371 2850 qua
1398 2782 1529 2837 ﬁdes
1561 2782 1777 2837 histori-

195 2851 269 2905 cis
303 2861 359 2906 et
384 2852 722 2921 geographis,
754 2853 844 2907 ulli
878 2855 1016 2908 inter
1041 2854 1254 2907 Latinos
1282 2854 1538 2908 exsntere
1567 2853 1771 2923 populi,

196 2935 443 2994 quorum,
472 2923 551 2977 vel
586 2938 778 2979 nomen
810 2924 878 2977 ab
905 2924 1004 2978 bac
1046 2924 1252 2994 syllaba
1290 2924 1499 2977 initium
1530 2923 1771 2993 duceret,

198 2993 275 3063 vel
302 2993 541 3063 episcopi
586 2996 886 3061 pertinaces
917 2996 968 3048 in
997 2993 1182 3050 errore
1230 2994 1515 3063 Pelagiano
1552 2994 1776 3049 exstite-

198 3062 319 3116 rint.
348 3062 483 3116 Nam
513 3063 654 3132 quod
686 3064 843 3119 alicui
874 3080 979 3118 non
1024 3064 1311 3119 admodum
1340 3062 1544 3120 attento
1588 3065 1773 3120 venire

1803 1755 1851 1816 B

1868 448 2055 502 civitas
2083 462 2254 517 neque
2283 464 2378 518 per
2401 462 2459 503 se
2490 449 2798 518 praestabat,
2831 462 3004 517 neque
3036 456 3162 505 tunc
3186 451 3446 518 temporis

1866 518 2152 593 primatum
2182 518 2441 593 Numidiae
2465 520 2708 586 tenebat,
2732 519 2802 575 ob
2822 527 3034 593 aetatem
3063 519 3438 593 suicpiscopi.

1940 587 2141 645 Deinde
2183 590 2616 647 animadversum
2660 600 2742 646 est
2787 590 3067 660 episcopos
3114 587 3327 660 Sigilos
3360 587 3440 648 'ad

1867 639 2425 733 maestitiae;
2439 639 2743 733 que-prius
2782 639 3445 733 ai."_;;;i§t§ia_‘c'iﬁy'gasioi

1866 745 1987 805 mus
2016 730 2262 805 laudatus
2287 740 2450 787 esset.
2465 730 2552 805 'At
2581 746 2739 805 nemo
2766 730 2983 805 tradidit
3011 731 3067 785 in
3106 730 3250 805 hunc
3274 748 3445 805 usque

1867 801 2006 857 diem
2029 802 2097 857 ab
2120 800 2418 873 Augustino
2444 802 2608 859 ullam
2646 802 2869 872 alicujus
2899 802 3156 857 momenti
3187 800 3445 873 scriptam

1867 886 1985 928 esse
2011 873 2315 943 epistolam,
2349 874 2431 929 vel
2451 874 2518 929 de
2543 872 2989 930 condemnatione
3011 872 3176 928 totius
3197 872 3443 942 haeresis,

1868 944 1950 999 vel
1975 943 2043 998 de
2084 944 2470 1015 quaestionibus
2511 945 2937 1015 Pelagianorum,
2967 944 3019 998 in
3050 958 3152 1015 qua
3205 943 3448 1015 Chryso-

1868 1022 2071 1069 stomus
2117 1014 2292 1069 dictus
2318 1016 2407 1082 sit,
2438 1031 2541 1069 non
2586 1014 2938 1079 destruxisse,
2985 1014 3071 1068 sed
3114 1014 3449 1084 conﬁrmasse

1869 1084 2147 1140 Ecclesias.
2193 1085 2260 1139 Et
2286 1099 2431 1156 vero,
2475 1087 2519 1139 si
2545 1100 2648 1156 qua
2680 1087 2815 1141 tanti
2856 1085 3112 1140 momenti
3141 1085 3449 1155 conscripta

1869 1166 2034 1223 esset,
2065 1171 2237 1226 neque
2267 1154 2520 1211 tacuisset
2559 1154 2907 1226 Augustinus,
2938 1170 3060 1210 cum
3089 1168 3185 1226 sua
3213 1154 3449 1215 nonnul-

1870 1226 1937 1282 lis
1983 1224 2247 1296 super'iis
2278 1224 2683 1294 quaestionibus,
2716 1241 2879 1296 opera
2928 1224 3154 1296 legenda
3202 1227 3449 1295 praeseri-

1870 1297 2009 1368 psit;
2062 1312 2234 1366 neque
2276 1296 2577 1357 “Possidius
2623 1296 3051 1368 praetermisisset
3082 1297 3135 1349 in
3181 1297 3450 1368 indiculﬁo,

1870 1366 1959 1424 ubi
2000 1379 2108 1423 tam
2147 1368 2433 1439 diligenter
2464 1375 2718 1423 tractatus
2765 1366 3126 1437 epistolasque
3164 1367 3450 1439 Augustini

1872 1439 2130 1495 adversus
2160 1439 2476 1509 Pelagianos
2507 1447 2772 1509 recenset.

1941 1509 2093 1565 Adde
2142 1508 2490 1581 quod’Siculi
2532 1508 2865 1581 respendent
2892 1508 2945 1565 ei
2990 1508 3083 1581 qui
3130 1510 3450 1581 auctoritate

1873 1580 2327 1651 subscriptionem
2357 1581 2625 1650 exigebat.
2656 1580 2807 1634 lianc
2834 1594 2962 1651 vero
2992 1580 3095 1650 qua
3130 1580 3452 1638 auctoritate

1875 1649 2115 1720 exigeret
2146 1649 2511 1722 Augustinus?
2543 1650 2659 1705 Non
2679 1665 2840 1720 quam
2870 1649 3073 1706 faceret
3096 1651 3451 1722 praerogativa

1876 1724 2042 1793 sedis,
2071 1738 2192 1777 nam
2224 1719 2458 1777 minimae
2490 1719 2743 1793 praeerat;
2777 1735 2883 1793 non
2916 1719 3447 1793 quam‘adderetre-

1876 1790 2131 1864 scriptum
2163 1793 2459 1862 imperiale,
2491 1790 2711 1848 adderet
2741 1792 2883 1864 enim
2919 1790 2973 1846 in
3014 1790 3157 1846 solos
3186 1790 3454 1864 Numidia

1873 1861 2178 1935 episcopos,
2225 1861 2452 1935 quorum
2502 1865 2553 1917 in
2604 1862 2881 1935 provincia
2930 1871 3066 1935 erat
3092 1861 3451 1935 Augustinus;

1873 1932 1979 2061 gon
2009 1932 2313 1990 adderet‘in
2338 1934 2581 2003 Siculos,
2606 1932 2704 2005 qui
2738 1935 2977 1990 Romana
3014 1932 3239 1989 dimcesi
3263 1946 3453 1992 cense-

1912 2015 2091 2061 antur.

1912 2015 2091 2062 antur.

1943 2077 2080 2159 Quid
2128 2076 2271 2159 quod
2316 2090 2423 2159 non
2469 2075 2815 2159 mediocriter
2862 2083 3013 2157 nutat
3048 2074 3196 2159 ‘ﬁdes
3226 2074 3451 2159 codicis

1873 2145 2191 2213 Beroniani,
2218 2147 2406 2214 partim
2438 2148 2562 2217 quia
2591 2157 2718 2202 tunc
2750 2146 3006 2215 temporis
3034 2145 3364 2217 Augustinus
3394 2146 3451 2217 in

1872 2220 2147 2289 provincia
2204 2215 2467 2274 Numidiae
2512 2222 2692 2273 senior
2735 2232 2842 2273 non
2887 2225 3033 2282 erat,
3082 2231 3181 2289 nec
3231 2215 3458 2289 proinde

1874 2287 2105 2360 primas,
2150 2299 2205 2343 ut
2246 2291 2311 2343 ad
2342 2304 2464 2344 eum
2503 2289 2825 2360 dirigeretur
2866 2288 3202 2360 imperatoris
3232 2287 3457 2343 manda-

1874 2357 2005 2425 ium,
2036 2357 2198 2431 atque
2226 2361 2299 2414 ita
2329 2357 2628 2415 Valentino
2657 2359 2964 2431 Alipioque,
2990 2357 3193 2431 et_aliis
3230 2367 3458 2431 quatuor

1874 2428 2174 2499 Augustino
2212 2431 2542 2495 senioribus,
2576 2432 2713 2484 facta
2758 2430 2947 2483 fuisset
2994 2428 3215 2499 injuria;
3256 2428 3457 2499 partim

1875 2497 2000 2570 quia
2033 2510 2210 2557 tacent
2243 2501 2310 2555 de
2346 2516 2405 2555 re
2433 2509 2576 2554 tanta
2604 2500 2878 2564 historici,
2912 2497 3120 2570 ipsique
3149 2497 3458 2570 laudatores

1876 2567 2192 2641 Augusnni,
2226 2571 2401 2641 immo,
2419 2580 2473 2641 et
2515 2570 2781 2641 Pelagiani
2802 2567 2967 2641 ,_non
3001 2567 3211 2641 tacituri
3242 2568 3458 2639 utique,

1876 2638 2052 2711 neque
2080 2641 2156 2708 lii,
2187 2656 2362 2711 neque
2390 2640 2489 2704 illi,
2512 2640 2560 2695 si
2591 2638 2694 2694 tale
2720 2638 2970 2710 quiddam
2990 2638 3328 2711 contigisset.

1997 2712 2192 2782 cuique
2231 2708 2353 2767 cum
2396 2711 2527 2782 nihil
2571 2708 2900 2782 Augustinus
2925 2726 2956 2765 a
2987 2708 3284 2782 Pelagianis
3320 2709 3457 2765 scri-

1878 2792 2049 2854 ptum,
2078 2780 2372 2853 praesertim
2403 2799 2431 2836 a
2462 2781 2693 2854 Juliano,
2718 2780 2996 2854 reliquerit
3023 2781 3139 2854 sine
3170 2793 3456 2851 responso,

1879 2852 2138 2924 proiecto,
2172 2864 2262 2908 aut
2295 2861 2403 2907 tam
2430 2852 2690 2923 prolixam
2724 2852 2845 2908 ﬁdei
2868 2852 3284 2924 confessionem,
3318 2857 3461 2924 tam:

1878 2920 1983 2995 que
2031 2920 2781 2995 audaciteriprovoeatoriam
2828 2922 2896 2976 ad
2954 2921 3209 2995 plenariae
3264 2920 3460 2995 synedi

1878 2991 2206 3050 audientiam
2247 2991 2557 3059 refellisset,
2603 3002 2695 3049 aut
2736 2992 2852 3063 ejus
2897 2992 3087 3047 saltem
3132 2991 3456 3063 aliquando,

1880 3080 1980 3122 nec
2006 3065 2427 3137 infrequentem,
2458 3079 2559 3120 nec
2584 3061 2777 3137 levem
2794 3064 3124 3137 mentionem
3152 3061 3389 3137 iecisset.

199 3143 374 3213 posset
420 3133 472 3188 in
524 3144 755 3213 mentem
797 3134 890 3213 his
931 3135 1125 3213 litteris
1172 3134 1398 3189 indicari
1444 3134 1768 3213 Campanos,
1800 3136 1845 3201 C
1918 3133 2530 3213 _Qnare_c_orrigend_um
2560 3135 2778 3213 omnino
2806 3144 2890 3213 est
2915 3133 3190 3213 Sirmondi
3227 3145 3458 3203 apograo

202 3202 720 3277 ApulesqueiJuliani
746 3206 1124 3275 provinciales,
1155 3216 1247 3277 aut
1269 3202 1658 3277 conterminos,
1682 3202 1773 3277 qui

202 3274 319 3328 olim
340 3274 543 3339 Sicani,
570 3274 852 3343 postremis
878 3277 1205 3340 temporibus
1224 3276 1392 3331 Siculi
1413 3276 1489 3332 eis
1511 3274 1770 3343 Pharum,

203 3344 321 3416 dicti
347 3355 503 3411 sunt,
530 3346 866 3416 redarguitur
894 3346 1048 3403 facile
1086 3349 1293 3403 ratione
1325 3356 1627 3416 temporum
1658 3366 1670 3401 :
1702 3349 1775 3404 si-

202 3414 406 3484 quidem
437 3417 627 3485 quinto
672 3414 871 3473 saeculo
900 3418 1126 3474 necdum
1178 3419 1394 3473 inventa
1434 3414 1607 3474 fuerat
1636 3434 1772 3475 nova

200 3487 480 3555 appellatio
526 3488 829 3544 Siculorum
861 3493 938 3544 cis
968 3487 1226 3556 Pharum,
1254 3497 1308 3545 et
1357 3496 1509 3545 vetus
1558 3490 1773 3547 Sicano-

201 3570 307 3610 rum
331 3557 647 3627 jamdudum
672 3559 1028 3615 obsoleverat.

263 3628 394 3695 Quid
435 3628 579 3702 quod
606 3631 931 3687 conveniunt
959 3630 1203 3700 apprime
1234 3631 1427 3702 Siculis
1451 3631 1628 3686 omnia
1656 3646 1774 3702 qua:

201 3699 466 3772 pertinent
510 3699 576 3754 ad
623 3716 861 3770 praesens
910 3699 1200 3772 negotium.
1248 3701 1380 3757 Nam
1411 3699 1773 3757 ctleesiia-

203 3784 311 3824 nam
346 3770 616 3835 haeresim,
657 3787 775 3842 qua:
816 3773 928 3828 sola
960 3770 1070 3828 fere
1101 3773 1202 3827 hoc
1233 3773 1288 3827 in
1318 3772 1498 3829 libello
1527 3772 1775 3828 delendi-

202 3849 294 3907 tnr,
328 3842 952 3915 plurimisequebantur,
972 3852 1025 3899 et
1046 3859 1112 3915 ex
1136 3844 1319 3899 Sicilia
1345 3844 1584 3899 nonnulli
1616 3844 1773 3915 ejeeti

201 3920 314 3991 sunt
350 3922 475 3982 post
502 3913 734 3991 edictum
782 3914 1383 3991 imperatoris_pr_opter
1426 3913 1773 3991 pertinaciam

202 3982 246 4034 in
274 3998 480 4049 errore,
521 3995 573 4038 et
615 3982 873 4041 Julianus
902 3986 1094 4040 multos
1133 3982 1186 4039 in
1219 3982 1320 4041 hac
1369 3982 1541 4040 insula
1590 3984 1775 4039 habuit

200 4053 578 4127 amicos,_apud
617 4070 752 4126 quos
782 4057 995 4112 tandem
1025 4056 1186 4125 obiit,
1218 4072 1337 4127 qua:
1364 4057 1463 4111 tria
1496 4057 1550 4110 in
1599 4056 1774 4125 elogio

201 4120 378 4178 Jnliani
400 4120 768 4180 deinonsirata
799 4137 944 4182 sunt.

263 4193 487 4265 Scripsit
518 4211 676 4266 porro
700 4196 1008 4253 Siculorum
1051 4197 1271 4252 nomine
1309 4198 1376 4251 ad
1406 4211 1528 4252 eum
1567 4196 1775 4264 episeo-

203 4278 337 4336 pum,
366 4268 457 4336 qui
509 4276 690 4335 posset
714 4270 1029 4323 auctoritate
1058 4268 1272 4324 Siculos
1319 4267 1385 4320 ad
1435 4267 1776 4321 subscriben-

202 4335 314 4414 dum
366 4335 712 4407 compellere,
768 4347 827 4395 ut
869 4345 1081 4395 constat
1130 4354 1198 4394 ex
1238 4345 1390 4392 sexta
1437 4336 1775 4392 animadver-

202 4418 355 4461 ειοηε.

201 4511 231 4537 .
265 4479 502 4551 Quatuor
529 4495 657 4551 vero
686 4482 925 4551 episcopi
951 4480 1207 4537 exstitere
1252 4488 1377 4536 tunc
1409 4479 1683 4551 temporis,
1720 4479 1773 4535 id

202 4559 295 4621 est,
321 4549 604 4621 intervallo
629 4549 854 4607 duorum
875 4549 1150 4608 annorum
1174 4551 1449 4621 praedicto,
1483 4549 1571 4619 qui
1599 4550 1652 4605 id
1676 4565 1769 4620 po-

206 4617 356 4673 tuisse
379 4620 554 4692 videri
597 4631 827 4692 queant;
858 4623 965 4678 duo
1007 4617 1224 4692 propter
1265 4617 1580 4692 dignitatem
1626 4617 1769 4677 sedis

203 4690 520 4760 apostolicae,
549 4690 791 4748 stimus
819 4704 873 4748 et
902 4690 1249 4757 Bonifacius;
1297 4690 1405 4747 duo
1435 4691 1616 4747 itidem
1656 4707 1771 4760 pro-

206 4766 311 4823 pter
354 4758 697 4832 imperatoris
733 4763 967 4820 edictum
997 4764 1063 4819 ad
1094 4779 1152 4819 se
1195 4762 1458 4819 directum
1479 4808 1492 4832 ,
1523 4758 1771 4819 Aurelius

204 4830 601 4904 etAugustinus
628 4831 694 4904 (si
725 4840 899 4886 tamen
923 4849 1109 4887 verum
1142 4835 1212 4888 sit
1235 4835 1424 4891 eodem
1458 4830 1645 4890 tenore
1666 4850 1772 4904 quo

205 4897 587 4973 adAu'relium,
616 4897 778 4957 etiam
808 4904 875 4957 ad
902 4903 1254 4973 Augustinum
1305 4905 1562 4959 directum
1610 4897 1774 4960 luisse

206 4968 423 5044 edictum
466 4971 535 5044 ab
560 4972 901 5044 imperatore,
933 4968 1074 5044 quod
1100 4974 1377 5044 legebatur
1416 4976 1469 5029 in
1500 4974 1684 5030 codice
1711 4975 1775 5029 il-

206 5038 508 5116 lustrissimi
540 5038 823 5116 Annalium
875 5038 1369 5116 scriptorisvﬂ‘om.
1401 5045 1444 5099 Υ
1482 5045 1672 5098 Annal.
1706 5046 1774 5099 ad

204 5124 314 5186 eme
363 5113 537 5183 418):
571 5113 676 5186 sed
696 5116 825 5169 nulli
865 5113 1089 5172 istorum
1136 5113 1390 5186 quatuor,
1416 5124 1773 5186 praeterquam

205 5176 409 5258 Zosimo
443 5176 779 5258 conveniunt
824 5196 986 5253 notae,
1019 5176 1528 5258 quae'continentur
1560 5185 1612 5241 in
1633 5176 1777 5241 lani-

204 5253 654 5328 madversionibus
684 5266 838 5313 antea
870 5253 1078 5328 positis.

266 5322 443 5399 Neque
469 5326 612 5399 enim
634 5322 961 5399 conveniunt
981 5329 1306 5399 Augustino,
1335 5343 1432 5397 pro
1459 5343 1564 5398 quo
1592 5337 1774 5384 tamen

206 5391 479 5467 plurimtim
506 5396 683 5453 facere
708 5398 919 5456 videtur
948 5391 1159 5455 Barenii
1181 5391 1371 5455 codex.
1395 5391 1511 5467 Qua
1532 5400 1672 5453 enim
1704 5398 1772 5457 de

204 5476 353 5539 causa
394 5465 563 5539 Siculi
592 5468 945 5539 Augustinum
992 5471 1209 5526 nomine
1237 5465 1773 5538 Patris—compellas-

205 5536 344 5614 sent?
371 5538 465 5614 .An
497 5536 713 5614 propth
741 5541 1173 5614 observantiam?
1200 5544 1267 5595 At
1294 5555 1420 5610 erga
1442 5536 1591 5614 illam
1617 5552 1772 5597 erant

202 5602 658 5682 inlensissiml,.ob
693 5624 813 5682 rem
848 5620 954 5665 tam
1007 5612 1215 5666 naviter
1257 5602 1462 5682 gesfarn
1513 5612 1772 5667 adversus

202 5686 344 5757 suam
375 5675 645 5757 hieresim.
675 5678 755 5757 An
783 5690 1002 5757 propter
1044 5675 1291 5736 aetatem?
1318 5681 1386 5757 At
1413 5680 1603 5757 Fiorus
1633 5697 1771 5757 unus

199 5756 257 5801 ex
291 5748 420 5813 ipsis
460 5748 940 5816 nominatissimus,
974 5761 1239 5823 provecta:
1268 5752 1556 5809 admodum
1597 5754 1771 5811 aetatis

1803 4522 1850 4581 D

1918 3204 2041 3263 hum
2076 3208 2141 3262 ad
2173 3204 2491 3263 haec—verba
2519 3224 2531 3258 :
2566 3204 2714 3259 Illud
2754 3206 2929 3268 etiam,
2960 3211 3134 3259 sancte
3163 3221 3225 3257 ac
3254 3219 3462 3259 venera-

1909 3280 1997 3334 ilis
2027 3280 2185 3349 frater
2216 3289 2260 3351 et
2286 3277 2774 3351 paterAugustine;
2804 3290 2906 3351 v_ox
2936 3276 3080 3351 enim
3110 3275 3297 3351 ultima
3326 3289 3461 3351 snp-

1879 3345 2051 3421 posita
2075 3358 2161 3405 est
2183 3350 2251 3421 ab
2280 3345 2641 3421 exscribente,
2665 3362 2787 3403 cum
2812 3346 2951 3401 foret
2978 3345 3034 3421 in
3062 3346 3233 3401 veteri
3270 3345 3459 3421 codice

1876 3416 2153 3492 geminum
2183 3419 2261 3492 SS
2291 3419 2477 3492 ﬁguris
2508 3419 2647 3474 inter
2691 3433 2752 3492 se
2779 3417 3036 3492 connexis
3055 3432 3205 3492 ,_qua
3246 3416 3459 3492 ratione

1877 3486 2088 3547 veteres
2132 3490 2307 3546 Latini
2334 3486 2376 3544 Ζ
2408 3489 2653 3546 Graecum
2692 3487 3015 3560 pingebant,
3047 3488 3093 3541 si
3122 3486 3349 3560 quando
3381 3487 3461 3542 uti

1876 3562 2211 3618 breviatione
2256 3561 2485 3623 vellent;
2525 3556 2730 3629 putavit
2770 3556 2912 3615 enim
2947 3572 3067 3615 esse
3097 3556 3174 3625 Α,
3204 3573 3308 3629 qua
3335 3556 3462 3614 bre-

1876 3633 2114 3689 viatione
2140 3632 2469 3701 Augustinus
2497 3631 2842 3687 indicaretur.

1948 3704 2055 3761 Sed
2094 3718 2268 3773 neque
2304 3706 2466 3759 etiam
2508 3704 2838 3759 conveniunt
2883 3701 3103 3773 Aureiio
3146 3710 3287 3756 notae
3324 3712 3462 3771 quas

1877 3776 2129 3838 diximus,
2160 3770 2262 3829 etsi
2292 3775 2469 3830 littera
2500 3774 2754 3844 praedicta
2786 3774 2967 3827 favere
2995 3770 3242 3844 videatur
3280 3788 3293 3824 :
3328 3770 3456 3828 nam

1876 3848 2003 3902 licet
2041 3846 2109 3901 ab
2149 3845 2475 3915 imperatore
2502 3842 2746 3900 edictum
2785 3842 3084 3913 acceperit,
3128 3850 3462 3915 acceptoque

1876 3918 2159 3987 epistolam
2194 3912 2422 3987 dederit
2477 3915 2543 3970 ad
2591 3912 2931 3987 episc0pos,’
2962 3928 3065 3983 qua
3117 3912 3461 3987 subseribere

1877 3984 2208 4043 damnationi
2240 3986 2615 4041 haereticorum
2632 3984 2959 4039 mandaret:
2985 3984 3257 4037 mandavit
3279 3991 3460 4038 tamen

1876 4074 1976 4129 pro
2002 4057 2138 4127 juris
2172 4057 2257 4111 sui
2289 4056 2526 4129 modulo.
2561 4056 2613 4109 id
2641 4063 2744 4129 est,
2777 4055 2904 4109 solis
2935 4054 3225 4129 Byzaeenae
3263 4063 3332 4129 et
3352 4054 3457 4108 Ar-

1878 4122 2138 4198 iugiiana:
2164 4127 2475 4198 provinciae,
2507 4134 2601 4198 aut
2627 4126 2691 4180 ad
2719 4122 2991 4198 summum
3023 4122 3220 4198 Africa:
3250 4123 3461 4198 episco-

1879 4193 1979 4270 pis'.
2007 4193 2213 4270 Deinde
2248 4197 2481 4270 nnllaﬁt
2512 4196 2882 4270 Ultrysostonti
2916 4194 3117 4270 mentio
3148 4195 3201 4249 in
3233 4193 3459 4270 cpistola

1917 4282 2038 4322 uam
2071 4266 2240 4322 dedit.
2284 4266 2525 4335 Denique
2550 4267 2595 4321 si
2622 4264 2749 4336 quid
2790 4264 3057 4335 ejusmodi
3089 4267 3385 4336 accepisset
3426 4281 3462 4323 a

1923 4337 2220 4408 elagianis,
2254 4337 2444 4407 procul
2477 4335 2652 4392 dubio
2671 4352 2776 4393 non
2812 4336 3045 4392 celasset
3078 4335 3458 4407 Augustinum,

1882 4424 1982 4465 nec
2011 4410 2337 4477 Augustinus
2366 4408 2479 4479 ipse
2508 4408 2769 4475 siluisset,
2801 4423 2922 4463 cum
2951 4408 3133 4462 omnia
3162 4409 3302 4462 inter
3331 4422 3462 4464 eon-

1874 4481 2085 4552 juratos
2114 4480 2315 4552 amicos
2344 4494 2410 4552 eo
2436 4494 2603 4549 usque
2625 4479 2843 4545 fuerint,
2870 4479 3052 4552 hocin
3073 4479 3289 4552 negotio
3313 4479 3462 4534 aliis-

1879 4549 1984 4622 que
2014 4551 2082 4603 ad
2112 4549 2542 4622 ecclesiasticum
2574 4552 2815 4620 regimen
2858 4549 3249 4622 pertinentibus
3270 4590 3284 4616 ,
3313 4564 3463 4605 com-

1876 4620 2081 4688 munia,
2110 4632 2171 4676 ut
2196 4621 2398 4676 Aurelii
2425 4622 2755 4691 Augustinus
2784 4620 2943 4676 fuerit
2969 4636 3108 4691 pene
3131 4634 3308 4690 mens,
3341 4622 3460 4694 ani:

1876 4708 2100 4762 musque
2129 4702 2183 4748 et
2203 4707 2415 4747 manus.

1948 4760 2116 4819 lm'mo
2144 4778 2318 4832 neque
2340 4761 2669 4818 conveniunt
2698 4762 2902 4818 eaedem
2933 4762 3051 4816 istae
3080 4767 3220 4832 nota:
3248 4760 3462 4816 Bonifa-

1876 4837 1982 4902 eio,
2036 4836 2164 4889 licet
2209 4831 2422 4889 summo
2465 4833 2729 4903 pontiﬁci.
2782 4832 2914 4887 Nam
2965 4831 3213 4902 quamvis
3264 4833 3465 4903 inisua

1878 4906 2086 4961 ditione
2134 4906 2360 4960 haberet
2403 4902 2654 4971 SiCulos,
2700 4915 2755 4958 et
2798 4918 2895 4959 sua
2952 4904 3099 4973 ipsos
3146 4902 3466 4959 auctoritate

1881 4986 2068 5045 posset
2093 4976 2159 5030 ad
2201 4975 2649 5031 subscribendum
2677 4989 2904 5045 cogere;
2946 4973 3155 5045 nullam
3174 4980 3357 5029 tamen
3387 4973 3467 5045 le-

1877 5042 2023 5119 gitur
2053 5049 2339 5119 epistolam
2372 5045 2675 5119 seripsisse,
2705 5042 2819 5119 sive
2843 5060 2969 5114 qua:
2996 5042 3308 5119 mandatum
3338 5044 3466 5101 sub-

1872 5114 2174 5191 s'eriben'di,
2205 5120 2321 5191 sive
2348 5114 2711 5191 qute'iandem
2741 5115 3115 5191 Qhrysostomi
3138 5114 3463 5191 contineret.

1877 5190 2162 5269 Quomodo
2205 5186 2447 5269 enim'si
2497 5188 2689 5269 fuisset
2733 5187 2942 5269 aliqua,
2983 5186 3467 5269 siluissenthujus

1879 5256 2138 5331 temporis
2187 5262 2513 5330 scriptores,
2555 5256 2885 5385 cateroquin
2932 5267 3040 5312 tam
3078 5256 3468 5329 diligentesin

1879 5332 2228 5385 recensendis
2256 5332 2589 5385 nontilieum.
2621 5331 2771 5385 conci
2802 5332 3084 5385 iorumaue
3111 5328 3343 5385 decretis
3365 5328 3468 5385 ad-

1879 5328 2228 5388 recensendis
2256 5328 2589 5402 pontiﬁcum,
2621 5328 3093 5402 conciliorumque
3111 5328 3343 5402 deeretis
3365 5328 3468 5385 ad-

1885 5416 2077 5483 versus
2102 5398 2456 5483 Pelagianos?
2472 5398 2758 5483 Quomodo
2769 5398 3211 5483 prgtenmisis-set
3229 5400 3469 5483 Proeper

1884 5482 1992 5528 tam
2019 5470 2267 5529 curiosus
2299 5488 2484 5529 rerum
2510 5470 2828 5537 Innocentii,
2853 5470 3078 5537 Zosimi,
3114 5470 3390 5540 Bonifaeii,
3413 5478 3470 5528 et

1882 5544 2165 5601 C(elestini
2211 5544 2514 5599 scrutator?
2542 5543 2821 5611 Quomodo
2857 5542 3114 5598 tacuisset
3139 5542 3468 5613 Augustinus

1880 5615 2025 5684 ipse,
2069 5629 2187 5670 eum
2232 5625 2338 5669 tam
2374 5614 2531 5670 avide
2571 5614 2942 5684 undecumque
2985 5615 3272 5684 conquirat
3309 5625 3467 5681 argu-

1883 5683 2064 5757 menta
2084 5726 2097 5750 ,
2128 5686 2321 5755 quibus
2364 5686 2680 5757 Pelagianos
2707 5701 2737 5743 a
2766 5683 2895 5745 sede
2920 5683 3216 5754 apostolica
3245 5683 3466 5741 damna~

1883 5764 1967 5815 tos
1994 5756 2345 5813 demonstret.
