3970 6282
405 210 512 269 555

832 206 925 263 AD
964 204 1249 264 PARTEM
1289 198 1555 260 PRIMAM
1594 195 1881 257 OPERUM
1922 196 1993 253 M.
2037 196 2478 257 MERCATORIS
2516 197 2865 258 APPENDIX
2902 199 3248 262 SECUNDA.

3572 210 3680 269 536

400 322 531 381 tutis
558 322 615 379 in
648 322 818 379 veteri
846 323 1194 379 Testamento
1221 336 1328 377 non
1360 319 1565 383 fuisse;
1599 318 1765 373 immo
1793 314 1978 386 aiunt,
2010 318 2064 379 Α
2088 317 2372 371 masculum
2404 326 2449 372 et
2472 317 2715 387 feminam
2744 320 2864 390 fecit
2894 335 2979 376 eos
3002 320 3219 394 (Matth.
3252 336 3367 397 xtx,
3395 326 3484 400 4);
3514 336 3571 384 et
3598 328 3681 385 di.

403 432 596 476 omnes
641 417 933 489 Apostolos
977 416 1065 472 vel
1102 415 1403 485 Prophetas
1431 427 1541 468 non
1566 410 1724 482 plene
1766 418 1983 467 sanctos

402 510 707 578 exstitisse,
742 509 838 566 sed
866 510 918 565 in
948 507 1354 579 comparatione
1382 504 1631 577 pejorum
1658 502 1837 559 minus
1868 514 1983 556 ma-

394 604 514 670 los,
548 612 603 660 et
631 603 772 661 hanc
812 619 937 661 esse
971 602 1269 673 justitiam,
1298 600 1389 655 cui
1428 599 1568 655 Deus
1608 596 1979 653 testimonium

396 695 651 763 perhibet
679 738 693 762 ,
732 706 791 751 ut
828 694 1096 766 quomodo
1134 692 1267 748 dicit
1301 690 1561 762 propheta
1604 688 1826 761 (Ezech.
1857 703 1978 754 xv1,

393 788 529 857 46),
574 788 921 858 justificatam
964 785 1249 842 Sodomam
1302 781 1709 852 comparatione
1751 780 1969 838 Iudaeo-

393 895 513 942 rum
530 922 545 947 ,
572 883 646 937 ita
670 882 833 937 etiam
858 879 1276 935 criminosorum
1297 875 1706 945 comparatione
1726 872 1980 929 dicantur

394 971 561 1042 aliqui
611 973 786 1027 sancti
834 970 1149 1026 exercuisse
1189 969 1488 1025 virtutem:
1520 968 1677 1022 immo
1723 983 1782 1021 eo
1821 980 1980 1035 usque

394 1058 723 1135 blasphemia:
751 1070 1130 1135 proruperunt,
1159 1068 1221 1118 ut
1247 1060 1524 1118 Christum
1563 1059 1742 1118 carnis
1785 1071 1979 1115 neces-

392 1154 553 1210 sitate
585 1155 870 1209 mentitum
900 1163 1171 1211 asserant.

462 1248 730 1303 Asserunt
755 1247 982 1317 pariter,
1011 1256 1137 1318 post
1174 1244 1632 1304 resurrectionem
1674 1244 1811 1301 tales
1851 1257 1978 1315 pro-

389 1339 810 1405 cessuaJuturos
836 1352 995 1407 esse,
1028 1346 1088 1393 ut
1117 1337 1194 1393 ibi
1235 1336 1497 1408 incipiant
1526 1336 1781 1393 homines
1804 1377 1821 1406 ,
1853 1350 1976 1409 qua:

391 1427 479 1484 hic
508 1429 810 1497 noluerint,
841 1429 937 1484 Dei
966 1428 1218 1486 mandata
1250 1428 1549 1498 complere.

465 1521 591 1579 Hac
620 1530 667 1578 et
703 1522 815 1577 alia
844 1538 958 1577 cum
988 1520 1294 1577 Manichaeis
1322 1521 1593 1576 sentiunt:
1630 1535 1725 1575 nos
1764 1526 1935 1575 autem
1957 1561 1973 1589 ,

389 1614 573 1685 quibus
603 1614 753 1688 longe
781 1632 813 1668 a
842 1624 985 1670 tanta
1013 1615 1275 1687 impietate
1304 1614 1543 1670 recedere
1571 1621 1823 1668 statutum
1860 1620 1973 1682 est,

2088 409 2166 463 xit
2196 426 2208 461 :
2241 408 2479 474 Crescite,
2507 416 2555 463 et
2581 408 3009 482 multiplicamini,
3034 421 3085 468 et
3112 415 3304 484 replete
3326 423 3518 472 terram
3554 418 3681 489 (Ge-

2087 516 2195 556 nes.
2226 515 2267 571 ι,
2313 500 2436 571 28);
2473 500 2757 572 statimque
2798 502 2948 561 addit
2980 521 2993 557 :
3028 504 3179 574 Quod
3206 522 3325 579 ergo
3372 508 3509 565 Deus
3548 527 3675 566 con-

2077 593 2274 662 iunxit,
2303 591 2454 647 homo
2479 609 2585 647 non
2613 604 2813 663 separet
2840 594 3057 669 (Matth.
3090 613 3207 666 nx,
3234 598 3315 672 6).

2156 683 2403 740 Veterem
2430 684 2625 756 legem,
2655 701 2815 757 quam
2845 686 3122 746 Manichaei
3139 701 3516 761 exsecrantur,
3538 695 3675 753 dici-

2084 793 2207 835 mus
2235 777 2527 834 secundum
2556 780 2873 849 Apostolnm
2903 781 3081 853 (Rom.
3113 799 3207 852 vit,
3244 784 3335 857 12)
3357 786 3581 856 justam,
3619 798 3676 846 et

2085 879 2348 936 sanetam,
2371 878 2427 926 et
2466 870 2661 927 bonam
2702 872 3132 931 custodientibus
3156 876 3407 935 mandata
3435 894 3533 935 sua
3562 896 3579 947 ;
3611 894 3676 939 ac

2083 977 2182 1035 per
2226 961 2383 1020 fidem
2421 962 2566 1036 juste
2598 964 2926 1033 viventibus,
2976 967 3115 1023 sicut
3152 970 3430 1040 prophetis
3476 980 3533 1028 et
3579 987 3675 1044 pa-

2085 1054 2335 1113 triarchis
2381 1057 2738 1131 omnibusque
2786 1058 3014 1128 sanctis,
3042 1060 3208 1118 vitam
3253 1062 3493 1134 potuisse
3542 1078 3677 1123 con-

2081 1148 2226 1207 ferre
2248 1158 2585 1221 perpetuam.

2157 1242 2463 1300 Asserimus
2501 1245 2731 1302 liberum
2776 1244 3054 1302 arbitrium
3096 1262 3203 1305 non
3256 1251 3504 1319 periisse,
3548 1268 3678 1312 cum

2085 1335 2333 1407 loquatur
2361 1336 2621 1393 Dominus
2674 1352 2772 1408 per
2808 1337 3124 1413 prophetam
3155 1356 3171 1395 ε
3209 1341 3273 1397 Si
3322 1344 3586 1400 volueritis
3628 1363 3679 1416 ιι

2082 1429 2345 1485 audieritis
2370 1443 2469 1496 me,
2495 1444 2611 1501 qute
2628 1429 2760 1485 bona
2778 1438 2897 1485 sunt
2923 1437 3071 1486 terra:
3089 1432 3273 1488 edetis.
3321 1433 3383 1490 Si
3406 1436 3677 1493 volueritis

2081 1528 2130 1576 et
2152 1538 2257 1575 non
2283 1521 2572 1589 audieritis,
2603 1521 2810 1592 gladius
2834 1537 2921 1576 vos
2950 1523 3177 1577 comedet
3205 1523 3341 1596 (lsa.
3376 1540 3417 1592 ι,
3448 1526 3563 1599 19).
3593 1528 3675 1586 Ac

2082 1627 2179 1684 per
2216 1613 2320 1670 hoc
2344 1614 2570 1685 gratiam
2599 1615 2829 1671 dicimus
2870 1615 3283 1687 uniuscujusque
3311 1616 3512 1676 bonum
3539 1636 3675 1691 pro-

391 1718 652 1763 creatum
682 1707 777 1761 Dei
804 1708 1088 1763 convicium
1116 1708 1309 1778 inferre
1336 1723 1439 1782 non
1464 1706 1695 1761 novimus
1716 1745 1732 1773 ,
1763 1706 1853 1762 sed
1892 1706 1987 1761 Ito-
2015 1711 2063 1772 B
2088 1708 2319 1777 positum
2342 1708 2631 1778 adjuvare;
2662 1723 2768 1765 non
2793 1716 2971 1765 tamen
2993 1709 3277 1767 reluctanti
3302 1712 3541 1770 studium
3564 1716 3680 1772 vir-

391 1815 571 1856 norem
611 1810 659 1855 et
690 1802 896 1855 laudem
923 1809 1132 1856 auctore
1158 1799 1389 1873 dignam.
1445 1797 1787 1856 Nascentium
1818 1799 1984 1871 igitur

391 1892 727 1948 conditorem
761 1893 929 1949 Deum
958 1893 1159 1948 bonum
1180 1933 1195 1959 ,
1224 1907 1320 1963 per
1350 1906 1512 1963 quem
1540 1890 1680 1947 facta
1711 1898 1838 1946 sunt
1864 1905 1983 1947 om-

392 1985 510 2047 nia,
543 1983 773 2040 fatemur
799 2001 815 2051 ;
847 1984 1081 2041 fatemur
1108 1992 1165 2040 et
1192 1983 1333 2040 ﬁlios
1376 1982 1658 2039 hominum
1689 1998 1825 2055 opus
1858 1997 1983 2041 esse

393 2077 522 2141 Dei,
562 2092 623 2133 ac
671 2086 948 2148 peccatum
981 2092 1143 2134 omne
1168 2092 1276 2133 non
1307 2077 1374 2133 de
1406 2083 1629 2146 natura,
1660 2076 1757 2132 sed
1791 2075 1859 2131 de
1884 2090 1985 2131 vo-

392 2170 602 2226 luntate
628 2171 1001 2237 descendere;
1032 2180 1195 2241 atque
1225 2169 1297 2224 ita
1322 2168 1637 2224 Manichmis
1662 2167 1861 2222 malam
1885 2183 1982 2222 na-

392 2270 569 2318 turam
613 2263 919 2321 dicentibus
950 2278 1169 2320 causam
1211 2277 1333 2319 esse
1375 2262 1615 2332 peccati,
1657 2260 1820 2331 hujus
1856 2274 1983 2317 sen-

397 2357 581 2412 tentias
614 2358 842 2414 veritate
870 2358 1197 2414 resistimus.
1243 2355 1506 2412 Omnibus
1552 2355 1804 2411 mtatibus
1847 2353 1981 2411 dici-

393 2463 514 2504 mus
548 2449 875 2519 baptismum
919 2464 1043 2506 esse
1088 2449 1488 2515 necessarium,
1533 2454 1593 2503 ut
1634 2447 1845 2503 scilicet
1890 2448 1981 2503 illa

390 2550 650 2597 creatura
692 2543 746 2597 in
786 2542 883 2598 Dei
920 2542 1059 2597 ﬁlios
1095 2542 1408 2612 adoptetur,
1450 2555 1556 2596 non
1596 2537 1739 2611 quod
1777 2540 1981 2611 aliquid

390 2649 457 2688 ex
487 2635 801 2703 parentibus
823 2634 1177 2706 trahat,quod
1207 2636 1278 2690 sit
1306 2635 1522 2690 lavacro
1554 2633 1981 2705 regenerationis

389 2726 738 2797 expiandum.
774 2729 948 2797 Atque
978 2726 1106 2782 hinc
1133 2725 1384 2782 Christus
1411 2726 1669 2781 Dominus
1699 2726 1790 2797 qui
1818 2725 1981 2781 uoluit

388 2820 670 2874 secundum
708 2820 1079 2877 humanitatem
1120 2821 1264 2874 nobis
1313 2821 1427 2888 ﬁeri
1470 2822 1785 2891 conformis,
1831 2821 1979 2877 nulla

390 2912 602 2967 macula
654 2912 863 2983 peccati
913 2912 1013 2968 fuit
1058 2926 1373 2982 respersus,
1429 2913 1713 2985 ipsiusque
1753 2928 1881 2971 caro
1909 2913 1978 2971 ab

2086 1798 2211 1854 tutis
2264 1799 2575 1867 immittere,
2625 1799 2747 1871 quia
2780 1816 3118 1871 personarum
3164 1804 3389 1874 acceptio
3441 1821 3548 1861 non
3602 1814 3680 1864 est

2083 1891 2222 1963 apud
2252 1888 2418 1945 Deum
2448 1890 2627 1961 (Rom.
2650 1906 2711 1960 tt,
2742 1890 2854 1962 ll).

2153 1982 2383 2038 Sanctos
2406 1982 2686 2039 laudamus
2703 1990 2979 2055 tamquam
2998 1984 3243 2042 criminis
3263 2000 3450 2057 puros,
3472 1989 3680 2063 quippe

2082 2084 2204 2128 cum
2236 2071 2501 2142 baptisma
2533 2074 2773 2143 perfecte
2815 2073 3064 2133 homines
3102 2076 3325 2137 innovet
3354 2096 3367 2132 :
3401 2080 3677 2153 siquidem

2082 2162 2373 2234 Apostolus
2404 2178 2499 2233 per
2520 2164 2798 2220 lavacrum
2826 2182 2980 2237 aqua:
3001 2166 3303 2225 Ecclesiam
3326 2170 3394 2227 de
3415 2171 3674 2243 gentibus

2082 2263 2321 2311 sanctam
2344 2254 2459 2311 ﬂeri
2487 2257 2995 2330 immaculatamque
3017 2268 3241 2317 testatur
3261 2260 3668 2336 (Ephes.v,27).

2084 2346 2341 2405 Sanctum
2371 2363 2585 2419 quoque
2615 2346 2875 2420 Spiritum
2918 2352 3215 2409 asserimus
3244 2364 3453 2412 mentes
3500 2355 3677 2416 bonas

2082 2437 2138 2495 in
2183 2438 2417 2511 antiquis
2444 2439 2713 2510 adjuvisse
2743 2442 3108 2512 temporibus,
3137 2445 3351 2503 dicente
3406 2449 3674 2521 propheta

2082 2532 2150 2588 ad
2177 2532 2344 2589 Dettm
2374 2551 2385 2586 :
2419 2532 2652 2603 Spiritus
2678 2543 2795 2589 tuus
2824 2535 2986 2592 bonus
3008 2537 3221 2595 deducet
3242 2557 3320 2595 me
3356 2542 3412 2596 in
3436 2544 3570 2597 viam
3593 2561 3679 2602 re-

2083 2634 2216 2681 ctam
2241 2625 2413 2698 (Psal.
2449 2643 2590 2684 cxut
2612 2670 2626 2695 ,
2655 2628 2765 2700 10).
2806 2629 3006 2689 Omnes
3033 2649 3244 2705 quoque
3270 2636 3585 2707 prophetas,
3618 2650 3678 2701 et

2083 2719 2376 2788 apostolos,
2404 2718 2485 2774 vel
2512 2730 2749 2788 sanctos,
2775 2730 2881 2778 tam
2914 2726 3042 2780 novi
3072 2741 3229 2796 quam
3263 2729 3462 2785 veteris
3484 2730 3677 2789 Testa-

2082 2812 2285 2880 menti,
2319 2812 2513 2883 quibus
2544 2813 2801 2872 Dominus
2854 2819 3218 2877 testimonium
3248 2822 3530 2893 perbibet,
3564 2839 3677 2884 non

2082 2902 2139 2959 in
2166 2904 2568 2975 comparatione
2612 2907 3020 2980 sceleratorum,
3052 2912 3146 2968 sed
3192 2914 3376 2985 regula
3407 2915 3669 2975 virtutum

388 3003 535 3057 omni
567 3003 775 3072 peccati
804 3004 1128 3073 contagione
1158 3004 1450 3074 purissima
1482 3004 1602 3072 fuit,
1613 3004 1728 3075 jam
1760 3004 1887 3061 inde
1909 3005 1978 3062 ab
2075 2994 2251 3066 ἱυδῑοδ
2294 2997 2497 3065 ΐιιίεεθ;
2530 2999 2586 3054 in
2614 2998 2795 3057 fuluro
2840 3010 3023 3059 autem
3080 3013 3318 3077 tempore
3366 3010 3678 3070 mercedem

389 3094 639 3165 infantia,
658 3110 763 3151 non
792 3095 1118 3151 excellentia
1152 3095 1371 3166 propria
1401 3102 1459 3151 et
1485 3097 1659 3167 gratia
1688 3095 1971 3168 singulari,
2004 3094 2052 3161 C
2078 3102 2205 3146 0886
2235 3098 2341 3145 lam
2384 3090 2647 3147 bonorum
2677 3107 2835 3163 quam
2864 3094 3149 3152 malorum.
3186 3095 3456 3156 Caeterum
3496 3103 3679 3159 nemi-

395 3186 490 3243 sed
521 3187 905 3243 communione
935 3196 1173 3253 naturae,
1214 3203 1333 3259 qua:
1362 3187 1614 3244 omnibus
1640 3188 1781 3245 inest
1808 3188 1981 3244 infan-

392 3280 558 3336 tibus.
591 3281 872 3349 Quomodo
900 3292 1080 3338 autem
1113 3282 1181 3336 ab
1209 3280 1380 3337 Adam
1414 3288 1693 3351 peccatum
1730 3282 1783 3337 in
1818 3290 1982 3339 caete-

394 3388 484 3427 ros
512 3375 816 3442 transisset,
835 3375 938 3431 nisi
968 3374 1341 3445 animae,quod
1371 3373 1613 3430 Ecclesia
1641 3383 1978 3445 exsecratur,

395 3464 624 3532 proinde
651 3479 717 3519 ac
747 3466 955 3534 peccati
982 3465 1174 3521 tradux
1204 3464 1381 3522 foret?
1410 3466 1489 3521 Ex
1514 3464 1685 3523 Adam
1718 3466 1977 3538 dicimus,

396 3559 528 3614 nihil
558 3560 686 3614 mali
719 3561 980 3616 transisse
1011 3576 1107 3631 per
1139 3570 1393 3627 caeteros,
1422 3560 1526 3616 nisi
1556 3568 1788 3617 mortem
1808 3602 1824 3631 ,
1859 3576 1981 3632 qua:

394 3664 501 3705 non
532 3664 748 3720 semper
772 3660 857 3708 est
885 3652 1084 3706 malum
1102 3693 1117 3718 ,
1149 3666 1268 3708 cum
1296 3660 1350 3707 et
1376 3652 1701 3723 martyribus
1727 3653 1798 3708 sit
1821 3668 1983 3710 causa

401 3739 773 3813 praemiorum,
791 3750 845 3798 et
866 3744 949 3797 vel
970 3743 1185 3808 bonam,
1202 3745 1286 3798 vel
1316 3743 1759 3813 malammortem
1771 3744 1877 3801 dici
1908 3744 1986 3801 fa-

400 3835 531 3933 piat,
566 3848 674 3889 non
701 3834 967 3891 resolutio
995 3849 1320 3906 corporum,
1350 3849 1471 3905 quas
1518 3834 1901 3891 excitabuntur
1929 3836 1983 3894 in

394 3927 549 3982 omni
587 3942 788 3997 genere
818 3928 1129 3996 hominum,
1160 3928 1255 3984 sed
1301 3928 1615 3984 meritorum
1664 3927 1983 3998 diversitas,

398 4034 520 4089 quae
549 4019 617 4075 de
650 4019 887 4076 humana
918 4020 1169 4078 libertate
1194 4020 1478 4092 contingit.

465 4110 690 4180 Nuptias
716 4128 841 4169 vero
868 4113 1165 4170 secundum
1195 4112 1496 4183 Scripturas
1524 4111 1825 4181 laudamus,
1856 4113 1981 4186 quia

399 4198 656 4259 Dominus
697 4205 749 4259 in
781 4205 1068 4276 Evangelio
1100 4204 1332 4275 loquitur
1367 4220 1382 4259 :
1419 4204 1522 4273 Qui
1566 4206 1687 4277 fecit
1716 4205 1780 4259 ab
1809 4206 1977 4274 initio,

408 4384 646 4402 *δυο-,ο

2089 3197 2212 3239 nem
2244 3197 2403 3254 posse
2430 3198 2551 3256 qua:
2582 3184 2673 3242 hic
2700 3188 3107 3259 contempserit,
3138 3189 3244 3245 illic
3272 3190 3522 3248 mandata
3549 3207 3681 3263 per-

2089 3274 2272 3341 ficere,
2305 3289 2427 3330 cum
2471 3275 2668 3333 dixerit
2707 3278 2994 3349 Apostolus
3026 3296 3041 3335 :
3074 3280 3286 3351 Oportet
3313 3300 3405 3340 nos
3449 3287 3677 3357 manife-

2085 3367 2211 3421 stari
2256 3374 2375 3422 ante
2423 3366 2647 3423 tribunal
2695 3367 2906 3440 Christi,
2951 3380 3007 3425 ut
3056 3382 3277 3442 reportet
3326 3377 3681 3449 unusquisque

2088 3461 2297 3531 propria
2341 3462 2568 3532 corporis
2604 3462 2883 3517 secundum
2916 3464 3054 3535 quod
3094 3466 3280 3536 gessit,
3311 3468 3414 3524 sive
3448 3468 3677 3539 bonum,

2084 3552 2190 3607 sive
2214 3552 2408 3607 malum
2436 3550 2505 3624 (ll
2530 3551 2649 3608 Cor.
2682 3568 2735 3621 v,
2766 3552 2879 3625 10).

2156 3643 2319 3714 Atque
2358 3643 2465 3699 hac
2496 3660 2611 3698 cum
2652 3644 2893 3702 adversus
2934 3644 3248 3703 Manichaeos
3288 3648 3541 3704 catholica
3568 3651 3681 3720 ﬁde

2087 3736 2408 3805 conﬁtemur,
2456 3744 2569 3790 tum
2616 3734 2819 3792 inimici
2865 3738 3033 3793 nostri
3060 3738 3114 3793 in
3163 3738 3384 3810 hujusce
3431 3740 3682 3799 veritatis

2087 3828 2271 3885 odium
2303 3828 2445 3885 dicta
2476 3829 2762 3899 Augustini
2800 3840 3190 3901 susceperunt;
3224 3840 3277 3888 et
3306 3840 3418 3889 toto
3460 3833 3683 3904 penitus

2088 3920 2378 3978 Occidente
2405 3935 2513 3977 non
2550 3923 2727 3977 minus
2768 3922 2989 3979 stultum
3025 3938 3185 3995 quam
3223 3923 3443 3996 impium
3475 3926 3681 3999 dogma

2088 4024 2361 4088 receptum
2412 4024 2516 4084 est,
2564 4024 2723 4085 atque
2779 4032 2810 4072 a
2852 4017 3181 4087 simplicibus
3224 4019 3506 4091 episcopis,
3554 4021 3683 4080 sine

2087 4108 2503 4180 congregatione
2533 4106 2724 4180 synodi
2746 4107 2800 4162 in
2829 4108 2963 4164 locis
2990 4110 3102 4165 suis
3123 4110 3455 4181 sedentibus,
3478 4111 3546 4169 ad
3568 4112 3679 4173 hoc

2087 4198 2516 4255 conﬁrmandum
2545 4207 2753 4255 extorta
2781 4208 2867 4255 est
2892 4199 3237 4272 subscriptio.

1317 4482 2479 4567 DISSERTATIO
2553 4485 2762 4582 VI,

1640 4653 1704 4705 ll
1735 4660 1901 4707 υσλδ
1937 4660 2176 4707 PARTES
2200 4660 2436 4708 DIVISA.

1506 4802 1912 4877 PARS
2022 4804 2563 4877 PRIMA.

486 4953 569 5007 DE
602 4952 882 5005 SCRIPTIS
914 4952 959 5003 Δ
988 4948 1466 5005 DEFENSORIBUS
1497 4954 1672 5007 FIDE!
1706 4956 2040 5009 ADVERSUS
2071 4955 2369 5007 HERESIM
2402 4953 2818 5009 PELAGIANAH
2855 4953 3022 5009 ANTE
3048 4954 3322 5009 MORTEM
3355 4952 3580 5007 SANCTI

1850 5042 2218 5095 AUGUSTINI.

397 5172 467 5234 In
502 5171 651 5232 Hac
689 5168 887 5229 verba
916 5162 1294 5243 Mercatoris
1325 5184 1342 5225 :
1380 5162 1611 5226 Contra
1633 5166 1902 5243 pueriles
1932 5182 2119 5228 ausus
2147 5164 2277 5243 ejus
2305 5169 2535 5226 sancto:
2571 5162 3045 5243 recordationis
3072 5163 3465 5243 Augustinus
3502 5162 3683 5243 Epi~

595 5265 819 5325 scapus
850 5242 1113 5307 diuersis
1139 5243 1515 5323 temporibus
1540 5240 1816 5307 diuersos
1847 5243 2132 5307 condidit
2159 5240 2382 5322 libros,
2410 5247 2531 5306 etc.
2560 5242 2834 5322 (Prmfat.
2867 5243 2934 5304 in
2960 5243 3073 5305 lib.
3104 5240 3468 5323 subnotat.)

469 5423 757 5486 Postquam
783 5409 1521 5486 praecedentidissertatione
1548 5410 1851 5486 expositum
1880 5418 1985 5478 est,
2018 5418 2067 5478 1)
2093 5409 2274 5486 statim
2322 5407 2687 5473 horruissent;
2716 5422 2896 5479 operm
2942 5407 3171 5486 pretium
3202 5404 3416 5463 videtur
3458 5420 3551 5475 per
3580 5421 3683 5486 ex.

397 5492 524 5563 quid
554 5480 732 5544 hostes
760 5480 881 5541 li'dei
929 5480 1196 5563 ediderint
1213 5520 1237 5563 ,_
1258 5480 1324 5536 ad
1352 5496 1495 5563 suos,
1529 5481 1987 5563 erroresnsinqua

399 5551 608 5618 ratione
633 5565 873 5627 possent,
903 5552 1327 5627 persuadendos,
1354 5560 1669 5627 mentesque
1689 5551 1986 5627 catholicas

399 5632 579 5687 verbis
617 5622 669 5683 in
721 5622 956 5693 speciem
989 5622 1310 5679 orthodoxis
1362 5622 1642 5688 fallendus,
1678 5634 1737 5691 ut
1785 5625 1990 5691 impru-

402 5704 591 5759 dentes
637 5712 900 5755 venenum
937 5695 1235 5763 haurirent,
1287 5694 1428 5764 quod
1457 5709 1553 5765 per
1592 5708 1653 5753 so
1690 5693 1987 5752 cxhibitum

2094 5481 2329 5547 nopsim,
2362 5487 2570 5534 servata
2610 5476 2910 5548 temporum
2942 5476 3168 5543 ratione,
3217 5491 3488 5548 exponere
3516 5476 3683 5548 quide

2093 5550 2220 5621 quid
2266 5552 2334 5605 ab
2376 5557 2566 5621 exortu
2594 5547 2929 5621 ltaaresisgab
2964 5550 3168 5621 obitum
3214 5547 3513 5618 Augustini,
3546 5547 3684 5621 fidei

2094 5616 2371 5676 catholica:
2399 5618 2711 5677 defensores
2740 5619 3074 5690 scripserint,
3105 5629 3163 5674 ut
3191 5616 3352 5690 nemo
3376 5632 3480 5690 non
3504 5616 3685 5690 possit

2093 5692 2251 5751 facile
2298 5692 2516 5761 intueri,
2549 5692 2743 5762 quibus
2771 5705 2831 5750 se
2852 5686 3023 5758 ’quasi
3075 5688 3326 5759 gradibus
3372 5686 3569 5743 veritas
3595 5688 3683 5745 vi-
