3882 6284
403 195 512 265 In.

865 193 962 258 AD
991 199 1272 257 PARTEM
1303 197 1567 256 PRIMAM
1595 195 1881 254 OPERUM
1913 197 1983 255 M.
2018 193 2464 256 MERCATORIS
2493 191 2841 250 APPENDIX
2869 191 3209 250 SECUNDA.

405 321 581 376 disset
609 316 901 388 prasenti:
931 315 1080 370 misit
1107 327 1310 388 autem,
1341 312 1726 388 cumiprimum
1760 315 1986 382 accepit,
2016 319 2068 378 Α
2167 310 2273 368 Sed
2300 310 2554 381 quoniam
2589 309 3370 388 Vitalis_m_eminit__Baronius,
3401 319 3457 368 et
3499 311 3697 388 incer-

408 385 710 461 llipponem
735 397 923 461 aestate
949 385 1332 452 consequentis
1361 385 1643 461 anni,_nec
1673 392 1850 437 tamen
1881 389 1988 461 Au:

447 454 624 516 tisiino
678 457 871 536 redditi
917 455 1568 536 sunt,_pr;£terquam_iit_i
1607 454 1717 536 iine
1743 456 1987 536 autumni

447 478 624 516 nsttno
678 478 871 513 reuutu
917 478 1063 522 sunt,
1116 478 1470 526 practerqualn
1518 478 1568 508 Ill
1611 478 1717 508 unc
1743 478 1987 509 animum

408 478 552 657 iLib.
582 531 690 586 tad
719 528 972 582 Renatum
1001 544 1049 580 c.
1079 527 1154 596 1).
1185 526 1299 581 Non
1347 527 1520 594 potuit
1552 525 1712 594 igitur
1751 524 1815 577 ad
1854 526 1990 580 scri-

449 602 649 657 endum
680 598 938 654 accedere
965 599 1292 657 Augustinus
1313 605 1436 650 ante
1466 611 1663 650 annum
1685 594 1812 651 420.

449 602 649 659 endum
680 598 938 654 accedere
958 594 1292 668 Augustinus
1313 605 1436 650 ante
1466 611 1663 668 annum
1685 594 1812 651 420.

483 674 680 728 Missus
706 678 791 725 est
824 668 892 723 ad
930 666 1203 722 Valerium
1233 668 1483 723 comitem
1511 667 1702 721 eodem
1751 681 1892 720 anno
1924 666 1987 720 li-

409 744 512 800 ber
541 740 808 798 secundus
846 739 914 794 de
934 737 1146 808 Nuptiis
1175 747 1230 793 et
1256 737 1607 804 Concupisc.;
1642 752 1815 808 neque
1842 739 1986 791 enim

453 815 564 870 rius
591 813 794 882 potuit,
851 824 972 864 nam
1021 807 1142 882 cum
1171 809 1373 882 primus
1413 809 1650 882 venisset
1699 812 1753 862 in
1789 807 1988 882 Juliani

461 878 686 954 elagiaui
741 896 950 946 manus,
1005 881 1225 954 scripsit
1250 880 1339 934 ille
1367 879 1627 954 adversus
1673 893 1794 932 eum
1824 878 1988 954 libros

414 948 912 1027 quatuorteosque
939 965 1045 1006 non
1091 953 1360 1027 exiguosL
1390 965 1454 1027 ex
1485 948 1684 1027 quibus
1731 950 1988 1006 nonnulla

414 1019 955 1096 quidamidecerpsit,
1003 1029 1060 1096 et
1072 1020 1266 1096 comiti
1317 1019 1535 1096 Valerio
1565 1019 1731 1096 misit,
1753 1035 1906 1096 “quae
1935 1030 1991 1075 et

416 1089 536 1168 ipse
583 1095 728 1150 misit
757 1089 1209 1168 AlipioLAlipius
1237 1091 1557 1168 Augustino,
1587 1091 1678 1160 qui
1717 1089 1826 1168 alio
1852 1090 1990 1168 libro

415 1161 486 1222 a'd
513 1181 576 1222 ea
607 1167 718 1234 ipsa
740 1161 1039 1234 respondit.
1075 1161 1200 1216 Hiec
1228 1161 1450 1234 totidem
1484 1176 1619 1232 pene
1658 1161 1840 1216 verbis
1881 1161 1992 1216 Au-

417 1233 663 1309 gustinus
693 1235 903 1309 (Lib._|_t_
927 1233 1294 1309 Retract._cap.
1319 1233 1436 1300 55).

492 1305 626 1362 Cum
655 1318 783 1376 ergo
825 1304 1030 1376 Alipins
1051 1305 1104 1357 in
1151 1302 1388 1358 Africam
1434 1301 1654 1357 redierit
1695 1303 1798 1359 sub
1827 1301 1989 1376 linem

420 1373 892 1448 superioris'anni,
920 1381 980 1428 ut
997 1373 1107 1448 jam
1134 1376 1510 1448 anteadictum
1542 1383 1644 1439 est,
1678 1390 1782 1448 non
1821 1375 1992 1448 potuit

418 1444 608 1517 procul
636 1446 798 1502 dubio
847 1444 1126 1517 secundus
1155 1446 1256 1517 iste
1285 1445 1451 1517 liber,
1476 1453 1566 1517 aut
1595 1446 1814 1517 omnino
1851 1445 1988 1510 fieri,

419 1514 515 1574 aut
538 1519 731 1574 saltem
760 1516 899 1572 mitti
943 1515 1008 1568 ad
1039 1514 1308 1569 Valerium
1352 1515 1403 1569 in
1439 1514 1587 1568 Italia
1623 1516 1990 1580 constitutum,

420 1601 548 1644 ante
599 1588 810 1644 initium
852 1584 1074 1652 hujusce
1125 1585 1272 1651 anni,
1307 1585 1470 1639 immo
1514 1599 1616 1639 nec
1659 1595 1784 1641 ante
1830 1585 1993 1640 linem

419 1655 1019 1730 Aprilisaipsumeuim
1041 1655 1109 1730 ad
1132 1655 1401 1730 Valerium
1428 1657 1609 1710 retulit
1633 1656 1861 1730 ipsemet
1884 1655 1992 1711 Ali-

463 1726 564 1796 ius,
598 1726 765 1785 veluti
789 1726 1039 1786 affirmat.
1073 1726 1377 1795 Augustino
1405 1741 1510 1780 non
1565 1727 1988 1793 contradicente,

465 1747 544 1784 ius
598 1745 765 1785 veluti
789 1745 1039 1786 aturmat.
1073 1745 1377 1795 augusuno
1405 1745 1510 1780 non
1565 1745 1988 1793 contradicente,

421 1745 666 1858 ynlia’nus
687 1797 824 1871 (Lib.
851 1812 870 1850 1
894 1797 1241 1871 Op._lmper[.
1261 1813 1305 1850 c.
1332 1796 1409 1865 6).
1438 1796 1727 1871 Peposcisti
1752 1797 1994 1871 (Florum

424 1868 944 1939 alloquitur),_immo
997 1868 1558 1939 indixistiauctorilale
1583 1868 1752 1939 patria
1779 1879 1834 1921 ut
1864 1869 1995 1923 libro

425 1935 726 1996 tract'atoris'
749 1937 918 2002 Pani,
947 1953 1096 2004 quem
1124 1938 1190 1990 ad
1229 1935 1489 1991 Valerium
1514 1935 1749 1992 comitem
1783 1941 1998 1994 vernula

423 2026 750 2083 peccatorum
775 2010 884 2080 ejus
915 2008 1118 2083 Alipius
1149 2024 1311 2076 nuper
1341 2007 1544 2071 detulit,
1577 2009 1856 2075 obviarem,
1889 2020 1994 2065 etc.

422 2080 635 2152 Alipius
661 2095 789 2135 vero
813 2093 916 2152 non
945 2080 1156 2152 videtur
1183 2088 1306 2152 ante
1339 2093 1562 2152 vernam
1591 2087 1996 2147 tempestatem,

424 2147 699 2209 autetiam
731 2161 854 2205 ante
881 2148 1046 2220 festos
1069 2148 1183 2202 dies
1213 2147 1489 2220 Paschatis
1512 2158 1782 2220 peractos,
1817 2152 1867 2204 in
1897 2151 2002 2206 lia-

426 2223 556 2278 liam
582 2223 881 2290 navigasse,
941 2219 1320 2289 Ravenmeque
1347 2217 1623 2290 Valerium
1653 2223 1998 2277 convenisse.

427 2291 562 2350 Cum
591 2289 725 2363 ergo
741 2291 988 2363 inciderit
1024 2290 1125 2343 hoc
1155 2304 1297 2363 anno
1328 2289 1454 2363 dies
1475 2289 1750 2363 Pascpatis
1769 2291 1824 2346 in
1856 2291 2004 2363 vige-

429 2366 626 2421 simum
655 2358 868 2417 fertinm
911 2359 1211 2432 Pharmuti,
1256 2361 1550 2432 secundum
1590 2358 1873 2432 Cyrillum,
1911 2358 2002 2432 qui

431 2434 674 2490 decimus
699 2444 922 2488 octavus
952 2431 1150 2501 Aprilis
1174 2429 1314 2500 apud
1340 2431 1591 2496 Latinos,
1634 2429 1796 2501 atque
1822 2433 1894 2488 ita
1918 2429 2002 2488 fe-

426 2515 640 2562 storum
689 2501 1160 2574 absolutio_fuerit
1206 2503 1294 2556 die
1331 2501 1404 2556 25
1453 2501 1674 2574 Aprilis,
1704 2512 1830 2558 ante
1859 2503 2003 2574 quod

426 2581 646 2644 tempus
667 2573 912 2644 religioni
951 2571 1219 2644 ducebant
1238 2573 1582 2644 sanctissimi
1609 2574 1735 2644 olim
1765 2571 2005 2643 episcopi

429 2641 625 2701 abesse
652 2659 684 2699 a
725 2647 836 2700 suis
867 2641 1161 2707 Ecclesiis;
1194 2643 1390 2712 librum
1431 2643 1670 2712 oportuit
1710 2660 1738 2696 a
1785 2641 2007 2701 Valerio

427 2717 624 2781 accipi,
647 2731 806 2784 quam
835 2713 1112 2780 citissime,
1135 2713 1236 2768 sub
1257 2711 1417 2768 ﬁnem
1439 2711 1584 2779 Maii,
1607 2715 1675 2769 ab
1703 2717 2007 2785 Augustino

427 2785 597 2842 scribi
628 2794 750 2840 ante
776 2785 998 2839 Pascha.

505 2856 610 2911 Sed
639 2870 918 2926 quorsum,
959 2862 1164 2923 quaeret
1207 2853 1427 2924 aliquis,
1473 2855 1680 2926 Alipius
1715 2857 1910 2911 iterum
1939 2857 2006 2912 ad

430 2923 744 2996 comitatum
776 2923 1052 2996 profectus
1095 2933 1212 2996 est,
1241 2923 1364 2980 cum
1393 2941 1537 2980 anno
1565 2923 1861 2996 superiore
1909 2929 2010 2985 sub

430 2997 598 3053 11110111
623 2995 747 3051 inde
767 2994 1097 3051 revenisset?
1117 2994 1378 3063 Opinatur
1399 2994 1665 3051 Baronius
1685 2997 2006 3066 postulatum

2023 1701 2071 1762 Β

2099 392 2188 438 tus
2237 380 2327 436 est
2371 397 2547 436 annus
2587 397 2693 449 quo
2732 381 2798 435 ad
2847 382 2989 435 hunc
3033 380 3319 452 diaconum
3346 384 3695 452 Augustinus

2091 454 2329 522 scripsit,
2375 469 2480 507 non
2513 455 2819 521 importune
2865 453 2968 506 hoc
2999 455 3048 504 in
3082 451 3201 507 loco
3236 454 3305 508 de
3335 451 3572 522 epistola
3601 455 3696 510 di-

2089 539 2294 591 cemus,
2326 524 2456 578 nulli
2486 522 2602 578 fere
2645 524 2798 577 alteri
2821 522 3077 595 secunda,
3113 523 3164 576 in
3193 539 3296 591 qua
3316 527 3509 595 gratia:
3538 541 3689 594 prte-

2067 597 2356 651 ‘venieutis
2387 608 2642 648 arcanum
2690 594 3005 665 mysterium
3050 594 3336 663 relegitur,’
3363 596 3689 652 traduntur-

2090 683 2196 737 que
2238 666 2522 720 duodecim
2573 665 2796 734 regulae,
2849 665 3046 738 quibus
3087 666 3348 723 catholica
3389 682 3563 738 super
3617 682 3688 724 ea

2091 737 2390 808 qumsliune
2420 739 2686 791 sententia
2716 737 3044 808 continetur.

2160 809 2316 875 Saepc
2336 822 2464 861 vero
2507 809 2730 860 miratus
2760 821 2900 872 sum,
2928 805 3120 878 abuhis
3150 809 3351 878 regulis
3382 809 3682 864 Arausica-

2091 893 2192 933 nos
2236 874 2358 933 Octo
2397 891 2633 932 canones
2687 891 2874 946 parum
2930 874 3170 943 differre,
3213 874 3510 947 plurimum
3559 892 3684 938 octo

2091 949 2412 1013 Africanos;
2441 963 2566 1002 cum
2611 947 2686 1002 illi
2718 957 2896 1003 tamen
2927 955 3169 1016 tempore
3195 952 3306 1006 sint
3335 952 3562 1015 remoti.
3591 951 3682 1008 isti

2091 1021 2383 1092 admodum
2414 1018 2605 1092 vicini.
2637 1020 2717 1073 An
2765 1034 2872 1092 non
2923 1030 3104 1092 posset
3134 1021 3327 1091 aliquis
3346 1021 3488 1092 inde
3511 1022 3684 1092 conji-

2092 1106 2238 1155 cere,
2269 1091 2354 1146 vel
2395 1091 2750 1158 Augustinum
2781 1089 3046 1158 ejusmodi
3070 1089 3284 1160 regulas
3312 1091 3482 1149 Vitali
3513 1089 3682 1150 tradi-

2091 1161 2271 1228 disse,
2322 1173 2450 1215 ante
2501 1161 2750 1215 conditos
2803 1174 3044 1215 canones
3089 1161 3404 1230 Africanos,
3463 1165 3553 1220 vel
3613 1181 3681 1221 ex

2093 1232 2522 1306 Yitaliparente
2577 1240 2753 1306 ortum
2799 1245 2920 1306 esse
2972 1230 3249 1306 Gallorum
3289 1250 3560 1306 errorem,
3593 1237 3682 1306 qui

2092 1302 2435 1358 Arausicanis
2485 1303 2782 1375 canonibus
2839 1304 3164 1375 damnatur?
3215 1305 3455 1360 Primum
3514 1302 3676 1375 istud,

2093 1375 2343 1499 etsibnon
2390 1372 2745 1443 improbabile
2779 1375 2992 1442 opinor,
3024 1373 3257 1430 alterum
3295 1387 3480 1432 tamen
3512 1372 3681 1448 magis

2095 1459 2193 1499 pro
2233 1460 2286 1499 o.

2133 1459 2286 1500 I'ODO.

2093 1459 2776 1582 pradqumsiveritforte
2802 1513 3016 1584 aliquis,
3063 1528 3159 1569 cur
3185 1515 3551 1573 Arausicanos
3594 1533 3679 1574 ca-

2097 1599 2268 1640 nones
2296 1597 2416 1658 octo
2455 1583 2708 1658 dixerim,
2762 1583 2899 1639 cum
2910 1585 3101 1658 viginti
3145 1588 3377 1658 quinque
3407 1590 3678 1644 numerari

2095 1658 2256 1726 vulgo
2287 1657 2512 1710 soleant.
2571 1656 2872 1723 ReSponsio
2902 1654 3076 1726 facilis
3105 1654 3188 1711 est
3214 1654 3377 1726 atque
3402 1658 3638 1714 dilucida
3662 1676 3674 1712 :

2101 1725 2328 1798 formant
2350 1727 2492 1781 enim
2517 1740 2782 1798 canonum
2814 1735 2937 1780 octo
2967 1725 3070 1780 soli
3093 1725 3303 1796 priores
3329 1730 3569 1795 habent;
3595 1731 3679 1798 qui

2097 1797 2352 1870 dicuntur
2393 1797 2647 1866 postremi
2697 1797 2980 1870 tredecim,
3027 1813 3133 1854 non
3167 1808 3273 1853 tam
3303 1815 3548 1855 canones
3592 1797 3681 1870 per

2097 1883 2158 1922 se
2185 1869 2352 1922 videri
2384 1876 2634 1936 possunt,
2675 1883 2834 1933 quam
2875 1869 3114 1936 priorum
3146 1881 3271 1923 octo
3310 1869 3680 1927 confirmatio-

2099 1954 2194 2010 nes
2226 1938 2492 2010 qutedam,
2525 1938 2591 1992 ab
2624 1939 2908 2008 Augustini
2939 1938 3245 1995 testimonio
3282 1943 3488 2010 petitas.

2171 2009 2274 2063 Per
2333 2008 2472 2062 idem
2505 2016 2716 2077 tempus
2763 2010 3093 2078 Augustinus
3133 2008 3367 2077 quatuor
3412 2012 3573 2067 libris
3621 2011 3680 2066 ad

2103 2093 2293 2148 papam
2321 2077 2658 2153 Bonifacium
2715 2077 2930 2153 scriptis
2969 2079 3166 2153 refellit
3205 2081 3340 2136 duas
3370 2082 3684 2153 Pelagiano-

2101 2165 2219 2204 rum
2249 2149 2526 2221 epistolas,
2556 2151 2626 2205 ab
2653 2151 2843 2204 eodem
2875 2150 3128 2220 pontiﬁce
3155 2167 3247 2220 per
3280 2149 3531 2221 Alipium'
3548 2169 3683 2208 anno

2101 2221 2379 2287 superiore
2411 2219 2514 2274 sibi
2551 2223 2742 2275 missas
2773 2237 2788 2274 :
2834 2219 3002 2290 prima
3030 2232 3113 2276 est
3141 2219 3206 2275 ad
3238 2219 3473 2278 clericos
3505 2223 3683 2279 Roma

2103 2293 2331 2360 positos,
2363 2289 2595 2363 secunda
2625 2291 2692 2345 ad
2738 2289 2933 2363 Rufum
2979 2291 3528 2350 Thessalonicensem
3580 2295 3687 2363 epi-

2102 2360 2676 2432 scopum._Utramque
2699 2362 2956 2418 credebat
2979 2364 3309 2432 Augustinus
3338 2380 3464 2418 esse
3492 2360 3682 2420 Iuliani

2105 2430 2242 2506 (Lib.
2273 2446 2309 2485 11
2347 2430 2727 2506 βειναεζζοαρ.
2760 2432 2862 2506 6l)_
2885 2449 2899 2486 :
2922 2430 3412 2506 sedi—lleprimam
3451 2436 3684 2506 abnega-

2105 2501 2200 2565 vit,
2227 2516 2324 2556 nec
2350 2502 2637 2566 immerito,
2669 2501 2792 2558 cum
2823 2502 3136 2559 Ctelestium
3166 2504 3362 2560 habeat
3381 2501 3682 2561 auctorem:

2107 2573 2396 2628 secundam
2447 2575 2710 2642 agnovit,
2759 2573 2852 2628 sed
2899 2589 3059 2643 quam
3118 2576 3339 2630 nomine
3388 2577 3685 2631 octodecim

2107 2644 2514 2711 episcoporum,
2567 2653 2624 2698 et
2673 2659 2778 2697 non
2824 2658 2925 2698 suo
2974 2655 3176 2700 tantum
3227 2646 3396 2702 solius
3457 2648 3688 2703 misisset

2109 2711 2247 2788 (Lib.
2278 2729 2297 2788 t_
2335 2713 2441 2788 Op;
2473 2711 2690 2788 Imperi:
2722 2729 2836 2778 cap.
2868 2714 2981 2784 17).
3042 2715 3133 2770 llla
3182 2719 3360 2788 primo
3394 2717 3563 2786 libro,
3597 2718 3688 2772 ista

2109 2784 2332 2849 reliquis
2362 2784 2528 2839 tribus
2557 2785 2887 2839 confutatur.

2183 2853 2465 2928 Temporis
2493 2855 2632 2928 ratio
2683 2855 2810 2928 inde
2838 2864 3068 2928 constat.
3100 2857 3312 2928 Alipius
3340 2875 3409 2913 ex
3432 2859 3588 2913 Italia
3614 2873 3693 2914 re-

2112 2933 2326 2998 vertens
2355 2926 2520 2998 bas_c_e
2532 2926 2680 2998 duas
2709 2925 2986 2994 epistolas,
3012 2942 3112 2998 una
3137 2925 3258 2982 cum
3282 2929 3563 2998 excerptis
3581 2929 3693 2998 qui-

2112 2994 2335 3048 busdam
2381 3010 2410 3048 a
2454 2995 2668 3050 Valerio
2715 2997 3071 3062 transmissis,
3104 3001 3284 3054 attulit
3335 3003 3386 3054 in
3438 2994 3691 3065 Africim,

432 3067 600 3146 ivisse
621 3069 707 3146 _ab
746 3067 1068 3146 imperatore
1107 3067 1366 3120 auxilium
1407 3067 1665 3146 adversus
1686 3065 2012 3146 Pelagianos
2038 3078 2084 3140 ο
2116 3079 2406 3146 rursusque
2437 3080 2513 3146 .ex
2540 3065 2719 3146 Africa
2775 3067 3107 3146 Ravennam
3138 3071 3492 3146 proficiscens
3536 3071 3696 3146 libros

433 3138 491 3194 in
519 3138 701 3193 Africa
733 3137 1139 3198 tumultuantes,
1169 3151 1340 3206 eaque
1369 3139 1653 3192 occasione
1681 3139 2012 3196 mentionem

431 3208 564 3264 facit
611 3207 802 3263 Vitalis
838 3207 1048 3263 diaconi
1096 3207 1567 3277 Carthaginensis,
1621 3212 1689 3264 ad
1739 3224 1896 3278 quem
1932 3220 2017 3266 est

432 3280 730 3351 centesima
769 3279 999 3348 septima
1048 3279 1331 3351 Augustini
1378 3279 1625 3351 epistola.
1649 3278 1848 3334 Verum
1889 3283 2014 3351 quid

436 3363 577 3411 opus
597 3348 698 3404 fuit
725 3353 1046 3404 auctoritate
1068 3348 1354 3419 imperiali,
1378 3360 1502 3418 post
1525 3350 1810 3419 epistolam
1837 3348 2017 3406 110110-

434 3419 503 3474 rii
537 3419 602 3473 ad
627 3419 926 3486 Aurelium,
972 3420 1038 3473 de
1078 3418 1336 3488 exigenda
1388 3421 1455 3473 ab
1496 3418 1743 3475 omnibus
1771 3423 2014 3477 subscri-

437 3490 625 3560 ptione
669 3488 1484 3560 damnationiPelagianorum,
1535 3499 1592 3546 et
1636 3491 1898 3560 pellendis
1947 3494 2016 3549 de

439 3558 573 3616 iede
598 3558 976 3629 episcOpisoni
1005 3559 1406 3613 detrectarent?

514 3629 689 3684 Credo
742 3628 988 3698 equidem
1044 3643 1111 3684 eo
1147 3629 1376 3683 consilio
1422 3628 1652 3696 Alipium
1704 3629 2014 3688 Ravennam

439 3700 684 3764 venisse,
717 3708 774 3751 ut
803 3699 871 3751 ab
895 3701 1220 3768 imperatore
1250 3700 1525 3753 obtineret
1548 3701 1719 3766 legem
1747 3702 1815 3756 de
1841 3715 2018 3758 extra-

436 3784 664 3826 nearum
687 3769 972 3824 mulierum
997 3769 1680 3838 consiirtioecclesiasticis
1705 3773 2012 3838 interdicto,

438 3850 546 3896 etc.
582 3839 671 3912 (L.
701 3839 1072 3912 Ambraciepisc.
1101 3837 1228 3894 Cod.
1259 3837 1508 3908 Theod.),
1541 3839 1728 3912 datam,
1750 3842 2016 3900 Ravennae

434 3926 534 3967 un
585 3910 659 3967 id.
703 3910 845 3975 Maii,
891 3910 1197 3966 Theodosio
1245 3912 1565 3980 Augustorx
1605 3922 1660 3966 et
1703 3911 2018 3970 Constantio

436 3996 583 4038 coss.
634 3981 768 4037 Nam
817 3993 942 4037 tunc
988 3981 1264 4049 temporis,
1321 3996 1442 4037 cum
1479 3982 1532 4036 in
1577 3982 1697 4038 aliis
1729 3986 2018 4051 provinciis

433 4068 551 4110 non
603 4055 1006 4122 inlrequenter,
1057 4053 1271 4122 tumin
1316 4052 1587 4108 Africanis
1635 4057 2014 4122 communiter,

435 4121 783 4196 grassabatur
816 4127 1035 4196 malum
1076 4121 1236 4196 illud,
1292 4123 1449 4196 cujus
1488 4124 1868 4196 Hieronymus,
1903 4121 2018 4182 sive

435 4195 732 4265 originem,
786 4194 900 4265 sive
950 4193 1334 4265 turpitudinem
1362 4193 1627 4259 miratur,
1661 4193 1905 4251 scribens
1950 4199 2014 4252 ad

436 4262 793 4336 Eustochium
833 4262 1166 4336 (Epist—22,
1199 4264 1262 4336 de
1305 4266 1506 4318 custod.
1529 4265 1687 4336 virg.)
1721 4284 1734 4320 :
1789 4267 1924 4322 unde
1963 4270 2016 4324 in

442 4333 702 4408 Ecclesias
724 4333 1246 4408 Agapetarumpestis
1272 4337 1466 4408 inlroiil
1488 4352 1507 4400 ,°
1537 4333 1674 4390 unde
1693 4338 1802 4390 sine
1824 4341 2017 4408 nuptiis

437 4403 589 4458 aliud
621 4403 801 4459 nomen
829 4403 1046 4460 uxorum
1065 4403 1101 4459 1'
1137 4415 1242 4460 etc.
1272 4408 1346 4460 Eo
1377 4407 1507 4461 mihi
1551 4408 1762 4462 videtur
1786 4403 2018 4464 credibi—

2117 3135 2481 3211 responsionis
2529 3135 3150 3211 deportandosaccepit'
3181 3138 3372 3211 (Ibid.,
3432 3157 3478 3194 c.
3543 3141 3691 3211 178).

2116 3207 2250 3260 Cum
2273 3220 2419 3277 _ergo
2442 3222 2506 3261 ex
2534 3207 2684 3261 Italia
2717 3208 2771 3277 in
2801 3207 3037 3263 Africam
3069 3207 3370 3267 sub'linem
3404 3227 3536 3265 ann.
3571 3207 3690 3277 4‘29,

2115 3292 2180 3347 ex
2216 3275 2393 3347 Africa
2426 3293 2613 3347 rursus
2640 3279 2690 3330 in
2718 3276 2928 3332 Italiam
2955 3282 3242 3336 reverterit
3264 3297 3394 3336 ann.
3423 3282 3555 3347 ΩΟ,

2114 3344 2284 3420 festos
2311 3346 2428 3402 dics
2455 3346 2822 3420 Pascbatis,id
2845 3359 2949 3420 est,
2973 3350 3075 3405 sub
3103 3352 3265 3408 ﬁnem
3291 3353 3518 3420 Aprilis,
3541 3344 3694 3419 opor-

2117 3426 2193 3471 tet
2224 3417 2544 3541 interlmedio
2593 3426 2834 3489 tempore
2865 3419 3029 3479 hosce
3055 3431 3290 3491 quatuor
3330 3417 3505 3478 libros
3535 3417 3694 3478 fuisse

2117 3502 2353 3541 comnosi
2381 3503 2463 3541 os.

2116 3502 2463 3556 composuos.

2191 3559 2324 3615 Sunt
2364 3559 2437 3613 illi
2469 3574 2600 3632 vero
2627 3559 2786 3630 plane
2809 3559 3017 3628 eximii,
3051 3571 3108 3616 ut
3134 3564 3225 3632 qui
3256 3565 3490 3628 plurima
3513 3564 3685 3619 conti-

2118 3636 2269 3694 nent,
2313 3643 2418 3682 non
2467 3629 2771 3698 dogmalica
2807 3634 3005 3697 solum,
3056 3629 3167 3688 sed
3202 3636 3368 3689 etiam
3421 3635 3692 3699 historica,

2118 3699 2421 3766 prmsertitn
2478 3699 2545 3774 de
2594 3701 3216 3774 rebusicumgcoelestio
3257 3704 3448 3759 Romae
3477 3706 3635 3774 gestis
3663 3720 3693 3759 a

2119 3784 2331 3822 sunnno
2361 3771 2629 3844 pontiiice,
2661 3780 2718 3826 et
2758 3773 2825 3827 de
2855 3772 3270 3843 Pelagianorum
3313 3771 3573 3844 querelis,
3611 3789 3695 3832 eo-

2119 3854 2345 3915 rumque
2374 3840 2735 3915 appellatione
2779 3857 2811 3895 a
2857 3840 3360 3915 sedis'apostolicae
3393 3847 3596 3915 judicio
3629 3844 3694 3900 ad

2119 3912 2384 3985 synodum
2427 3912 2760 3985 generalem,
2792 3915 2984 3985 quibus
3012 3912 3354 3985 Angustinus
3389 3912 3604 3971 abunde
3626 3917 3694 3971 ita

2120 3978 2382 4054 satisfecit
2429 3978 2568 4052 (Lib.
2599 3997 2651 4036 tv
2674 3984 2747 4054 ad
2789 3978 3028 4054 Bonifac.
3083 3978 3131 4038 εἶ
3161 3987 3194 4041 8
3230 3996 3283 4041 et
3327 3986 3449 4054 12),
3490 3994 3551 4041 111
3593 4000 3696 4042 non

2120 4049 2407 4130 admodum
2440 4049 2588 4120 opus
2641 4052 2714 4108 sit
2759 4049 2980 4109 alterius
3026 4049 3444 4128 cujuscumque
3475 4071 3694 4128 respon-

2119 4133 2292 4177 stone.

2702 4233 2839 4274 ANNO
2875 4235 3122 4276 CCCCXXI.

2121 4303 2462 4362 Enchiridion
2503 4309 2572 4361 ad
2612 4306 2947 4384 Laurentium
2979 4311 3171 4384 (Temo
3199 4311 3314 4384 IV).
3333 4342 3410 4356 —
3433 4312 3579 4369 Libri
3615 4329 3698 4370 sea;

2503 4314 2572 4361 ad
2612 4314 2947 4365 Laurentium
3002 4314 3171 4367 Tonio
3199 4314 3346 4384 1V).-

2472 4390 2653 4433 contra
2677 4381 2950 4435 lulianum
2979 4314 3051 4453 ('1‘
3054 4398 3179 4438 omo
3212 4383 3346 4455 Vll).

2043 4447 2096 4508 Β
2120 4560 2143 4566 _
2194 4489 2276 4546 Ad
2294 4507 2422 4566 ann.
2449 4491 2554 4548 421
2586 4497 2767 4563 procul
2795 4495 2960 4551 dubio
2990 4502 3225 4566 pertinet
3262 4497 3614 4555 Encbiridion
3637 4497 3702 4555 ad

439 4553 782 4619 nus_tantum
814 4547 1143 4619 clericorum
1173 4547 1358 4601 vitium
1390 4547 1636 4619 professo
1665 4550 1791 4604 odio
1832 4547 2018 4619 prose-

441 4615 781 4690 quebantur;
805 4625 860 4670 et
886 4616 939 4690 in
959 4616 1186 4690 concilio
1212 4618 1450 4690 gen_eral_i
1485 4618 1736 4672 Africano
1777 4615 2020 4690 superio-

439 4687 518 4740 rls
565 4688 692 4758 anni
738 4687 989 4758 recensiti
1040 4685 1250 4740 fuerant
1293 4687 1733 4758 Carthaginiensis
1785 4685 1923 4746 tertii
1962 4704 2017 4748 et

439 4757 622 4826 quarti
651 4771 886 4812 canones
914 4757 1170 4812 adversus
1189 4757 1513 4813 clericorum
1532 4774 1771 4826 sorores,
1803 4775 1897 4816 seu
1926 4779 2017 4818 ex-

440 4835 656 4883 traneas
703 4829 992 4894 mulieres;
1039 4837 1096 4883 et
1145 4837 1364 4901 propter
1391 4830 1630 4885 inolitam
1682 4833 1786 4886 vim
1819 4833 2013 4901 morbi,

438 4901 645 4968 sperari
665 4913 785 4972 non
808 4907 1020 4972 poterat
1047 4900 1370 4972 remedium,
1397 4902 1497 4956 nisi
1527 4901 1881 4972 abiimperiali
1916 4900 2014 4972 pe-

441 4976 635 5044 iestate
661 4970 936 5038 improbos
966 4970 1139 5044 poenis
1164 4981 1493 5038 coercente;
1518 4980 1581 5044 et
1598 4971 1845 5044 Valerius
1871 4970 2012 5044 apud

437 5038 818 5114 imperatorem
843 5038 1134 5114 gratiosus,
1166 5043 1358 5110 partim
1392 5060 1488 5114 suo
1514 5043 1790 5112 religionis
1811 5038 2012 5114 studio,

437 5111 896 5185 partimpropter
921 5111 1210 5185 amicitiam
1240 5113 1567 5182 singularem
1609 5111 1729 5168 cum
1755 5115 1935 5185 Alipio
1961 5111 2016 5172 et

437 5179 920 5255 Augustino,_’tanti
948 5183 1206 5238 momenti
1229 5179 1547 5255 rescriptum
1594 5179 1883 5251 impetrare
1916 5203 2013 5255 po-

435 5259 606 5317 terat;
637 5253 968 5324 etidenique
989 5255 1073 5308 lex
1103 5256 1187 5307 his
1226 5253 1540 5324 verbislata
1571 5265 1676 5321 est,
1701 5257 1892 5324 quibus
1916 5253 2018 5312 ’011-

435 5336 636 5444 nodnem
701 5323 765 5376 17
810 5323 1025 5378 concilii
1073 5324 1217 5379 tertii
1283 5323 1729 5395 Carthaginensis
1767 5339 2015 5395 spectare

437 5405 487 5444 νι
530 5402 668 5444 etur.

437 5402 668 5447 ν11101111.

508 5460 708 5536 Yerum
736 5462 824 5516 lex
849 5463 938 5517 illa
969 5465 1167 5519 malum
1197 5467 1370 5534 potuit
1396 5466 1462 5520 ad
1488 5475 1702 5536 tempus
1732 5466 2006 5534 cohibere,

437 5531 671 5605 evellere
692 5547 800 5586 non
832 5536 1035 5601 potuit;
1065 5531 1390 5605 nam'turpia
1419 5531 1814 5603 Africanarum,
1847 5531 2010 5594 etiam

437 5602 728 5678 virginum,
768 5607 1088 5678 commercia
1131 5621 1255 5678 cum
1283 5602 1495 5662 clericis
1541 5610 1767 5665 Arianos
1801 5602 2007 5678 expro-

439 5671 649 5738 b’rs’sse,
679 5671 833 5727 testis
853 5684 934 5728 est
967 5674 1149 5730 Victor
1174 5677 1458 5734 Uticensis.

2119 4560 2489 4635 Laurentium,
2519 4560 2654 4632 opus
2683 4581 2817 4632 pene
2836 4560 3102 4632 divinum,
3128 4569 3273 4635 quod
3296 4584 3404 4624 non
3437 4571 3704 4626 immerito

2119 4632 2385 4700 quisniatn
2420 4633 2935 4710 dixerittheologite
2973 4632 3383 4710 Augustiniana:
3410 4642 3701 4710 specimen,

2121 4711 2178 4780 et
2199 4713 2571 4780 consecutura:
2591 4705 2953 4774 scholastica,
2979 4705 3094 4763 sive
3112 4705 3460 4776 methodicae,
3479 4713 3705 4780 primam

2119 4771 2568 4841 designationem.

2190 4841 2292 4923 Adi
2327 4842 2500 4923 hunc._
2542 4847 2780 4916 inquam,
2812 4862 3009 4923 annum
3032 4850 3307 4923 pertinet,
3333 4867 3536 4923 neque
3570 4851 3706 4907 enim

2198 4921 2302 4967 test
2328 4914 2396 4968 ad
2422 4914 2684 4988 priorem,
2731 4914 3174 4988 quandoquidem
3216 4914 3462 4976 incolit
3512 4923 3708 4978 mentio

2170 4982 2434 5063 ieronymi
2466 4985 2575 5063 fato
2596 4982 2800 5063 functi:
2826 4982 3034 5063 Saucia:
3058 4993 3321 5063 memorie
3344 4991 3707 5063 Hieronymus

2119 5055 2382 5134 presbyter
2410 5058 2658 5124 scriptum
2674 5059 3047 5134 reiiquit,i_etc.
3084 5060 3238 5134 (Cap.
3265 5055 3709 5134 _87).70biit'vero

2118 5123 2483 5203 Hieronymus
2509 5123 2637 5203 ann.
2661 5123 2804 5194 420;
2815 5123 2986 5197 pridie
3012 5123 3229 5186 kalend.
3252 5123 3507 5200 Octobr.;
3541 5148 3710 5203 neque

2120 5195 2280 5275 etiam
2309 5199 2376 5275 ad
2422 5195 2950 5275 posteri_orem,'nam
2977 5216 3044 5255 ex
3066 5217 3128 5258 eo
3154 5203 3404 5272 quaedam
3434 5195 3711 5275 excerpsit

2118 5265 2474 5338 Augustinus,
2524 5268 2718 5337 quibus
2771 5270 3008 5325 solveret
3063 5265 3290 5338 primum
3349 5265 3707 5334 quastiuriem

2117 5334 2353 5415 Qulcitii.
2385 5335 2453 5390 In
2482 5334 2726 5415 eo'libro.
2757 5342 2910 5415 cujus
2924 5334 3118 5415 titulus
3159 5353 3236 5396 est
3259 5344 3324 5396 de
3348 5341 3510 5409 Fide,
3539 5344 3650 5415 Sps
3666 5354 3710 5398 et

2120 5404 2400 5484 gnaritate,
2421 5424 2570 5484 quem
2597 5410 2783 5484 scriptu
2807 5404 2876 5462 ad
2904 5410 3071 5484 ﬁlium
3097 5428 3286 5477 meum,
3319 5404 3539 5484 fratrem
3567 5404 3710 5468 t'uum

2119 5473 2605 5556 Laurentianuista
2629 5473 2812 5556 de'ltac
2833 5473 3058 5556 re'verba
3097 5499 3208 5556 mea
3245 5473 3387 5550 sunt,
3422 5495 3534 5542 etc.
3569 5485 3704 5556 (Lib.

2117 5546 2187 5623 tie
2260 5547 2455 5623 Duicit.
2478 5549 2813 5623 aumatium),
2839 5563 2890 5606 et
2912 5553 2977 5623 ad
2991 5554 3288 5623 secundam
3316 5546 3703 5623 quaestionem:

2292 5619 2588 5690 etiantitale
2613 5613 2810 5690 aliquid
2858 5621 2928 5675 ad
2976 5613 3350 5684 Laurentium:
3376 5626 3520 5688 quod
3556 5627 3629 5679 ita
3652 5642 3705 5681 se

2118 5684 2290 5742 habet.
2314 5689 2476 5758 Atqui
2498 5690 2636 5746 liber
2659 5684 2727 5747 de
2747 5702 2872 5747 octo
2894 5693 3281 5761 quaestionibus
3300 5684 3525 5752 Dulcitii
3552 5706 3700 5754 certa
