3882 6284
161 190 262 307 “Si
352 240 656 302 DISSERT.
697 241 787 297 VI.
828 241 919 298 DE
959 238 1261 298 SCRIPTIS
1299 240 1463 299 ADV.
1504 239 1714 295 HERE

1824 238 1831 293 l
1870 204 2115 295 PELAG.
2160 227 2343 293 sum
2384 236 2671 293 nomen
2710 237 2770 294 s.
2810 236 3201 295 AUGUSTINI.
3299 237 3404 294 δτθ

230 363 287 416 1ο
314 357 654 427 Augustinus.
678 357 903 411 Joannes
926 358 1267 427 interrogatus
1287 368 1399 421 qua
1421 351 1556 427 apud
1575 351 1719 427 illum
1748 353 1799 407 A
1826 347 1895 402 Et
1918 351 2096 427 iterum
2130 348 2371 427 (Apolog).
2399 366 2444 403 c.
2474 349 2563 414 10)
2590 367 2601 402 :
2624 366 2641 398 ι
2666 346 2818 427 _Eum
2844 366 2993 427 posse
3010 366 3130 427 esse
3155 350 3404 427 sine‘pec-

164 441 271 489 ante
306 423 556 497 judicium
588 439 725 497 gesta
765 428 1001 497 fuissent.
1050 426 1296 491 narravit,
1337 434 1449 497 etc_.
1500 423 1719 497 Orosius

166 491 330 575 (Apol.
367 519 411 554 c.
449 502 535 569 5):
567 491 804 575 Latebant
842 501 895 551 in
938 491 1718 575 Bethleem,.inde.Jerusalim,

164 567 291 629 vobis
320 567 709 633 accersentibus,
742 580 943 623 vocatus
978 569 1177 633 adveni,
1204 567 1385 619 dehinc
1420 567 1471 617 in
1509 580 1721 616 conven-

166 658 261 699 tum
293 652 513 698 vestrum
545 657 647 693 una
693 639 972 705 vobiscum,
1020 636 1222 692 Joanne
1246 640 1482 708 episcOpo
1530 637 1717 705 ρηεεὶ-

165 717 340 786 piente,
366 712 590 778 consedi,
623 722 724 786 etc.

226 786 285 838 2°
308 786 652 851 Augustinus.
694 784 757 834 At
791 782 927 834 enim
954 790 1072 851 tunc
1108 778 1411 848 quibusdam
1446 791 1727 851 susuilran-

165 856 283 909 tibus
304 865 347 927 et
378 845 659 907 dicentibus
688 854 825 927 quod
850 855 971 927 sine
1008 845 1310 927 Dei-gratia
1350 851 1553 927 diceret.
1571 845 1718 900 Pela-

164 928 266 995 gius
292 926 383 977 hoc
425 941 571 993 posse
613 919 810 994 perfici.
842 924 896 975 id
927 932 1019 988 est,
1050 922 1187 991 quod
1230 921 1471 995 superius
1495 919 1721 995 dixerat,

165 989 401 1049 hominem
426 989 544 1049 esse
578 989 951 1061 sine’peccato,
997 989 1102 1046 etc.
1143 989 1365 1044 Orosius
1395 989 1585 1061 (Ibid,
1629 990 1723 1041 sub

170 1067 254 1135 ﬁn.
283 1067 488 1135 capitis)
508 1066 609 1118 :Ad
630 1060 767 1135 quod
791 1063 877 1116 ille
899 1065 987 1117 diu
1009 1063 1301 1135 disputans,
1326 1070 1373 1114 et
1405 1060 1587 1135 nostris
1602 1076 1721 1135 prof

164 1132 261 1206 pter
280 1132 584 1205 imperitiam
622 1132 781 1206 ignoti
817 1135 959 1206 nobis
990 1134 1297 1206 interpretis,
1337 1132 1617 1206 actionibus
1648 1132 1723 1183 vel

163 1202 471 1273 interpolatis
506 1202 833 1278 plerumque,
865 1204 949 1278 vel
975 1204 1158 1278 tacitis,
1188 1206 1467 1278 episcopus
1496 1202 1723 1278 Joannes

163 1278 267 1330 ait:
296 1278 353 1331 Si
380 1280 490 1332 sine
507 1274 785 1347 adjutorio
807 1276 899 1329 Dei
932 1276 1023 1328 hoc
1064 1275 1314 1328 hominem
1337 1290 1484 1345 posse
1511 1274 1719 1347 diceret,

162 1350 421 1420 pessimum
452 1357 497 1401 et
528 1344 817 1401 damnabile
840 1355 979 1410 erat;
1016 1362 1149 1399 nunc
1176 1354 1482 1420 autemcum
1508 1344 1722 1420 adjiciat

163 1414 294 1487 posse
315 1418 579 1472 hominem
623 1434 733 1471 esse
761 1420 870 1471 sine
905 1426 1128 1481 peccato,
1170 1433 1270 1469 non
1310 1417 1419 1469 sine
1461 1414 1721 1486 adjutorio

162 1489 273 1553 Dei,
298 1506 383 1542 vos
409 1492 532 1555 quid
562 1489 770 1543 dicitis?
796 1490 872 1541 An
896 1489 1028 1559 forte
1064 1504 1149 1541 vos
1175 1487 1269 1540 Dei
1298 1488 1613 1558 adjutorium
1636 1488 1725 1539 de-

162 1560 340 1627 negatis
357 1562 383 1614 ?
412 1569 517 1614 etc.

222 1622 281 1685 3°
311 1622 658 1701 Augustinus.
686 1628 804 1683 Illis
830 1637 997 1682 autem
1038 1645 1137 1681 non
1180 1628 1573 1701 suscipientibus
1612 1644 1724 1701 qua:

159 1700 456 1788 dicebantur.
494 1717 526 1753 a
565 1700 711 1788 npbis
751 1701 1035 1788 de'sanctis
1068 1700 1377 1788 .Scripturis,
1428 1700 1515 1788 sed
1557 1700 1722 1788 adhuc
1753 1730 1799 1788 Β

158 1771 549 1835 susurrantibus,
579 1771 710 1824 dixit
745 1770 987 1841 Pelagius
1008 1786 1026 1822 :
1062 1769 1126 1822 Et
1157 1787 1247 1841 ego
1282 1772 1356 1823 sic
1382 1770 1552 1841 credo.
1585 1770 1723 1821 Ana-

160 1842 311 1894 thema
338 1845 406 1894 sit
435 1843 519 1911 qui
540 1842 657 1894 dicit
687 1839 1153 1911 absque'adjutorio
1176 1839 1273 1894 Dei
1298 1857 1443 1908 posse
1467 1839 1722 1911 hominem

157 1912 216 1964 ad
243 1908 526 1980 profectum
552 1914 777 1967 omnium
790 1908 969 1966 venire
990 1913 1255 1965 virtutum.
1278 1911 1499 1966 Orosius
1533 1908 1672 1979 (Ibid
1681 1951 1718 1978 .,

156 1997 196 2035 c.
225 1982 312 2052 9):
334 1984 532 2038 Scribis
558 2000 703 2053 posse
733 1985 985 2036 hominem
1010 1999 1115 2035 esse
1147 1985 1255 2038 sine
1282 1991 1507 2051 peccato,
1551 1991 1597 2034 et
1635 1986 1720 2051 fa-

156 2052 242 2105 cile
267 2056 361 2107 Dei
383 2052 629 2107 mandata
659 2070 877 2119 servare,
910 2055 954 2108 si
982 2054 1131 2117 velit;
1163 2054 1433 2107 novissime
1475 2053 1623 2121 quasi
1658 2069 1722 2106 ex

157 2125 445 2196 gravissimo
467 2142 643 2179 somno
664 2126 1035 2196 expergiscens,
1067 2125 1275 2196 adjicis,
1310 2140 1411 2177 non
1441 2124 1551 2176 sine
1569 2124 1721 2194 adju-
1784 2180 1789 2187 η

157 2198 275 2248 torio
305 2194 419 2248 Dei.
514 2226 515 2231 η

216 2263 279 2316 ιο
310 2266 659 2335 Augustinus.
699 2265 965 2335 Quidquid
1004 2265 1136 2319 dixit
1174 2266 1444 2336 episcopus
1492 2263 1719 2319 Joannes

154 2333 211 2388 de
236 2333 523 2407 presbytero
550 2336 755 2401 Orosio,
779 2333 882 2390 sive
901 2338 963 2389 de
986 2336 1123 2401 aliis,
1152 2333 1369 2404 quorum
1391 2336 1458 2388 ibi
1481 2352 1579 2389 non
1602 2346 1721 2388 sunt

152 2410 353 2477 nomina
389 2424 648 2476 expressa,
680 2410 830 2461 credo
856 2407 993 2477 quod
1021 2408 1273 2477 intelligat
1302 2407 1370 2459 ad
1396 2422 1571 2477 eorum
1594 2424 1722 2475 pra:-

149 2476 391 2547 judicium
421 2494 521 2532 non
544 2479 732 2539 valere.
764 2476 1118 2549 ete.0rosins
1146 2476 1331 2549 (Ibid..
1376 2493 1420 2528 c.
1448 2476 1501 2549 ὅ)
1531 2489 1544 2530 :
1587 2478 1715 2546 Epi-

149 2546 323 2618 scopus
354 2549 582 2603 Joannes
612 2550 771 2602 dixit:
816 2546 917 2601 Vos
941 2549 1077 2618 quid
1117 2546 1321 2601 dicitis?
1363 2549 1441 2600 An
1473 2548 1603 2617 forte
1634 2564 1720 2601 vos

148 2615 237 2689 Dei
273 2621 595 2685 adiutorium
635 2620 879 2689 negatis?
921 2615 1014 2669 Cui
1051 2619 1331 2688 respondi:
1361 2615 1720 2689 Anathemaiei

147 2688 226 2754 qui
263 2688 781 2762 negat_adjutortum
830 2688 967 2762 Dei;
995 2704 1112 2762 ego_
1140 2698 1269 2740 certe
1320 2703 1422 2762 non
1450 2704 1614 2762 nego.)
1656 2688 1723 2741 Et

148 2757 369 2825 postea}
416 2757 701 2829 Episcopus
728 2761 988 2828 respondit
1017 2757 1034 2809 ξ
1069 2757 1179 2827 Ego
1220 2767 1266 2810 te
1293 2759 1467 2811 audivi
1509 2757 1717 2825 dixisse,

146 2829 260 2895 quia
286 2845 381 2882 nec
405 2828 519 2883 cum
548 2829 643 2883 Dei
666 2831 928 2902 adjutorio
963 2839 1127 2897 potest
1153 2828 1306 2883 homo
1335 2845 1443 2883 esse
1466 2830 1576 2882 sine
1598 2846 1719 2898 pec-

146 2906 271 2959 cato,
299 2909 409 2954 etc.
1212 2908 1222 2919 ‘

206 2967 268 3021 5°
306 2970 654 3038 Augustinus.
693 2968 755 3026 Si
787 2970 921 3023 enim
960 2978 1231 3039 prasentes
1284 2978 1469 3031 essent,
1511 2983 1719 3037 possent

148 3054 251 3091 eum
276 3040 516 3108 fortasse,
546 3041 676 3094 absit
704 3049 761 3092 ut
794 3040 963 3093 dicam
1001 3042 1296 3093 convincere
1331 3041 1395 3091 de
1423 3039 1709 3107 mendacio,

1833 431 1967 481 cato,
1999 424 2085 488 qui
2115 423 2390 485 aliquando
2423 421 2719 490 peccaverit,
2760 421 3069 487 impossibile
3106 431 3181 474 est
3219 422 3405 488 absque

1824 491 1937 560 sola
1976 492 2143 559 gratia
2174 494 2432 559 baptismi.
2466 492 2549 543 ubi
2571 507 2633 543 ex
2668 507 2884 560 persona
2934 490 3139 544 Domini
3172 492 3357 544 dicitur
3381 509 3401 547 :

1826 559 2056 614 Remissa
2082 574 2199 615 sunt
2221 564 2309 615 tibi
2331 573 2539 629 peccata
2564 559 2673 615 tua.
2711 580 2730 612 ι
2769 560 2968 615 Iterum
2995 560 3209 631 (lbid.):
3246 580 3266 614 ι
3296 563 3403 632 Ego

1824 632 1875 683 in
1907 641 2154 699 potestate
2180 636 2333 685 habui
2363 649 2590 703 peccare,
2632 633 2836 703 liberari
2865 649 2895 683 a
2924 642 3134 701 peccato
3167 635 3218 685 in
3254 645 3401 703 pote-

1823 711 1953 755 state
1983 719 2083 755 non
2117 704 2293 756 habeo.
2326 722 2343 755 ι
2384 705 2645 772 Denique:
2683 722 2701 754 ι
2732 702 2956 757 Peccare
2990 720 3154 757 meum
3192 702 3285 769 est,
3312 705 3401 759 ab-

1824 772 1950 827 solvi
1970 790 2068 825 non
2098 790 2257 826 meum
2268 814 2281 827 .
2314 793 2333 827 ι

1900 842 1998 896 Vix
2041 860 2103 897 ac
2140 860 2204 897 ne
2244 845 2326 898 vix
2355 844 2569 912 quidem
2602 845 2927 914 persuadere
2972 845 3101 898 mihi
3158 859 3395 912 possum,

1829 911 2124 985 Yastelium
2160 930 2273 969 rem
2306 911 2447 969 serio
2475 911 2671 985 egisse,
2702 932 2821 969 cum
2860 926 3320 985 argumentaretur
3348 920 3399 971 in

1825 982 1969 1037 hunc
1995 987 2232 1038 modum.
2258 982 2579 1040 Novatianus
2603 1004 2753 1041 error
2776 998 2876 1050 est,
2906 982 3269 1040 ministrorum
3297 987 3399 1042 Ec-

1826 1055 2002 1109 clesiae
2033 1072 2137 1109 non
2175 1072 2315 1122 esse,
2349 1059 2439 1109 sed
2470 1059 2634 1111 solius
2664 1060 2858 1113 divinae
2891 1059 3188 1125 potestatis,
3218 1059 3397 1112 dimit-

1828 1135 1945 1197 tere,
1969 1138 2177 1192 peccata
2210 1140 2329 1193 post
2356 1128 2513 1181 ﬁdem
2535 1130 2840 1195 commissa,
2873 1145 3045 1197 neque
3071 1128 3328 1183 Ecclesia;
3363 1146 3393 1183 a

1825 1196 2040 1250 Christo
2076 1198 2313 1252 relictum
2353 1213 2472 1253 esse
2514 1208 2830 1266 potestatem
2880 1196 3042 1254 ullam
3092 1200 3400 1255 remittendi

1828 1279 2065 1335 peccata,
2100 1269 2199 1321 nisi
2225 1285 2344 1337 qua
2373 1269 2831 1341 perbaptismum,
2866 1271 2916 1323 id
2945 1280 3028 1325 est
3056 1286 3150 1341 per
3178 1273 3394 1325 unicum

1826 1352 2219 1393 sacramentum
2278 1340 2611 1393 remissionis
2663 1350 3000 1407 peccatorum
3058 1340 3395 1397 exerceatur.

1825 1409 1987 1478 Atqui
2030 1420 2218 1463 auctor
2252 1410 2527 1479 Apologia:
2554 1413 2628 1464 ait
2662 1412 2927 1465 hominem
2958 1428 3065 1465 non
3096 1427 3249 1478 posse
3278 1428 3398 1468 esse

1826 1481 1941 1533 sine
1967 1492 2205 1549 peccato,
2238 1496 2395 1547 {)0588
2433 1482 2625 1545 Deum;
2658 1484 2754 1535 soli
2799 1484 2903 1537 [)eo
2942 1484 3123 1537 tribuit
3156 1481 3397 1538 Christo-

1826 1565 1929 1618 que
1971 1561 2287 1621 potestatetn
2328 1567 2428 1619 qua
2479 1553 2641 1605 homo
2681 1554 2879 1607 dicitur
2920 1569 3077 1620 posse
3118 1553 3231 1607 ﬁeri
3280 1558 3397 1609 sine

1827 1623 2487 1696 peccato;_dicituiusuper
2517 1626 2786 1696 neminem
2819 1637 2977 1691 posse
3013 1638 3135 1678 esse
3163 1634 3391 1696 certum,

1829 1692 1929 1763 nisi
1964 1695 2013 1745 in
2044 1694 2129 1747 die
2156 1693 2363 1762 judicii,
2392 1694 2531 1763 quod
2562 1694 2629 1746 sit
2661 1697 2779 1747 sine
2807 1707 3057 1761 peccato;
3082 1710 3203 1748 reus
3237 1692 3393 1763 igitur

1826 1762 2103 1817 Novatiaui
2136 1766 2334 1818 erroris
2360 1762 2591 1818 tenetur.
2618 1765 2714 1832 Qui
2737 1764 2881 1819 enim
2910 1766 3077 1832 potuit
3101 1768 3183 1819 vir
3206 1762 3395 1822 ductus

1826 1834 2073 1907 ignorare
2103 1846 2193 1888 aut
2217 1851 2335 1901 qua:
2359 1837 2465 1888 sint
2488 1837 2963 1905 argumentationis
3000 1837 3161 1904 leges,
3196 1841 3392 1907 autqui

1824 1902 1985 1976 fuerit
2025 1904 2440 1960 Novatianorum
2473 1902 2624 1960 error
2662 1908 2728 1961 de
2769 1902 3099 1976 pmnitentia,
3142 1917 3235 1960 aut
3277 1902 3396 1976 qua}

1824 1975 1945 2028 ﬁdei
1995 1977 2259 2029 sententia
2290 1977 2361 2031 de
2396 1975 2781 2043 impeccantia,
2808 1992 2871 2031 ac
2902 1978 3250 2046 possibilitate
3294 1975 3395 2031 im-

1825 2046 2003 2119 plendi
2061 2047 2567 2119 litandalaiVoluit
2618 2049 2865 2119 Pelagius
2906 2057 3011 2101 tam
3062 2048 3230 2103 facilia
3276 2064 3395 2104 esse

1824 2118 2073 2170 mandata
2114 2117 2231 2180 Dei,
2266 2127 2323 2172 ut
2360 2118 2544 2182 homo,
2587 2120 2629 2173 si
2689 2117 2935 2184 valuerit,
2986 2121 3096 2185 ipsa
3137 2121 3281 2172 omni
3328 2136 3395 2175 ex

1822 2197 1974 2256 ιλιι-ιθ
2002 2190 2241 2256 impleat,
2268 2205 2365 2245 nec
2400 2190 2465 2243 ad
2500 2190 2550 2243 id
2580 2192 2936 2257 priestandum
2973 2191 3061 2244 Dei
3093 2192 3270 2243 omnia
3302 2206 3398 2257 po-

1824 2261 1983 2330 tentis
2010 2261 2297 2327 adjutorio,
2327 2260 2419 2313 sed
2443 2261 2553 2314 sola
2576 2276 2668 2320 sua
2695 2263 2748 2315 vi
2785 2264 2957 2315 nativa
2986 2270 3159 2330 egeat.
3184 2262 3398 2326 Pelagio

1821 2328 1875 2405 id
1896 2333 2094 2383 volenti
2121 2333 2406 2405 respondet
2432 2331 2672 2405 Orosius,
2707 2348 2859 2400 posse
2881 2328 3393 2405 quidetnhominem

1822 2401 2131 2465 observare,
2165 2402 2327 2455 immo
2362 2410 2416 2455 et
2458 2404 2677 2471 implere
2711 2401 2985 2467 mandata;
3026 2404 3117 2457 sed
3142 2401 3399 2468 "potesta-

1824 2479 1931 2524 tem
1960 2486 2059 2539 qua
2090 2473 2139 2524 id
2183 2473 2353 2539 possit
2382 2486 2531 2525 suam
2574 2488 2679 2526 non
2720 2488 2861 2535 esse,
2902 2474 2952 2527 id
2981 2484 3083 2535 est,
3118 2473 3332 2526 insitam
3362 2489 3391 2529 a

1824 2552 2033 2605 natura,
2063 2542 2153 2595 sed
2182 2541 2277 2595 Dei
2312 2544 2602 2611 prapriam,
2635 2560 2752 2610 qtae
2789 2544 3210 2597 misericorditer
3240 2558 3393 2597 com-

1824 2612 2072 2664 modetur
2096 2628 2191 2678 pro
2221 2622 2461 2682 tempore
2488 2622 2544 2667 et
2573 2614 2709 2667 loco.
2743 2613 2921 2667 Voluit
2952 2615 3198 2683 Pelagius
3230 2615 3398 2668 homi-

1824 2696 1945 2752 nem
1976 2697 2134 2749 posse
2164 2684 2261 2736 hac
2295 2684 2475 2736 invita
2513 2698 2695 2737 carere
2741 2687 2882 2738 omni
2919 2694 3154 2752 peccato,
3201 2700 3298 2739 nec
3329 2684 3396 2740 ad

1824 2751 1873 2825 id
1906 2754 2195 2825 quidquam
2224 2754 2454 2820 amplius
2484 2754 2679 2820 requiri
2707 2770 2865 2825 quam
2900 2751 2953 2809 ut
2985 2756 3135 2810 velit.
3169 2758 3397 2809 Conten-

1823 2822 1899 2894 dit
1939 2823 2161 2877 Orosius
2192 2839 2350 2893 posse
2390 2825 2602 2893 quidem
2647 2822 2913 2880 hominem
2953 2841 3139 2881 carere
3178 2836 3397 2894 peccato

1823 2892 1923 2946 hac
1956 2896 2005 2946 in
2034 2896 2162 2961 vita,
2194 2892 2256 2951 isi
2295 2892 2435 2948 Deus
2471 2896 2728 2959 voluerit;
2767 2898 2816 2950 id
2847 2897 2987 2950 enim
3024 2892 3224 2950 homini
3264 2912 3398 2965 prte-

1821 2972 1964 3016 stare
1993 2975 2187 3031 potest,
2226 2966 2325 3018 etsi
2352 2966 2553 3021 nemini
2588 2969 2893 3033 priestiterit
2935 2971 3213 3031 hactenus,
3263 2983 3400 3034 prae-

1823 3042 2061 3102 terquam
2088 3037 2174 3089 uni
2206 3035 2445 3090 Christo.
2468 3038 2603 3102 Quid
2630 3036 2760 3092 illud
2788 3047 2966 3093 autem
2988 3039 3053 3093 ad
3079 3054 3191 3093 rem
3222 3037 3398 3093 Nova-

150 3111 227 3161 sed
253 3104 389 3178 forte
416 3104 806 3165 commemorare
826 3111 949 3173 quid
980 3113 1151 3176 fuisset
1180 3109 1385 3173 oblitus,
1418 3119 1505 3162 aut
1536 3114 1587 3163 in
1615 3104 1714 3179 quo
1742 3110 1788 3173 C
1820 3104 2121 3179 liafjol‘um?

151 3194 254 3233 eum
279 3182 520 3251 fefellerit
561 3180 775 3234 Latinus
807 3181 1071 3249 interpres.
1114 3190 1219 3234 etc.
1272 3179 1495 3233 Orosius
1527 3180 1715 3247 (lbid.,

152 3266 191 3303 c.
221 3251 298 3321 5).
323 3251 713 3305 Concedendum
737 3254 898 3318 magis
917 3262 970 3304 ut
994 3253 1244 3319 interpres
1266 3267 1460 3305 errasse
1482 3254 1715 3320 dicendo,

151 3337 286 3390 quam
329 3324 597 3392 episc0pus
627 3322 884 3376 audiendo
923 3323 1150 3387 finxisse,
1192 3322 1443 3383 videatur,
1475 3331 1523 3375 et
1561 3341 1715 3391 nunc,

152 3393 209 3463 ad
236 3395 388 3445 vicem
432 3392 676 3447 mercedis
706 3408 855 3461 quam
884 3393 1131 3445 hareticis
1162 3394 1399 3463 prtestitit
1426 3394 1715 3463 exigendas,

152 3462 295 3529 falsos
317 3465 371 3516 in
400 3464 719 3532 adjutorium
734 3464 814 3517 sui
842 3472 993 3517 testes
1013 3479 1256 3533 quwrere.
1286 3461 1391 3517 Sed
1412 3461 1719 3519 haec—utrum

153 3533 206 3583 ab
220 3535 450 3604 episcopo
476 3547 659 3589 temere
682 3535 896 3595 credita,
925 3551 991 3586 an
1015 3534 1265 3586 malitiose
1285 3534 1427 3601 ficta,
1450 3550 1513 3586 an
1535 3535 1716 3603 ignaro

152 3606 407 3675 subaudita
448 3606 735 3667 videantur,
772 3604 975 3657 Christo
1003 3605 1176 3675 judici
1213 3604 1715 3675 discutienda_com-

152 3674 336 3746 mendo.
370 3675 517 3729 Absit
546 3692 579 3727 a
607 3692 685 3728 me
714 3684 767 3728 ut
789 3673 1102 3746 episcopum,
1135 3684 1181 3727 et
1211 3675 1495 3746 prtesertim
1518 3673 1714 3730 Hiero-

152 3745 359 3817 solgmw,
385 3745 607 3799 audeam
629 3745 696 3798 ad
718 3748 977 3817 episcopos
998 3761 1292 3817 provocare,
1319 3745 1373 3797 id
1397 3754 1488 3815 est,
1522 3747 1717 3801 colurn-

153 3815 236 3867 nia:
261 3834 519 3881 accusare,
549 3829 651 3871 etc.

211 3890 373 3956 Atque
407 3888 491 3941 his
517 3889 793 3941 convictus
816 3885 1083 3941 Vastelius
1111 3884 1308 3939 fatetur
1333 3884 1573 3956 tandem,
1601 3888 1712 3941 cla-

153 3971 247 4007 rum
289 3955 392 4011 esse
434 3968 550 4011 ante
579 3959 840 4029 judicium
888 3956 1301 4029 Diospolitanum
1334 3955 1523 4029 _aliqua
1561 3958 1718 4024 fuisse

152 4040 271 4093 gesta
296 4030 437 4081 circa
482 4025 690 4081 causam
726 4027 925 4099 Pelagii
958 4025 1093 4097 apud
1122 4028 1287 4099 ipsum
1313 4025 1590 4099 Joannem,
1626 4030 1715 4082 sed

153 4098 313 4167 absque
341 4099 518 4167 aliquo
548 4115 815 4163 consessu;
843 4097 1151 4167 quamquam
1178 4097 1232 4149 in
1255 4098 1525 4163 praesentia
1548 4097 1715 4151 Erotis

153 4166 394 4239 et__Lazari
434 4166 809 4238 episcOporum,
848 4166 1051 4237 Pelagii
1089 4176 1468 4239 accusatorum.
1511 4166 1719 4239 illisque

154 4236 505 4293 adhterentium
525 4236 716 4306 aliquot
739 4239 1059 4305 Latinorum,
1083 4238 1214 4291 inter
1234 4253 1364 4306 quos
1385 4253 1582 4306 quoque
1593 4236 1718 4293 con.-

154 4308 247 4374 tigit
275 4311 451 4363 adesse
483 4308 745 4373 Orosium,
770 4319 875 4362 etc.

212 4378 305 4433 Sed
335 4380 481 4450 quod
514 4383 589 4434 ait
615 4380 840 4435 affuisse
869 4378 1087 4450 Erotem
1114 4386 1167 4450 et
1203 4375 1486 4450 Lazarum,
1514 4377 1713 4433 dicenti

154 4447 373 4520 assentiri
424 4466 532 4505 non
571 4466 812 4520 possum,
846 4464 968 4504 cum
996 4447 1220 4503 Orosius
1260 4449 1463 4502 minuta
1486 4462 1713 4519 quicque

158 4517 352 4583 Ιιυμιςοε
388 4517 681 4579 consessus
725 4534 1031 4577 memorans
1079 4533 1145 4575 ne
1188 4521 1357 4574 verbo
1402 4517 1713 4588 quidem—id

154 4588 416 4657 signiticet.

212 4660 381 4727 Quoad
440 4663 732 4718 secundum
772 4659 1163 4716 criminationis
1213 4667 1394 4728 caput.
1448 4659 1712 4716 Vastelius

155 4729 241 4801 iam
266 4749 362 4786 non
392 4733 601 4799 lprensi
622 4733 926 4801 adjunctus,
955 4731 1048 4785 sed
1069 4747 1162 4797 per
1183 4746 1240 4785 se
1268 4730 1439 4801 solus,
1462 4730 1707 4785 haeresim

155 4800 479 4872 ifi_tti'atianam
509 4800 715 4859 auctori
748 4805 1021 4872 Apologia:
1044 4803 1227 4869 objicit
1252 4802 1331 4854 his
1359 4800 1707 4872 fereverbis:

156 4870 451 4943 Aemilianus
480 4890 622 4928 error
646 4873 767 4943 fuit,
798 4870 902 4926 non
930 4870 1091 4943 aliam
1117 4887 1222 4925 esse
1254 4874 1424 4924 datam
1467 4871 1712 4926 Ecclesia:

154 4958 176 4991 a
199 4942 383 4999 Christo
414 4942 717 5015 palestatem
748 4942 1275 5015 remittendipeccata
1310 4958 1604 5015 quamqua:
1635 4954 1705 4996 est

155 5012 425 5081 conferendi
471 5016 743 5083 baptismi;
783 5024 829 5067 et
874 5013 1088 5083 proinde
1128 5028 1159 5064 a
1210 5012 1559 5083 sacerdotibus
1604 5029 1708 5066 non

154 5098 301 5152 posse,
327 5086 415 5139 sed
441 5104 472 5139 α
493 5082 603 5140 solo
629 5085 739 5139 Deo
767 5082 952 5138 remitti
976 5093 1183 5153 peccata
1210 5102 1243 5137 a
1267 5082 1574 5153 Christianis
1592 5092 1708 5152 post

154 5151 294 5224 fidem,
324 5158 615 5211 commissa.
662 5155 765 5209 Hic
796 5151 1144 5207 autem'error
1180 5154 1443 5224 Cypriani,
1490 5151 1705 5219 Hilarii,

155 5222 380 5298 Ambrosii
400 5238 553 5298 atque
577 5226 847 5298 Augustini
875 5224 1172 5278 testimoniis
1195 5222 1541 5298 cognoscitur.
1572 5225 1707 5293 Apo—

155 5294 313 5365 logista
340 5293 531 5351 veroid
559 5293 720 5351 totum
742 5296 989 5365 aﬁirmat,
1008 5310 1128 5346 nam
1151 5293 1415 5363 alloquens
1437 5293 1705 5365 Pelagium

154 5363 369 5438 (Apolog.
414 5385 461 5420 c.
507 5367 634 5438 ξομ
676 5386 695 5417 ι
734 5363 899 5438 Dicis,
935 5365 1119 5438 inquit,
1169 5365 1427 5438 hominem
1456 5363 1706 5417 esse‘sine

153 5433 467 5508 peccatogcum
494 5433 590 5508 Dei
614 5437 909 5508 adjutario;
939 5446 992 5487 tu
1016 5435 1145 5508 dicis
1161 5433 1590 5508 :Potestkhorno;
1614 5452 1705 5504 ego

152 5504 289 5575 dico:
320 5506 491 5563 Porest
523 5503 688 5561 Deus:
704 5526 722 5558 ι
762 5506 829 5559 Et
852 5514 1026 5575 postea
1063 5503 1250 5573 (Ibid)
1277 5518 1293 5558 :
1327 5522 1345 5554 ‹
1384 5504 1578 5558 Scriba:
1603 5503 1703 5558 nan

152 5574 462 5658 intelligent“
504 5578 764 5631 veritatem
792 5586 1130 5658 murmurari:
1143 5585 1187 5628 et
1215 5577 1387 5658 dicunt
1413 5590 1430 5628 :
1457 5575 1699 5658 Qttt'spo-f

151 5652 231 5718 test
257 5645 505 5703 dimittere
533 5658 763 5718 peccata,
788 5648 886 5704 nisi
915 5646 1053 5718 solus
1087 5646 1224 5699 Deus
1246 5645 1395 5714 (Luc.
1425 5661 1474 5705 v,
1506 5646 1621 5716 21),
1654 5656 1701 5699 et

152 5714 221 5767 ltic
245 5718 425 5773 abolita
452 5714 557 5774 esse
579 5721 802 5783 iudicat,
832 5733 944 5783 qua:
966 5717 1129 5770 Deum
1153 5720 1340 5773 nesciat
1369 5714 1657 5770 dimisisse?
1675 5737 1694 5769 ι

1742 4488 1794 4549 D

1900 3175 2077 3246 Pergit
2114 3176 2397 3243 Vastelius,
2444 3177 2771 3244 tertiumque
2813 3190 2969 3248 caput
3005 3178 3397 3235 criminationis

1824 3246 1981 3318 allert
2030 3262 2134 3301 non
2194 3249 2373 3303 minus
2416 3248 2732 3303 admirabile
2766 3246 2922 3318 quam
2952 3250 3265 3317 secundum,
3319 3251 3398 3305 si-

1821 3317 2035 3387 quidem
2067 3329 2340 3373 anclorem
2386 3321 2659 3389 Apologia
2698 3335 2847 3374 reum
2902 3322 3027 3376 facit
3066 3320 3396 3375 Nestorianaa

1819 3402 2032 3457 quoque
2050 3389 2418 3457 bIaSphemite,
2446 3406 2549 3444 non
2572 3399 2856 3446 contentus
2885 3393 3092 3447 scilicet
3113 3405 3397 3448 accusasse

1820 3460 2228 3532 crudelitatisin
2249 3470 2584 3528 peccatores,
2604 3462 2795 3530 quibus
2819 3464 3187 3531 paenitentiam
3212 3470 3391 3532 neget,

1820 3529 1923 3582 nisi
1963 3530 2236 3583 insimulet
2269 3532 2562 3599 impietatis
2604 3529 2655 3586 in
2695 3529 3038 3600 peccatorum
3083 3529 3396 3601 redemptov

1818 3614 1957 3663 rem,
1980 3601 2063 3673 cui
2088 3602 2417 3673 divinitatem
2441 3603 2648 3671 eripiat.
2676 3606 2868 3657 Asserit
2892 3604 3172 3667 Christum,
3200 3606 3389 3673 inquit,

1819 3685 1921 3722 non
1965 3670 2066 3724 dici
2098 3671 2281 3736 Deum,
2316 3673 2416 3726 nisi
2444 3673 2833 3740 denominative,
2881 3685 3029 3741 atque
3075 3677 3148 3727 ita
3182 3670 3398 3728 existere

1818 3756 2005 3810 purum
2033 3743 2202 3808 reipsa
2225 3743 2502 3809 hominem,
2535 3760 2650 3813 qua:
2692 3744 3001 3799 Nestoriana
3029 3745 3351 3813 blasphemia
3375 3761 3394 3812 ;

1818 3826 1977 3886 neque
2005 3814 2136 3865 enim
2180 3814 2282 3866 vult
2312 3813 2462 3886 aliter
2490 3831 2597 3868 esse
2634 3813 2803 3869 Deum
2832 3833 2985 3884 quam
3024 3828 3079 3869 ut
3112 3816 3204 3868 Dei
3236 3816 3394 3886 adju-

1818 3883 1968 3946 torio,
1996 3886 2203 3957 perinde
2231 3901 2291 3936 ac
2312 3884 2561 3957 homines,
2587 3883 2989 3957 indigeat."l‘am
3020 3883 3388 3941 incredibilem

1819 3954 2214 4023 accusationem
2253 3956 2519 4009 coniicere
2554 3956 2657 4009 sibi
2697 3954 2907 4010 videtur
2946 3956 3027 4011 his
3064 3957 3392 4023 Apologisnn

1818 4022 2308 4097 verbis‘Pelagium
2350 4026 2669 4097 alloquenlis
2717 4026 2960 4097 (Apolog.
3005 4044 3050 4079 c.
3088 4027 3211 4094 10):
3248 4022 3391 4078 Dicis

1817 4106 1963 4167 posse
2099 4094 2194 4167 hoc
2222 4094 2410 4167 steculo
2444 4092 2550 4149 esse
2564 4092 2839 4167 hominem
2878 4092 2989 4151 sine
3026 4092 3230 4167 peccato
3278 4111 3395 4167 c_um

1816 4160 1915 4214 Dei
1939 4164 2235 4237 adjutorio;
2261 4165 2474 4237 iudicis
2497 4180 2515 4217 :
2554 4164 2732 4219 Potest
2758 4168 2939 4233 homo;
2977 4160 3069 4237 ego
3103 4168 3259 4237 dico:
3286 4163 3396 4219 Po-

1820 4242 1912 4285 test
1940 4232 2100 4287 Deus.
2133 4235 2393 4307 b’icenim
2426 4250 2519 4307 per
2550 4236 2917 4291 admirabilem
2949 4232 3235 4307 quamdam
3265 4250 3393 4291 sen-

1821 4308 2000 4357 tentia:
2031 4303 2299 4374 syntaxim
2327 4305 2611 4375 legendum
2634 4308 2817 4375 jubet:
2852 4303 3023 4361 Dicis:
3050 4306 3223 4363 Potest
3241 4309 3393 4361 homo

1816 4388 1923 4449 esse
1952 4373 2070 4427 sine
2090 4384 2292 4449 peccato
2321 4392 2435 4428 cum
2459 4373 2556 4429 Dei
2591 4373 2884 4449 adjutorio;
2926 4395 3015 4449 ego
3038 4380 3190 4435 dico:
3221 4379 3393 4433 Potest

1817 4397 1923 4427 ειη
1952 4397 2063 4427 διιιε
2090 4397 2292 4443 peccato
2321 4397 2435 4428 cum
2459 4397 2554 4429 νει
2591 4397 2655 4429 aa
2686 4397 2884 4444 ηιοντο;
2926 4397 3015 4449 ego

1817 4442 1959 4521 Deus
1989 4461 2093 4497 esse
2114 4448 2228 4521 sine
2253 4457 2456 4521 peccato
2486 4463 2598 4500 cum
2635 4397 2730 4501 Dei
2757 4449 3036 4521 adjutorio.

1888 4514 2086 4587 verum
2106 4516 2277 4583 jocari
2302 4517 2441 4571 istud
2466 4527 2567 4583 est,
2590 4520 2728 4587 quod
2758 4514 2900 4575 iu're
2922 4520 3058 4575 seria
3082 4534 3189 4575 non
3211 4519 3387 4587 decet,

1815 4584 2076 4658 siquidem
2108 4588 2307 4641 nemini
2339 4603 2443 4642 non
2481 4599 2563 4643 est
2587 4584 2780 4645 obvius
2810 4592 3137 4658 Apologistae
3171 4584 3383 4646 sensus.

1814 4656 1947 4730 cum
1969 4657 2179 4730 dicitur,
2196 4658 2355 4712 homo
2388 4673 2551 4728 posse
2583 4676 2703 4715 esse
2732 4656 3104 4730 sine‘peccato
3133 4675 3252 4715 cum
3295 4663 3387 4716 Dei

1815 4726 2104 4801 adjutorio,
2136 4728 2309 4801 aliqua
2341 4726 2524 4797 procul
2556 4730 2721 4785 dubio
2762 4726 2999 4799 potestas
3030 4732 3383 4801 signiﬁcatur,

1814 4812 1983 4871 eaque
2004 4799 2230 4867 alicujus
2253 4803 2493 4871 propria,
2524 4811 2685 4871 atque
2702 4804 2775 4871 ita
2802 4804 2883 4855 vel
2910 4803 3025 4864 Dei.
3052 4799 3135 4855 vel
3158 4801 3387 4855 hominis

1813 4868 1964 4937 quasi
2007 4871 2204 4942 natiya.
2246 4868 2398 4942 Dicit
2438 4868 2667 4925 hominis
2698 4870 2962 4938 Pelagius,
2997 4871 3139 4942 quod
3173 4872 3389 4925 haereti-

1813 4954 1933 5011 curn
1956 4946 2073 5011 est;
2110 4939 2203 4994 Dei
2228 4939 2357 4994 dicit
2376 4942 2617 5006 Orosius,
2640 4944 2782 5011 quod
2804 4939 3381 4997 summe'catholicum.

1888 5009 2169 5081 vaste-lius,
2225 5020 2283 5064 ut
2342 5009 2734 5067 accusationem
2782 5013 3088 5078 conﬁrmet,
3143 5013 3387 5081 adiungit

1811 5080 1955 5153 aliud
1981 5080 2255 5153 quiddam,
2284 5080 2378 5135 sed
2404 5082 2570 5135 nihilo
2589 5084 2827 5150 gravius.
2856 5081 3040 5145 Nullo,
3071 5080 3260 5153 inquit,
3279 5086 3383 5137 alio

1811 5152 2015 5225 nomine
2061 5151 2318 5225 Christum
2356 5152 2631 5223 appellavit
2673 5170 2826 5224 quam
2850 5170 2953 5225 quo
2990 5151 3156 5225 posset
3198 5154 3385 5207 Nesto-

1810 5223 1985 5292 r_ianus
2026 5224 2262 5291 quisque;
2294 5238 2383 5275 nec
2416 5239 2629 5292 usquam
2668 5223 2811 5278 vocat
2840 5223 3033 5276 Filium
3070 5225 3188 5291 Dei,
3220 5225 3383 5279 Deum

1810 5289 2092 5356 Christum,
2120 5289 2166 5347 et
2214 5292 2431 5347 Verbum
2478 5289 2817 5347 incarnatum.
2862 5296 2944 5351 Sit
2987 5296 3057 5347 ita
3084 5289 3251 5349 sane:
3290 5296 3383 5349 sed

1810 5362 2174 5435 ipsimet-uovi
2210 5364 2540 5419 Testameuti
2576 5366 2885 5435 scriptores,
2920 5380 3043 5420 eum
3078 5365 3145 5419 de
3170 5366 3383 5420 Christo

1809 5432 2175 5500 loquerentur,
2204 5450 2323 5507 non
2352 5437 2477 5507 alio
2525 5432 2742 5507 nomine
2793 5438 2877 5490 usi
2921 5444 3044 5490 sunt
3084 5452 3241 5507 quam
3274 5452 3380 5507 quo
3446 5489 3452 5495 ,

1808 5507 2143 5569 postmodum
2169 5504 2320 5576 :dausi
2349 5505 2673 5559 Nestoriani.
2704 5510 2784 5561 An
2812 5507 3071 5561 continuo
3096 5504 3385 5576 participes

1807 5587 1927 5627 sunt
1957 5575 2198 5629 erroris?
2229 5576 2429 5629 Deinde
2453 5592 2624 5646 neque
2646 5580 2938 5633 necessitas
2961 5575 3173 5645 semper
3195 5578 3381 5647 exigit,

1807 5659 1978 5711 neque
2016 5647 2315 5719 aliquando,
2343 5647 2541 5719 patitur
2570 5649 2739 5714 locus,
2780 5656 2873 5703 aut
2917 5657 3147 5719 tempus,
3181 5658 3251 5719 ut,
3276 5659 3380 5701 tam

1804 5717 2073 5784 expressis
2096 5719 2273 5771 verbis
2289 5718 2355 5773 de
2371 5716 2569 5773 Christi
2589 5719 2871 5776 divinitate
2894 5716 3072 5777 sermo
3090 5720 3201 5775 ﬁat.
3224 5718 3384 5775 Certe
