3964 6280
355 237 462 295 575

783 239 878 295 AD
915 237 1199 296 PARTEM
1235 235 1506 294 PRIMAM
1543 229 1828 292 OPERUM
1865 230 1936 287 M.
1974 229 2416 291 MERCATORIS
2455 233 2804 291 APPENDIX
2841 232 3180 294 SECUNDA.

3503 238 3617 300 570

431 354 765 422 Secundum,
787 369 922 424 opus
950 355 1052 409 hoc
1086 355 1344 424 scriptum
1365 366 1486 408 esse
1513 358 1636 422 post
1675 349 1936 424 judicium
1963 354 2011 411 Α
2041 357 2128 404 cet
2154 347 2450 424 ingenium,
2479 349 2827 424 d_oc‘trina,iet
2856 352 3029 424 stylus
3056 352 3357 424 Augustini,
3390 365 3447 412 ut
3468 358 3617 416 illius

355 420 562 483 Zosimi
592 420 787 480 factum
815 420 941 480 ann.
965 425 1091 490 M8,
1117 420 1214 478 sed
1233 433 1357 478 ante
1378 420 1712 479 mani—festam
1735 421 1761 476 1Ι
1772 422 1933 477 uliani

358 498 428 552 de
475 513 591 559 sua‘
619 497 748 553 sede
789 497 1131 566 ejectionem,
1159 511 1279 566 quze
1310 496 1535 565 contigit
1568 492 1781 566 circiter
1804 508 1931 566 ann.

357 568 484 624 420.
514 567 747 637 Tempus
798 564 1062 636 ejectione
1111 564 1255 634 prius
1303 564 1618 637 clare’satis
1668 564 1936 634 eloquitur

359 636 741 709 ipsummetde
784 639 978 695 Juliani
1028 637 1245 693 nomine
1291 636 1698 709 silentium_,_at
1726 646 1935 709 tempus

358 704 561 779 judicio
591 716 864 778 posterius
887 711 1186 779 significant
1228 711 1342 763 hate
1367 710 1529 779 verba
1563 706 1662 777 (ln
1703 704 1883 779 prter.)
1919 723 1932 758 :

361 777 554 834 Contra
583 777 893 852 Pelagianos
915 777 958 834 et
997 777 1326 852 Caelestianos
1362 778 1648 852 hiereticos,
1677 794 1801 848 quos
1827 777 1935 852 Do:

361 852 531 905 minus
559 847 684 905 tales
701 847 895 921 futuros
918 867 1009 904 suo
1036 851 1156 904 vitio
1182 860 1299 904 ante
1326 847 1733 921 constitutionem
1758 847 1938 921 mundi

363 922 637 993 praesciuit,
666 920 711 974 et
741 934 940 976 exertos
967 922 1241 993 inmundo
1257 921 1460 993 judicio
1481 922 1626 991 justo
1656 920 1936 993 damnavit,

363 990 527 1046 sermo
549 993 691 1046 nobis
718 1003 791 1046 est
816 991 1177 1062 respondendi.
1205 990 1341 1059 Quid
1365 990 1507 1046 enim
1542 1002 1665 1062 tunc
1691 990 1938 1062 Julianus

365 1064 582 1117 molitus
637 1079 741 1117 non
789 1073 900 1130 est,
951 1070 1006 1116 ut
1058 1062 1316 1132 judicium
1375 1061 1653 1132 retractari
1702 1061 1940 1132 faceret?

365 1133 501 1200 Quid
534 1149 635 1188 non
668 1147 916 1188 causatus
941 1131 1198 1189 adversus
1225 1133 1542 1190 catholicam
1573 1131 1772 1188 Zosimi
1803 1131 1939 1187 deli-

364 1204 654 1258 nitionem‘!

437 1276 609 1343 Atque
631 1276 744 1329 haec
773 1289 934 1330 causa
960 1274 1058 1329 fuit
1085 1290 1183 1331 cur
1210 1283 1477 1331 taceretur
1498 1276 1552 1330 in
1591 1275 1741 1330 libris
1764 1274 1942 1346 Hypo-

369 1347 631 1417 gnosticis
659 1345 854 1400 .luliani
884 1361 1097 1410 nomen,
1135 1361 1202 1401 ne
1229 1348 1439 1417 animus
1466 1348 1698 1417 episcOpi
1723 1360 1942 1400 exacer-

367 1415 604 1476 baretur.
633 1417 873 1486 quicum
926 1418 1160 1472 nondum
1205 1416 1448 1486 deiectus
1494 1415 1747 1473 esset'de
1791 1417 1940 1483 sede,

367 1501 516 1564 spem
542 1486 741 1564 faceret
766 1489 1068 1564 revertendi
1093 1488 1159 1542 ad
1187 1487 1366 1554 fidem,
1389 1504 1546 1557 quam
1568 1488 1668 1544 sub
1684 1487 1946 1564 Innocen-

369 1558 447 1611 tio
472 1558 782 1614 0t'dinat0re
811 1574 909 1614 suo
939 1558 1208 1628 professus
1234 1569 1380 1626 erat;
1406 1575 1730 1630 quamquam
1761 1568 1814 1613 et
1837 1558 1944 1613 ista

368 1642 583 1699 quoque
608 1630 806 1684 silentii
834 1645 992 1683 causa
1034 1645 1152 1684 esse
1185 1630 1372 1698 potuit,
1405 1631 1547 1699 quod
1587 1640 1644 1684 ut
1681 1630 1815 1686 Sixti
1845 1644 1944 1684 no-

369 1697 500 1753 mini
525 1699 789 1765 Julianus,
821 1700 947 1754 dum
988 1697 1333 1756 inveheretur
1357 1697 1760 1764 in'catholicos,
1790 1699 1864 1755 ita
1888 1710 1943 1756 et

370 1768 576 1837 Sixtus,
603 1785 723 1825 cum
751 1771 1062 1841 Pelagianos
1087 1771 1437 1826 insectaretur
1461 1813 1476 1837 ,
1506 1771 1699 1827 Juliani
1739 1772 1942 1826 nomini

371 1841 696 1908 pepercerit,
725 1841 915 1897 timore
945 1851 1118 1896 tamen
1138 1841 1432 1909 lulianum,
1452 1843 1713 1897 charitate
1731 1842 1940 1898 Sixtum

375 1912 806 1985 impellente.Sic
831 1915 970 1985 enim
997 1912 1210 1967 Juliano
1226 1913 1552 1985 Augustinus
1569 1925 1583 1967 :
1603 1913 1791 1985 Nescio
1818 1931 1945 1985 quos

371 1983 556 2046 etiam,
593 1985 762 2048 inquit
793 1983 940 2054 (Lib.
974 1999 1025 2037 v1
1068 1993 1244 2055 contra
1279 1982 1394 2042 Jul.
1425 2001 1539 2055 cap.
1569 1983 1657 2054 4),
1687 1982 1838 2054 quasi
1857 1985 1947 2038 de-

372 2060 590 2106 sertores
619 2053 872 2125 dogmatis
889 2055 1061 2120 vestri,
1079 2055 1146 2106 ad
1169 2053 1319 2120 ﬁdem
1349 2053 1658 2109 catholicam
1682 2053 1947 2109 conversos

373 2124 549 2192 arguis
577 2125 653 2178 uel
691 2124 919 2179 reversos
944 2141 962 2180 :
992 2141 1118 2194 quos
1149 2135 1313 2178 tamen
1341 2126 1640 2195 signiﬁcasti
1669 2127 1740 2179 ita
1768 2135 1814 2178 te
1840 2141 1949 2178 me-

376 2202 538 2257 tuere,
570 2207 624 2247 ut
652 2211 825 2249 eorum
855 2197 1063 2249 nomina
1106 2197 1390 2266 exprimere
1425 2212 1527 2249 non
1574 2197 1807 2250 auderes.
1831 2196 1949 2263 Quo

375 2277 444 2317 ex
494 2266 633 2336 loco,
681 2269 766 2335 qui
801 2266 988 2335 procul
1015 2266 1178 2320 dubio
1223 2266 1290 2319 de
1319 2267 1471 2321 Sixto
1498 2267 1659 2321 debet
1701 2268 1946 2336 intelligi,

377 2347 484 2408 non
506 2335 740 2408 obscure
761 2337 1050 2408 colligitur,
1078 2337 1448 2408 presbyterum
1474 2338 1617 2393 hunc
1641 2351 1765 2392 cum
1795 2335 1950 2394 Pela-

377 2403 548 2476 gianis
577 2407 864 2476 aliquando
893 2403 1147 2463 sensisse.

450 2475 710 2548 Tertium,
744 2493 878 2545 Opus
910 2479 1010 2534 hoc
1053 2479 1122 2534 ab
1161 2494 1269 2533 uno
1306 2479 1485 2548 aliquo
1523 2478 1779 2535 nobilium
1827 2477 1953 2534 fidei

380 2545 722 2604 defensorum
753 2551 1120 2605 elucubralum
1149 2549 1310 2604 fuisse
1337 2569 1350 2604 :
1380 2545 1526 2604 nullo
1547 2559 1714 2616 certe,
1740 2550 1786 2604 si
1814 2551 1952 2605 ratio

381 2617 638 2672 doctrinm
667 2621 946 2693 habeatur.
977 2621 1248 2689 indignum
1275 2631 1378 2676 est.
1404 2620 1714 2693 Pugnabam
1740 2635 1869 2675 vero
1889 2635 1951 2676 ea

383 2698 703 2764 tempestate
731 2692 1106 2764 Hieronymus,
1138 2691 1500 2764 Augustinus,
1530 2691 1955 2764 Paulinusuter-

382 2762 586 2832 que,_id
618 2771 719 2824 est,
751 2761 1033 2832 episcopus
1059 2771 1112 2816 ct
1140 2761 1429 2828 diaconus,
1478 2762 1723 2826 Orosius,
1751 2762 1955 2816 Mer-ca.

2039 434 2146 474 non
2177 421 2448 496 immerito
2487 420 2602 496 dici
2628 422 2852 496 possint.
2886 420 3089 478 Deinde
3130 420 3276 480 locus
3317 425 3516 496 Orosii,
3544 445 3617 488 ex

2037 506 2143 559 quo
2149 491 2427 565 guispiatn
2455 491 3137 565 concluderetititcmnque,
3171 497 3446 553 Aurelium
3477 491 3618 556 con-

2037 570 2118 640 t_ra
2147 559 2418 640 Pelagium
2442 562 2720 640 scripsisse
2754 582 2768 617 :
2797 564 2905 640 Qui
2930 559 3068 640 sunt,
3093 559 3263 636 inquit
3290 569 3532 640 (Apolog.
3563 589 3616 626 c.

2037 633 2073 706 ir
2093 631 2134 700 ),
2165 632 2417 706 columnte
2443 643 2490 686 et
2517 633 2840 706 ﬁrmamenta
2861 635 3104 690 Ecclesia:
3132 631 3416 706 catholicis,
3455 631 3621 697 A'ure-

2036 702 2159 778 l_ius,
2199 702 2516 778 Augustinus
2544 719 2593 758 et
2636 702 2996 778 Hieronymus,
3030 710 3192 763 multa
3233 713 3338 778 iam
3373 702 3621 768 adversus

2037 720 2159 766 tius,
2199 720 2278 756 All
2317 720 2516 757 usnnus
2544 720 2593 758 et
2636 720 2996 776 Hieronymus,
3030 720 3192 763 multa
3233 720 3338 778 iam
3373 720 3621 768 adversus

2037 772 2169 850 hanc
2198 720 2447 850 nefariam
2475 773 2708 850 ftcresim
2746 778 2940 850 absque
2979 779 3326 850 designatione
3354 787 3622 836 nominum

2038 844 2392 923 nauticarum
2412 846 2614 923 scriptis
2643 844 3009 923 probatissimis
3025 844 3314 917 ediderunt,
3337 861 3470 920 etc.,
3495 869 3623 923 per-

2040 915 2175 969 tinet
2192 914 2260 996 _ad
2293 925 2538 996 tempore
2551 914 2715 996 longe
2747 919 2949 985 priora,
2974 923 3180 996 quippe
3206 914 3375 992 ipsam
3403 914 3626 996 qucque

2039 986 2299 1057 synodum
2325 986 2745 1054 Diospolitanam
2779 986 3150 1057 prmcedentia.

2111 1055 2322 1122 Nescio,
2357 1066 2532 1112 utrum
2563 1057 2748 1112 Rivius
2777 1055 2905 1114 satis
2931 1063 3222 1118 attenderit
3249 1064 3318 1120 ad
3367 1065 3514 1121 hunc
3543 1065 3627 1122 lo-

2039 1140 2182 1206 _cum,
2211 1142 2331 1206 cum
2355 1129 2614 1206 scriberet
2635 1127 2724 1199 (In
2747 1129 2867 1185 Vita
2893 1131 2953 1187 S.
2978 1133 3312 1206 Augustini),
3336 1151 3402 1192 ex
3431 1151 3498 1191 eo
3526 1153 3629 1193 no-

2041 1197 2124 1276 bis
2157 1199 2385 1276 primum
2413 1197 2747 1276 innotescere
2775 1197 3082 1276 praenomen
3106 1197 3630 1276 AureliiAugustino

2040 1269 2206 1345 fuisse
2237 1287 2250 1322 :
2283 1269 2720 1345 garthaginensis
2748 1269 2890 1327 enim
2913 1275 3197 1345 episcOpus
3223 1291 3289 1330 eo
3317 1269 3435 1332 loci
3449 1282 3634 1342 Augu-

2041 1339 2184 1412 stino
2206 1348 2259 1395 et
2283 1340 2610 1411 Hieronymo
2631 1339 2969 1412 accensetur',
3005 1357 3061 1400 ut
3091 1339 3259 1402 tribus
3289 1348 3394 1406 vita
3428 1339 3635 1404 functis

2043 1409 2415 1488 defensoribus
2461 1409 2606 1476 fidei,
2651 1409 3199 1488 Cypriang'llilario,
3232 1428 3287 1473 et
3313 1420 3632 1488 Ambrosio,

2044 1481 2265 1536 totidem
2293 1482 2426 1537 vivae
2457 1481 2851 1550 responderent
2877 1487 3134 1543 Ecclesiae
3163 1481 3452 1545 columine.

2115 1554 2440 1621 Septimum,
2479 1563 2756 1609 auctorem
2784 1558 2899 1612 sive
2947 1558 3206 1615 librorum
3235 1560 3302 1615 de
3330 1560 3636 1617 Vocatione

2045 1625 2325 1698 gentium,_
2357 1625 2470 1678 sive
2515 1626 2756 1698 epistolae
2800 1627 2866 1681 ad
2917 1628 3312 1686 Demetriadem
3358 1631 3638 1698 Prospero

2049 1695 2280 1761 tributte,
2313 1694 2470 1765 longe
2495 1698 2561 1750 ab
2589 1696 2933 1767 Hypognoste
2961 1699 3232 1758 diversum
3255 1715 3396 1766 esse,
3421 1694 3638 1757 Latini-

2049 1767 2193 1842 tatis,
2219 1767 2367 1842 styli,
2390 1767 2809 1842 opinionumque
2830 1768 3168 1842 dissensione
3189 1786 3205 1829 :
3228 1781 3453 1842 uterque
3479 1774 3635 1828 enim

2049 1837 2280 1911 purioris
2312 1837 2693 1911 est_dictionis,
2723 1840 3025 1908 grandioris
3053 1842 3333 1911 orationis,
3362 1837 3419 1899 et
3447 1843 3640 1900 mitio-

2047 1909 2121 1963 ris
2149 1909 2200 1961 in
2229 1907 2478 1976 parvulos
2507 1907 2810 1964 sententiae.

2117 1979 2374 2052 Octavum
2404 1979 2654 2052 denique,
2680 1994 2800 2034 cum
2832 1989 2998 2052 restet
3023 1983 3395 2052 inquirendum
3423 1985 3494 2040 de
3523 1986 3640 2041 Au-

2047 2050 2282 2126 gus_ti_no,
2325 2049 2552 2126 Paulino
2582 2049 2810 2126 diacono
2830 2093 2846 2120 ,
2883 2049 3200 2118 Mercatore,
3232 2055 3447 2112 Zosimo
3473 2071 3641 2126 papa,

2051 2119 2105 2176 et
2133 2120 2308 2183 Sixto,
2331 2119 2400 2175 de
2424 2119 2642 2196 Ζιξείωο
2672 2120 2830 2177 facile
2858 2137 2977 2196 esse
3006 2139 3072 2196 ex
3098 2139 3166 2181 eo
3195 2128 3313 2195 ipso
3337 2126 3390 2180 in
3423 2119 3642 2196 partem

2052 2200 2342 2263 negantem,
2364 2192 2588 2257 sentire,
2619 2207 2684 2246 ex
2707 2207 2815 2263 quo
2845 2192 3460 2263 praejudicium’aliquod
3491 2199 3644 2253 sumi

2053 2269 2254 2337 posset,
2297 2262 2548 2337 nimirum
2593 2276 2660 2337 e_x
2684 2262 3014 2337 Mercatoris
3054 2267 3233 2322 verbis
3273 2266 3640 2337 (Commonit.

2052 2349 2166 2403 cap.
2195 2334 2248 2396 l,
2292 2332 2516 2405 nu_m.76)
2545 2351 2556 2384 :
2591 2332 2850 2405 Caelestius
2879 2335 2941 2388 ob
2976 2336 3076 2389 hoc
3109 2354 3142 2390 a
3177 2332 3336 2393 beata
3379 2341 3646 2394 memoria

2051 2401 2299 2480 pracdicto
2337 2401 2546 2480 Zos‘imo
2569 2401 2801 2475 episcopo
2829 2407 3035 2480 scriptis
3065 2409 3393 2480 amplissimis
3420 2411 3499 2462 vel
3522 2411 3646 2464 lon-

2053 2474 2277 2552 gissimis
2319 2474 2685 2552 perdamnatus
2715 2483 2810 2544 est,
2844 2476 2900 2530 in
2927 2474 3109 2552 quibus
3152 2474 3202 2533 et
3249 2481 3362 2551 ipsa
3386 2481 3646 2552 capitula,

2055 2545 2118 2598 de
2145 2545 2325 2615 quibus
2347 2554 2616 2615 accusatus
2643 2545 2828 2615 fuerat,
2851 2545 3194 2614 continentur,
3221 2545 3459 2604 et'omnis'
3477 2567 3645 2604 causa

2055 2623 2162 2668 tam
2187 2614 2250 2692 tle
2275 2613 2506 2692 Ctelestio
2536 2613 2918 2692 suprascripto,
2949 2634 3103 2688 quam
3129 2613 3191 2673 de
3236 2619 3446 2692 Pelagio
3472 2623 3651 2692 magi-

2056 2694 2168 2758 stro
2184 2686 2300 2758 eius
2323 2689 2555 2758 prariore
2581 2685 2779 2758 videtur
2797 2703 2908 2742 esse
2931 2685 3161 2756 narrata,
3197 2698 3304 2746 etc.
3334 2685 3464 2758 Quae
3492 2685 3648 2747 enim

2060 2756 2418 2826 prolixissima
2443 2756 2639 2826 scripta
2669 2757 2920 2812 dicuntur
2945 2773 2976 2813 a
3005 2759 3218 2816 Zosimo
3250 2762 3303 2814 in
3325 2756 3649 2817 universum

382 2837 492 2903 tor,
513 2829 757 2903 Zosimus
787 2827 1050 2902 pontifex,
1073 2832 1256 2887 Sixtus
1283 2827 1560 2903 presbyter
1579 2831 1879 2900 Romanus,
1902 2841 1958 2888 et
2059 2827 2246 2883 orbem
2275 2827 2457 2890 missa,
2491 2828 2837 2903 continebant
2863 2839 3008 2903 certe
3039 2831 3281 2903 prthicta
3305 2833 3555 2903 capitula,
3592 2833 3651 2889 id

382 2899 634 2973 Afrorum
666 2897 803 2956 forte
824 2904 1056 2973 quidam,
1079 2913 1136 2958 ut
1158 2897 1746 2971 Aurelius,Alipius,et
1771 2897 1958 2958 auctor
2059 2907 2162 2962 est,
2194 2907 2444 2973 excerpta
2465 2911 2530 2952 ex
2561 2897 2712 2973 libris
2742 2897 3108 2973 Pelagii,quze
3135 2897 3400 2957 Mercator
3432 2897 3650 2968 refert;

385 2971 499 3043 sive
528 2971 781 3026 librorum
808 2971 874 3028 de
897 2977 1174 3030 vocatione
1199 2978 1456 3043 gentium,
1490 2976 1602 3029 sive
1622 2976 1864 3043 epistolae
1888 2974 1957 3029 ad

387 3040 778 3112 Demetriadem
804 3043 1064 3112 Prospero
1096 3040 1328 3099 tribntze.

2061 2977 2116 3022 at
2136 2968 2942 3044 nullumejusmodiexeerptum
2963 2968 3019 3026 in
3031 2973 3191 3044 libris
3201 2973 3653 3044 Hypngnostican

2065 3040 2387 3114 continetur.
2417 3037 2676 3114 Superest
2702 3037 2886 3114 igitur
2913 3037 3300 3114 inquirendum
3320 3037 3388 3098 de
3415 3052 3654 3114 quatuor

440 3108 1091 3178 Quartum,elucunr'atum
1107 3130 1210 3169 non
1226 3116 1390 3170 fuisse
1405 3115 1474 3168 ab
1489 3113 1962 3185 Hieronymo,nam
1991 3115 2036 3178 C
2069 3111 2314 3185 reliquis,
2349 3112 2668 3185 Augustino,
2702 3108 2926 3168 Paulino
2965 3108 3212 3180 diacono,
3241 3108 3566 3182 Mercatore,
3598 3125 3657 3174 et

385 3190 512 3235 tunc
538 3177 793 3253 temperis
814 3185 1051 3240 scribere
1076 3186 1309 3240 desierat
1331 3187 1396 3240 de
1423 3177 1830 3253 quaestionibus,
1855 3201 1965 3254 prze
2014 3177 2021 3178 ί
2067 3177 2218 3254 Sigio
2247 3177 2560 3254 presbytero
2582 3180 2843 3254 Romano.

384 3267 590 3307 summa
621 3265 928 3320 senectute;
959 3271 1044 3308 res
1065 3256 1284 3324 Juliani,
1309 3271 1374 3312 ne
1396 3256 1578 3312 auditu
1606 3256 1848 3326 quidem,
1869 3271 1966 3311 no-

385 3334 566 3398 verat;
590 3340 719 3379 usus
749 3325 935 3380 fuisset
959 3326 1590 3392 Latinioredicti0ne;de
1609 3325 1829 3398 synodis
1859 3342 1965 3381 non

385 3393 789 3480 siluisset,_qtias
811 3399 860 3450 in
888 3398 1110 3480 epistola
1130 3400 1289 3480 etiam
1318 3393 1838 3480 brevissima'tacere
1858 3414 1963 3480 non

2139 3251 2293 3327 Nono
2311 3251 2461 3307 certe
2486 3253 2685 3327 sarculo
2713 3254 3064 3327 indubiiatum
3093 3262 3228 3320 erat,
3273 3253 3438 3311 libros
3465 3255 3658 3327 Hypo.’

2107 3323 2353 3377 nosticon
2395 3336 2514 3394 esse
2542 3324 2853 3394 Augustini,
2883 3325 3055 3382 donec
3100 3335 3216 3380 orta
3263 3323 3659 3388 contentio'est

2095 3394 2414 3466 lincmarum
2461 3393 2600 3466 inter
2625 3404 2691 3466 et
2719 3393 3018 3464 Remigium
3048 3396 3484 3466 Lugdunensem.
3517 3398 3660 3455 Nam

391 3467 593 3538 pomit;
616 3462 689 3538 Vde
720 3462 1014 3537 Augustino
1047 3484 1149 3522 non
1181 3470 1456 3525 omisisset
1487 3470 1699 3536 dicere,
1725 3483 1882 3537 quem
1915 3469 1967 3523 in
2069 3462 2603 3538 cumgGothescalcus‘
2624 3464 2790 3538 libros
2812 3462 2936 3538 illos
2954 3462 3406 3532 laudasset,velut
3432 3478 3659 3538 apertos

389 3536 548 3590 tertio
595 3536 818 3609 dialogo
837 3547 943 3592 tam
989 3539 1297 3609 magnifice,
1329 3549 1448 3608 post
1491 3540 1703 3594 unicum
1731 3536 1866 3609 Opus
1893 3539 1970 3594 le-

390 3616 557 3670 ctum,
582 3608 828 3680 laudibus
857 3608 1108 3664 extollit:
1133 3609 1332 3680 aliquid
1361 3625 1513 3665 more
1537 3623 1636 3664 suo
1652 3608 1969 3680 eruditionis

389 3679 705 3750 as‘pcrsisset
727 3695 751 3750 7:
773 3679 1004 3750 denique
1026 3679 1303 3736 habuisset
1329 3682 1626 3735 orationem
1657 3695 1761 3733 non
1789 3679 1969 3735 desul-

390 3748 602 3820 toriam,
629 3748 1090 3820 iitHypogn'ostes,
1123 3751 1220 3807 sed
1247 3751 1586 3818 aequabilem,
1617 3758 1674 3805 ut
1692 3749 1855 3804 solet.

461 3816 1058 3892 Quintum,’ahjudicari
1079 3816 1289 3889 pariter
1318 3822 1545 3879 Paulino
1572 3816 1842 3892 episcopo
1862 3820 1968 3876 No-

394 3887 556 3954 lano,
597 3891 786 3958 partim
833 3887 1054 3961 propter
1095 3887 1300 3960 aliquot
1345 3887 1966 3958 rationum—allataruin;

393 3962 585 4027 partim
613 3963 733 4028 quia
765 3963 832 4016 de
859 3963 1248 4031 quaestionibus
1277 3979 1383 4019 non
1413 3964 1647 4031 scripsit,
1671 3964 1971 4028 scripturus

394 4033 593 4099 utique,
619 4041 673 4086 et
690 4031 953 4098 Latinius,
971 4043 1028 4088 et
1045 4035 1377 4102 aequabilius,
1399 4034 1443 4089 si
1466 4043 1746 4089 tentasset.
1767 4034 1970 4090 Deinde

393 4115 480 4174 res
502 4102 698 4174 luliani
722 4105 806 4157 vix
840 4103 1019 4158 habuit
1049 4113 1378 4174 perspectas,
1408 4120 1529 4160 cum
1561 4119 1628 4160 ne
1658 4104 1969 4173 Pelagianas

391 4171 604 4244 quidem
634 4175 765 4244 satis
787 4175 970 4241 sciret,
1006 4171 1104 4230 etsi
1144 4171 1343 4244 Pelagii
1382 4176 1624 4231 amicus:
1655 4171 1808 4230 unde
1827 4175 1970 4229 indi.

393 4243 506 4309 guit
535 4243 738 4298 erudiri
781 4245 848 4298 ab
886 4243 1201 4315 Augustino,
1233 4243 1302 4301 ne
1345 4261 1586 4302 errorem
1615 4245 1718 4300 sibi
1750 4260 1970 4314 persua-

394 4314 508 4387 deri
542 4315 901 4387 permitteret,
934 4314 1018 4371 vel
1048 4331 1076 4370 a
1120 4316 1333 4387 Pelagio
1361 4332 1458 4386 per
1485 4317 1710 4382 litteras,
1739 4331 1860 4370 cum
1893 4319 1966 4370 fa-

394 4381 512 4436 cilis
559 4394 702 4438 esset
741 4386 916 4452 decipi
963 4387 1142 4453 specie
1180 4381 1412 4455 pietatis,
1448 4387 1530 4442 vel
1574 4387 1643 4442 ab
1687 4381 1970 4442 abstinatis

2107 3537 2295 3608 ratiam
2340 3536 2561 3608 interc}
2595 3535 2820 3608 liberum
2863 3536 3139 3593 arbitrium
3165 3538 3397 3608 judices,
3430 3535 3661 3598 eosdem

2122 3607 2387 3660 incmarus
2408 3604 2667 3672 adhibuit,
2684 3617 2740 3662 ut
2759 3604 3292 3664 Praedestinatianam
3313 3607 3661 3669 Gothescalci

2069 3675 2319 3731 haeresim
2344 3675 2665 3732 confutaret.

2142 3747 2492 3819 Hincmarum
2539 3749 2710 3817 arguit
2757 3749 3033 3818 Remigius
3076 3750 3478 3819 Lugdunensis,
3504 3760 3560 3807 et
3589 3752 3662 3807 li-

2068 3817 2218 3882 bros,
2244 3818 2451 3890 quibus
2474 3832 2533 3872 se
2557 3819 2827 3874 sentiebat
2850 3817 3086 3888 graviter
3112 3817 3314 3889 urgeri,
3344 3817 3663 3890 suppositos

2071 3890 2208 3942 dixit
2233 3889 2551 3958 Augustino.
2585 3890 2792 3943 Dictum
2823 3905 2886 3946 ex
2920 3907 2986 3946 eo
3002 3891 3269 3946 conficere
3297 3891 3400 3947 sibi
3428 3889 3662 3948 videba-

2071 3968 2178 4022 tur,
2207 3961 2349 4028 quod
2378 3974 2551 4027 neque
2577 3959 2629 4013 in
2657 3960 3145 4017 Retractationihus
3176 3971 3520 4027 censeantur,
3559 3979 3663 4020 ne-

2069 4045 2174 4099 que
2201 4030 2256 4103 in
2303 4029 2538 4084 indiculo
2567 4031 2814 4085 Possidii.
2862 4031 3014 4100 Quod
3051 4033 3365 4103 praefatione
3410 4043 3659 4099 careant,

2070 4116 2172 4170 qua
2195 4101 2386 4174 doceat
2414 4103 2743 4174 Augustinus
2771 4117 2869 4156 suo
2892 4101 3066 4171 more,
3095 4102 3249 4171 cujus
3277 4102 3530 4174 impulsu,
3563 4106 3661 4161 vel

2069 4186 2228 4256 quam
2259 4171 2329 4253 ob
2353 4171 2688 4256 causan-insi!
2725 4174 3062 4256 scribendum
3093 4171 3665 4256 accesseri'tLib.__de

2071 4241 2203 4314 trib.
2233 4244 2385 4311 epist.
2419 4257 2533 4313 cap.
2571 4241 2698 4309 55).
2730 4243 2884 4310 Quod
2921 4254 3294 4314 argumentum
3337 4241 3495 4300 toties
3535 4246 3665 4301 aliis

2072 4314 2122 4367 in
2156 4313 2308 4368 libris
2333 4321 2619 4384 tractatum
2667 4315 2818 4368 nullo
2865 4313 3044 4384 operae
3086 4317 3258 4382 pretio
3303 4324 3664 4373 retractatum

2071 4385 2279 4439 fuisset.
2311 4383 2463 4451 Quod
2509 4399 2688 4455 sermo
2711 4385 2780 4438 ab
2804 4383 3198 4455 Augustiniano
3239 4384 3473 4440 diﬂ'erat.
3497 4386 3660 4454 Quod

397 4467 500 4506 non
526 4461 631 4551 talin
649 4455 1066 4551 IPelagii,|quam
1092 4459 1239 4538 pravi
1265 4454 1548 4540 dogmatis,
1572 4458 1962 4539 defensoribus,
1993 4490 2048 4551 Β
2071 4455 2288 4551 dissona
2313 4459 2386 4551 sit
2406 4454 2673 4551 doctrina,
2704 4457 3056 4551 necrinipsils.
3075 4455 3340 4538 modestia
3366 4458 3662 4539 Augustini

395 4524 710 4597 quos_Nol:e
739 4524 1060 4595 patiebatur,
1091 4524 1360 4597 impotens
1384 4527 1540 4583 irasci
1568 4529 1729 4582 etiam
1759 4529 1966 4596 impro-

397 4594 496 4646 bis.
512 4594 765 4668 _Denique
797 4599 1069 4668 popularis
1091 4594 1271 4667 opinio
1296 4599 1364 4655 de
1389 4598 1525 4653 libro
1549 4597 1754 4652 Paulini
1779 4594 1962 4654 adver-

393 4679 482 4718 sus
512 4665 846 4736 Pelagianos,
866 4665 1046 4740 ortum
1091 4665 1348 4740 duxit__ab
1383 4684 1568 4740 errore
1598 4669 1830 4724 hominis
1872 4671 1963 4740 qui

392 4749 764 4810 argumentum
794 4737 1033 4806 epistolae
1056 4739 1156 4794 l06
1183 4738 1381 4808 (Nunc
1411 4739 1558 4808 186),
1591 4741 1868 4810 Augustini
1891 4737 1964 4794 ad

399 4805 677 4879 Paulinum
707 4805 953 4879 praefixit.
978 4805 1215 4879 Sumpsit
1235 4809 1375 4864 enim
1404 4805 1698 4879 epistolam'
1709 4811 1774 4864 ad
1799 4810 1966 4866 Seve-

393 4892 508 4931 rum
536 4878 819 4949 Sulpitinm
848 4922 861 4945 ,
885 4878 1122 4948 eamque
1139 4878 1537 4944 brevissimam,
1568 4895 1668 4950 pro
1702 4880 1838 4950 libro
1857 4921 1874 4946 ,
1907 4888 1964 4935 et

391 4951 746 5019 sententiam,
775 4964 934 5020 quam
961 4952 1290 5021 Augustinus
1313 4949 1590 5021 laudatam
1637 4951 1689 5004 in
1723 4949 1960 5020 Pelagia-

392 5033 489 5074 nos
517 5033 937 5090 argumentatur,
984 5022 1033 5075 in
1083 5022 1301 5078 eosdem
1332 5037 1362 5076 a
1393 5021 1613 5076 Paulino
1642 5022 1834 5076 dictam
1865 5038 1963 5090 pu-

396 5092 544 5162 tavit,
577 5092 819 5161 quamvis
850 5091 1054 5162 prolata
1083 5095 1153 5148 sit
1179 5109 1209 5147 a
1239 5093 1354 5148 viro
1395 5101 1582 5147 sancto
1607 5103 1659 5145 et
1679 5093 1758 5146 sui
1783 5093 1962 5160 despi-

390 5159 757 5230 cientissimo,
786 5159 863 5218 eo
902 5173 1102 5218 tantum
1149 5163 1286 5229 fine,
1337 5173 1394 5216 ut
1435 5163 1728 5230 depingens
1768 5159 1963 5216 animae

391 5247 501 5305 sua:
528 5233 774 5301 formam,
806 5249 965 5305 quam
993 5233 1245 5290 credebat
1271 5233 1630 5289 miserabilem
1653 5274 1688 5305 ,A
1715 5232 1962 5305 illuderet

399 5304 599 5376 urbane
646 5303 856 5372 amico',
905 5305 996 5376 qui
1025 5305 1290 5375 depictam
1320 5305 1498 5360 vultus
1547 5303 1780 5374 speciem
1823 5303 1963 5358 mitti

392 5374 494 5427 sibi
523 5377 866 5442 postulasset.

461 5445 704 5517 Sextum,
734 5461 908 5516 neque
934 5448 1094 5502 etiam
1122 5463 1280 5517 posse
1301 5444 1699 5501 tribuiAurelio
1714 5453 1770 5500 et
1789 5444 1968 5517 Alipio

395 5515 681 5582 Africanis,
710 5515 829 5587 qui
855 5519 952 5572 etsi
997 5515 1207 5573 fortiter
1245 5517 1497 5573 steterint
1527 5532 1626 5642 pro
1656 5531 1815 5571 causa
1844 5515 1968 5570 ﬁdei

395 5587 651 5642 adversus
672 5588 922 5642 inimicos
949 5593 1123 5642 crucis
1152 5588 1371 5642 Christi.
1408 5590 1500 5642 ille
1545 5589 1785 5642 labendis
1809 5601 1968 5642 svno-

393 5587 651 5642 adversus
672 5588 922 5642 inimicos
949 5593 1123 5644 erucis
1152 5588 1371 5653 Christi,
1408 5590 1500 5645 ille
1527 5587 1785 5642 habendis
1809 5601 1971 5656 syno-

391 5658 496 5724 dis,
527 5659 626 5731 iste
653 5660 917 5716 obeundis
952 5661 1325 5731 legationibus,
1359 5661 1493 5716 nihil
1520 5672 1701 5718 tamen
1726 5659 1972 5731 feruntur

392 5729 694 5802 scripsisse,
717 5741 913 5803 praeter
939 5729 1193 5802 epistolas
1217 5747 1232 5798 ;
1259 5731 1314 5789 in
1334 5732 1530 5804 quibus
1558 5741 1735 5789 tamen
1765 5731 1839 5788 ita
1858 5730 1972 5788 elu-

2071 4525 2302 4597 eluceat.
2321 4525 2476 4594 Quod
2501 4541 2566 4597 ex
2597 4525 2950 4582 translatione
2993 4526 3309 4597 Hieronymi
3342 4529 3662 4582 testimonia

2066 4595 2354 4666 Scriptura:
2399 4595 2757 4665 proferantur,
2783 4611 2903 4651 cum
2933 4595 3486 4652 versione'commnni
3512 4599 3664 4654 anti-

2067 4681 2171 4736 qua
2202 4666 2531 4736 Augustinus
2559 4666 2632 4720 uti
2661 4675 2806 4721 esset
2833 4668 3044 4721 solitus.

2139 4735 2384 4809 Addebat
2409 4735 2703 4809 Remigius.
2730 4737 2902 4792 videri
2924 4737 3026 4792 sibi
3055 4751 3190 4809 opus
3213 4739 3334 4802 hoc.
3355 4754 3455 4793 non
3487 4755 3664 4809 partio

2065 4807 2233 4875 spatio
2255 4817 2365 4880 post
2399 4807 2590 4880 o_bit_um
2610 4808 2906 4880 Augustini,
2939 4809 3002 4861 ab
3027 4808 3200 4878 aliquo
3223 4807 3495 4876 scriptum,
3515 4825 3665 4865 noua

2066 4876 2388 4950 postmodum
2410 4876 2812 4949 Pelagianorum
2847 4876 3142 4950 insurgente
3168 4879 3448 4946 calumnia,
3487 4882 3660 4949 velut,

2072 4967 2162 5018 per
2180 4949 2680 5020 prcedestinationem
2718 4949 3050 5020 reproborum
3092 4951 3160 5004 ad
3187 4952 3467 5016 interitum,
3501 4952 3666 5006 doce-

2068 5031 2142 5073 ret
2165 5019 2418 5083 Ecclesia,
2446 5037 2478 5072 a
2508 5020 2636 5087 Deo,
2668 5036 2763 5074 sua
2803 5022 3268 5089 prwdestinatione,
3301 5023 3664 5077 necessitatem

2070 5093 2263 5161 imponi
2295 5091 2580 5145 hominibus
2608 5093 2678 5163 in
2702 5092 2810 5144 suis
2851 5092 3194 5163 impietatibus
3221 5092 3573 5163 permanendi.
3599 5105 3663 5148 es

2069 5164 2124 5215 in
2168 5171 2412 5216 teter-num
2453 5162 2701 5232 pereundi
2739 5177 2758 5217 :
2809 5162 2967 5233 fronti
3005 5178 3122 5216 uero
3169 5179 3358 5233 nomen,
3381 5165 3664 5233 Augustini

2072 5233 2287 5304 prce/inn
2296 5251 2362 5296 m,
2380 5235 2501 5304 quia
2521 5247 2706 5302 magna
2722 5249 2782 5286 ea:
2802 5232 2948 5300 parte
2967 5234 3129 5304 ipsius
3149 5249 3327 5288 sensus
3344 5232 3474 5304 breui
3498 5233 3665 5288 hocce

2074 5302 2322 5368 opusculo
2343 5302 2489 5373 quasi
2512 5304 2566 5355 in
2605 5319 2765 5356 unum
2789 5302 3076 5372 collegisset
3100 5315 3278 5359 auctor
3295 5321 3314 5366 ;
3333 5302 3532 5370 aliquos
3555 5319 3665 5358 au-

2075 5384 2195 5440 tem,
2237 5391 2350 5427 cum
2381 5375 2436 5427 id
2473 5374 2596 5426 satis
2627 5390 2724 5444 non
2752 5375 3115 5444 intelligerent,
3144 5376 3479 5434 existimasse,
3520 5390 3664 5435 opus

2071 5445 2241 5514 ipsum
2266 5445 2328 5497 ab
2350 5445 2634 5526 Augustino
2654 5443 2990 5516 elaboratum,
3006 5457 3260 5518 tamquam
3279 5447 3669 5518 ὑπομνησταύν

2075 5532 2164 5571 seu
2196 5516 2656 5570 commonitorium.

2148 5585 2391 5656 Remigio
2415 5587 2732 5643 Hincmarus
2758 5587 3062 5659 respondit,
3081 5588 3348 5658 fidemque
3360 5588 3664 5659 publicam.

2077 5666 2132 5714 et
2158 5672 2295 5728 pene
2339 5673 2702 5724 communem,
2733 5675 2836 5729 qua
2867 5658 3066 5726 fretus,
3110 5676 3183 5715 ex
3219 5658 3378 5729 hisce
3408 5659 3557 5714 libris
3587 5659 3671 5718 ab

2076 5729 2388 5788 adversario
2417 5731 2647 5801 receptis
2683 5728 2832 5802 (Lib.
2863 5731 2927 5787 de
2957 5728 3260 5802 Praedest.),
3289 5732 3670 5789 testimonium

3683 4956 3714 5072 ἓ
