  <div class='ocr_page' id='page_1' title='image "/cluster/home/n/w/nwhite01/storage/ocr_20150623/48/hvd.32044015471535/294.png"; bbox 0 0 3882 6284; ppageno 0'>
   <div class='ocr_carea' id='block_1_1' title="bbox 151 168 3399 243">
    <p class='ocr_par' dir='ltr' id='par_1_1' title="bbox 151 168 3399 243">
     <span class='ocr_line' id='line_1_1' title="bbox 151 168 3399 243; baseline -0.003 -1"><span class='ocrx_word' id='word_1_1' title='bbox 151 182 243 243; x_wconf 80' lang='grc'><strong>577</strong></span> <span class='ocrx_word' id='word_1_2' title='bbox 343 177 649 237; x_wconf 78' lang='lat' dir='ltr'><strong>DISSERT.</strong></span> <span class='ocrx_word' id='word_1_3' title='bbox 681 176 772 235; x_wconf 76' lang='lat' dir='ltr'><strong>Vl.</strong></span> <span class='ocrx_word' id='word_1_4' title='bbox 803 176 895 236; x_wconf 84' lang='lat' dir='ltr'><strong>DE</strong></span> <span class='ocrx_word' id='word_1_5' title='bbox 929 175 1237 235; x_wconf 79' lang='lat' dir='ltr'><strong>SCRIPTIS</strong></span> <span class='ocrx_word' id='word_1_6' title='bbox 1274 174 1435 232; x_wconf 81' lang='lat' dir='ltr'><strong>ADV.</strong></span> <span class='ocrx_word' id='word_1_7' title='bbox 1477 173 1805 233; x_wconf 66' lang='lat' dir='ltr'><strong>HERESIM</strong></span> <span class='ocrx_word' id='word_1_8' title='bbox 1843 171 2090 231; x_wconf 83' lang='lat' dir='ltr'><strong>PELAG.</strong></span> <span class='ocrx_word' id='word_1_9' title='bbox 2133 169 2316 230; x_wconf 83' lang='lat' dir='ltr'><strong>ANTE</strong></span> <span class='ocrx_word' id='word_1_10' title='bbox 2354 168 2643 231; x_wconf 82' lang='lat' dir='ltr'><strong>MORTEM</strong></span> <span class='ocrx_word' id='word_1_11' title='bbox 2678 173 2740 232; x_wconf 91' lang='lat' dir='ltr'><strong>S.</strong></span> <span class='ocrx_word' id='word_1_12' title='bbox 2780 174 3173 234; x_wconf 75' lang='lat' dir='ltr'><strong>AUGUSTINL</strong></span> <span class='ocrx_word' id='word_1_13' title='bbox 3290 175 3399 233; x_wconf 78' lang='lat'><strong>578</strong></span> 
     </span>
    </p>
   </div>
   <div class='ocr_carea' id='block_1_2' title="bbox 152 286 3398 361">
    <p class='ocr_par' dir='ltr' id='par_1_2' title="bbox 152 286 3398 361">
     <span class='ocr_line' id='line_1_2' title="bbox 152 286 3398 361; baseline 0 -14"><span class='ocrx_word' id='word_1_14' title='bbox 152 295 473 359; x_wconf 76' lang='lat' dir='ltr'><strong>adhibuerat,</strong></span> <span class='ocrx_word' id='word_1_15' title='bbox 503 293 640 348; x_wconf 89' lang='lat' dir='ltr'><strong>tueri</strong></span> <span class='ocrx_word' id='word_1_16' title='bbox 680 299 905 347; x_wconf 77' lang='lat' dir='ltr'><strong>conatus</strong></span> <span class='ocrx_word' id='word_1_17' title='bbox 956 299 1061 354; x_wconf 89' lang='lat' dir='ltr'><strong>est,</strong></span> <span class='ocrx_word' id='word_1_18' title='bbox 1086 287 1180 344; x_wconf 89' lang='lat' dir='ltr'><strong>sed</strong></span> <span class='ocrx_word' id='word_1_19' title='bbox 1225 286 1554 361; x_wconf 86' lang='lat' dir='ltr'><strong>argumentis</strong></span> <span class='ocrx_word' id='word_1_20' title='bbox 1581 300 1714 340; x_wconf 89' lang='lat' dir='ltr'><strong>sane</strong></span> <span class='ocrx_word' id='word_1_21' title='bbox 1741 288 1793 346; x_wconf 78' lang='grc' dir='ltr'><strong>Α</strong></span> <span class='ocrx_word' id='word_1_22' title='bbox 1819 286 2181 361; x_wconf 71' lang='lat' dir='ltr'><strong>noiiexplicet</strong></span> <span class='ocrx_word' id='word_1_23' title='bbox 2222 286 2522 361; x_wconf 86' lang='lat' dir='ltr'><strong>argumenti</strong></span> <span class='ocrx_word' id='word_1_24' title='bbox 2553 286 2887 361; x_wconf 83' lang='lat' dir='ltr'><strong>qualitatem.</strong></span> <span class='ocrx_word' id='word_1_25' title='bbox 2930 287 3164 344; x_wconf 86' lang='lat' dir='ltr'><strong>Mentem</strong></span> <span class='ocrx_word' id='word_1_26' title='bbox 3193 289 3398 361; x_wconf 79' lang='lat' dir='ltr'><strong>absque</strong></span> 
     </span>
    </p>
   </div>
   <div class='ocr_carea' id='block_1_3' title="bbox 152 359 1708 438">
    <p class='ocr_par' dir='ltr' id='par_1_3' title="bbox 152 359 1708 438">
     <span class='ocr_line' id='line_1_3' title="bbox 152 359 1708 438; baseline -0.009 -15"><span class='ocrx_word' id='word_1_27' title='bbox 152 384 245 424; x_wconf 91' lang='lat' dir='ltr'><strong>non</strong></span> <span class='ocrx_word' id='word_1_28' title='bbox 291 365 538 438; x_wconf 83' lang='lat' dir='ltr'><strong>Optimis,</strong></span> <span class='ocrx_word' id='word_1_29' title='bbox 571 374 629 418; x_wconf 92' lang='lat' dir='ltr'><strong>ut</strong></span> <span class='ocrx_word' id='word_1_30' title='bbox 670 362 1236 438; x_wconf 22' lang='lat' dir='ltr'><strong>neque‘validissi‘mis</strong></span> <span class='ocrx_word' id='word_1_31' title='bbox 1281 359 1708 438; x_wconf 73' lang='lat' dir='ltr'><strong>oppugnabatur.</strong></span> 
     </span>
    </p>
   </div>
   <div class='ocr_carea' id='block_1_4' title="bbox 152 429 1711 503">
    <p class='ocr_par' dir='ltr' id='par_1_4' title="bbox 152 429 1711 503">
     <span class='ocr_line' id='line_1_4' title="bbox 152 429 1711 503; baseline -0.009 -8"><span class='ocrx_word' id='word_1_32' title='bbox 152 429 425 496; x_wconf 83' lang='lat' dir='ltr'><strong>Contendit</strong></span> <span class='ocrx_word' id='word_1_33' title='bbox 450 437 615 502; x_wconf 90' lang='lat' dir='ltr'><strong>enim,</strong></span> <span class='ocrx_word' id='word_1_34' title='bbox 646 429 1026 503; x_wconf 81' lang='lat' dir='ltr'><strong>Augustinum,</strong></span> <span class='ocrx_word' id='word_1_35' title='bbox 1060 429 1620 503; x_wconf 30' lang='lat' dir='ltr'><strong>primum,’scripsisse</strong></span> <span class='ocrx_word' id='word_1_36' title='bbox 1644 429 1711 481; x_wconf 87' lang='lat' dir='ltr'><strong>li-</strong></span> 
     </span>
    </p>
   </div>
   <div class='ocr_carea' id='block_1_5' title="bbox 153 501 1715 578">
    <p class='ocr_par' dir='ltr' id='par_1_5' title="bbox 153 501 1715 578">
     <span class='ocr_line' id='line_1_5' title="bbox 153 501 1715 578; baseline -0.008 -12"><span class='ocrx_word' id='word_1_37' title='bbox 153 512 266 567; x_wconf 90' lang='lat' dir='ltr'><strong>bros</strong></span> <span class='ocrx_word' id='word_1_38' title='bbox 306 501 776 578; x_wconf 72' lang='lat' dir='ltr'><strong>Hypoguosticani,</strong></span> <span class='ocrx_word' id='word_1_39' title='bbox 807 506 1008 578; x_wconf 85' lang='lat' dir='ltr'><strong>saltem</strong></span> <span class='ocrx_word' id='word_1_40' title='bbox 1039 514 1247 578; x_wconf 81' lang='lat' dir='ltr'><strong>sextum</strong></span> <span class='ocrx_word' id='word_1_41' title='bbox 1268 542 1284 566; x_wconf 93' lang='lat'><strong>,</strong></span> <span class='ocrx_word' id='word_1_42' title='bbox 1313 516 1382 578; x_wconf 87' lang='lat' dir='ltr'><strong>ne</strong></span> <span class='ocrx_word' id='word_1_43' title='bbox 1406 501 1715 578; x_wconf 76' lang='lat' dir='ltr'><strong>crederetur</strong></span> 
     </span>
    </p>
   </div>
   <div class='ocr_carea' id='block_1_6' title="bbox 153 569 1716 649">
    <p class='ocr_par' dir='ltr' id='par_1_6' title="bbox 153 569 1716 649">
     <span class='ocr_line' id='line_1_6' title="bbox 153 569 1716 649; baseline -0.008 -12"><span class='ocrx_word' id='word_1_44' title='bbox 153 581 328 637; x_wconf 86' lang='lat' dir='ltr'><strong>tradita</strong></span> <span class='ocrx_word' id='word_1_45' title='bbox 352 569 846 649; x_wconf 64' lang='lat' dir='ltr'><strong>prmdestinationis</strong></span> <span class='ocrx_word' id='word_1_46' title='bbox 870 577 920 629; x_wconf 90' lang='lat' dir='ltr'><strong>in</strong></span> <span class='ocrx_word' id='word_1_47' title='bbox 944 576 1144 649; x_wconf 86' lang='lat' dir='ltr'><strong>bonum</strong></span> <span class='ocrx_word' id='word_1_48' title='bbox 1165 574 1436 649; x_wconf 81' lang='lat' dir='ltr'><strong>doctrina,</strong></span> <span class='ocrx_word' id='word_1_49' title='bbox 1462 587 1566 640; x_wconf 90' lang='lat' dir='ltr'><strong>qua</strong></span> <span class='ocrx_word' id='word_1_50' title='bbox 1595 569 1716 625; x_wconf 80' lang='lat' dir='ltr'><strong>fun-</strong></span> 
     </span>
    </p>
   </div>
   <div class='ocr_carea' id='block_1_7' title="bbox 152 643 1711 719">
    <p class='ocr_par' dir='ltr' id='par_1_7' title="bbox 152 643 1711 719">
     <span class='ocr_line' id='line_1_7' title="bbox 152 643 1711 719; baseline -0.009 -12"><span class='ocrx_word' id='word_1_51' title='bbox 152 654 280 708; x_wconf 91' lang='lat' dir='ltr'><strong>ditus</strong></span> <span class='ocrx_word' id='word_1_52' title='bbox 306 643 760 719; x_wconf 79' lang='lat' dir='ltr'><strong>Pelagianismum</strong></span> <span class='ocrx_word' id='word_1_53' title='bbox 783 662 905 701; x_wconf 90' lang='lat' dir='ltr'><strong>cum</strong></span> <span class='ocrx_word' id='word_1_54' title='bbox 934 646 1048 719; x_wconf 85' lang='lat' dir='ltr'><strong>suis</strong></span> <span class='ocrx_word' id='word_1_55' title='bbox 1092 643 1372 719; x_wconf 75' lang='lat' dir='ltr'><strong>reliquiis,</strong></span> <span class='ocrx_word' id='word_1_56' title='bbox 1418 652 1711 719; x_wconf 80' lang='lat' dir='ltr'><strong>everterat,</strong></span> 
     </span>
    </p>
   </div>
   <div class='ocr_carea' id='block_1_8' title="bbox 154 713 1715 795">
    <p class='ocr_par' dir='ltr' id='par_1_8' title="bbox 154 713 1715 795">
     <span class='ocr_line' id='line_1_8' title="bbox 154 713 1715 795; baseline -0.007 -18"><span class='ocrx_word' id='word_1_57' title='bbox 154 733 385 795; x_wconf 79' lang='lat' dir='ltr'><strong>astruere</strong></span> <span class='ocrx_word' id='word_1_58' title='bbox 405 713 926 795; x_wconf 71' lang='lat' dir='ltr'><strong>praedestinationem</strong></span> <span class='ocrx_word' id='word_1_59' title='bbox 941 713 1251 795; x_wconf 64' lang='lat' dir='ltr'><strong>hominum</strong></span> <span class='ocrx_word' id='word_1_60' title='bbox 1266 717 1326 795; x_wconf 85' lang='lat' dir='ltr'><strong>in_</strong></span> <span class='ocrx_word' id='word_1_61' title='bbox 1346 713 1573 787; x_wconf 82' lang='lat' dir='ltr'><strong>malum,</strong></span> <span class='ocrx_word' id='word_1_62' title='bbox 1596 728 1715 795; x_wconf 63' lang='lat' dir='ltr'><strong>quas</strong></span> 
     </span>
    </p>
   </div>
   <div class='ocr_carea' id='block_1_9' title="bbox 156 785 1717 865">
    <p class='ocr_par' dir='ltr' id='par_1_9' title="bbox 156 785 1717 865">
     <span class='ocr_line' id='line_1_9' title="bbox 156 785 1717 865; baseline -0.008 -16"><span class='ocrx_word' id='word_1_63' title='bbox 156 785 987 865; x_wconf 70' lang='lat' dir='ltr'><strong>infandaquaedamblaspliemia</strong></span> <span class='ocrx_word' id='word_1_64' title='bbox 1013 796 1117 842; x_wconf 90' lang='lat' dir='ltr'><strong>est.</strong></span> <span class='ocrx_word' id='word_1_65' title='bbox 1165 785 1386 848; x_wconf 83' lang='lat' dir='ltr'><strong>Deinde,</strong></span> <span class='ocrx_word' id='word_1_66' title='bbox 1418 785 1717 865; x_wconf 69' lang='lat' dir='ltr'><strong>suscepisse</strong></span> 
     </span>
    </p>
   </div>
   <div class='ocr_carea' id='block_1_10' title="bbox 155 854 1716 926">
    <p class='ocr_par' dir='ltr' id='par_1_10' title="bbox 155 854 1716 926">
     <span class='ocr_line' id='line_1_10' title="bbox 155 854 1716 926; baseline -0.007 -7"><span class='ocrx_word' id='word_1_67' title='bbox 155 866 283 920; x_wconf 87' lang='lat' dir='ltr'><strong>hunc</strong></span> <span class='ocrx_word' id='word_1_68' title='bbox 304 854 542 917; x_wconf 83' lang='lat' dir='ltr'><strong>laborem</strong></span> <span class='ocrx_word' id='word_1_69' title='bbox 572 861 670 915; x_wconf 88' lang='lat' dir='ltr'><strong>sub</strong></span> <span class='ocrx_word' id='word_1_70' title='bbox 706 854 865 915; x_wconf 79' lang='lat' dir='ltr'><strong>linem</strong></span> <span class='ocrx_word' id='word_1_71' title='bbox 896 859 1041 922; x_wconf 67' lang='lat' dir='ltr'><strong>vitae,</strong></span> <span class='ocrx_word' id='word_1_72' title='bbox 1070 872 1175 926; x_wconf 93' lang='lat' dir='ltr'><strong>quo</strong></span> <span class='ocrx_word' id='word_1_73' title='bbox 1202 865 1445 925; x_wconf 89' lang='lat' dir='ltr'><strong>tempore</strong></span> <span class='ocrx_word' id='word_1_74' title='bbox 1469 854 1716 926; x_wconf 15' lang='lat' dir='ltr'><strong>exglibris</strong></span> 
     </span>
    </p>
   </div>
   <div class='ocr_carea' id='block_1_11' title="bbox 155 924 1719 991">
    <p class='ocr_par' dir='ltr' id='par_1_11' title="bbox 155 924 1719 991">
     <span class='ocr_line' id='line_1_11' title="bbox 155 924 1719 991; baseline -0.007 0"><span class='ocrx_word' id='word_1_75' title='bbox 155 935 255 991; x_wconf 80' lang='lat' dir='ltr'><strong>suis</strong></span> <span class='ocrx_word' id='word_1_76' title='bbox 278 934 415 987; x_wconf 92' lang='lat' dir='ltr'><strong>male</strong></span> <span class='ocrx_word' id='word_1_77' title='bbox 442 931 732 987; x_wconf 85' lang='lat' dir='ltr'><strong>intellectis</strong></span> <span class='ocrx_word' id='word_1_78' title='bbox 752 930 967 985; x_wconf 82' lang='lat' dir='ltr'><strong>videbat</strong></span> <span class='ocrx_word' id='word_1_79' title='bbox 990 924 1517 984; x_wconf 80' lang='lat' dir='ltr'><strong>Praedestinatianam</strong></span> <span class='ocrx_word' id='word_1_80' title='bbox 1546 924 1719 980; x_wconf 70' lang='lat' dir='ltr'><strong>haere-</strong></span> 
     </span>
    </p>
   </div>
   <div class='ocr_carea' id='block_1_12' title="bbox 155 998 1719 1072">
    <p class='ocr_par' dir='ltr' id='par_1_12' title="bbox 155 998 1719 1072">
     <span class='ocr_line' id='line_1_12' title="bbox 155 998 1719 1072; baseline -0.008 -10"><span class='ocrx_word' id='word_1_81' title='bbox 155 1008 243 1062; x_wconf 91' lang='lat' dir='ltr'><strong>sim</strong></span> <span class='ocrx_word' id='word_1_82' title='bbox 276 1004 427 1059; x_wconf 90' lang='lat' dir='ltr'><strong>oriri.</strong></span> <span class='ocrx_word' id='word_1_83' title='bbox 457 1004 719 1072; x_wconf 86' lang='lat' dir='ltr'><strong>Denique,</strong></span> <span class='ocrx_word' id='word_1_84' title='bbox 749 1001 992 1071; x_wconf 82' lang='lat' dir='ltr'><strong>pluribus</strong></span> <span class='ocrx_word' id='word_1_85' title='bbox 1036 1001 1098 1072; x_wconf 76' lang='lat' dir='ltr'><strong>i_i_i</strong></span> <span class='ocrx_word' id='word_1_86' title='bbox 1119 999 1249 1072; x_wconf 82' lang='lat' dir='ltr'><strong>locis</strong></span> <span class='ocrx_word' id='word_1_87' title='bbox 1284 998 1719 1072; x_wconf 61' lang='lat' dir='ltr'><strong>mentionemte-</strong></span> 
     </span>
    </p>
   </div>
   <div class='ocr_carea' id='block_1_13' title="bbox 156 1066 1721 1144">
    <p class='ocr_par' dir='ltr' id='par_1_13' title="bbox 156 1066 1721 1144">
     <span class='ocr_line' id='line_1_13' title="bbox 156 1066 1721 1144; baseline -0.007 -12"><span class='ocrx_word' id='word_1_88' title='bbox 156 1078 282 1133; x_wconf 85' lang='lat' dir='ltr'><strong>cisse</strong></span> <span class='ocrx_word' id='word_1_89' title='bbox 301 1076 480 1144; x_wconf 90' lang='lat' dir='ltr'><strong>operis</strong></span> <span class='ocrx_word' id='word_1_90' title='bbox 512 1073 580 1127; x_wconf 88' lang='lat' dir='ltr'><strong>ad</strong></span> <span class='ocrx_word' id='word_1_91' title='bbox 608 1066 931 1141; x_wconf 49' lang='lat' dir='ltr'><strong>Pro&#39;sperum</strong></span> <span class='ocrx_word' id='word_1_92' title='bbox 957 1080 1022 1144; x_wconf 85' lang='lat' dir='ltr'><strong>et</strong></span> <span class='ocrx_word' id='word_1_93' title='bbox 1040 1069 1296 1125; x_wconf 87' lang='lat' dir='ltr'><strong>Hilarium</strong></span> <span class='ocrx_word' id='word_1_94' title='bbox 1322 1069 1489 1122; x_wconf 87' lang='lat' dir='ltr'><strong>missi.</strong></span> <span class='ocrx_word' id='word_1_95' title='bbox 1516 1067 1606 1144; x_wconf 62' lang='lat' dir='ltr'><strong>Ex</strong></span> <span class='ocrx_word' id='word_1_96' title='bbox 1619 1066 1721 1121; x_wconf 87' lang='lat' dir='ltr'><strong>hac</strong></span> 
     </span>
    </p>
   </div>
   <div class='ocr_carea' id='block_1_14' title="bbox 156 1137 1720 1219">
    <p class='ocr_par' dir='ltr' id='par_1_14' title="bbox 156 1137 1720 1219">
     <span class='ocr_line' id='line_1_14' title="bbox 156 1137 1720 1219; baseline -0.008 -17"><span class='ocrx_word' id='word_1_97' title='bbox 156 1137 371 1219; x_wconf 78' lang='lat' dir='ltr'><strong>Remigii</strong></span> <span class='ocrx_word' id='word_1_98' title='bbox 394 1137 771 1214; x_wconf 83' lang='lat' dir='ltr'><strong>Hincmarique</strong></span> <span class='ocrx_word' id='word_1_99' title='bbox 791 1142 1134 1197; x_wconf 89' lang='lat' dir='ltr'><strong>contentione</strong></span> <span class='ocrx_word' id='word_1_100' title='bbox 1145 1149 1293 1219; x_wconf 83' lang='lat' dir='ltr'><strong>certo</strong></span> <span class='ocrx_word' id='word_1_101' title='bbox 1307 1147 1541 1219; x_wconf 77' lang='lat' dir='ltr'><strong>constat,</strong></span> <span class='ocrx_word' id='word_1_102' title='bbox 1556 1137 1720 1219; x_wconf 79' lang='lat' dir='ltr'><strong>libros</strong></span> 
     </span>
    </p>
   </div>
   <div class='ocr_carea' id='block_1_15' title="bbox 156 1210 1720 1290">
    <p class='ocr_par' dir='ltr' id='par_1_15' title="bbox 156 1210 1720 1290">
     <span class='ocr_line' id='line_1_15' title="bbox 156 1210 1720 1290; baseline -0.008 -17"><span class='ocrx_word' id='word_1_103' title='bbox 156 1218 215 1273; x_wconf 89' lang='lat' dir='ltr'><strong>de</strong></span> <span class='ocrx_word' id='word_1_104' title='bbox 251 1210 446 1290; x_wconf 78' lang='lat' dir='ltr'><strong>quibus</strong></span> <span class='ocrx_word' id='word_1_105' title='bbox 488 1210 851 1290; x_wconf 59' lang='lat' dir='ltr'><strong>agitur,&#39;ante_</strong></span> <span class='ocrx_word' id='word_1_106' title='bbox 887 1228 1088 1290; x_wconf 74' lang='lat' dir='ltr'><strong>nonum</strong></span> <span class='ocrx_word' id='word_1_107' title='bbox 1132 1211 1388 1267; x_wconf 70' lang='lat' dir='ltr'><strong>smculum</strong></span> <span class='ocrx_word' id='word_1_108' title='bbox 1420 1210 1720 1290; x_wconf 79' lang='lat' dir='ltr'><strong>Augustino</strong></span> 
     </span>
    </p>
   </div>
   <div class='ocr_carea' id='block_1_16' title="bbox 157 1279 1720 1351">
    <p class='ocr_par' dir='ltr' id='par_1_16' title="bbox 157 1279 1720 1351">
     <span class='ocr_line' id='line_1_16' title="bbox 157 1279 1720 1351; baseline -0.007 -8"><span class='ocrx_word' id='word_1_109' title='bbox 157 1279 504 1343; x_wconf 77' lang='lat' dir='ltr'><strong>communiter</strong></span> <span class='ocrx_word' id='word_1_110' title='bbox 524 1279 761 1340; x_wconf 66' lang='lat' dir='ltr'><strong>iributos</strong></span> <span class='ocrx_word' id='word_1_111' title='bbox 784 1283 965 1338; x_wconf 82' lang='lat' dir='ltr'><strong>fuisse.</strong></span> <span class='ocrx_word' id='word_1_112' title='bbox 990 1284 1106 1351; x_wconf 84' lang='lat' dir='ltr'><strong>Quo</strong></span> <span class='ocrx_word' id='word_1_113' title='bbox 1134 1296 1265 1337; x_wconf 91' lang='lat' dir='ltr'><strong>vero</strong></span> <span class='ocrx_word' id='word_1_114' title='bbox 1292 1291 1531 1349; x_wconf 86' lang='lat' dir='ltr'><strong>tempore</strong></span> <span class='ocrx_word' id='word_1_115' title='bbox 1560 1279 1720 1333; x_wconf 84' lang='lat' dir='ltr'><strong>tribui</strong></span> 
     </span>
    </p>
   </div>
   <div class='ocr_carea' id='block_1_17' title="bbox 154 1352 1722 1434">
    <p class='ocr_par' dir='ltr' id='par_1_17' title="bbox 154 1352 1722 1434">
     <span class='ocr_line' id='line_1_17' title="bbox 154 1352 1722 1434; baseline -0.008 -20"><span class='ocrx_word' id='word_1_116' title='bbox 154 1356 428 1434; x_wconf 71' lang='lat' dir='ltr'><strong>cmperint,</strong></span> <span class='ocrx_word' id='word_1_117' title='bbox 460 1359 721 1412; x_wconf 88' lang='lat' dir='ltr'><strong>incertum</strong></span> <span class='ocrx_word' id='word_1_118' title='bbox 766 1366 846 1410; x_wconf 91' lang='lat' dir='ltr'><strong>est</strong></span> <span class='ocrx_word' id='word_1_119' title='bbox 863 1355 1020 1434; x_wconf 55' lang='lat' dir='ltr'><strong>,“nlsl</strong></span> <span class='ocrx_word' id='word_1_120' title='bbox 1044 1352 1202 1434; x_wconf 65' lang='lat' dir='ltr'><strong>quod</strong></span> <span class='ocrx_word' id='word_1_121' title='bbox 1250 1352 1722 1434; x_wconf 42' lang='lat' dir='ltr'><strong>diuturnum‘esse</strong></span> 
     </span>
    </p>
   </div>
   <div class='ocr_carea' id='block_1_18' title="bbox 157 1422 1723 1499">
    <p class='ocr_par' dir='ltr' id='par_1_18' title="bbox 157 1422 1723 1499">
     <span class='ocr_line' id='line_1_18' title="bbox 157 1422 1723 1499; baseline -0.006 -14"><span class='ocrx_word' id='word_1_122' title='bbox 157 1422 409 1499; x_wconf 79' lang='lat' dir='ltr'><strong>Oportuit,</strong></span> <span class='ocrx_word' id='word_1_123' title='bbox 433 1444 551 1484; x_wconf 91' lang='lat' dir='ltr'><strong>cum</strong></span> <span class='ocrx_word' id='word_1_124' title='bbox 580 1424 1005 1499; x_wconf 77' lang='lat' dir='ltr'><strong>omnescodices</strong></span> <span class='ocrx_word' id='word_1_125' title='bbox 1043 1422 1117 1479; x_wconf 83' lang='lat' dir='ltr'><strong>ita</strong></span> <span class='ocrx_word' id='word_1_126' title='bbox 1147 1425 1368 1499; x_wconf 80' lang='lat' dir='ltr'><strong>ferrent,</strong></span> <span class='ocrx_word' id='word_1_127' title='bbox 1398 1436 1497 1477; x_wconf 85' lang='lat' dir='ltr'><strong>nec</strong></span> <span class='ocrx_word' id='word_1_128' title='bbox 1518 1422 1723 1499; x_wconf 77' lang='lat' dir='ltr'><strong>inﬁcias</strong></span> 
     </span>
    </p>
   </div>
   <div class='ocr_carea' id='block_1_19' title="bbox 157 1492 1725 1569">
    <p class='ocr_par' dir='ltr' id='par_1_19' title="bbox 157 1492 1725 1569">
     <span class='ocr_line' id='line_1_19' title="bbox 157 1492 1725 1569; baseline -0.006 -14"><span class='ocrx_word' id='word_1_129' title='bbox 157 1492 268 1555; x_wconf 76' lang='lat' dir='ltr'><strong>ierit</strong></span> <span class='ocrx_word' id='word_1_130' title='bbox 297 1492 589 1568; x_wconf 79' lang='lat' dir='ltr'><strong>Remigius,</strong></span> <span class='ocrx_word' id='word_1_131' title='bbox 619 1500 743 1569; x_wconf 91' lang='lat' dir='ltr'><strong>quin</strong></span> <span class='ocrx_word' id='word_1_132' title='bbox 774 1496 845 1550; x_wconf 87' lang='lat' dir='ltr'><strong>ita</strong></span> <span class='ocrx_word' id='word_1_133' title='bbox 860 1496 1027 1569; x_wconf 78' lang='lat' dir='ltr'><strong>vulgo</strong></span> <span class='ocrx_word' id='word_1_134' title='bbox 1054 1495 1385 1569; x_wconf 80' lang='lat' dir='ltr'><strong>crederetur,</strong></span> <span class='ocrx_word' id='word_1_135' title='bbox 1418 1507 1480 1547; x_wconf 90' lang='lat' dir='ltr'><strong>ac</strong></span> <span class='ocrx_word' id='word_1_136' title='bbox 1508 1492 1725 1561; x_wconf 82' lang='lat' dir='ltr'><strong>putabat</strong></span> 
     </span>
    </p>
   </div>
   <div class='ocr_carea' id='block_1_20' title="bbox 157 1565 1724 1637">
    <p class='ocr_par' dir='ltr' id='par_1_20' title="bbox 157 1565 1724 1637">
     <span class='ocr_line' id='line_1_20' title="bbox 157 1565 1724 1637; baseline -0.006 -12"><span class='ocrx_word' id='word_1_137' title='bbox 157 1565 474 1625; x_wconf 81' lang='lat' dir='ltr'><strong>Hincmarus</strong></span> <span class='ocrx_word' id='word_1_138' title='bbox 503 1587 516 1622; x_wconf 90' lang='lat'><strong>:</strong></span> <span class='ocrx_word' id='word_1_139' title='bbox 559 1565 682 1622; x_wconf 80' lang='lat' dir='ltr'><strong>nam</strong></span> <span class='ocrx_word' id='word_1_140' title='bbox 715 1567 985 1637; x_wconf 88' lang='lat' dir='ltr'><strong>popularis</strong></span> <span class='ocrx_word' id='word_1_141' title='bbox 1011 1565 1339 1622; x_wconf 86' lang='lat' dir='ltr'><strong>credulitatis</strong></span> <span class='ocrx_word' id='word_1_142' title='bbox 1363 1578 1552 1619; x_wconf 88' lang='lat' dir='ltr'><strong>causas</strong></span> <span class='ocrx_word' id='word_1_143' title='bbox 1577 1578 1724 1632; x_wconf 78' lang='lat' dir='ltr'><strong>quie-</strong></span> 
     </span>
    </p>
   </div>
   <div class='ocr_carea' id='block_1_21' title="bbox 155 1641 816 1710">
    <p class='ocr_par' dir='ltr' id='par_1_21' title="bbox 155 1641 816 1710">
     <span class='ocr_line' id='line_1_21' title="bbox 155 1641 816 1710; baseline -0.006 -14"><span class='ocrx_word' id='word_1_144' title='bbox 155 1643 277 1696; x_wconf 84' lang='lat' dir='ltr'><strong>sivit</strong></span> <span class='ocrx_word' id='word_1_145' title='bbox 309 1641 469 1710; x_wconf 92' lang='lat' dir='ltr'><strong>paulo</strong></span> <span class='ocrx_word' id='word_1_146' title='bbox 490 1642 816 1696; x_wconf 86' lang='lat' dir='ltr'><strong>accuratius.</strong></span> 
     </span>
    </p>
   </div>
   <div class='ocr_carea' id='block_1_22' title="bbox 217 1705 1723 1781">
    <p class='ocr_par' dir='ltr' id='par_1_22' title="bbox 217 1705 1723 1781">
     <span class='ocr_line' id='line_1_22' title="bbox 217 1705 1723 1781; baseline -0.007 -15"><span class='ocrx_word' id='word_1_147' title='bbox 217 1705 351 1766; x_wconf 79' lang='lat' dir='ltr'><strong>Cum</strong></span> <span class='ocrx_word' id='word_1_148' title='bbox 395 1711 634 1781; x_wconf 76' lang='lat' dir='ltr'><strong>Remigio</strong></span> <span class='ocrx_word' id='word_1_149' title='bbox 673 1710 844 1763; x_wconf 90' lang='lat' dir='ltr'><strong>sensit</strong></span> <span class='ocrx_word' id='word_1_150' title='bbox 886 1708 1164 1781; x_wconf 74' lang='lat' dir='ltr'><strong>Erasmus,</strong></span> <span class='ocrx_word' id='word_1_151' title='bbox 1196 1715 1251 1762; x_wconf 91' lang='lat' dir='ltr'><strong>et</strong></span> <span class='ocrx_word' id='word_1_152' title='bbox 1273 1705 1398 1781; x_wconf 82' lang='lat' dir='ltr'><strong>inde</strong></span> <span class='ocrx_word' id='word_1_153' title='bbox 1440 1718 1723 1781; x_wconf 77' lang='lat' dir='ltr'><strong>censuram</strong></span> 
     </span>
    </p>
   </div>
   <div class='ocr_carea' id='block_1_23' title="bbox 156 1775 1728 1850">
    <p class='ocr_par' dir='ltr' id='par_1_23' title="bbox 156 1775 1728 1850">
     <span class='ocr_line' id='line_1_23' title="bbox 156 1775 1728 1850; baseline -0.005 -13"><span class='ocrx_word' id='word_1_154' title='bbox 156 1781 413 1850; x_wconf 85' lang='lat' dir='ltr'><strong>ejusmodi</strong></span> <span class='ocrx_word' id='word_1_155' title='bbox 451 1775 816 1849; x_wconf 75' lang='lat' dir='ltr'><strong>inu§sitoperi</strong></span> <span class='ocrx_word' id='word_1_156' title='bbox 864 1779 1233 1850; x_wconf 53' lang='lat' dir='ltr'><strong>(Incensura</strong></span> <span class='ocrx_word' id='word_1_157' title='bbox 1260 1777 1411 1850; x_wconf 82' lang='lat' dir='ltr'><strong>libris</strong></span> <span class='ocrx_word' id='word_1_158' title='bbox 1458 1775 1728 1850; x_wconf 65' lang='lat' dir='ltr'><strong>prie/ima),</strong></span> 
     </span>
    </p>
   </div>
   <div class='ocr_carea' id='block_1_24' title="bbox 158 1846 1731 1922">
    <p class='ocr_par' dir='ltr' id='par_1_24' title="bbox 158 1846 1731 1922">
     <span class='ocr_line' id='line_1_24' title="bbox 158 1846 1731 1922; baseline -0.005 -16"><span class='ocrx_word' id='word_1_159' title='bbox 158 1846 243 1906; x_wconf 78' lang='lat' dir='ltr'><strong>hoc</strong></span> <span class='ocrx_word' id='word_1_160' title='bbox 262 1868 393 1922; x_wconf 81' lang='lat' dir='ltr'><strong>Opus</strong></span> <span class='ocrx_word' id='word_1_161' title='bbox 413 1869 513 1907; x_wconf 87' lang='lat' dir='ltr'><strong>non</strong></span> <span class='ocrx_word' id='word_1_162' title='bbox 534 1870 641 1907; x_wconf 86' lang='lat' dir='ltr'><strong>esse</strong></span> <span class='ocrx_word' id='word_1_163' title='bbox 662 1846 949 1922; x_wconf 71' lang='lat' dir='ltr'><strong>Augustini.</strong></span> <span class='ocrx_word' id='word_1_164' title='bbox 980 1848 1213 1902; x_wconf 88' lang='lat' dir='ltr'><strong>Primum</strong></span> <span class='ocrx_word' id='word_1_165' title='bbox 1230 1848 1362 1902; x_wconf 91' lang='lat' dir='ltr'><strong>illud</strong></span> <span class='ocrx_word' id='word_1_166' title='bbox 1383 1848 1586 1922; x_wconf 54' lang='lat' dir='ltr'><strong>arguit,</strong></span> <span class='ocrx_word' id='word_1_167' title='bbox 1597 1846 1731 1911; x_wconf 86' lang='lat' dir='ltr'><strong>quod</strong></span> 
     </span>
    </p>
   </div>
   <div class='ocr_carea' id='block_1_25' title="bbox 154 1915 1729 1992">
    <p class='ocr_par' dir='ltr' id='par_1_25' title="bbox 154 1915 1729 1992">
     <span class='ocr_line' id='line_1_25' title="bbox 154 1915 1729 1992; baseline -0.006 -15"><span class='ocrx_word' id='word_1_168' title='bbox 154 1940 262 1977; x_wconf 85' lang='lat' dir='ltr'><strong>cum</strong></span> <span class='ocrx_word' id='word_1_169' title='bbox 291 1915 361 1977; x_wconf 74' lang='lat' dir='ltr'><strong>sit</strong></span> <span class='ocrx_word' id='word_1_170' title='bbox 381 1924 511 1992; x_wconf 88' lang='lat' dir='ltr'><strong>justi</strong></span> <span class='ocrx_word' id='word_1_171' title='bbox 538 1915 824 1985; x_wconf 72' lang='lat' dir='ltr'><strong>voluminis,</strong></span> <span class='ocrx_word' id='word_1_172' title='bbox 854 1938 953 1974; x_wconf 90' lang='lat' dir='ltr'><strong>non</strong></span> <span class='ocrx_word' id='word_1_173' title='bbox 986 1928 1407 1973; x_wconf 79' lang='lat' dir='ltr'><strong>commemoratur</strong></span> <span class='ocrx_word' id='word_1_174' title='bbox 1446 1915 1497 1971; x_wconf 84' lang='lat' dir='ltr'><strong>in</strong></span> <span class='ocrx_word' id='word_1_175' title='bbox 1543 1915 1729 1992; x_wconf 46' lang='lat' dir='ltr'><strong>Retraf</strong></span> 
     </span>
    </p>
   </div>
   <div class='ocr_carea' id='block_1_26' title="bbox 155 1986 1733 2065">
    <p class='ocr_par' dir='ltr' id='par_1_26' title="bbox 155 1986 1733 2065">
     <span class='ocr_line' id='line_1_26' title="bbox 155 1986 1733 2065; baseline -0.006 -17"><span class='ocrx_word' id='word_1_176' title='bbox 155 1986 474 2065; x_wconf 79' lang='lat' dir='ltr'><strong>ctationibus.</strong></span> <span class='ocrx_word' id='word_1_177' title='bbox 501 1993 695 2047; x_wconf 82' lang='lat' dir='ltr'><strong>Deinde</strong></span> <span class='ocrx_word' id='word_1_178' title='bbox 712 1994 888 2047; x_wconf 83' lang='lat' dir='ltr'><strong>titulus</strong></span> <span class='ocrx_word' id='word_1_179' title='bbox 910 1992 1132 2045; x_wconf 78' lang='lat' dir='ltr'><strong>insolens</strong></span> <span class='ocrx_word' id='word_1_180' title='bbox 1150 1997 1570 2065; x_wconf 60' lang='grc' dir='ltr'><strong>ξϊπογιςοστρεῶν,</strong></span> <span class='ocrx_word' id='word_1_181' title='bbox 1587 1986 1733 2065; x_wconf 81' lang='lat' dir='ltr'><strong>quasi</strong></span> 
     </span>
    </p>
   </div>
   <div class='ocr_carea' id='block_1_27' title="bbox 156 2058 1734 2133">
    <p class='ocr_par' dir='ltr' id='par_1_27' title="bbox 156 2058 1734 2133">
     <span class='ocr_line' id='line_1_27' title="bbox 156 2058 1734 2133; baseline -0.004 -16"><span class='ocrx_word' id='word_1_182' title='bbox 156 2067 292 2118; x_wconf 88' lang='lat' dir='ltr'><strong>dicas</strong></span> <span class='ocrx_word' id='word_1_183' title='bbox 338 2064 763 2120; x_wconf 88' lang='lat' dir='ltr'><strong>Subnotationum</strong></span> <span class='ocrx_word' id='word_1_184' title='bbox 805 2082 821 2117; x_wconf 86' lang='lat'><em>:</em></span> <span class='ocrx_word' id='word_1_185' title='bbox 871 2079 1030 2133; x_wconf 90' lang='lat' dir='ltr'><strong>neque</strong></span> <span class='ocrx_word' id='word_1_186' title='bbox 1078 2062 1212 2133; x_wconf 78' lang='lat' dir='ltr'><strong>enim</strong></span> <span class='ocrx_word' id='word_1_187' title='bbox 1257 2058 1383 2114; x_wconf 76' lang='lat' dir='ltr'><strong>solet</strong></span> <span class='ocrx_word' id='word_1_188' title='bbox 1429 2061 1518 2114; x_wconf 89' lang='lat' dir='ltr'><strong>ille</strong></span> <span class='ocrx_word' id='word_1_189' title='bbox 1563 2058 1734 2133; x_wconf 81' lang='lat' dir='ltr'><strong>titulos</strong></span> 
     </span>
    </p>
   </div>
   <div class='ocr_carea' id='block_1_28' title="bbox 154 2132 1734 2200">
    <p class='ocr_par' dir='ltr' id='par_1_28' title="bbox 154 2132 1734 2200">
     <span class='ocr_line' id='line_1_28' title="bbox 154 2132 1734 2200; baseline -0.006 -10"><span class='ocrx_word' id='word_1_190' title='bbox 154 2134 362 2190; x_wconf 73' lang='lat' dir='ltr'><strong>ercos</strong></span> <span class='ocrx_word' id='word_1_191' title='bbox 412 2137 589 2189; x_wconf 81' lang='lat' dir='ltr'><strong>indere</strong></span> <span class='ocrx_word' id='word_1_192' title='bbox 624 2136 730 2189; x_wconf 89' lang='lat' dir='ltr'><strong>suis</strong></span> <span class='ocrx_word' id='word_1_193' title='bbox 781 2132 953 2193; x_wconf 72' lang='lat' dir='ltr'><strong>libris,</strong></span> <span class='ocrx_word' id='word_1_194' title='bbox 976 2132 1135 2185; x_wconf 88' lang='lat' dir='ltr'><strong>multo</strong></span> <span class='ocrx_word' id='word_1_195' title='bbox 1169 2132 1338 2184; x_wconf 90' lang='lat' dir='ltr'><strong>minus</strong></span> <span class='ocrx_word' id='word_1_196' title='bbox 1367 2147 1451 2185; x_wconf 91' lang='lat' dir='ltr'><strong>eos</strong></span> <span class='ocrx_word' id='word_1_197' title='bbox 1497 2132 1584 2200; x_wconf 91' lang='lat' dir='ltr'><strong>qui</strong></span> <span class='ocrx_word' id='word_1_198' title='bbox 1631 2144 1734 2182; x_wconf 83' lang='lat' dir='ltr'><strong>non</strong></span> 
     </span>
    </p>
   </div>
   <div class='ocr_carea' id='block_1_29' title="bbox 155 2200 1736 2274">
    <p class='ocr_par' dir='ltr' id='par_1_29' title="bbox 155 2200 1736 2274">
     <span class='ocr_line' id='line_1_29' title="bbox 155 2200 1736 2274; baseline -0.003 -16"><span class='ocrx_word' id='word_1_199' title='bbox 155 2206 387 2259; x_wconf 83' lang='lat' dir='ltr'><strong>indicant</strong></span> <span class='ocrx_word' id='word_1_200' title='bbox 414 2217 789 2272; x_wconf 84' lang='lat' dir='ltr'><strong>argumentum.</strong></span> <span class='ocrx_word' id='word_1_201' title='bbox 823 2204 1092 2258; x_wconf 82' lang='lat' dir='ltr'><strong>Postremo</strong></span> <span class='ocrx_word' id='word_1_202' title='bbox 1127 2218 1216 2255; x_wconf 88' lang='lat' dir='ltr'><strong>nec</strong></span> <span class='ocrx_word' id='word_1_203' title='bbox 1244 2202 1406 2274; x_wconf 83' lang='lat' dir='ltr'><strong>stglus</strong></span> <span class='ocrx_word' id='word_1_204' title='bbox 1447 2217 1535 2272; x_wconf 88' lang='lat' dir='ltr'><strong>per</strong></span> <span class='ocrx_word' id='word_1_205' title='bbox 1555 2200 1736 2274; x_wconf 80' lang='lat' dir='ltr'><strong>omnia</strong></span> 
     </span>
    </p>
   </div>
   <div class='ocr_carea' id='block_1_30' title="bbox 156 2271 1732 2348">
    <p class='ocr_par' dir='ltr' id='par_1_30' title="bbox 156 2271 1732 2348">
     <span class='ocr_line' id='line_1_30' title="bbox 156 2271 1732 2348; baseline -0.002 -20"><span class='ocrx_word' id='word_1_206' title='bbox 156 2278 409 2348; x_wconf 63' lang='lat' dir='ltr'><strong>congruit,</strong></span> <span class='ocrx_word' id='word_1_207' title='bbox 469 2271 583 2331; x_wconf 87' lang='lat' dir='ltr'><strong>licet</strong></span> <span class='ocrx_word' id='word_1_208' title='bbox 636 2276 854 2348; x_wconf 82' lang='lat' dir='ltr'><strong>hominis</strong></span> <span class='ocrx_word' id='word_1_209' title='bbox 891 2275 1079 2348; x_wconf 81' lang='lat' dir='ltr'><strong>eruditi</strong></span> <span class='ocrx_word' id='word_1_210' title='bbox 1131 2271 1438 2348; x_wconf 72' lang='lat' dir='ltr'><strong>facundique</strong></span> <span class='ocrx_word' id='word_1_211' title='bbox 1481 2271 1732 2348; x_wconf 75' lang='lat' dir='ltr'><strong>uideatur.</strong></span> 
     </span>
    </p>
   </div>
   <div class='ocr_carea' id='block_1_31' title="bbox 154 2343 1737 2417">
    <p class='ocr_par' dir='ltr' id='par_1_31' title="bbox 154 2343 1737 2417">
     <span class='ocr_line' id='line_1_31' title="bbox 154 2343 1737 2417; baseline -0.003 -19"><span class='ocrx_word' id='word_1_212' title='bbox 154 2343 412 2401; x_wconf 73' lang='lat' dir='ltr'><strong>Clainoris</strong></span> <span class='ocrx_word' id='word_1_213' title='bbox 450 2348 565 2415; x_wconf 83' lang='lat' dir='ltr'><strong>plus</strong></span> <span class='ocrx_word' id='word_1_214' title='bbox 613 2346 793 2417; x_wconf 74' lang='lat' dir='ltr'><strong>habet,</strong></span> <span class='ocrx_word' id='word_1_215' title='bbox 844 2346 1022 2400; x_wconf 79' lang='lat' dir='ltr'><strong>solida:</strong></span> <span class='ocrx_word' id='word_1_216' title='bbox 1071 2344 1529 2417; x_wconf 82' lang='lat' dir='ltr'><strong>argumentationis</strong></span> <span class='ocrx_word' id='word_1_217' title='bbox 1568 2343 1737 2417; x_wconf 77' lang='lat' dir='ltr'><strong>minus</strong></span> 
     </span>
    </p>
   </div>
   <div class='ocr_carea' id='block_1_32' title="bbox 154 2413 1738 2488">
    <p class='ocr_par' dir='ltr' id='par_1_32' title="bbox 154 2413 1738 2488">
     <span class='ocr_line' id='line_1_32' title="bbox 154 2413 1738 2488; baseline -0.003 -19"><span class='ocrx_word' id='word_1_218' title='bbox 154 2433 310 2486; x_wconf 88' lang='lat' dir='ltr'><strong>quam</strong></span> <span class='ocrx_word' id='word_1_219' title='bbox 356 2413 691 2488; x_wconf 75' lang='lat' dir='ltr'><strong>Augustinus.</strong></span> <span class='ocrx_word' id='word_1_220' title='bbox 732 2416 946 2471; x_wconf 77' lang='lat' dir='ltr'><strong>Videtur</strong></span> <span class='ocrx_word' id='word_1_221' title='bbox 998 2413 1155 2487; x_wconf 78' lang='lat' dir='ltr'><strong>fuisse</strong></span> <span class='ocrx_word' id='word_1_222' title='bbox 1206 2417 1462 2488; x_wconf 70' lang='lat' dir='ltr'><strong>quispiam</strong></span> <span class='ocrx_word' id='word_1_223' title='bbox 1490 2413 1589 2488; x_wconf 79' lang='lat' dir='ltr'><strong>qui</strong></span> <span class='ocrx_word' id='word_1_224' title='bbox 1625 2428 1738 2483; x_wconf 67' lang='lat' dir='ltr'><strong>quae</strong></span> 
     </span>
    </p>
   </div>
   <div class='ocr_carea' id='block_1_33' title="bbox 154 2484 1737 2559">
    <p class='ocr_par' dir='ltr' id='par_1_33' title="bbox 154 2484 1737 2559">
     <span class='ocr_line' id='line_1_33' title="bbox 154 2484 1737 2559; baseline -0.003 -19"><span class='ocrx_word' id='word_1_225' title='bbox 154 2484 381 2553; x_wconf 78' lang='lat' dir='ltr'><strong>sparsim</strong></span> <span class='ocrx_word' id='word_1_226' title='bbox 407 2484 469 2542; x_wconf 83' lang='lat' dir='ltr'><strong>ab</strong></span> <span class='ocrx_word' id='word_1_227' title='bbox 496 2490 780 2559; x_wconf 83' lang='lat' dir='ltr'><strong>Augustino</strong></span> <span class='ocrx_word' id='word_1_228' title='bbox 806 2484 1019 2559; x_wconf 73' lang='lat' dir='ltr'><strong>disserui</strong></span> <span class='ocrx_word' id='word_1_229' title='bbox 1052 2494 1171 2538; x_wconf 88' lang='lat' dir='ltr'><strong>sunt</strong></span> <span class='ocrx_word' id='word_1_230' title='bbox 1196 2484 1373 2538; x_wconf 85' lang='lat' dir='ltr'><strong>contra</strong></span> <span class='ocrx_word' id='word_1_231' title='bbox 1401 2484 1737 2554; x_wconf 88' lang='lat' dir='ltr'><strong>Pelagianos,</strong></span> 
     </span>
    </p>
   </div>
   <div class='ocr_carea' id='block_1_34' title="bbox 152 2558 1012 2612">
    <p class='ocr_par' dir='ltr' id='par_1_34' title="bbox 152 2558 1012 2612">
     <span class='ocr_line' id='line_1_34' title="bbox 152 2558 1012 2612; baseline -0.001 0"><span class='ocrx_word' id='word_1_232' title='bbox 152 2559 405 2612; x_wconf 80' lang='lat' dir='ltr'><strong>studuerit</strong></span> <span class='ocrx_word' id='word_1_233' title='bbox 435 2561 485 2612; x_wconf 85' lang='lat' dir='ltr'><strong>in</strong></span> <span class='ocrx_word' id='word_1_234' title='bbox 515 2558 669 2612; x_wconf 83' lang='lat' dir='ltr'><strong>unum</strong></span> <span class='ocrx_word' id='word_1_235' title='bbox 695 2558 1012 2611; x_wconf 82' lang='lat' dir='ltr'><strong>contrahere.</strong></span> 
     </span>
    </p>
   </div>
   <div class='ocr_carea' id='block_1_35' title="bbox 224 2623 1737 2699">
    <p class='ocr_par' dir='ltr' id='par_1_35' title="bbox 224 2623 1737 2699">
     <span class='ocr_line' id='line_1_35' title="bbox 224 2623 1737 2699; baseline -0.003 -17"><span class='ocrx_word' id='word_1_236' title='bbox 224 2629 345 2698; x_wconf 86' lang='lat' dir='ltr'><strong>Ego</strong></span> <span class='ocrx_word' id='word_1_237' title='bbox 384 2632 636 2699; x_wconf 89' lang='lat' dir='ltr'><strong>quidem,</strong></span> <span class='ocrx_word' id='word_1_238' title='bbox 674 2630 725 2681; x_wconf 91' lang='lat' dir='ltr'><strong>in</strong></span> <span class='ocrx_word' id='word_1_239' title='bbox 774 2623 1737 2699; x_wconf 16' lang='lat' dir='ltr'><strong>abjudicaiidisAAugustino_quinque</strong></span> 
     </span>
    </p>
   </div>
   <div class='ocr_carea' id='block_1_36' title="bbox 153 2695 1738 2767">
    <p class='ocr_par' dir='ltr' id='par_1_36' title="bbox 153 2695 1738 2767">
     <span class='ocr_line' id='line_1_36' title="bbox 153 2695 1738 2767; baseline -0.004 -15"><span class='ocrx_word' id='word_1_240' title='bbox 153 2695 308 2753; x_wconf 74' lang='lat' dir='ltr'><strong>hisce</strong></span> <span class='ocrx_word' id='word_1_241' title='bbox 333 2695 507 2767; x_wconf 42' lang='lat' dir='ltr'><strong>lib—ris,</strong></span> <span class='ocrx_word' id='word_1_242' title='bbox 530 2700 795 2753; x_wconf 88' lang='lat' dir='ltr'><strong>assentior</strong></span> <span class='ocrx_word' id='word_1_243' title='bbox 822 2695 995 2753; x_wconf 81' lang='lat' dir='ltr'><strong>libens</strong></span> <span class='ocrx_word' id='word_1_244' title='bbox 1020 2697 1261 2764; x_wconf 80' lang='lat' dir='ltr'><strong>Remigio</strong></span> <span class='ocrx_word' id='word_1_245' title='bbox 1288 2707 1449 2764; x_wconf 90' lang='lat' dir='ltr'><strong>atque</strong></span> <span class='ocrx_word' id='word_1_246' title='bbox 1476 2695 1700 2749; x_wconf 86' lang='lat' dir='ltr'><strong>Erasmo</strong></span> <span class='ocrx_word' id='word_1_247' title='bbox 1726 2709 1738 2746; x_wconf 91' lang='lat'>:</span> 
     </span>
    </p>
   </div>
   <div class='ocr_carea' id='block_1_37' title="bbox 152 2768 1742 2834">
    <p class='ocr_par' dir='ltr' id='par_1_37' title="bbox 152 2768 1742 2834">
     <span class='ocr_line' id='line_1_37' title="bbox 152 2768 1742 2834; baseline -0.003 -11"><span class='ocrx_word' id='word_1_248' title='bbox 152 2784 359 2823; x_wconf 88' lang='lat' dir='ltr'><strong>censeo</strong></span> <span class='ocrx_word' id='word_1_249' title='bbox 411 2780 590 2823; x_wconf 90' lang='lat' dir='ltr'><strong>tamen</strong></span> <span class='ocrx_word' id='word_1_250' title='bbox 639 2768 879 2823; x_wconf 87' lang='lat' dir='ltr'><strong>revocari</strong></span> <span class='ocrx_word' id='word_1_251' title='bbox 930 2768 1126 2823; x_wconf 87' lang='lat' dir='ltr'><strong>debere</strong></span> <span class='ocrx_word' id='word_1_252' title='bbox 1171 2768 1236 2821; x_wconf 89' lang='lat' dir='ltr'><strong>ad</strong></span> <span class='ocrx_word' id='word_1_253' title='bbox 1276 2781 1521 2831; x_wconf 89' lang='lat' dir='ltr'><strong>examen,</strong></span> <span class='ocrx_word' id='word_1_254' title='bbox 1554 2779 1672 2834; x_wconf 63' lang='lat' dir='ltr'><strong>qua:</strong></span> <span class='ocrx_word' id='word_1_255' title='bbox 1710 2780 1742 2818; x_wconf 87' lang='lat' dir='ltr'><strong>a</strong></span> 
     </span>
    </p>
   </div>
   <div class='ocr_carea' id='block_1_38' title="bbox 155 2837 1744 2896">
    <p class='ocr_par' dir='ltr' id='par_1_38' title="bbox 155 2837 1744 2896">
     <span class='ocr_line' id='line_1_38' title="bbox 155 2837 1744 2896; baseline -0.003 -3"><span class='ocrx_word' id='word_1_256' title='bbox 155 2841 333 2893; x_wconf 91' lang='lat' dir='ltr'><strong>tribus</strong></span> <span class='ocrx_word' id='word_1_257' title='bbox 364 2840 479 2893; x_wconf 85' lang='lat' dir='ltr'><strong>istis</strong></span> <span class='ocrx_word' id='word_1_258' title='bbox 509 2840 813 2896; x_wconf 89' lang='lat' dir='ltr'><strong>hominibus</strong></span> <span class='ocrx_word' id='word_1_259' title='bbox 860 2840 1183 2894; x_wconf 88' lang='lat' dir='ltr'><strong>adhibentur</strong></span> <span class='ocrx_word' id='word_1_260' title='bbox 1226 2837 1291 2892; x_wconf 90' lang='lat' dir='ltr'><strong>ad</strong></span> <span class='ocrx_word' id='word_1_261' title='bbox 1333 2852 1482 2891; x_wconf 92' lang='lat' dir='ltr'><strong>suam</strong></span> <span class='ocrx_word' id='word_1_262' title='bbox 1529 2846 1744 2890; x_wconf 89' lang='lat' dir='ltr'><strong>senten-</strong></span> 
     </span>
    </p>
   </div>
   <div class='ocr_carea' id='block_1_39' title="bbox 156 2907 1742 2976">
    <p class='ocr_par' dir='ltr' id='par_1_39' title="bbox 156 2907 1742 2976">
     <span class='ocr_line' id='line_1_39' title="bbox 156 2907 1742 2976; baseline -0.002 -14"><span class='ocrx_word' id='word_1_263' title='bbox 156 2911 282 2963; x_wconf 90' lang='lat' dir='ltr'><strong>tiam</strong></span> <span class='ocrx_word' id='word_1_264' title='bbox 337 2911 734 2975; x_wconf 88' lang='lat' dir='ltr'><strong>stabiliendam,</strong></span> <span class='ocrx_word' id='word_1_265' title='bbox 764 2925 832 2966; x_wconf 90' lang='lat' dir='ltr'><strong>ne</strong></span> <span class='ocrx_word' id='word_1_266' title='bbox 872 2921 962 2963; x_wconf 89' lang='lat' dir='ltr'><strong>aut</strong></span> <span class='ocrx_word' id='word_1_267' title='bbox 1009 2908 1162 2964; x_wconf 82' lang='lat' dir='ltr'><strong>falsis</strong></span> <span class='ocrx_word' id='word_1_268' title='bbox 1206 2923 1389 2963; x_wconf 87' lang='lat' dir='ltr'><strong>verum</strong></span> <span class='ocrx_word' id='word_1_269' title='bbox 1422 2907 1621 2976; x_wconf 87' lang='lat' dir='ltr'><strong>juvari,</strong></span> <span class='ocrx_word' id='word_1_270' title='bbox 1653 2916 1742 2960; x_wconf 92' lang='lat' dir='ltr'><strong>aut</strong></span> 
     </span>
    </p>
   </div>
   <div class='ocr_carea' id='block_1_40' title="bbox 156 2978 1738 3051">
    <p class='ocr_par' dir='ltr' id='par_1_40' title="bbox 156 2978 1738 3051">
     <span class='ocr_line' id='line_1_40' title="bbox 156 2978 1738 3051; baseline -0.002 -18"><span class='ocrx_word' id='word_1_271' title='bbox 156 2979 503 3051; x_wconf 78' lang='lat' dir='ltr'><strong>Rincmarus,</strong></span> <span class='ocrx_word' id='word_1_272' title='bbox 538 2996 745 3051; x_wconf 68' lang='lat' dir='ltr'><strong>magna:</strong></span> <span class='ocrx_word' id='word_1_273' title='bbox 774 2983 858 3035; x_wconf 90' lang='lat' dir='ltr'><strong>vir</strong></span> <span class='ocrx_word' id='word_1_274' title='bbox 898 2980 1257 3047; x_wconf 87' lang='lat' dir='ltr'><strong>auctoritatis,</strong></span> <span class='ocrx_word' id='word_1_275' title='bbox 1313 2978 1510 3033; x_wconf 90' lang='lat' dir='ltr'><strong>indicta</strong></span> <span class='ocrx_word' id='word_1_276' title='bbox 1557 2991 1738 3041; x_wconf 87' lang='lat' dir='ltr'><strong>causa,</strong></span> 
     </span>
    </p>
   </div>
   <div class='ocr_carea' id='block_1_41' title="bbox 156 3050 698 3106">
    <p class='ocr_par' dir='ltr' id='par_1_41' title="bbox 156 3050 698 3106">
     <span class='ocr_line' id='line_1_41' title="bbox 156 3050 698 3106; baseline 0 -2"><span class='ocrx_word' id='word_1_277' title='bbox 156 3050 408 3104; x_wconf 86' lang='lat' dir='ltr'><strong>damnari</strong></span> <span class='ocrx_word' id='word_1_278' title='bbox 435 3051 698 3106; x_wconf 88' lang='lat' dir='ltr'><strong>videatur.</strong></span> 
     </span>
    </p>
   </div>
   <div class='ocr_carea' id='block_1_42' title="bbox 226 3117 1743 3189">
    <p class='ocr_par' dir='ltr' id='par_1_42' title="bbox 226 3117 1743 3189">
     <span class='ocr_line' id='line_1_42' title="bbox 226 3117 1743 3189; baseline -0.002 -14"><span class='ocrx_word' id='word_1_279' title='bbox 226 3125 410 3189; x_wconf 84' lang='lat' dir='ltr'><strong>Atque</strong></span> <span class='ocrx_word' id='word_1_280' title='bbox 455 3134 513 3175; x_wconf 88' lang='lat' dir='ltr'><strong>ut</strong></span> <span class='ocrx_word' id='word_1_281' title='bbox 544 3121 669 3175; x_wconf 88' lang='lat' dir='ltr'><strong>inde</strong></span> <span class='ocrx_word' id='word_1_282' title='bbox 716 3121 993 3177; x_wconf 84' lang='lat' dir='ltr'><strong>exordium</strong></span> <span class='ocrx_word' id='word_1_283' title='bbox 1023 3120 1237 3186; x_wconf 89' lang='lat' dir='ltr'><strong>ducam,</strong></span> <span class='ocrx_word' id='word_1_284' title='bbox 1273 3119 1401 3174; x_wconf 91' lang='lat' dir='ltr'><strong>nihil</strong></span> <span class='ocrx_word' id='word_1_285' title='bbox 1430 3117 1743 3189; x_wconf 74' lang='lat' dir='ltr'><strong>praeiudicat</strong></span> 
     </span>
    </p>
   </div>
   <div class='ocr_carea' id='block_1_43' title="bbox 159 3191 1747 3263">
    <p class='ocr_par' dir='ltr' id='par_1_43' title="bbox 159 3191 1747 3263">
     <span class='ocr_line' id='line_1_43' title="bbox 159 3191 1747 3263; baseline -0.001 -17"><span class='ocrx_word' id='word_1_286' title='bbox 159 3192 435 3263; x_wconf 80' lang='lat' dir='ltr'><strong>Hincmari</strong></span> <span class='ocrx_word' id='word_1_287' title='bbox 458 3192 764 3257; x_wconf 62' lang='lat' dir='ltr'><strong>sententiis,</strong></span> <span class='ocrx_word' id='word_1_288' title='bbox 792 3193 934 3263; x_wconf 90' lang='lat' dir='ltr'><strong>quod</strong></span> <span class='ocrx_word' id='word_1_289' title='bbox 960 3193 1287 3261; x_wconf 80' lang='lat' dir='ltr'><strong>Augustinus</strong></span> <span class='ocrx_word' id='word_1_290' title='bbox 1316 3206 1419 3245; x_wconf 92' lang='lat' dir='ltr'><strong>non</strong></span> <span class='ocrx_word' id='word_1_291' title='bbox 1441 3191 1747 3263; x_wconf 88' lang='lat' dir='ltr'><strong>meminerit</strong></span> 
     </span>
    </p>
   </div>
   <div class='ocr_carea' id='block_1_44' title="bbox 159 3262 1745 3331">
    <p class='ocr_par' dir='ltr' id='par_1_44' title="bbox 159 3262 1745 3331">
     <span class='ocr_line' id='line_1_44' title="bbox 159 3262 1745 3331; baseline -0.001 -14"><span class='ocrx_word' id='word_1_292' title='bbox 159 3262 390 3330; x_wconf 86' lang='lat' dir='ltr'><strong>hujusce</strong></span> <span class='ocrx_word' id='word_1_293' title='bbox 411 3265 593 3331; x_wconf 90' lang='lat' dir='ltr'><strong>operis</strong></span> <span class='ocrx_word' id='word_1_294' title='bbox 623 3264 733 3317; x_wconf 88' lang='lat' dir='ltr'><strong>suis</strong></span> <span class='ocrx_word' id='word_1_295' title='bbox 763 3262 819 3317; x_wconf 86' lang='lat' dir='ltr'><strong>in</strong></span> <span class='ocrx_word' id='word_1_296' title='bbox 845 3263 1334 3318; x_wconf 88' lang='lat' dir='ltr'><strong>Retractationibus</strong></span> <span class='ocrx_word' id='word_1_297' title='bbox 1368 3278 1384 3319; x_wconf 73' lang='grc' dir='ltr'>ς</span> <span class='ocrx_word' id='word_1_298' title='bbox 1415 3262 1745 3331; x_wconf 91' lang='lat' dir='ltr'><strong>quammulta</strong></span> 
     </span>
    </p>
   </div>
   <div class='ocr_carea' id='block_1_45' title="bbox 158 3330 1749 3404">
    <p class='ocr_par' dir='ltr' id='par_1_45' title="bbox 158 3330 1749 3404">
     <span class='ocr_line' id='line_1_45' title="bbox 158 3330 1749 3404; baseline 0.001 -18"><span class='ocrx_word' id='word_1_299' title='bbox 158 3333 425 3404; x_wconf 78' lang='lat' dir='ltr'><strong>e_nim_alia</strong></span> <span class='ocrx_word' id='word_1_300' title='bbox 450 3330 821 3404; x_wconf 65' lang='lat' dir='ltr'><strong>praetermisit!</strong></span> <span class='ocrx_word' id='word_1_301' title='bbox 841 3336 956 3389; x_wconf 85' lang='lat' dir='ltr'><strong>Non</strong></span> <span class='ocrx_word' id='word_1_302' title='bbox 977 3334 1220 3388; x_wconf 90' lang='lat' dir='ltr'><strong>meminit</strong></span> <span class='ocrx_word' id='word_1_303' title='bbox 1240 3341 1386 3387; x_wconf 88' lang='lat' dir='ltr'><strong>certe</strong></span> <span class='ocrx_word' id='word_1_304' title='bbox 1408 3332 1665 3386; x_wconf 90' lang='lat' dir='ltr'><strong>librorum</strong></span> <span class='ocrx_word' id='word_1_305' title='bbox 1684 3330 1749 3387; x_wconf 88' lang='lat' dir='ltr'><strong>de</strong></span> 
     </span>
    </p>
   </div>
   <div class='ocr_carea' id='block_1_46' title="bbox 160 3402 1747 3470">
    <p class='ocr_par' dir='ltr' id='par_1_46' title="bbox 160 3402 1747 3470">
     <span class='ocr_line' id='line_1_46' title="bbox 160 3402 1747 3470; baseline 0 -13"><span class='ocrx_word' id='word_1_306' title='bbox 160 3402 628 3458; x_wconf 70' lang='lat' dir='ltr'><strong>Prwdestinatione</strong></span> <span class='ocrx_word' id='word_1_307' title='bbox 661 3414 1046 3468; x_wconf 87' lang='lat' dir='ltr'><strong>sanctoruni,et</strong></span> <span class='ocrx_word' id='word_1_308' title='bbox 1072 3404 1136 3457; x_wconf 90' lang='lat' dir='ltr'><strong>de</strong></span> <span class='ocrx_word' id='word_1_309' title='bbox 1157 3404 1300 3457; x_wconf 88' lang='lat' dir='ltr'><strong>Bono</strong></span> <span class='ocrx_word' id='word_1_310' title='bbox 1328 3404 1713 3470; x_wconf 73' lang='lat' dir='ltr'><strong>perseverantia:</strong></span> <span class='ocrx_word' id='word_1_311' title='bbox 1731 3443 1747 3468; x_wconf 92' lang='lat'><strong>,</strong></span> 
     </span>
    </p>
   </div>
   <div class='ocr_carea' id='block_1_47' title="bbox 162 3472 1749 3544">
    <p class='ocr_par' dir='ltr' id='par_1_47' title="bbox 162 3472 1749 3544">
     <span class='ocr_line' id='line_1_47' title="bbox 162 3472 1749 3544; baseline -0.001 -14"><span class='ocrx_word' id='word_1_312' title='bbox 162 3484 215 3530; x_wconf 88' lang='lat' dir='ltr'><strong>et</strong></span> <span class='ocrx_word' id='word_1_313' title='bbox 244 3474 313 3526; x_wconf 88' lang='lat' dir='ltr'><strong>de</strong></span> <span class='ocrx_word' id='word_1_314' title='bbox 342 3472 670 3544; x_wconf 79' lang='lat' dir='ltr'><strong>Perfectione</strong></span> <span class='ocrx_word' id='word_1_315' title='bbox 696 3477 906 3543; x_wconf 71' lang='lat' dir='ltr'><strong>iustitia:</strong></span> <span class='ocrx_word' id='word_1_316' title='bbox 937 3491 955 3528; x_wconf 91' lang='lat'><strong><em>:</em></strong></span> <span class='ocrx_word' id='word_1_317' title='bbox 982 3475 1102 3530; x_wconf 90' lang='lat' dir='ltr'><strong>illos</strong></span> <span class='ocrx_word' id='word_1_318' title='bbox 1127 3486 1303 3529; x_wconf 90' lang='lat' dir='ltr'><strong>tamen</strong></span> <span class='ocrx_word' id='word_1_319' title='bbox 1330 3473 1448 3543; x_wconf 89' lang='lat' dir='ltr'><strong>quis</strong></span> <span class='ocrx_word' id='word_1_320' title='bbox 1474 3483 1629 3544; x_wconf 84' lang='lat' dir='ltr'><strong>neget</strong></span> <span class='ocrx_word' id='word_1_321' title='bbox 1653 3489 1749 3529; x_wconf 84' lang='lat' dir='ltr'><strong>ve-</strong></span> 
     </span>
    </p>
   </div>
   <div class='ocr_carea' id='block_1_48' title="bbox 161 3544 1751 3615">
    <p class='ocr_par' dir='ltr' id='par_1_48' title="bbox 161 3544 1751 3615">
     <span class='ocr_line' id='line_1_48' title="bbox 161 3544 1751 3615; baseline -0.001 -16"><span class='ocrx_word' id='word_1_322' title='bbox 161 3560 252 3599; x_wconf 90' lang='lat' dir='ltr'><strong>ros</strong></span> <span class='ocrx_word' id='word_1_323' title='bbox 280 3559 350 3599; x_wconf 89' lang='lat' dir='ltr'><strong>ac</strong></span> <span class='ocrx_word' id='word_1_324' title='bbox 378 3560 666 3614; x_wconf 86' lang='lat' dir='ltr'><strong>germanos</strong></span> <span class='ocrx_word' id='word_1_325' title='bbox 688 3545 828 3602; x_wconf 85' lang='lat' dir='ltr'><strong>fetus</strong></span> <span class='ocrx_word' id='word_1_326' title='bbox 852 3550 983 3600; x_wconf 86' lang='lat' dir='ltr'><strong>tanti</strong></span> <span class='ocrx_word' id='word_1_327' title='bbox 1021 3548 1279 3615; x_wconf 89' lang='lat' dir='ltr'><strong>parentis,</strong></span> <span class='ocrx_word' id='word_1_328' title='bbox 1304 3545 1399 3600; x_wconf 88' lang='lat' dir='ltr'><strong>sed</strong></span> <span class='ocrx_word' id='word_1_329' title='bbox 1435 3546 1544 3612; x_wconf 89' lang='lat' dir='ltr'><strong>jam</strong></span> <span class='ocrx_word' id='word_1_330' title='bbox 1573 3544 1751 3599; x_wconf 76' lang='lat' dir='ltr'><strong>senis?</strong></span> 
     </span>
    </p>
   </div>
   <div class='ocr_carea' id='block_1_49' title="bbox 164 3616 1750 3686">
    <p class='ocr_par' dir='ltr' id='par_1_49' title="bbox 164 3616 1750 3686">
     <span class='ocr_line' id='line_1_49' title="bbox 164 3616 1750 3686; baseline -0.001 -17"><span class='ocrx_word' id='word_1_331' title='bbox 164 3616 384 3670; x_wconf 89' lang='lat' dir='ltr'><strong>Diceret</strong></span> <span class='ocrx_word' id='word_1_332' title='bbox 404 3632 532 3686; x_wconf 90' lang='lat' dir='ltr'><strong>ergo</strong></span> <span class='ocrx_word' id='word_1_333' title='bbox 553 3616 742 3684; x_wconf 89' lang='lat' dir='ltr'><strong>aliquis</strong></span> <span class='ocrx_word' id='word_1_334' title='bbox 769 3617 1012 3674; x_wconf 86' lang='lat' dir='ltr'><strong>eamdem</strong></span> <span class='ocrx_word' id='word_1_335' title='bbox 1043 3626 1242 3670; x_wconf 87' lang='lat' dir='ltr'><strong>sortem</strong></span> <span class='ocrx_word' id='word_1_336' title='bbox 1276 3626 1459 3670; x_wconf 83' lang='lat' dir='ltr'><strong>nactos</strong></span> <span class='ocrx_word' id='word_1_337' title='bbox 1487 3630 1608 3670; x_wconf 90' lang='lat' dir='ltr'><strong>esse</strong></span> <span class='ocrx_word' id='word_1_338' title='bbox 1638 3616 1750 3685; x_wconf 81' lang='lat' dir='ltr'><strong>Hy-</strong></span> 
     </span>
    </p>
   </div>
   <div class='ocr_carea' id='block_1_50' title="bbox 197 3687 1750 3757">
    <p class='ocr_par' dir='ltr' id='par_1_50' title="bbox 197 3687 1750 3757">
     <span class='ocr_line' id='line_1_50' title="bbox 197 3687 1750 3757; baseline 0 -18"><span class='ocrx_word' id='word_1_339' title='bbox 197 3688 548 3755; x_wconf 88' lang='lat' dir='ltr'><strong>ognosticos,</strong></span> <span class='ocrx_word' id='word_1_340' title='bbox 596 3689 793 3757; x_wconf 91' lang='lat' dir='ltr'><strong>quippe</strong></span> <span class='ocrx_word' id='word_1_341' title='bbox 845 3696 972 3741; x_wconf 91' lang='lat' dir='ltr'><strong>natu</strong></span> <span class='ocrx_word' id='word_1_342' title='bbox 1002 3687 1256 3755; x_wconf 65' lang='lat' dir='ltr'><strong>aequales,</strong></span> <span class='ocrx_word' id='word_1_343' title='bbox 1289 3696 1344 3742; x_wconf 92' lang='lat' dir='ltr'><strong>et</strong></span> <span class='ocrx_word' id='word_1_344' title='bbox 1387 3688 1433 3741; x_wconf 93' lang='lat' dir='ltr'><strong>si</strong></span> <span class='ocrx_word' id='word_1_345' title='bbox 1480 3687 1750 3743; x_wconf 88' lang='lat' dir='ltr'><strong>credimus</strong></span> 
     </span>
    </p>
   </div>
   <div class='ocr_carea' id='block_1_51' title="bbox 213 3757 1296 3827">
    <p class='ocr_par' dir='ltr' id='par_1_51' title="bbox 213 3757 1296 3827">
     <span class='ocr_line' id='line_1_51' title="bbox 213 3757 1296 3827; baseline 0.001 -17"><span class='ocrx_word' id='word_1_346' title='bbox 213 3759 479 3824; x_wconf 88' lang='lat' dir='ltr'><strong>incmaro,</strong></span> <span class='ocrx_word' id='word_1_347' title='bbox 510 3768 629 3827; x_wconf 93' lang='lat' dir='ltr'><strong>post</strong></span> <span class='ocrx_word' id='word_1_348' title='bbox 651 3757 1078 3812; x_wconf 88' lang='lat' dir='ltr'><strong>Retractationes</strong></span> <span class='ocrx_word' id='word_1_349' title='bbox 1102 3757 1296 3811; x_wconf 86' lang='lat' dir='ltr'><strong>editos.</strong></span> 
     </span>
    </p>
   </div>
   <div class='ocr_carea' id='block_1_52' title="bbox 234 3827 1751 3897">
    <p class='ocr_par' dir='ltr' id='par_1_52' title="bbox 234 3827 1751 3897">
     <span class='ocr_line' id='line_1_52' title="bbox 234 3827 1751 3897; baseline 0.002 -17"><span class='ocrx_word' id='word_1_350' title='bbox 234 3830 327 3891; x_wconf 85' lang='lat' dir='ltr'><strong>At,</strong></span> <span class='ocrx_word' id='word_1_351' title='bbox 379 3828 551 3897; x_wconf 89' lang='lat' dir='ltr'><strong>inquit</strong></span> <span class='ocrx_word' id='word_1_352' title='bbox 594 3830 866 3897; x_wconf 85' lang='lat' dir='ltr'><strong>Remigius</strong></span> <span class='ocrx_word' id='word_1_353' title='bbox 896 3844 1015 3883; x_wconf 90' lang='lat' dir='ltr'><strong>cum</strong></span> <span class='ocrx_word' id='word_1_354' title='bbox 1049 3827 1296 3890; x_wconf 84' lang='lat' dir='ltr'><strong>Erasmo.</strong></span> <span class='ocrx_word' id='word_1_355' title='bbox 1329 3836 1514 3883; x_wconf 90' lang='lat' dir='ltr'><strong>carent</strong></span> <span class='ocrx_word' id='word_1_356' title='bbox 1558 3827 1751 3897; x_wconf 66' lang='lat' dir='ltr'><strong>praefa-</strong></span> 
     </span>
    </p>
   </div>
   <div class='ocr_carea' id='block_1_53' title="bbox 164 3898 1753 3968">
    <p class='ocr_par' dir='ltr' id='par_1_53' title="bbox 164 3898 1753 3968">
     <span class='ocr_line' id='line_1_53' title="bbox 164 3898 1753 3968; baseline 0.001 -17"><span class='ocrx_word' id='word_1_357' title='bbox 164 3898 333 3961; x_wconf 89' lang='lat' dir='ltr'><strong>tione,</strong></span> <span class='ocrx_word' id='word_1_358' title='bbox 367 3913 471 3967; x_wconf 87' lang='lat' dir='ltr'><strong>qua</strong></span> <span class='ocrx_word' id='word_1_359' title='bbox 494 3908 683 3954; x_wconf 89' lang='lat' dir='ltr'><strong>auctor</strong></span> <span class='ocrx_word' id='word_1_360' title='bbox 703 3899 970 3954; x_wconf 88' lang='lat' dir='ltr'><strong>scribendi</strong></span> <span class='ocrx_word' id='word_1_361' title='bbox 997 3913 1186 3953; x_wconf 85' lang='lat' dir='ltr'><strong>causas</strong></span> <span class='ocrx_word' id='word_1_362' title='bbox 1218 3899 1421 3963; x_wconf 82' lang='lat' dir='ltr'><strong>aﬂ&#39;erat,</strong></span> <span class='ocrx_word' id='word_1_363' title='bbox 1443 3901 1583 3968; x_wconf 88' lang='lat' dir='ltr'><strong>quod</strong></span> <span class='ocrx_word' id='word_1_364' title='bbox 1614 3900 1753 3954; x_wconf 91' lang='lat' dir='ltr'><strong>solet</strong></span> 
     </span>
    </p>
   </div>
   <div class='ocr_carea' id='block_1_54' title="bbox 166 3969 1748 4039">
    <p class='ocr_par' dir='ltr' id='par_1_54' title="bbox 166 3969 1748 4039">
     <span class='ocr_line' id='line_1_54' title="bbox 166 3969 1748 4039; baseline 0 -17"><span class='ocrx_word' id='word_1_365' title='bbox 166 3970 533 4038; x_wconf 76' lang='lat' dir='ltr'><strong>Augustinus;</strong></span> <span class='ocrx_word' id='word_1_366' title='bbox 581 3972 745 4024; x_wconf 90' lang='lat' dir='ltr'><strong>immo</strong></span> <span class='ocrx_word' id='word_1_367' title='bbox 796 3971 1023 4033; x_wconf 88' lang='lat' dir='ltr'><strong>habent,</strong></span> <span class='ocrx_word' id='word_1_368' title='bbox 1055 3984 1282 4039; x_wconf 88' lang='lat' dir='ltr'><strong>eamque</strong></span> <span class='ocrx_word' id='word_1_369' title='bbox 1312 3969 1748 4039; x_wconf 83' lang='lat' dir='ltr'><strong>prolixissimam,</strong></span> 
     </span>
    </p>
   </div>
   <div class='ocr_carea' id='block_1_55' title="bbox 166 4040 1754 4109">
    <p class='ocr_par' dir='ltr' id='par_1_55' title="bbox 166 4040 1754 4109">
     <span class='ocr_line' id='line_1_55' title="bbox 166 4040 1754 4109; baseline 0.001 -18"><span class='ocrx_word' id='word_1_370' title='bbox 166 4055 326 4107; x_wconf 83' lang='lat' dir='ltr'><strong>quam</strong></span> <span class='ocrx_word' id='word_1_371' title='bbox 362 4042 599 4109; x_wconf 82' lang='lat' dir='ltr'><strong>Oportuit</strong></span> <span class='ocrx_word' id='word_1_372' title='bbox 620 4042 916 4095; x_wconf 90' lang='lat' dir='ltr'><strong>desiderari</strong></span> <span class='ocrx_word' id='word_1_373' title='bbox 940 4042 991 4093; x_wconf 92' lang='lat' dir='ltr'><strong>in</strong></span> <span class='ocrx_word' id='word_1_374' title='bbox 1021 4040 1207 4095; x_wconf 87' lang='lat' dir='ltr'><strong>codice</strong></span> <span class='ocrx_word' id='word_1_375' title='bbox 1247 4057 1353 4109; x_wconf 85' lang='lat' dir='ltr'><strong>quo</strong></span> <span class='ocrx_word' id='word_1_376' title='bbox 1375 4054 1503 4094; x_wconf 90' lang='lat' dir='ltr'><strong>usus</strong></span> <span class='ocrx_word' id='word_1_377' title='bbox 1539 4048 1623 4093; x_wconf 91' lang='lat' dir='ltr'><strong>est</strong></span> <span class='ocrx_word' id='word_1_378' title='bbox 1650 4042 1754 4093; x_wconf 76' lang='lat' dir='ltr'><strong>lte-</strong></span> 
     </span>
    </p>
   </div>
   <div class='ocr_carea' id='block_1_56' title="bbox 166 4110 1751 4180">
    <p class='ocr_par' dir='ltr' id='par_1_56' title="bbox 166 4110 1751 4180">
     <span class='ocr_line' id='line_1_56' title="bbox 166 4110 1751 4180; baseline 0 -17"><span class='ocrx_word' id='word_1_379' title='bbox 166 4112 400 4180; x_wconf 88' lang='lat' dir='ltr'><strong>migius:</strong></span> <span class='ocrx_word' id='word_1_380' title='bbox 435 4126 533 4165; x_wconf 91' lang='lat' dir='ltr'><strong>nec</strong></span> <span class='ocrx_word' id='word_1_381' title='bbox 553 4113 693 4165; x_wconf 90' lang='lat' dir='ltr'><strong>enim</strong></span> <span class='ocrx_word' id='word_1_382' title='bbox 717 4111 821 4164; x_wconf 90' lang='lat' dir='ltr'><strong>alia</strong></span> <span class='ocrx_word' id='word_1_383' title='bbox 851 4112 1055 4165; x_wconf 89' lang='lat' dir='ltr'><strong>ratione</strong></span> <span class='ocrx_word' id='word_1_384' title='bbox 1080 4111 1250 4178; x_wconf 88' lang='lat' dir='ltr'><strong>possit</strong></span> <span class='ocrx_word' id='word_1_385' title='bbox 1289 4110 1625 4165; x_wconf 82' lang='lat' dir='ltr'><strong>mendacium</strong></span> <span class='ocrx_word' id='word_1_386' title='bbox 1652 4124 1751 4164; x_wconf 82' lang='lat' dir='ltr'><strong>ex-</strong></span> 
     </span>
    </p>
   </div>
   <div class='ocr_carea' id='block_1_57' title="bbox 168 4181 1749 4251">
    <p class='ocr_par' dir='ltr' id='par_1_57' title="bbox 168 4181 1749 4251">
     <span class='ocr_line' id='line_1_57' title="bbox 168 4181 1749 4251; baseline -0.002 -16"><span class='ocrx_word' id='word_1_387' title='bbox 168 4194 390 4251; x_wconf 67' lang='lat' dir='ltr'><strong>cusare,</strong></span> <span class='ocrx_word' id='word_1_388' title='bbox 417 4183 557 4251; x_wconf 90' lang='lat' dir='ltr'><strong>quod</strong></span> <span class='ocrx_word' id='word_1_389' title='bbox 587 4183 826 4237; x_wconf 90' lang='lat' dir='ltr'><strong>omnium</strong></span> <span class='ocrx_word' id='word_1_390' title='bbox 862 4181 1032 4236; x_wconf 79' lang='lat' dir='ltr'><strong>oculis</strong></span> <span class='ocrx_word' id='word_1_391' title='bbox 1063 4181 1217 4235; x_wconf 86' lang='lat' dir='ltr'><strong>facile</strong></span> <span class='ocrx_word' id='word_1_392' title='bbox 1249 4181 1625 4251; x_wconf 85' lang='lat' dir='ltr'><strong>revincendum</strong></span> <span class='ocrx_word' id='word_1_393' title='bbox 1660 4182 1749 4251; x_wconf 83' lang='lat' dir='ltr'><strong>sit.</strong></span> 
     </span>
    </p>
   </div>
   <div class='ocr_carea' id='block_1_58' title="bbox 169 4248 1755 4323">
    <p class='ocr_par' dir='ltr' id='par_1_58' title="bbox 169 4248 1755 4323">
     <span class='ocr_line' id='line_1_58' title="bbox 169 4248 1755 4323; baseline -0.002 -17"><span class='ocrx_word' id='word_1_394' title='bbox 169 4248 385 4323; x_wconf 83' lang='lat' dir='ltr'><strong>Deinde</strong></span> <span class='ocrx_word' id='word_1_395' title='bbox 412 4248 571 4321; x_wconf 81' lang='lat' dir='ltr'><strong>quam</strong></span> <span class='ocrx_word' id='word_1_396' title='bbox 604 4251 972 4323; x_wconf 67' lang='lat' dir='ltr'><strong>praelationem</strong></span> <span class='ocrx_word' id='word_1_397' title='bbox 1002 4251 1292 4321; x_wconf 79' lang='lat' dir='ltr'><strong>praeferunt</strong></span> <span class='ocrx_word' id='word_1_398' title='bbox 1332 4252 1471 4323; x_wconf 82' lang='lat' dir='ltr'><strong>libri</strong></span> <span class='ocrx_word' id='word_1_399' title='bbox 1497 4250 1565 4306; x_wconf 91' lang='lat' dir='ltr'><strong>de</strong></span> <span class='ocrx_word' id='word_1_400' title='bbox 1589 4250 1755 4323; x_wconf 82' lang='lat' dir='ltr'><strong>Magi-</strong></span> 
     </span>
    </p>
   </div>
   <div class='ocr_carea' id='block_1_59' title="bbox 170 4321 1752 4388">
    <p class='ocr_par' dir='ltr' id='par_1_59' title="bbox 170 4321 1752 4388">
     <span class='ocr_line' id='line_1_59' title="bbox 170 4321 1752 4388; baseline 0 -14"><span class='ocrx_word' id='word_1_401' title='bbox 170 4331 307 4386; x_wconf 87' lang='lat' dir='ltr'><strong>stro,</strong></span> <span class='ocrx_word' id='word_1_402' title='bbox 339 4322 412 4377; x_wconf 86' lang='lat' dir='ltr'><strong>de</strong></span> <span class='ocrx_word' id='word_1_403' title='bbox 446 4321 847 4377; x_wconf 55' lang='lat' dir='ltr'><strong>Immo&#39;rtalitate</strong></span> <span class='ocrx_word' id='word_1_404' title='bbox 882 4326 1096 4388; x_wconf 84' lang='lat' dir='ltr'><strong>animae,</strong></span> <span class='ocrx_word' id='word_1_405' title='bbox 1119 4331 1250 4387; x_wconf 89' lang='lat' dir='ltr'><strong>etc.,</strong></span> <span class='ocrx_word' id='word_1_406' title='bbox 1274 4337 1341 4376; x_wconf 87' lang='lat' dir='ltr'><strong>an</strong></span> <span class='ocrx_word' id='word_1_407' title='bbox 1374 4322 1573 4376; x_wconf 90' lang='lat' dir='ltr'><strong>idcirco</strong></span> <span class='ocrx_word' id='word_1_408' title='bbox 1600 4321 1752 4375; x_wconf 90' lang='lat' dir='ltr'><strong>labo-</strong></span> 
     </span>
    </p>
   </div>
   <div class='ocr_carea' id='block_1_60' title="bbox 172 4393 1079 4463">
    <p class='ocr_par' dir='ltr' id='par_1_60' title="bbox 172 4393 1079 4463">
     <span class='ocr_line' id='line_1_60' title="bbox 172 4393 1079 4463; baseline 0.001 -18"><span class='ocrx_word' id='word_1_409' title='bbox 172 4401 295 4446; x_wconf 82' lang='lat' dir='ltr'><strong>rant</strong></span> <span class='ocrx_word' id='word_1_410' title='bbox 323 4395 633 4462; x_wconf 84' lang='lat' dir='ltr'><strong>suspicione</strong></span> <span class='ocrx_word' id='word_1_411' title='bbox 658 4393 1079 4463; x_wconf 79' lang='lat' dir='ltr'><strong>suppositionis?</strong></span> 
     </span>
    </p>
   </div>
   <div class='ocr_carea' id='block_1_61' title="bbox 241 4461 1754 4534">
    <p class='ocr_par' dir='ltr' id='par_1_61' title="bbox 241 4461 1754 4534">
     <span class='ocr_line' id='line_1_61' title="bbox 241 4461 1754 4534; baseline 0.001 -18"><span class='ocrx_word' id='word_1_412' title='bbox 241 4461 437 4533; x_wconf 80' lang='lat' dir='ltr'><strong>Pergit</strong></span> <span class='ocrx_word' id='word_1_413' title='bbox 467 4461 775 4534; x_wconf 46' lang='lat' dir='ltr'><strong>Remigium</strong></span> <span class='ocrx_word' id='word_1_414' title='bbox 793 4464 947 4517; x_wconf 85' lang='lat' dir='ltr'><strong>Nulla</strong></span> <span class='ocrx_word' id='word_1_415' title='bbox 976 4465 1035 4517; x_wconf 89' lang='lat' dir='ltr'><strong>lit</strong></span> <span class='ocrx_word' id='word_1_416' title='bbox 1064 4464 1287 4533; x_wconf 86' lang='lat' dir='ltr'><strong>hujusce</strong></span> <span class='ocrx_word' id='word_1_417' title='bbox 1324 4464 1503 4533; x_wconf 79' lang='lat' dir='ltr'><strong>Operis</strong></span> <span class='ocrx_word' id='word_1_418' title='bbox 1551 4461 1754 4517; x_wconf 90' lang='lat' dir='ltr'><strong>mentio</strong></span> 
     </span>
    </p>
   </div>
   <div class='ocr_carea' id='block_1_62' title="bbox 173 4532 1752 4599">
    <p class='ocr_par' dir='ltr' id='par_1_62' title="bbox 173 4532 1752 4599">
     <span class='ocr_line' id='line_1_62' title="bbox 173 4532 1752 4599; baseline 0.001 -14"><span class='ocrx_word' id='word_1_419' title='bbox 173 4532 224 4586; x_wconf 89' lang='lat' dir='ltr'><strong>in</strong></span> <span class='ocrx_word' id='word_1_420' title='bbox 260 4532 445 4589; x_wconf 88' lang='lat' dir='ltr'><strong>indice</strong></span> <span class='ocrx_word' id='word_1_421' title='bbox 469 4532 717 4599; x_wconf 86' lang='lat' dir='ltr'><strong>Possidii,</strong></span> <span class='ocrx_word' id='word_1_422' title='bbox 747 4548 869 4589; x_wconf 92' lang='lat' dir='ltr'><strong>cum</strong></span> <span class='ocrx_word' id='word_1_423' title='bbox 908 4543 1088 4590; x_wconf 90' lang='lat' dir='ltr'><strong>tamen</strong></span> <span class='ocrx_word' id='word_1_424' title='bbox 1120 4532 1439 4599; x_wconf 48' lang='lat' dir='ltr'><strong>curiose,&#39;ut</strong></span> <span class='ocrx_word' id='word_1_425' title='bbox 1462 4536 1752 4588; x_wconf 91' lang='lat' dir='ltr'><strong>multorum</strong></span> 
     </span>
    </p>
   </div>
   <div class='ocr_carea' id='block_1_63' title="bbox 173 4604 1756 4673">
    <p class='ocr_par' dir='ltr' id='par_1_63' title="bbox 173 4604 1756 4673">
     <span class='ocr_line' id='line_1_63' title="bbox 173 4604 1756 4673; baseline 0.001 -18"><span class='ocrx_word' id='word_1_426' title='bbox 173 4616 448 4659; x_wconf 90' lang='lat' dir='ltr'><strong>annorum</strong></span> <span class='ocrx_word' id='word_1_427' title='bbox 501 4605 817 4659; x_wconf 82' lang='lat' dir='ltr'><strong>familiarem</strong></span> <span class='ocrx_word' id='word_1_428' title='bbox 865 4605 1117 4670; x_wconf 87' lang='lat' dir='ltr'><strong>decebat,</strong></span> <span class='ocrx_word' id='word_1_429' title='bbox 1168 4604 1345 4659; x_wconf 91' lang='lat' dir='ltr'><strong>omnia</strong></span> <span class='ocrx_word' id='word_1_430' title='bbox 1382 4604 1662 4673; x_wconf 85' lang='lat' dir='ltr'><strong>Augustini</strong></span> <span class='ocrx_word' id='word_1_431' title='bbox 1700 4613 1756 4658; x_wconf 91' lang='lat' dir='ltr'><strong>et</strong></span> 
     </span>
    </p>
   </div>
   <div class='ocr_carea' id='block_1_64' title="bbox 174 4675 1755 4739">
    <p class='ocr_par' dir='ltr' id='par_1_64' title="bbox 174 4675 1755 4739">
     <span class='ocr_line' id='line_1_64' title="bbox 174 4675 1755 4739; baseline 0.002 -13"><span class='ocrx_word' id='word_1_432' title='bbox 174 4676 400 4729; x_wconf 81' lang='lat' dir='ltr'><strong>noverit</strong></span> <span class='ocrx_word' id='word_1_433' title='bbox 420 4716 433 4739; x_wconf 95' lang='lat'><strong>,</strong></span> <span class='ocrx_word' id='word_1_434' title='bbox 465 4686 517 4729; x_wconf 93' lang='lat' dir='ltr'><strong>et</strong></span> <span class='ocrx_word' id='word_1_435' title='bbox 564 4676 918 4732; x_wconf 89' lang='lat' dir='ltr'><strong>recensuerit.</strong></span> <span class='ocrx_word' id='word_1_436' title='bbox 963 4676 1154 4731; x_wconf 89' lang='lat' dir='ltr'><strong>Verum</strong></span> <span class='ocrx_word' id='word_1_437' title='bbox 1184 4677 1297 4730; x_wconf 66' lang='lat' dir='ltr'><strong>hinc</strong></span> <span class='ocrx_word' id='word_1_438' title='bbox 1323 4679 1459 4729; x_wconf 87' lang='lat' dir='ltr'><strong>ratio</strong></span> <span class='ocrx_word' id='word_1_439' title='bbox 1489 4675 1755 4730; x_wconf 85' lang='lat' dir='ltr'><strong>imbecilla</strong></span> 
     </span>
    </p>
   </div>
   <div class='ocr_carea' id='block_1_65' title="bbox 174 4745 1758 4815">
    <p class='ocr_par' dir='ltr' id='par_1_65' title="bbox 174 4745 1758 4815">
     <span class='ocr_line' id='line_1_65' title="bbox 174 4745 1758 4815; baseline 0.001 -17"><span class='ocrx_word' id='word_1_440' title='bbox 174 4759 268 4811; x_wconf 87' lang='lat' dir='ltr'><strong>per</strong></span> <span class='ocrx_word' id='word_1_441' title='bbox 290 4761 353 4801; x_wconf 88' lang='lat' dir='ltr'><strong>se</strong></span> <span class='ocrx_word' id='word_1_442' title='bbox 383 4756 500 4811; x_wconf 88' lang='lat' dir='ltr'><strong>est;</strong></span> <span class='ocrx_word' id='word_1_443' title='bbox 526 4762 645 4801; x_wconf 85' lang='lat' dir='ltr'><strong>nam</strong></span> <span class='ocrx_word' id='word_1_444' title='bbox 675 4745 949 4801; x_wconf 85' lang='lat' dir='ltr'><strong>Possidius</strong></span> <span class='ocrx_word' id='word_1_445' title='bbox 969 4748 1199 4815; x_wconf 90' lang='lat' dir='ltr'><strong>primum</strong></span> <span class='ocrx_word' id='word_1_446' title='bbox 1222 4746 1418 4801; x_wconf 80' lang='lat' dir='ltr'><strong>fatetur</strong></span> <span class='ocrx_word' id='word_1_447' title='bbox 1440 4762 1498 4800; x_wconf 90' lang='lat' dir='ltr'><strong>se</strong></span> <span class='ocrx_word' id='word_1_448' title='bbox 1516 4763 1621 4801; x_wconf 89' lang='lat' dir='ltr'><strong>non</strong></span> <span class='ocrx_word' id='word_1_449' title='bbox 1648 4760 1758 4800; x_wconf 91' lang='lat' dir='ltr'><strong>om-</strong></span> 
     </span>
    </p>
   </div>
   <div class='ocr_carea' id='block_1_66' title="bbox 176 4816 1757 4887">
    <p class='ocr_par' dir='ltr' id='par_1_66' title="bbox 176 4816 1757 4887">
     <span class='ocr_line' id='line_1_66' title="bbox 176 4816 1757 4887; baseline 0.002 -20"><span class='ocrx_word' id='word_1_450' title='bbox 176 4816 259 4868; x_wconf 91' lang='lat' dir='ltr'><strong>nia</strong></span> <span class='ocrx_word' id='word_1_451' title='bbox 281 4832 656 4872; x_wconf 83' lang='lat' dir='ltr'><strong>enumerasse.</strong></span> <span class='ocrx_word' id='word_1_452' title='bbox 691 4816 891 4871; x_wconf 85' lang='lat' dir='ltr'><strong>Deinde</strong></span> <span class='ocrx_word' id='word_1_453' title='bbox 926 4827 1105 4883; x_wconf 88' lang='lat' dir='ltr'><strong>posset</strong></span> <span class='ocrx_word' id='word_1_454' title='bbox 1134 4819 1323 4887; x_wconf 86' lang='lat' dir='ltr'><strong>aliquis</strong></span> <span class='ocrx_word' id='word_1_455' title='bbox 1348 4833 1377 4871; x_wconf 89' lang='lat' dir='ltr'><strong>a</strong></span> <span class='ocrx_word' id='word_1_456' title='bbox 1407 4818 1652 4872; x_wconf 90' lang='lat' dir='ltr'><strong>Possidio</strong></span> <span class='ocrx_word' id='word_1_457' title='bbox 1673 4832 1757 4871; x_wconf 89' lang='lat' dir='ltr'><strong>re-</strong></span> 
     </span>
    </p>
   </div>
   <div class='ocr_carea' id='block_1_67' title="bbox 175 4887 1759 4943">
    <p class='ocr_par' dir='ltr' id='par_1_67' title="bbox 175 4887 1759 4943">
     <span class='ocr_line' id='line_1_67' title="bbox 175 4887 1759 4943; baseline 0.001 -3"><span class='ocrx_word' id='word_1_458' title='bbox 175 4887 450 4941; x_wconf 89' lang='lat' dir='ltr'><strong>censitum</strong></span> <span class='ocrx_word' id='word_1_459' title='bbox 487 4887 815 4942; x_wconf 85' lang='lat' dir='ltr'><strong>contendere</strong></span> <span class='ocrx_word' id='word_1_460' title='bbox 845 4904 857 4938; x_wconf 93' lang='lat'>:</span> <span class='ocrx_word' id='word_1_461' title='bbox 887 4903 1008 4942; x_wconf 88' lang='lat' dir='ltr'><strong>nam</strong></span> <span class='ocrx_word' id='word_1_462' title='bbox 1033 4887 1087 4942; x_wconf 90' lang='lat' dir='ltr'><strong>in</strong></span> <span class='ocrx_word' id='word_1_463' title='bbox 1117 4888 1365 4943; x_wconf 90' lang='lat' dir='ltr'><strong>omnibus</strong></span> <span class='ocrx_word' id='word_1_464' title='bbox 1392 4889 1548 4943; x_wconf 89' lang='lat' dir='ltr'><strong>editis</strong></span> <span class='ocrx_word' id='word_1_465' title='bbox 1568 4888 1759 4942; x_wconf 89' lang='lat' dir='ltr'><strong>indici-</strong></span> 
     </span>
    </p>
   </div>
   <div class='ocr_carea' id='block_1_68' title="bbox 174 4956 1758 5029">
    <p class='ocr_par' dir='ltr' id='par_1_68' title="bbox 174 4956 1758 5029">
     <span class='ocr_line' id='line_1_68' title="bbox 174 4956 1758 5029; baseline 0 -18"><span class='ocrx_word' id='word_1_466' title='bbox 174 4956 275 5029; x_wconf 66' lang='lat' dir='ltr'><strong>bus</strong></span> <span class='ocrx_word' id='word_1_467' title='bbox 304 4958 556 5026; x_wconf 81' lang='lat' dir='ltr'><strong>leguntur</strong></span> <span class='ocrx_word' id='word_1_468' title='bbox 582 4959 695 5012; x_wconf 74' lang='lat' dir='ltr'><strong>hinc</strong></span> <span class='ocrx_word' id='word_1_469' title='bbox 726 4956 910 5029; x_wconf 76' lang='lat' dir='ltr'><strong>verba,</strong></span> <span class='ocrx_word' id='word_1_470' title='bbox 936 4956 1065 5012; x_wconf 87' lang='lat' dir='ltr'><strong>liber</strong></span> <span class='ocrx_word' id='word_1_471' title='bbox 1097 4975 1227 5013; x_wconf 88' lang='lat' dir='ltr'><strong>unus</strong></span> <span class='ocrx_word' id='word_1_472' title='bbox 1257 4970 1433 5012; x_wconf 86' lang='lat' dir='ltr'><strong>contra</strong></span> <span class='ocrx_word' id='word_1_473' title='bbox 1452 4964 1758 5029; x_wconf 62' lang='lat' dir='ltr'><strong>quaestiones</strong></span> 
     </span>
    </p>
   </div>
   <div class='ocr_carea' id='block_1_69' title="bbox 178 5025 1761 5100">
    <p class='ocr_par' dir='ltr' id='par_1_69' title="bbox 178 5025 1761 5100">
     <span class='ocr_line' id='line_1_69' title="bbox 178 5025 1761 5100; baseline 0.004 -22"><span class='ocrx_word' id='word_1_474' title='bbox 178 5025 677 5100; x_wconf 80' lang='lat' dir='ltr'><strong>Pelagianistarum.</strong></span> <span class='ocrx_word' id='word_1_475' title='bbox 726 5027 857 5095; x_wconf 84' lang='lat' dir='ltr'><strong>Quis</strong></span> <span class='ocrx_word' id='word_1_476' title='bbox 894 5030 1036 5083; x_wconf 91' lang='lat' dir='ltr'><strong>enim</strong></span> <span class='ocrx_word' id='word_1_477' title='bbox 1082 5045 1219 5083; x_wconf 81' lang='lat' dir='ltr'><strong>unus</strong></span> <span class='ocrx_word' id='word_1_478' title='bbox 1255 5030 1347 5084; x_wconf 89' lang='lat' dir='ltr'><strong>ille</strong></span> <span class='ocrx_word' id='word_1_479' title='bbox 1370 5025 1544 5084; x_wconf 81' lang='lat' dir='ltr'><strong>liber?</strong></span> <span class='ocrx_word' id='word_1_480' title='bbox 1572 5030 1761 5085; x_wconf 86' lang='lat' dir='ltr'><strong>Nullus</strong></span> 
     </span>
    </p>
   </div>
   <div class='ocr_carea' id='block_1_70' title="bbox 174 5100 1761 5170">
    <p class='ocr_par' dir='ltr' id='par_1_70' title="bbox 174 5100 1761 5170">
     <span class='ocr_line' id='line_1_70' title="bbox 174 5100 1761 5170; baseline 0.003 -19"><span class='ocrx_word' id='word_1_481' title='bbox 174 5106 326 5152; x_wconf 82' lang='lat' dir='ltr'><strong>certe</strong></span> <span class='ocrx_word' id='word_1_482' title='bbox 356 5114 567 5163; x_wconf 86' lang='lat' dir='ltr'><strong>eorum,</strong></span> <span class='ocrx_word' id='word_1_483' title='bbox 586 5100 675 5167; x_wconf 88' lang='lat' dir='ltr'><strong>qui</strong></span> <span class='ocrx_word' id='word_1_484' title='bbox 708 5100 790 5153; x_wconf 85' lang='lat' dir='ltr'><strong>vel</strong></span> <span class='ocrx_word' id='word_1_485' title='bbox 818 5101 1050 5168; x_wconf 89' lang='lat' dir='ltr'><strong>septimo</strong></span> <span class='ocrx_word' id='word_1_486' title='bbox 1082 5111 1250 5164; x_wconf 91' lang='lat' dir='ltr'><strong>tomo,</strong></span> <span class='ocrx_word' id='word_1_487' title='bbox 1274 5101 1355 5155; x_wconf 88' lang='lat' dir='ltr'><strong>vel</strong></span> <span class='ocrx_word' id='word_1_488' title='bbox 1387 5102 1761 5170; x_wconf 88' lang='lat' dir='ltr'><strong>supplemento</strong></span> 
     </span>
    </p>
   </div>
   <div class='ocr_carea' id='block_1_71' title="bbox 174 5170 1758 5240">
    <p class='ocr_par' dir='ltr' id='par_1_71' title="bbox 174 5170 1758 5240">
     <span class='ocr_line' id='line_1_71' title="bbox 174 5170 1758 5240; baseline 0.003 -19"><span class='ocrx_word' id='word_1_489' title='bbox 174 5171 549 5240; x_wconf 81' lang='lat' dir='ltr'><strong>continentur,</strong></span> <span class='ocrx_word' id='word_1_490' title='bbox 583 5185 704 5223; x_wconf 93' lang='lat' dir='ltr'><strong>cum</strong></span> <span class='ocrx_word' id='word_1_491' title='bbox 742 5184 841 5224; x_wconf 89' lang='lat' dir='ltr'><strong>suo</strong></span> <span class='ocrx_word' id='word_1_492' title='bbox 869 5170 1062 5240; x_wconf 86' lang='lat' dir='ltr'><strong>singuli</strong></span> <span class='ocrx_word' id='word_1_493' title='bbox 1104 5173 1317 5225; x_wconf 89' lang='lat' dir='ltr'><strong>nomine</strong></span> <span class='ocrx_word' id='word_1_494' title='bbox 1349 5172 1686 5240; x_wconf 88' lang='lat' dir='ltr'><strong>appellentur</strong></span> <span class='ocrx_word' id='word_1_495' title='bbox 1708 5174 1758 5226; x_wconf 92' lang='lat' dir='ltr'><strong>in</strong></span> 
     </span>
    </p>
   </div>
   <div class='ocr_carea' id='block_1_72' title="bbox 173 5237 1761 5310">
    <p class='ocr_par' dir='ltr' id='par_1_72' title="bbox 173 5237 1761 5310">
     <span class='ocr_line' id='line_1_72' title="bbox 173 5237 1761 5310; baseline 0.004 -19"><span class='ocrx_word' id='word_1_496' title='bbox 173 5237 384 5310; x_wconf 79' lang='lat' dir='ltr'><strong>indice,</strong></span> <span class='ocrx_word' id='word_1_497' title='bbox 416 5250 471 5295; x_wconf 89' lang='lat' dir='ltr'><strong>et</strong></span> <span class='ocrx_word' id='word_1_498' title='bbox 501 5256 638 5294; x_wconf 84' lang='lat' dir='ltr'><strong>unus</strong></span> <span class='ocrx_word' id='word_1_499' title='bbox 667 5240 755 5294; x_wconf 91' lang='lat' dir='ltr'><strong>ille</strong></span> <span class='ocrx_word' id='word_1_500' title='bbox 784 5237 1021 5310; x_wconf 79' lang='lat' dir='ltr'><strong>insuper.</strong></span> <span class='ocrx_word' id='word_1_501' title='bbox 1047 5241 1341 5297; x_wconf 67' lang='lat' dir='ltr'><strong>Estiment</strong></span> <span class='ocrx_word' id='word_1_502' title='bbox 1361 5237 1467 5296; x_wconf 80' lang='lat' dir='ltr'><strong>viri</strong></span> <span class='ocrx_word' id='word_1_503' title='bbox 1493 5242 1635 5299; x_wconf 88' lang='lat' dir='ltr'><strong>docti</strong></span> <span class='ocrx_word' id='word_1_504' title='bbox 1664 5245 1761 5297; x_wconf 84' lang='lat' dir='ltr'><strong>hu-</strong></span> 
     </span>
    </p>
   </div>
   <div class='ocr_carea' id='block_1_73' title="bbox 173 5308 1761 5382">
    <p class='ocr_par' dir='ltr' id='par_1_73' title="bbox 173 5308 1761 5382">
     <span class='ocr_line' id='line_1_73' title="bbox 173 5308 1761 5382; baseline 0.004 -21"><span class='ocrx_word' id='word_1_505' title='bbox 173 5308 331 5377; x_wconf 83' lang='lat' dir='ltr'><strong>jusce</strong></span> <span class='ocrx_word' id='word_1_506' title='bbox 348 5310 649 5379; x_wconf 83' lang='lat' dir='ltr'><strong>argumenti</strong></span> <span class='ocrx_word' id='word_1_507' title='bbox 678 5308 977 5379; x_wconf 55' lang='lat' dir='ltr'><strong>pondus,&#39;et</strong></span> <span class='ocrx_word' id='word_1_508' title='bbox 1002 5314 1313 5381; x_wconf 88' lang='lat' dir='ltr'><strong>conjiciant,</strong></span> <span class='ocrx_word' id='word_1_509' title='bbox 1340 5314 1383 5366; x_wconf 88' lang='lat' dir='ltr'><strong>si</strong></span> <span class='ocrx_word' id='word_1_510' title='bbox 1412 5312 1537 5382; x_wconf 86' lang='lat' dir='ltr'><strong>quid</strong></span> <span class='ocrx_word' id='word_1_511' title='bbox 1560 5314 1761 5381; x_wconf 88' lang='lat' dir='ltr'><strong>valent,</strong></span> 
     </span>
    </p>
   </div>
   <div class='ocr_carea' id='block_1_74' title="bbox 173 5383 1766 5452">
    <p class='ocr_par' dir='ltr' id='par_1_74' title="bbox 173 5383 1766 5452">
     <span class='ocr_line' id='line_1_74' title="bbox 173 5383 1766 5452; baseline 0.006 -22"><span class='ocrx_word' id='word_1_512' title='bbox 173 5391 345 5452; x_wconf 84' lang='lat' dir='ltr'><strong>super</strong></span> <span class='ocrx_word' id='word_1_513' title='bbox 377 5395 438 5434; x_wconf 86' lang='lat' dir='ltr'><strong>ea</strong></span> <span class='ocrx_word' id='word_1_514' title='bbox 473 5397 688 5452; x_wconf 76' lang='lat' dir='ltr'><strong>re,quze</strong></span> <span class='ocrx_word' id='word_1_515' title='bbox 717 5396 803 5435; x_wconf 89' lang='lat' dir='ltr'><strong>me</strong></span> <span class='ocrx_word' id='word_1_516' title='bbox 825 5383 1060 5449; x_wconf 85' lang='lat' dir='ltr'><strong>proiecto</strong></span> <span class='ocrx_word' id='word_1_517' title='bbox 1090 5383 1234 5448; x_wconf 89' lang='lat' dir='ltr'><strong>latet,</strong></span> <span class='ocrx_word' id='word_1_518' title='bbox 1260 5394 1421 5452; x_wconf 91' lang='lat' dir='ltr'><strong>atque</strong></span> <span class='ocrx_word' id='word_1_519' title='bbox 1449 5385 1610 5437; x_wconf 84' lang='lat' dir='ltr'><strong>etiam</strong></span> <span class='ocrx_word' id='word_1_520' title='bbox 1642 5400 1766 5439; x_wconf 88' lang='lat' dir='ltr'><strong>cru-</strong></span> 
     </span>
    </p>
   </div>
   <div class='ocr_carea' id='block_1_75' title="bbox 174 5449 1762 5575">
    <p class='ocr_par' dir='ltr' id='par_1_75' title="bbox 174 5449 1762 5575">
     <span class='ocr_line' id='line_1_75' title="bbox 174 5449 1762 5575; baseline 0.005 -72"><span class='ocrx_word' id='word_1_521' title='bbox 174 5451 316 5575; x_wconf 67' lang='grc' dir='ltr'><strong>εἱειιά</strong></span> <span class='ocrx_word' id='word_1_522' title='bbox 345 5452 448 5504; x_wconf 87' lang='lat' dir='ltr'><strong>nisi</strong></span> <span class='ocrx_word' id='word_1_523' title='bbox 476 5449 616 5506; x_wconf 80' lang='lat' dir='ltr'><strong>forte</strong></span> <span class='ocrx_word' id='word_1_524' title='bbox 642 5467 767 5508; x_wconf 88' lang='lat' dir='ltr'><strong>vera</strong></span> <span class='ocrx_word' id='word_1_525' title='bbox 796 5455 868 5507; x_wconf 87' lang='lat' dir='ltr'><strong>sit</strong></span> <span class='ocrx_word' id='word_1_526' title='bbox 895 5453 1207 5522; x_wconf 86' lang='lat' dir='ltr'><strong>conjectura</strong></span> <span class='ocrx_word' id='word_1_527' title='bbox 1254 5449 1597 5523; x_wconf 78' lang='lat' dir='ltr'><strong>postmodum</strong></span> <span class='ocrx_word' id='word_1_528' title='bbox 1629 5456 1762 5511; x_wconf 71' lang='lat' dir='ltr'><strong>ade-</strong></span> 
     </span>
     <span class='ocr_line' id='line_1_76' title="bbox 174 5534 376 5574; baseline -0.005 -1"><span class='ocrx_word' id='word_1_529' title='bbox 174 5534 273 5574; x_wconf 88' lang='lat' dir='ltr'><strong>ren</strong></span> <span class='ocrx_word' id='word_1_530' title='bbox 318 5536 376 5573; x_wconf 88' lang='lat' dir='ltr'><strong>a.</strong></span> 
     </span>
    </p>
   </div>
   <div class='ocr_carea' id='block_1_76' title="bbox 173 5534 376 5574">
    <p class='ocr_par' dir='ltr' id='par_1_76' title="bbox 173 5534 376 5574">
     <span class='ocr_line' id='line_1_77' title="bbox 173 5534 376 5574; baseline -0.005 -1"><span class='ocrx_word' id='word_1_531' title='bbox 173 5534 376 5574; x_wconf 81' lang='lat' dir='ltr'><strong>renda.</strong></span> 
     </span>
    </p>
   </div>
   <div class='ocr_carea' id='block_1_77' title="bbox 249 5590 1765 5666">
    <p class='ocr_par' dir='ltr' id='par_1_77' title="bbox 249 5590 1765 5666">
     <span class='ocr_line' id='line_1_78' title="bbox 249 5590 1765 5666; baseline 0.005 -22"><span class='ocrx_word' id='word_1_532' title='bbox 249 5590 424 5666; x_wconf 74' lang='lat' dir='ltr'><strong>Addit</strong></span> <span class='ocrx_word' id='word_1_533' title='bbox 440 5592 717 5666; x_wconf 65' lang='lat' dir='ltr'><strong>lii-asinus,</strong></span> <span class='ocrx_word' id='word_1_534' title='bbox 738 5593 1089 5666; x_wconf 13' lang='lat' dir='ltr'><strong>solituminon</strong></span> <span class='ocrx_word' id='word_1_535' title='bbox 1120 5610 1242 5651; x_wconf 86' lang='lat' dir='ltr'><strong>esse</strong></span> <span class='ocrx_word' id='word_1_536' title='bbox 1264 5596 1616 5666; x_wconf 80' lang='lat' dir='ltr'><strong>Augustinum</strong></span> <span class='ocrx_word' id='word_1_537' title='bbox 1653 5597 1765 5653; x_wconf 89' lang='lat' dir='ltr'><strong>suis</strong></span> 
     </span>
    </p>
   </div>
   <div class='ocr_carea' id='block_1_78' title="bbox 169 5662 1763 5741">
    <p class='ocr_par' dir='ltr' id='par_1_78' title="bbox 169 5662 1763 5741">
     <span class='ocr_line' id='line_1_79' title="bbox 169 5662 1763 5741; baseline 0.006 -24"><span class='ocrx_word' id='word_1_538' title='bbox 169 5662 458 5732; x_wconf 79' lang='lat' dir='ltr'><strong>opusculis</strong></span> <span class='ocrx_word' id='word_1_539' title='bbox 476 5663 725 5721; x_wconf 72' lang='lat' dir='ltr'><strong>Graecum</strong></span> <span class='ocrx_word' id='word_1_540' title='bbox 748 5680 947 5722; x_wconf 87' lang='lat' dir='ltr'><strong>nomen</strong></span> <span class='ocrx_word' id='word_1_541' title='bbox 966 5665 1267 5737; x_wconf 86' lang='lat' dir='ltr'><strong>imponere,</strong></span> <span class='ocrx_word' id='word_1_542' title='bbox 1297 5662 1596 5738; x_wconf 66' lang='lat' dir='ltr'><strong>praesertim</strong></span> <span class='ocrx_word' id='word_1_543' title='bbox 1619 5669 1763 5741; x_wconf 86' lang='lat' dir='ltr'><strong>quod</strong></span> 
     </span>
    </p>
   </div>
   <div class='ocr_carea' id='block_1_79' title="bbox 1753 1672 1803 1732">
    <p class='ocr_par' dir='ltr' id='par_1_79' title="bbox 1753 1672 1803 1732">
     <span class='ocr_line' id='line_1_80' title="bbox 1753 1672 1803 1732; baseline 0 0"><span class='ocrx_word' id='word_1_544' title='bbox 1753 1672 1803 1732; x_wconf 89' lang='lat' dir='ltr'><strong>B</strong></span> 
     </span>
    </p>
   </div>
   <div class='ocr_carea' id='block_1_80' title="bbox 1780 4429 1835 4489">
    <p class='ocr_par' dir='ltr' id='par_1_80' title="bbox 1780 4429 1835 4489">
     <span class='ocr_line' id='line_1_81' title="bbox 1780 4429 1835 4489; baseline 0 0"><span class='ocrx_word' id='word_1_545' title='bbox 1780 4429 1835 4489; x_wconf 89' lang='lat' dir='ltr'><strong>D</strong></span> 
     </span>
    </p>
   </div>
   <div class='ocr_carea' id='block_1_81' title="bbox 1820 357 3395 429">
    <p class='ocr_par' dir='ltr' id='par_1_81' title="bbox 1820 357 3395 429">
     <span class='ocr_line' id='line_1_82' title="bbox 1820 357 3395 429; baseline 0.004 -19"><span class='ocrx_word' id='word_1_546' title='bbox 1820 357 1982 429; x_wconf 81' lang='lat' dir='ltr'><strong>dubio</strong></span> <span class='ocrx_word' id='word_1_547' title='bbox 2016 358 2440 429; x_wconf 49' lang='lat' dir='ltr'><strong>ENSIIIUSLCtlm</strong></span> <span class='ocrx_word' id='word_1_548' title='bbox 2471 358 2541 411; x_wconf 91' lang='lat' dir='ltr'><strong>ita</strong></span> <span class='ocrx_word' id='word_1_549' title='bbox 2587 359 2882 423; x_wconf 80' lang='lat' dir='ltr'><strong>scriberet,</strong></span> <span class='ocrx_word' id='word_1_550' title='bbox 2914 374 3019 413; x_wconf 89' lang='lat' dir='ltr'><strong>non</strong></span> <span class='ocrx_word' id='word_1_551' title='bbox 3063 357 3395 429; x_wconf 73' lang='lat' dir='ltr'><strong>intendebat,</strong></span> 
     </span>
    </p>
   </div>
   <div class='ocr_carea' id='block_1_82' title="bbox 1817 428 3393 497">
    <p class='ocr_par' dir='ltr' id='par_1_82' title="bbox 1817 428 3393 497">
     <span class='ocr_line' id='line_1_83' title="bbox 1817 428 3393 497; baseline 0.003 -16"><span class='ocrx_word' id='word_1_552' title='bbox 1817 429 1899 482; x_wconf 86' lang='lat' dir='ltr'><strong>vel</strong></span> <span class='ocrx_word' id='word_1_553' title='bbox 1922 428 2182 497; x_wconf 74' lang='lat' dir='ltr'><strong>inlibrum</strong></span> <span class='ocrx_word' id='word_1_554' title='bbox 2199 429 2264 482; x_wconf 92' lang='lat' dir='ltr'><strong>de</strong></span> <span class='ocrx_word' id='word_1_555' title='bbox 2291 428 2915 497; x_wconf 83' lang='lat' dir='ltr'><strong>Fide,SpeetCharitate</strong></span> <span class='ocrx_word' id='word_1_556' title='bbox 2932 429 2997 484; x_wconf 86' lang='lat' dir='ltr'><strong>ad</strong></span> <span class='ocrx_word' id='word_1_557' title='bbox 3021 428 3393 497; x_wconf 81' lang='lat' dir='ltr'><strong>Laurentium,</strong></span> 
     </span>
    </p>
   </div>
   <div class='ocr_carea' id='block_1_83' title="bbox 1816 496 3396 569">
    <p class='ocr_par' dir='ltr' id='par_1_83' title="bbox 1816 496 3396 569">
     <span class='ocr_line' id='line_1_84' title="bbox 1816 496 3396 569; baseline 0.006 -20"><span class='ocrx_word' id='word_1_558' title='bbox 1816 512 1975 569; x_wconf 86' lang='lat' dir='ltr'><strong>quem</strong></span> <span class='ocrx_word' id='word_1_559' title='bbox 2009 496 2349 553; x_wconf 84' lang='lat' dir='ltr'><strong>Enchiridioit</strong></span> <span class='ocrx_word' id='word_1_560' title='bbox 2379 496 2709 569; x_wconf 76' lang='lat' dir='ltr'><strong>AugUstiuus</strong></span> <span class='ocrx_word' id='word_1_561' title='bbox 2738 501 2908 565; x_wconf 82' lang='lat' dir='ltr'><strong>dixit;</strong></span> <span class='ocrx_word' id='word_1_562' title='bbox 2939 502 3020 555; x_wconf 86' lang='lat' dir='ltr'><strong>vel</strong></span> <span class='ocrx_word' id='word_1_563' title='bbox 3052 502 3104 555; x_wconf 90' lang='lat' dir='ltr'><strong>in</strong></span> <span class='ocrx_word' id='word_1_564' title='bbox 3139 496 3396 559; x_wconf 81' lang='lat' dir='ltr'><strong>tractatus</strong></span> 
     </span>
    </p>
   </div>
   <div class='ocr_carea' id='block_1_84' title="bbox 1817 568 3396 640">
    <p class='ocr_par' dir='ltr' id='par_1_84' title="bbox 1817 568 3396 640">
     <span class='ocr_line' id='line_1_85' title="bbox 1817 568 3396 640; baseline 0.004 -19"><span class='ocrx_word' id='word_1_565' title='bbox 1817 568 1883 622; x_wconf 88' lang='lat' dir='ltr'><strong>ad</strong></span> <span class='ocrx_word' id='word_1_566' title='bbox 1903 570 2178 638; x_wconf 85' lang='lat' dir='ltr'><strong>populum,</strong></span> <span class='ocrx_word' id='word_1_567' title='bbox 2199 586 2331 640; x_wconf 90' lang='lat' dir='ltr'><strong>quas</strong></span> <span class='ocrx_word' id='word_1_568' title='bbox 2356 568 2614 625; x_wconf 77' lang='lat' dir='ltr'><strong>Homilies</strong></span> <span class='ocrx_word' id='word_1_569' title='bbox 2637 570 2870 626; x_wconf 87' lang='lat' dir='ltr'><strong>vocavit:</strong></span> <span class='ocrx_word' id='word_1_570' title='bbox 2890 587 3009 640; x_wconf 65' lang='lat' dir='ltr'><strong>quae</strong></span> <span class='ocrx_word' id='word_1_571' title='bbox 3029 572 3135 627; x_wconf 92' lang='lat' dir='ltr'><strong>duo</strong></span> <span class='ocrx_word' id='word_1_572' title='bbox 3156 573 3396 639; x_wconf 86' lang='lat' dir='ltr'><strong>nomina,</strong></span> 
     </span>
    </p>
   </div>
   <div class='ocr_carea' id='block_1_85' title="bbox 1818 640 3393 711">
    <p class='ocr_par' dir='ltr' id='par_1_85' title="bbox 1818 640 3393 711">
     <span class='ocr_line' id='line_1_86' title="bbox 1818 640 3393 711; baseline 0.003 -18"><span class='ocrx_word' id='word_1_573' title='bbox 1818 640 1920 693; x_wconf 79' lang='lat' dir='ltr'><strong>niSI</strong></span> <span class='ocrx_word' id='word_1_574' title='bbox 1953 640 2127 704; x_wconf 80' lang='lat' dir='ltr'><strong>fallor,</strong></span> <span class='ocrx_word' id='word_1_575' title='bbox 2157 640 2345 697; x_wconf 67' lang='lat' dir='ltr'><strong>Graeca</strong></span> <span class='ocrx_word' id='word_1_576' title='bbox 2388 652 2530 696; x_wconf 83' lang='lat' dir='ltr'><strong>sunt.</strong></span> <span class='ocrx_word' id='word_1_577' title='bbox 2570 643 2769 697; x_wconf 89' lang='lat' dir='ltr'><strong>Deinde</strong></span> <span class='ocrx_word' id='word_1_578' title='bbox 2796 643 2977 709; x_wconf 84' lang='lat' dir='ltr'><strong>operis</strong></span> <span class='ocrx_word' id='word_1_579' title='bbox 3022 654 3393 711; x_wconf 88' lang='lat' dir='ltr'><strong>argumentum</strong></span> 
     </span>
    </p>
   </div>
   <div class='ocr_carea' id='block_1_86' title="bbox 1817 710 3398 786">
    <p class='ocr_par' dir='ltr' id='par_1_86' title="bbox 1817 710 3398 786">
     <span class='ocr_line' id='line_1_87' title="bbox 1817 710 3398 786; baseline 0.006 -23"><span class='ocrx_word' id='word_1_580' title='bbox 1817 710 1951 786; x_wconf 80' lang='lat' dir='ltr'><strong>satis</strong></span> <span class='ocrx_word' id='word_1_581' title='bbox 1980 711 2239 786; x_wconf 81' lang='lat' dir='ltr'><strong>explicari</strong></span> <span class='ocrx_word' id='word_1_582' title='bbox 2268 712 2484 767; x_wconf 90' lang='lat' dir='ltr'><strong>nomine</strong></span> <span class='ocrx_word' id='word_1_583' title='bbox 2509 712 2951 786; x_wconf 85' lang='lat' dir='ltr'><strong>Hypognosticou,</strong></span> <span class='ocrx_word' id='word_1_584' title='bbox 3002 710 3254 770; x_wconf 79' lang='lat' dir='ltr'><strong>Erasmus</strong></span> <span class='ocrx_word' id='word_1_585' title='bbox 3282 716 3398 786; x_wconf 88' lang='lat' dir='ltr'><strong>ipse</strong></span> 
     </span>
    </p>
   </div>
   <div class='ocr_carea' id='block_1_87' title="bbox 1819 781 3400 855">
    <p class='ocr_par' dir='ltr' id='par_1_87' title="bbox 1819 781 3400 855">
     <span class='ocr_line' id='line_1_88' title="bbox 1819 781 3400 855; baseline 0.004 -22"><span class='ocrx_word' id='word_1_586' title='bbox 1819 781 2033 855; x_wconf 79' lang='lat' dir='ltr'><strong>abunde</strong></span> <span class='ocrx_word' id='word_1_587' title='bbox 2064 783 2273 850; x_wconf 85' lang='lat' dir='ltr'><strong>probat,</strong></span> <span class='ocrx_word' id='word_1_588' title='bbox 2303 797 2423 837; x_wconf 89' lang='lat' dir='ltr'><strong>cum</strong></span> <span class='ocrx_word' id='word_1_589' title='bbox 2448 781 2825 838; x_wconf 73' lang='lat' dir='ltr'><strong>subnatationes</strong></span> <span class='ocrx_word' id='word_1_590' title='bbox 2856 785 3255 853; x_wconf 85' lang='lat' dir='ltr'><strong>interpretatur,</strong></span> <span class='ocrx_word' id='word_1_591' title='bbox 3279 781 3400 855; x_wconf 74' lang='lat' dir='ltr'><strong>qui-</strong></span> 
     </span>
    </p>
   </div>
   <div class='ocr_carea' id='block_1_88' title="bbox 1819 851 3401 925">
    <p class='ocr_par' dir='ltr' id='par_1_88' title="bbox 1819 851 3401 925">
     <span class='ocr_line' id='line_1_89' title="bbox 1819 851 3401 925; baseline 0.004 -21"><span class='ocrx_word' id='word_1_592' title='bbox 1819 851 1912 905; x_wconf 88' lang='lat' dir='ltr'><strong>bus</strong></span> <span class='ocrx_word' id='word_1_593' title='bbox 1941 869 2120 925; x_wconf 87' lang='lat' dir='ltr'><strong>nempe</strong></span> <span class='ocrx_word' id='word_1_594' title='bbox 2147 863 2347 925; x_wconf 67' lang='lat' dir='ltr'><strong>auctor,</strong></span> <span class='ocrx_word' id='word_1_595' title='bbox 2375 871 2491 923; x_wconf 64' lang='lat' dir='ltr'><strong>qua:</strong></span> <span class='ocrx_word' id='word_1_596' title='bbox 2519 857 2738 925; x_wconf 80' lang='lat' dir='ltr'><strong>sparsim</strong></span> <span class='ocrx_word' id='word_1_597' title='bbox 2764 859 2826 909; x_wconf 89' lang='lat' dir='ltr'><strong>ab</strong></span> <span class='ocrx_word' id='word_1_598' title='bbox 2856 851 3141 925; x_wconf 79' lang='lat' dir='ltr'><strong>Augustino</strong></span> <span class='ocrx_word' id='word_1_599' title='bbox 3180 851 3401 911; x_wconf 77' lang='lat' dir='ltr'><strong>disserta</strong></span> 
     </span>
    </p>
   </div>
   <div class='ocr_carea' id='block_1_89' title="bbox 1819 923 3405 1046">
    <p class='ocr_par' dir='ltr' id='par_1_89' title="bbox 1819 923 3405 1046">
     <span class='ocr_line' id='line_1_90' title="bbox 1819 923 3405 1046; baseline 0.004 -70"><span class='ocrx_word' id='word_1_600' title='bbox 1819 932 1939 1046; x_wconf 52' lang='lat' dir='ltr'><strong>Zunt</strong></span> <span class='ocrx_word' id='word_1_601' title='bbox 1982 923 2161 978; x_wconf 85' lang='lat' dir='ltr'><strong>contra</strong></span> <span class='ocrx_word' id='word_1_602' title='bbox 2211 923 2554 996; x_wconf 80' lang='lat' dir='ltr'><strong>Pelagianos,</strong></span> <span class='ocrx_word' id='word_1_603' title='bbox 2595 926 2849 980; x_wconf 84' lang='lat' dir='ltr'><strong>studuerit</strong></span> <span class='ocrx_word' id='word_1_604' title='bbox 2888 923 2951 1007; x_wconf 82' lang='lat' dir='ltr'><strong>in</strong></span> <span class='ocrx_word' id='word_1_605' title='bbox 2997 944 3156 982; x_wconf 89' lang='lat' dir='ltr'><strong>unum</strong></span> <span class='ocrx_word' id='word_1_606' title='bbox 3201 938 3405 984; x_wconf 86' lang='lat' dir='ltr'><strong>contra-</strong></span> 
     </span>
     <span class='ocr_line' id='line_1_91' title="bbox 1858 1010 1961 1046; baseline 0 0"><span class='ocrx_word' id='word_1_607' title='bbox 1858 1010 1961 1046; x_wconf 89' lang='lat' dir='ltr'><strong>ere.</strong></span> 
     </span>
    </p>
   </div>
   <div class='ocr_carea' id='block_1_90' title="bbox 1858 1010 1961 1049">
    <p class='ocr_par' dir='ltr' id='par_1_90' title="bbox 1858 1010 1961 1049">
     <span class='ocr_line' id='line_1_92' title="bbox 1858 1010 1961 1049; baseline 0.019 -2"><span class='ocrx_word' id='word_1_608' title='bbox 1858 1010 1961 1049; x_wconf 88' lang='lat' dir='ltr'><strong>ere.</strong></span> 
     </span>
    </p>
   </div>
   <div class='ocr_carea' id='block_1_91' title="bbox 1893 1065 3407 1146">
    <p class='ocr_par' dir='ltr' id='par_1_91' title="bbox 1893 1065 3407 1146">
     <span class='ocr_line' id='line_1_93' title="bbox 1893 1065 3407 1146; baseline 0.005 -28"><span class='ocrx_word' id='word_1_609' title='bbox 1893 1065 2189 1146; x_wconf 71' lang='lat' dir='ltr'><strong>Interrogat</strong></span> <span class='ocrx_word' id='word_1_610' title='bbox 2227 1065 2520 1146; x_wconf 81' lang='lat' dir='ltr'><strong>Remigius,</strong></span> <span class='ocrx_word' id='word_1_611' title='bbox 2562 1083 2682 1146; x_wconf 79' lang='lat' dir='ltr'><strong>qua:</strong></span> <span class='ocrx_word' id='word_1_612' title='bbox 2715 1068 2928 1146; x_wconf 79' lang='lat' dir='ltr'><strong>tandem</strong></span> <span class='ocrx_word' id='word_1_613' title='bbox 2967 1071 3264 1126; x_wconf 72' lang='lat' dir='ltr'><strong>necessitas</strong></span> <span class='ocrx_word' id='word_1_614' title='bbox 3294 1071 3407 1146; x_wconf 89' lang='lat' dir='ltr'><strong>A_u-</strong></span> 
     </span>
    </p>
   </div>
   <div class='ocr_carea' id='block_1_92' title="bbox 1821 1138 3406 1206">
    <p class='ocr_par' dir='ltr' id='par_1_92' title="bbox 1821 1138 3406 1206">
     <span class='ocr_line' id='line_1_94' title="bbox 1821 1138 3406 1206; baseline 0.005 -17"><span class='ocrx_word' id='word_1_615' title='bbox 1821 1138 2089 1205; x_wconf 87' lang='lat' dir='ltr'><strong>gustinum</strong></span> <span class='ocrx_word' id='word_1_616' title='bbox 2120 1138 2376 1206; x_wconf 82' lang='lat' dir='ltr'><strong>coegerit,</strong></span> <span class='ocrx_word' id='word_1_617' title='bbox 2426 1140 2699 1193; x_wconf 90' lang='lat' dir='ltr'><strong>materiem</strong></span> <span class='ocrx_word' id='word_1_618' title='bbox 2744 1140 2937 1195; x_wconf 91' lang='lat' dir='ltr'><strong>iterum</strong></span> <span class='ocrx_word' id='word_1_619' title='bbox 2982 1157 3202 1198; x_wconf 86' lang='lat' dir='ltr'><strong>versare</strong></span> <span class='ocrx_word' id='word_1_620' title='bbox 3246 1142 3406 1197; x_wconf 91' lang='lat' dir='ltr'><strong>toties</strong></span> 
     </span>
    </p>
   </div>
   <div class='ocr_carea' id='block_1_93' title="bbox 1823 1208 3406 1282">
    <p class='ocr_par' dir='ltr' id='par_1_93' title="bbox 1823 1208 3406 1282">
     <span class='ocr_line' id='line_1_95' title="bbox 1823 1208 3406 1282; baseline 0.006 -23"><span class='ocrx_word' id='word_1_621' title='bbox 1823 1216 2009 1273; x_wconf 89' lang='lat' dir='ltr'><strong>antea,</strong></span> <span class='ocrx_word' id='word_1_622' title='bbox 2057 1216 2256 1282; x_wconf 75' lang='lat' dir='ltr'><strong>totque</strong></span> <span class='ocrx_word' id='word_1_623' title='bbox 2286 1208 2440 1263; x_wconf 90' lang='lat' dir='ltr'><strong>libris</strong></span> <span class='ocrx_word' id='word_1_624' title='bbox 2483 1217 2777 1263; x_wconf 88' lang='lat' dir='ltr'><strong>tractatam.</strong></span> <span class='ocrx_word' id='word_1_625' title='bbox 2833 1211 3187 1282; x_wconf 87' lang='lat' dir='ltr'><strong>Interroganti</strong></span> <span class='ocrx_word' id='word_1_626' title='bbox 3237 1214 3406 1268; x_wconf 87' lang='lat' dir='ltr'><strong>videri</strong></span> 
     </span>
    </p>
   </div>
   <div class='ocr_carea' id='block_1_94' title="bbox 1822 1278 3402 1348">
    <p class='ocr_par' dir='ltr' id='par_1_94' title="bbox 1822 1278 3402 1348">
     <span class='ocr_line' id='line_1_96' title="bbox 1822 1278 3402 1348; baseline 0.004 -16"><span class='ocrx_word' id='word_1_627' title='bbox 1822 1286 2001 1341; x_wconf 80' lang='lat' dir='ltr'><strong>potest</strong></span> <span class='ocrx_word' id='word_1_628' title='bbox 2028 1278 2355 1345; x_wconf 86' lang='lat' dir='ltr'><strong>respondere</strong></span> <span class='ocrx_word' id='word_1_629' title='bbox 2383 1292 2570 1334; x_wconf 82' lang='lat' dir='ltr'><strong>auctor</strong></span> <span class='ocrx_word' id='word_1_630' title='bbox 2595 1290 2701 1334; x_wconf 87' lang='lat' dir='ltr'><strong>tota</strong></span> <span class='ocrx_word' id='word_1_631' title='bbox 2725 1278 3067 1348; x_wconf 64' lang='lat' dir='ltr'><strong>prmfatione,</strong></span> <span class='ocrx_word' id='word_1_632' title='bbox 3082 1283 3402 1338; x_wconf 83' lang='lat' dir='ltr'><strong>adversarios</strong></span> 
     </span>
    </p>
   </div>
   <div class='ocr_carea' id='block_1_95' title="bbox 1823 1348 3409 1423">
    <p class='ocr_par' dir='ltr' id='par_1_95' title="bbox 1823 1348 3409 1423">
     <span class='ocr_line' id='line_1_97' title="bbox 1823 1348 3409 1423; baseline 0.005 -22"><span class='ocrx_word' id='word_1_633' title='bbox 1823 1363 2018 1423; x_wconf 82' lang='lat' dir='ltr'><strong>nempe</strong></span> <span class='ocrx_word' id='word_1_634' title='bbox 2054 1348 2179 1423; x_wconf 77' lang='lat' dir='ltr'><strong>ﬁdei</strong></span> <span class='ocrx_word' id='word_1_635' title='bbox 2218 1348 2499 1423; x_wconf 64' lang='lat' dir='ltr'><strong>catholicae,</strong></span> <span class='ocrx_word' id='word_1_636' title='bbox 2543 1350 2665 1404; x_wconf 89' lang='lat' dir='ltr'><strong>dum</strong></span> <span class='ocrx_word' id='word_1_637' title='bbox 2706 1362 2885 1405; x_wconf 87' lang='lat' dir='ltr'><strong>contra</strong></span> <span class='ocrx_word' id='word_1_638' title='bbox 2924 1355 3155 1423; x_wconf 88' lang='lat' dir='ltr'><strong>regulam</strong></span> <span class='ocrx_word' id='word_1_639' title='bbox 3182 1355 3409 1409; x_wconf 85' lang='lat' dir='ltr'><strong>veritatis</strong></span> 
     </span>
    </p>
   </div>
   <div class='ocr_carea' id='block_1_96' title="bbox 1825 1420 3411 1492">
    <p class='ocr_par' dir='ltr' id='par_1_96' title="bbox 1825 1420 3411 1492">
     <span class='ocr_line' id='line_1_98' title="bbox 1825 1420 3411 1492; baseline 0.005 -21"><span class='ocrx_word' id='word_1_640' title='bbox 1825 1420 2090 1492; x_wconf 85' lang='lat' dir='ltr'><strong>diabolicis</strong></span> <span class='ocrx_word' id='word_1_641' title='bbox 2118 1421 2275 1474; x_wconf 89' lang='lat' dir='ltr'><strong>armis</strong></span> <span class='ocrx_word' id='word_1_642' title='bbox 2303 1437 2529 1492; x_wconf 88' lang='lat' dir='ltr'><strong>pugnare</strong></span> <span class='ocrx_word' id='word_1_643' title='bbox 2568 1423 2823 1488; x_wconf 88' lang='lat' dir='ltr'><strong>nituntur,</strong></span> <span class='ocrx_word' id='word_1_644' title='bbox 2855 1420 3129 1479; x_wconf 82' lang='lat' dir='ltr'><strong>catholicos</strong></span> <span class='ocrx_word' id='word_1_645' title='bbox 3158 1425 3411 1479; x_wconf 87' lang='lat' dir='ltr'><strong>sollicitu-</strong></span> 
     </span>
    </p>
   </div>
   <div class='ocr_carea' id='block_1_97' title="bbox 1825 1491 3413 1567">
    <p class='ocr_par' dir='ltr' id='par_1_97' title="bbox 1825 1491 3413 1567">
     <span class='ocr_line' id='line_1_99' title="bbox 1825 1491 3413 1567; baseline 0.004 -24"><span class='ocrx_word' id='word_1_646' title='bbox 1825 1491 1943 1567; x_wconf 76' lang='lat' dir='ltr'><strong>dine</strong></span> <span class='ocrx_word' id='word_1_647' title='bbox 1972 1492 2289 1567; x_wconf 80' lang='lat' dir='ltr'><strong>repugnandi</strong></span> <span class='ocrx_word' id='word_1_648' title='bbox 2325 1491 2491 1567; x_wconf 80' lang='lat' dir='ltr'><strong>facere</strong></span> <span class='ocrx_word' id='word_1_649' title='bbox 2519 1493 2790 1567; x_wconf 75' lang='lat' dir='ltr'><strong>cautiores,</strong></span> <span class='ocrx_word' id='word_1_650' title='bbox 2823 1494 2945 1567; x_wconf 84' lang='lat' dir='ltr'><strong>dum</strong></span> <span class='ocrx_word' id='word_1_651' title='bbox 2972 1496 3024 1549; x_wconf 92' lang='lat' dir='ltr'><strong>in</strong></span> <span class='ocrx_word' id='word_1_652' title='bbox 3057 1497 3318 1567; x_wconf 80' lang='lat' dir='ltr'><strong>hypocrisi</strong></span> <span class='ocrx_word' id='word_1_653' title='bbox 3338 1496 3413 1550; x_wconf 86' lang='lat' dir='ltr'><strong>ui-</strong></span> 
     </span>
    </p>
   </div>
   <div class='ocr_carea' id='block_1_98' title="bbox 1826 1561 3414 1633">
    <p class='ocr_par' dir='ltr' id='par_1_98' title="bbox 1826 1561 3414 1633">
     <span class='ocr_line' id='line_1_100' title="bbox 1826 1561 3414 1633; baseline 0.006 -21"><span class='ocrx_word' id='word_1_654' title='bbox 1826 1561 1989 1631; x_wconf 85' lang='lat' dir='ltr'><strong>gilant</strong></span> <span class='ocrx_word' id='word_1_655' title='bbox 2016 1563 2253 1627; x_wconf 86' lang='lat' dir='ltr'><strong>nocituri,</strong></span> <span class='ocrx_word' id='word_1_656' title='bbox 2304 1564 2527 1616; x_wconf 78' lang='lat' dir='ltr'><strong>excitare</strong></span> <span class='ocrx_word' id='word_1_657' title='bbox 2556 1564 2833 1617; x_wconf 89' lang='lat' dir='ltr'><strong>catholicos</strong></span> <span class='ocrx_word' id='word_1_658' title='bbox 2863 1561 3187 1633; x_wconf 70' lang='lat' dir='ltr'><strong>dormientes,</strong></span> <span class='ocrx_word' id='word_1_659' title='bbox 3233 1577 3287 1621; x_wconf 92' lang='lat' dir='ltr'><strong>ut</strong></span> <span class='ocrx_word' id='word_1_660' title='bbox 3327 1584 3414 1621; x_wconf 51' lang='lat' dir='ltr'><strong>aia</strong></span> 
     </span>
    </p>
   </div>
   <div class='ocr_carea' id='block_1_99' title="bbox 1827 1633 3415 1703">
    <p class='ocr_par' dir='ltr' id='par_1_99' title="bbox 1827 1633 3415 1703">
     <span class='ocr_line' id='line_1_101' title="bbox 1827 1633 3415 1703; baseline 0.006 -20"><span class='ocrx_word' id='word_1_661' title='bbox 1827 1641 1972 1703; x_wconf 79' lang='lat' dir='ltr'><strong>repto</strong></span> <span class='ocrx_word' id='word_1_662' title='bbox 1997 1633 2173 1703; x_wconf 78' lang='lat' dir='ltr'><strong>clypeo</strong></span> <span class='ocrx_word' id='word_1_663' title='bbox 2212 1633 2459 1702; x_wconf 75' lang='lat' dir='ltr'><strong>veritatis,</strong></span> <span class='ocrx_word' id='word_1_664' title='bbox 2504 1634 2717 1703; x_wconf 79' lang='lat' dir='ltr'><strong>falsitati</strong></span> <span class='ocrx_word' id='word_1_665' title='bbox 2757 1650 2932 1688; x_wconf 88' lang='lat' dir='ltr'><strong>eorum</strong></span> <span class='ocrx_word' id='word_1_666' title='bbox 2972 1640 3126 1692; x_wconf 86' lang='lat' dir='ltr'><strong>corde</strong></span> <span class='ocrx_word' id='word_1_667' title='bbox 3152 1639 3415 1692; x_wconf 87' lang='lat' dir='ltr'><strong>resistente</strong></span> 
     </span>
    </p>
   </div>
   <div class='ocr_carea' id='block_1_100' title="bbox 1838 1702 3412 1777">
    <p class='ocr_par' dir='ltr' id='par_1_100' title="bbox 1838 1702 3412 1777">
     <span class='ocr_line' id='line_1_102' title="bbox 1838 1702 3412 1777; baseline 0.004 -23"><span class='ocrx_word' id='word_1_668' title='bbox 1838 1702 2741 1777; x_wconf 24' lang='lat' dir='ltr'><strong>uigilent,&#39;etc.‘Addideritaliquis,</strong></span> <span class='ocrx_word' id='word_1_669' title='bbox 2773 1720 2803 1759; x_wconf 91' lang='lat' dir='ltr'><strong>e</strong></span> <span class='ocrx_word' id='word_1_670' title='bbox 2830 1721 2889 1759; x_wconf 89' lang='lat' dir='ltr'><strong>re</strong></span> <span class='ocrx_word' id='word_1_671' title='bbox 2916 1705 3079 1762; x_wconf 81' lang='lat' dir='ltr'><strong>fuisse</strong></span> <span class='ocrx_word' id='word_1_672' title='bbox 3110 1709 3412 1777; x_wconf 81' lang='lat' dir='ltr'><strong>Augustini,</strong></span> 
     </span>
    </p>
   </div>
   <div class='ocr_carea' id='block_1_101' title="bbox 1837 1773 3417 1842">
    <p class='ocr_par' dir='ltr' id='par_1_101' title="bbox 1837 1773 3417 1842">
     <span class='ocr_line' id='line_1_103' title="bbox 1837 1773 3417 1842; baseline 0.004 -15"><span class='ocrx_word' id='word_1_673' title='bbox 1837 1773 2035 1842; x_wconf 83' lang='lat' dir='ltr'><strong>scripto</strong></span> <span class='ocrx_word' id='word_1_674' title='bbox 2065 1773 2270 1828; x_wconf 88' lang='lat' dir='ltr'><strong>amoliri</strong></span> <span class='ocrx_word' id='word_1_675' title='bbox 2302 1790 2329 1828; x_wconf 91' lang='lat' dir='ltr'><strong>a</strong></span> <span class='ocrx_word' id='word_1_676' title='bbox 2361 1790 2420 1829; x_wconf 90' lang='lat' dir='ltr'><strong>se</strong></span> <span class='ocrx_word' id='word_1_677' title='bbox 2447 1775 2705 1829; x_wconf 86' lang='lat' dir='ltr'><strong>invidiam</strong></span> <span class='ocrx_word' id='word_1_678' title='bbox 2739 1780 3007 1831; x_wconf 84' lang='lat' dir='ltr'><strong>nascentis</strong></span> <span class='ocrx_word' id='word_1_679' title='bbox 3033 1794 3099 1833; x_wconf 78' lang='lat' dir='ltr'><strong>ea:</strong></span> <span class='ocrx_word' id='word_1_680' title='bbox 3136 1773 3243 1834; x_wconf 78' lang='lat' dir='ltr'><strong>suis</strong></span> <span class='ocrx_word' id='word_1_681' title='bbox 3269 1773 3417 1834; x_wconf 82' lang='lat' dir='ltr'><strong>libris</strong></span> 
     </span>
    </p>
   </div>
   <div class='ocr_carea' id='block_1_102' title="bbox 1836 1843 3052 1908">
    <p class='ocr_par' dir='ltr' id='par_1_102' title="bbox 1836 1843 3052 1908">
     <span class='ocr_line' id='line_1_104' title="bbox 1836 1843 3052 1908; baseline 0.004 -11"><span class='ocrx_word' id='word_1_682' title='bbox 1836 1844 1972 1908; x_wconf 75' lang='lat' dir='ltr'><strong>male</strong></span> <span class='ocrx_word' id='word_1_683' title='bbox 2010 1844 2276 1899; x_wconf 86' lang='lat' dir='ltr'><strong>intellectis</strong></span> <span class='ocrx_word' id='word_1_684' title='bbox 2308 1843 2790 1900; x_wconf 73' lang='lat' dir='ltr'><strong>Prtedestinatianae</strong></span> <span class='ocrx_word' id='word_1_685' title='bbox 2829 1848 3052 1902; x_wconf 82' lang='lat' dir='ltr'><strong>hteresis.</strong></span> 
     </span>
    </p>
   </div>
   <div class='ocr_carea' id='block_1_103' title="bbox 1905 1914 3420 1990">
    <p class='ocr_par' dir='ltr' id='par_1_103' title="bbox 1905 1914 3420 1990">
     <span class='ocr_line' id='line_1_105' title="bbox 1905 1914 3420 1990; baseline 0.006 -23"><span class='ocrx_word' id='word_1_686' title='bbox 1905 1914 2238 1990; x_wconf 81' lang='lat' dir='ltr'><strong>Quamquam</strong></span> <span class='ocrx_word' id='word_1_687' title='bbox 2268 1915 2531 1990; x_wconf 72' lang='lat' dir='ltr'><strong>_hazc_sive</strong></span> <span class='ocrx_word' id='word_1_688' title='bbox 2566 1917 2833 1987; x_wconf 87' lang='lat' dir='ltr'><strong>Remigiii,</strong></span> <span class='ocrx_word' id='word_1_689' title='bbox 2863 1919 2978 1973; x_wconf 88' lang='lat' dir='ltr'><strong>sive</strong></span> <span class='ocrx_word' id='word_1_690' title='bbox 3010 1919 3220 1974; x_wconf 89' lang='lat' dir='ltr'><strong>Erasmi</strong></span> <span class='ocrx_word' id='word_1_691' title='bbox 3260 1935 3420 1990; x_wconf 89' lang='lat' dir='ltr'><strong>argu-</strong></span> 
     </span>
    </p>
   </div>
   <div class='ocr_carea' id='block_1_104' title="bbox 1837 1987 3422 2047">
    <p class='ocr_par' dir='ltr' id='par_1_104' title="bbox 1837 1987 3422 2047">
     <span class='ocr_line' id='line_1_106' title="bbox 1837 1987 3422 2047; baseline 0.004 -7"><span class='ocrx_word' id='word_1_692' title='bbox 1837 1996 2017 2040; x_wconf 87' lang='lat' dir='ltr'><strong>menta</strong></span> <span class='ocrx_word' id='word_1_693' title='bbox 2046 1987 2175 2041; x_wconf 84' lang='lat' dir='ltr'><strong>nihil</strong></span> <span class='ocrx_word' id='word_1_694' title='bbox 2215 1987 2502 2041; x_wconf 87' lang='lat' dir='ltr'><strong>admodum</strong></span> <span class='ocrx_word' id='word_1_695' title='bbox 2528 1991 2787 2043; x_wconf 90' lang='lat' dir='ltr'><strong>momenti</strong></span> <span class='ocrx_word' id='word_1_696' title='bbox 2822 1990 3139 2045; x_wconf 89' lang='lat' dir='ltr'><strong>habeantad</strong></span> <span class='ocrx_word' id='word_1_697' title='bbox 3170 1987 3422 2047; x_wconf 57' lang='lat' dir='ltr'><strong>Hincinau</strong></span> 
     </span>
    </p>
   </div>
   <div class='ocr_carea' id='block_1_105' title="bbox 1836 2058 3417 2131">
    <p class='ocr_par' dir='ltr' id='par_1_105' title="bbox 1836 2058 3417 2131">
     <span class='ocr_line' id='line_1_107' title="bbox 1836 2058 3417 2131; baseline 0.003 -19"><span class='ocrx_word' id='word_1_698' title='bbox 1836 2073 1957 2131; x_wconf 87' lang='lat' dir='ltr'><strong>runi</strong></span> <span class='ocrx_word' id='word_1_699' title='bbox 1984 2058 2357 2131; x_wconf 80' lang='lat' dir='ltr'><strong>refellendum.</strong></span> <span class='ocrx_word' id='word_1_700' title='bbox 2391 2070 2515 2131; x_wconf 83' lang='lat' dir='ltr'><strong>sunt</strong></span> <span class='ocrx_word' id='word_1_701' title='bbox 2544 2068 2722 2131; x_wconf 88' lang='lat' dir='ltr'><strong>tamen</strong></span> <span class='ocrx_word' id='word_1_702' title='bbox 2752 2059 2856 2112; x_wconf 85' lang='lat' dir='ltr'><strong>alia</strong></span> <span class='ocrx_word' id='word_1_703' title='bbox 2887 2074 3113 2130; x_wconf 82' lang='lat' dir='ltr'><strong>septem.</strong></span> <span class='ocrx_word' id='word_1_704' title='bbox 3139 2077 3258 2131; x_wconf 62' lang='lat' dir='ltr'><strong>quae</strong></span> <span class='ocrx_word' id='word_1_705' title='bbox 3300 2078 3417 2117; x_wconf 89' lang='lat' dir='ltr'><strong>rem</strong></span> 
     </span>
    </p>
   </div>
   <div class='ocr_carea' id='block_1_106' title="bbox 1840 2128 3421 2202">
    <p class='ocr_par' dir='ltr' id='par_1_106' title="bbox 1840 2128 3421 2202">
     <span class='ocr_line' id='line_1_108' title="bbox 1840 2128 3421 2202; baseline 0.005 -22"><span class='ocrx_word' id='word_1_706' title='bbox 1840 2130 2051 2202; x_wconf 83' lang='lat' dir='ltr'><strong>penitus</strong></span> <span class='ocrx_word' id='word_1_707' title='bbox 2073 2129 2373 2183; x_wconf 83' lang='lat' dir='ltr'><strong>conﬁciant.</strong></span> <span class='ocrx_word' id='word_1_708' title='bbox 2404 2128 2537 2184; x_wconf 84' lang='lat' dir='ltr'><strong>Nam</strong></span> <span class='ocrx_word' id='word_1_709' title='bbox 2567 2130 2706 2184; x_wconf 89' lang='lat' dir='ltr'><strong>inter</strong></span> <span class='ocrx_word' id='word_1_710' title='bbox 2727 2128 2976 2202; x_wconf 79' lang='lat' dir='ltr'><strong>capitalia</strong></span> <span class='ocrx_word' id='word_1_711' title='bbox 3000 2128 3237 2202; x_wconf 82' lang='lat' dir='ltr'><strong>quinque</strong></span> <span class='ocrx_word' id='word_1_712' title='bbox 3265 2133 3421 2188; x_wconf 80' lang='lat' dir='ltr'><strong>Pela-</strong></span> 
     </span>
    </p>
   </div>
   <div class='ocr_carea' id='block_1_107' title="bbox 1838 2200 3421 2323">
    <p class='ocr_par' dir='ltr' id='par_1_107' title="bbox 1838 2200 3421 2323">
     <span class='ocr_line' id='line_1_109' title="bbox 1838 2200 3421 2323; baseline 0.004 -72"><span class='ocrx_word' id='word_1_713' title='bbox 1838 2200 2117 2323; x_wconf 63' lang='lat' dir='ltr'><strong>gianorum</strong></span> <span class='ocrx_word' id='word_1_714' title='bbox 2150 2202 2417 2270; x_wconf 88' lang='lat' dir='ltr'><strong>dogmata,</strong></span> <span class='ocrx_word' id='word_1_715' title='bbox 2448 2207 2699 2255; x_wconf 89' lang='lat' dir='ltr'><strong>recenset</strong></span> <span class='ocrx_word' id='word_1_716' title='bbox 2729 2200 3129 2272; x_wconf 54' lang='lat' dir='ltr'><strong>llypoguos&#39;tes,</strong></span> <span class='ocrx_word' id='word_1_717' title='bbox 3153 2200 3302 2273; x_wconf 81' lang='lat' dir='ltr'><strong>quod</strong></span> <span class='ocrx_word' id='word_1_718' title='bbox 3352 2205 3421 2257; x_wconf 62' lang='lat' dir='ltr'><strong>li.</strong></span> 
     </span>
     <span class='ocr_line' id='line_1_110' title="bbox 1872 2270 3421 2323; baseline 0 0"><span class='ocrx_word' id='word_1_719' title='bbox 1872 2270 1956 2323; x_wconf 87' lang='lat' dir='ltr'><strong>ido</strong></span> <span class='ocrx_word' id='word_1_720' title='bbox 1974 2272 2039 2323; x_wconf 88' lang='lat' dir='ltr'><strong>sit</strong></span> <span class='ocrx_word' id='word_1_721' title='bbox 2059 2272 2295 2323; x_wconf 87' lang='lat' dir='ltr'><strong>naturale</strong></span> <span class='ocrx_word' id='word_1_722' title='bbox 2318 2271 2503 2323; x_wconf 89' lang='lat' dir='ltr'><strong>bonum</strong></span> <span class='ocrx_word' id='word_1_723' title='bbox 2523 2286 2541 2323; x_wconf 88' lang='lat'><em>:</em></span> <span class='ocrx_word' id='word_1_724' title='bbox 2566 2287 2854 2323; x_wconf 77' lang='lat' dir='ltr'><strong>numquam</strong></span> <span class='ocrx_word' id='word_1_725' title='bbox 2878 2275 3150 2323; x_wconf 78' lang='lat' dir='ltr'><strong>recensuit</strong></span> <span class='ocrx_word' id='word_1_726' title='bbox 3170 2275 3421 2323; x_wconf 62' lang='lat' dir='ltr'><strong>Angusti-</strong></span> 
     </span>
    </p>
   </div>
   <div class='ocr_carea' id='block_1_108' title="bbox 1872 2270 3426 2345">
    <p class='ocr_par' dir='ltr' id='par_1_108' title="bbox 1872 2270 3426 2345">
     <span class='ocr_line' id='line_1_111' title="bbox 1872 2270 3426 2345; baseline 0.006 -23"><span class='ocrx_word' id='word_1_727' title='bbox 1872 2270 1956 2323; x_wconf 91' lang='lat' dir='ltr'><strong>ido</strong></span> <span class='ocrx_word' id='word_1_728' title='bbox 1974 2272 2049 2345; x_wconf 12' lang='lat' dir='ltr'><strong>sit,</strong></span> <span class='ocrx_word' id='word_1_729' title='bbox 2059 2272 2295 2326; x_wconf 87' lang='lat' dir='ltr'><strong>naturale</strong></span> <span class='ocrx_word' id='word_1_730' title='bbox 2309 2271 2503 2345; x_wconf 77' lang='lat' dir='ltr'><strong>bonum</strong></span> <span class='ocrx_word' id='word_1_731' title='bbox 2521 2286 2543 2341; x_wconf 79' lang='grc'><strong><em>;</em></strong></span> <span class='ocrx_word' id='word_1_732' title='bbox 2558 2270 2854 2345; x_wconf 77' lang='lat' dir='ltr'><strong>numquam</strong></span> <span class='ocrx_word' id='word_1_733' title='bbox 2878 2270 3150 2330; x_wconf 81' lang='lat' dir='ltr'><strong>recensuit</strong></span> <span class='ocrx_word' id='word_1_734' title='bbox 3170 2270 3426 2345; x_wconf 77' lang='lat' dir='ltr'><strong>Augusti-</strong></span> 
     </span>
    </p>
   </div>
   <div class='ocr_carea' id='block_1_109' title="bbox 1840 2342 3419 2408">
    <p class='ocr_par' dir='ltr' id='par_1_109' title="bbox 1840 2342 3419 2408">
     <span class='ocr_line' id='line_1_112' title="bbox 1840 2342 3419 2408; baseline 0.004 -13"><span class='ocrx_word' id='word_1_735' title='bbox 1840 2356 1962 2408; x_wconf 88' lang='lat' dir='ltr'><strong>nus,</strong></span> <span class='ocrx_word' id='word_1_736' title='bbox 1984 2344 2141 2396; x_wconf 91' lang='lat' dir='ltr'><strong>etiam</strong></span> <span class='ocrx_word' id='word_1_737' title='bbox 2156 2358 2275 2396; x_wconf 90' lang='lat' dir='ltr'><strong>cum</strong></span> <span class='ocrx_word' id='word_1_738' title='bbox 2291 2342 2357 2396; x_wconf 88' lang='lat' dir='ltr'><strong>de</strong></span> <span class='ocrx_word' id='word_1_739' title='bbox 2377 2342 2673 2397; x_wconf 71' lang='lat' dir='ltr'><strong>haeresibus</strong></span> <span class='ocrx_word' id='word_1_740' title='bbox 2692 2343 2792 2396; x_wconf 91' lang='lat' dir='ltr'><strong>sub</strong></span> <span class='ocrx_word' id='word_1_741' title='bbox 2814 2342 2974 2398; x_wconf 83' lang='lat' dir='ltr'><strong>linem</strong></span> <span class='ocrx_word' id='word_1_742' title='bbox 2993 2347 3112 2399; x_wconf 74' lang='lat' dir='ltr'><strong>vita:</strong></span> <span class='ocrx_word' id='word_1_743' title='bbox 3136 2342 3419 2403; x_wconf 81' lang='lat' dir='ltr'><strong>scriberet.</strong></span> 
     </span>
    </p>
   </div>
   <div class='ocr_carea' id='block_1_110' title="bbox 1839 2410 3423 2485">
    <p class='ocr_par' dir='ltr' id='par_1_110' title="bbox 1839 2410 3423 2485">
     <span class='ocr_line' id='line_1_113' title="bbox 1839 2410 3423 2485; baseline 0.004 -19"><span class='ocrx_word' id='word_1_744' title='bbox 1839 2410 2010 2467; x_wconf 83' lang='lat' dir='ltr'><strong>Aliter</strong></span> <span class='ocrx_word' id='word_1_745' title='bbox 2058 2412 2658 2485; x_wconf 30' lang='lat' dir='ltr'><strong>llypoguostestaliter</strong></span> <span class='ocrx_word' id='word_1_746' title='bbox 2688 2414 3020 2485; x_wconf 87' lang='lat' dir='ltr'><strong>Augustinus</strong></span> <span class='ocrx_word' id='word_1_747' title='bbox 3065 2416 3423 2485; x_wconf 69' lang='lat' dir='ltr'><strong>praedestina-</strong></span> 
     </span>
    </p>
   </div>
   <div class='ocr_carea' id='block_1_111' title="bbox 1841 2482 3428 2553">
    <p class='ocr_par' dir='ltr' id='par_1_111' title="bbox 1841 2482 3428 2553">
     <span class='ocr_line' id='line_1_114' title="bbox 1841 2482 3428 2553; baseline 0.004 -18"><span class='ocrx_word' id='word_1_748' title='bbox 1841 2485 2041 2536; x_wconf 86' lang='lat' dir='ltr'><strong>tionem</strong></span> <span class='ocrx_word' id='word_1_749' title='bbox 2090 2482 2339 2550; x_wconf 84' lang='lat' dir='ltr'><strong>explicat.</strong></span> <span class='ocrx_word' id='word_1_750' title='bbox 2379 2482 2602 2537; x_wconf 83' lang='lat' dir='ltr'><strong>Multum</strong></span> <span class='ocrx_word' id='word_1_751' title='bbox 2643 2484 2973 2553; x_wconf 82' lang='lat' dir='ltr'><strong>Augustinus</strong></span> <span class='ocrx_word' id='word_1_752' title='bbox 3004 2482 3262 2542; x_wconf 81' lang='lat' dir='ltr'><strong>modestia</strong></span> <span class='ocrx_word' id='word_1_753' title='bbox 3304 2503 3428 2543; x_wconf 89' lang='lat' dir='ltr'><strong>ora-</strong></span> 
     </span>
    </p>
   </div>
   <div class='ocr_carea' id='block_1_112' title="bbox 1844 2553 3427 2625">
    <p class='ocr_par' dir='ltr' id='par_1_112' title="bbox 1844 2553 3427 2625">
     <span class='ocr_line' id='line_1_115' title="bbox 1844 2553 3427 2625; baseline 0.003 -18"><span class='ocrx_word' id='word_1_754' title='bbox 1844 2554 2027 2625; x_wconf 89' lang='lat' dir='ltr'><strong>tionis,</strong></span> <span class='ocrx_word' id='word_1_755' title='bbox 2059 2553 2341 2625; x_wconf 86' lang='lat' dir='ltr'><strong>plurimum</strong></span> <span class='ocrx_word' id='word_1_756' title='bbox 2373 2555 2661 2607; x_wconf 88' lang='lat' dir='ltr'><strong>Latinitate</strong></span> <span class='ocrx_word' id='word_1_757' title='bbox 2684 2553 3081 2625; x_wconf 83' lang='lat' dir='ltr'><strong>Hypognostem</strong></span> <span class='ocrx_word' id='word_1_758' title='bbox 3102 2557 3287 2612; x_wconf 89' lang='lat' dir='ltr'><strong>vincit.</strong></span> <span class='ocrx_word' id='word_1_759' title='bbox 3316 2561 3427 2611; x_wconf 60' lang='lat' dir='ltr'><strong>Au.</strong></span> 
     </span>
    </p>
   </div>
   <div class='ocr_carea' id='block_1_113' title="bbox 1841 2623 3428 2697">
    <p class='ocr_par' dir='ltr' id='par_1_113' title="bbox 1841 2623 3428 2697">
     <span class='ocr_line' id='line_1_116' title="bbox 1841 2623 3428 2697; baseline 0.004 -20"><span class='ocrx_word' id='word_1_760' title='bbox 1841 2624 2184 2697; x_wconf 32' lang='lat' dir='ltr'><strong>gustinus‘ex</strong></span> <span class='ocrx_word' id='word_1_761' title='bbox 2210 2623 2425 2697; x_wconf 88' lang='lat' dir='ltr'><strong>antiqua</strong></span> <span class='ocrx_word' id='word_1_762' title='bbox 2445 2623 3105 2697; x_wconf 68' lang='lat' dir='ltr'><strong>communitranslatione</strong></span> <span class='ocrx_word' id='word_1_763' title='bbox 3134 2627 3428 2697; x_wconf 75' lang='lat' dir='ltr'><strong>Scriptura:</strong></span> 
     </span>
    </p>
   </div>
   <div class='ocr_carea' id='block_1_114' title="bbox 1844 2693 3426 2765">
    <p class='ocr_par' dir='ltr' id='par_1_114' title="bbox 1844 2693 3426 2765">
     <span class='ocr_line' id='line_1_117' title="bbox 1844 2693 3426 2765; baseline 0.003 -17"><span class='ocrx_word' id='word_1_764' title='bbox 1844 2693 2153 2765; x_wconf 83' lang='lat' dir='ltr'><strong>testimonia</strong></span> <span class='ocrx_word' id='word_1_765' title='bbox 2177 2696 2411 2763; x_wconf 82' lang='lat' dir='ltr'><strong>profert;</strong></span> <span class='ocrx_word' id='word_1_766' title='bbox 2442 2695 2815 2765; x_wconf 86' lang='lat' dir='ltr'><strong>Hypognostes</strong></span> <span class='ocrx_word' id='word_1_767' title='bbox 2845 2712 2910 2751; x_wconf 79' lang='lat' dir='ltr'><strong>ex</strong></span> <span class='ocrx_word' id='word_1_768' title='bbox 2943 2698 3203 2752; x_wconf 83' lang='lat' dir='ltr'><strong>llebraica</strong></span> <span class='ocrx_word' id='word_1_769' title='bbox 3236 2693 3426 2754; x_wconf 81' lang='lat' dir='ltr'><strong>lliero—</strong></span> 
     </span>
    </p>
   </div>
   <div class='ocr_carea' id='block_1_115' title="bbox 1846 2764 3428 2836">
    <p class='ocr_par' dir='ltr' id='par_1_115' title="bbox 1846 2764 3428 2836">
     <span class='ocr_line' id='line_1_118' title="bbox 1846 2764 3428 2836; baseline 0.004 -18"><span class='ocrx_word' id='word_1_770' title='bbox 1846 2766 2013 2835; x_wconf 87' lang='lat' dir='ltr'><strong>nymi.</strong></span> <span class='ocrx_word' id='word_1_771' title='bbox 2074 2764 2373 2835; x_wconf 87' lang='lat' dir='ltr'><strong>Numquam</strong></span> <span class='ocrx_word' id='word_1_772' title='bbox 2423 2764 2658 2821; x_wconf 85' lang='lat' dir='ltr'><strong>siluisset</strong></span> <span class='ocrx_word' id='word_1_773' title='bbox 2719 2769 3047 2836; x_wconf 82' lang='lat' dir='ltr'><strong>Augustinus</strong></span> <span class='ocrx_word' id='word_1_774' title='bbox 3095 2769 3164 2825; x_wconf 89' lang='lat' dir='ltr'><strong>de</strong></span> <span class='ocrx_word' id='word_1_775' title='bbox 3206 2767 3428 2824; x_wconf 87' lang='lat' dir='ltr'><strong>Patrum</strong></span> 
     </span>
    </p>
   </div>
   <div class='ocr_carea' id='block_1_116' title="bbox 1846 2836 3429 2905">
    <p class='ocr_par' dir='ltr' id='par_1_116' title="bbox 1846 2836 3429 2905">
     <span class='ocr_line' id='line_1_119' title="bbox 1846 2836 3429 2905; baseline 0.004 -16"><span class='ocrx_word' id='word_1_776' title='bbox 1846 2836 2155 2901; x_wconf 90' lang='lat' dir='ltr'><strong>traditione,</strong></span> <span class='ocrx_word' id='word_1_777' title='bbox 2178 2848 2233 2891; x_wconf 88' lang='lat' dir='ltr'><strong>et</strong></span> <span class='ocrx_word' id='word_1_778' title='bbox 2255 2837 2511 2891; x_wconf 66' lang='lat' dir='ltr'><strong>Ecclesiae</strong></span> <span class='ocrx_word' id='word_1_779' title='bbox 2530 2837 2733 2904; x_wconf 91' lang='lat' dir='ltr'><strong>judicio</strong></span> <span class='ocrx_word' id='word_1_780' title='bbox 2756 2839 2819 2891; x_wconf 86' lang='lat' dir='ltr'><strong>ad</strong></span> <span class='ocrx_word' id='word_1_781' title='bbox 2844 2840 3221 2895; x_wconf 87' lang='lat' dir='ltr'><strong>stabiliendam</strong></span> <span class='ocrx_word' id='word_1_782' title='bbox 3244 2840 3429 2905; x_wconf 80' lang='lat' dir='ltr'><strong>ﬁdem;</strong></span> 
     </span>
    </p>
   </div>
   <div class='ocr_carea' id='block_1_117' title="bbox 1846 2908 3433 2979">
    <p class='ocr_par' dir='ltr' id='par_1_117' title="bbox 1846 2908 3433 2979">
     <span class='ocr_line' id='line_1_120' title="bbox 1846 2908 3433 2979; baseline 0.003 -17"><span class='ocrx_word' id='word_1_783' title='bbox 1846 2908 1969 2962; x_wconf 88' lang='lat' dir='ltr'><strong>silet</strong></span> <span class='ocrx_word' id='word_1_784' title='bbox 2015 2908 2675 2979; x_wconf 12' lang='lat' dir='ltr'><strong>omninoiﬂypuguostes.</strong></span> <span class='ocrx_word' id='word_1_785' title='bbox 2720 2909 3051 2979; x_wconf 83' lang='lat' dir='ltr'><strong>Augustinus</strong></span> <span class='ocrx_word' id='word_1_786' title='bbox 3090 2910 3288 2966; x_wconf 82' lang='lat' dir='ltr'><strong>Juliani</strong></span> <span class='ocrx_word' id='word_1_787' title='bbox 3333 2926 3433 2966; x_wconf 89' lang='lat' dir='ltr'><strong>no-</strong></span> 
     </span>
    </p>
   </div>
   <div class='ocr_carea' id='block_1_118' title="bbox 1848 2977 3429 3053">
    <p class='ocr_par' dir='ltr' id='par_1_118' title="bbox 1848 2977 3429 3053">
     <span class='ocr_line' id='line_1_121' title="bbox 1848 2977 3429 3053; baseline 0.004 -23"><span class='ocrx_word' id='word_1_788' title='bbox 1848 2993 1989 3053; x_wconf 79' lang='lat' dir='ltr'><strong>men,</strong></span> <span class='ocrx_word' id='word_1_789' title='bbox 2023 2978 2166 3047; x_wconf 90' lang='lat' dir='ltr'><strong>quod</strong></span> <span class='ocrx_word' id='word_1_790' title='bbox 2193 2978 2327 3053; x_wconf 80' lang='lat' dir='ltr'><strong>alias</strong></span> <span class='ocrx_word' id='word_1_791' title='bbox 2360 2986 2465 3053; x_wconf 79' lang='lat' dir='ltr'><strong>tam</strong></span> <span class='ocrx_word' id='word_1_792' title='bbox 2490 2977 3083 3053; x_wconf 49' lang='lat' dir='ltr'><strong>frequenterappellat,</strong></span> <span class='ocrx_word' id='word_1_793' title='bbox 3119 2982 3220 3036; x_wconf 85' lang='lat' dir='ltr'><strong>lioc</strong></span> <span class='ocrx_word' id='word_1_794' title='bbox 3245 2982 3429 3053; x_wconf 87' lang='lat' dir='ltr'><strong>utique</strong></span> 
     </span>
    </p>
   </div>
   <div class='ocr_carea' id='block_1_119' title="bbox 1767 3048 3431 3133">
    <p class='ocr_par' dir='ltr' id='par_1_119' title="bbox 1767 3048 3431 3133">
     <span class='ocr_line' id='line_1_122' title="bbox 1767 3048 3431 3133; baseline 0.001 -31"><span class='ocrx_word' id='word_1_795' title='bbox 1767 3051 1812 3114; x_wconf 87' lang='lat' dir='ltr'><strong>C</strong></span> <span class='ocrx_word' id='word_1_796' title='bbox 1846 3049 1900 3103; x_wconf 92' lang='lat' dir='ltr'><strong>in</strong></span> <span class='ocrx_word' id='word_1_797' title='bbox 1930 3048 2050 3102; x_wconf 90' lang='lat' dir='ltr'><strong>loco</strong></span> <span class='ocrx_word' id='word_1_798' title='bbox 2076 3064 2181 3102; x_wconf 92' lang='lat' dir='ltr'><strong>non</strong></span> <span class='ocrx_word' id='word_1_799' title='bbox 2208 3049 2544 3133; x_wconf 77' lang='lat' dir='ltr'><strong>reticuisset;</strong></span> <span class='ocrx_word' id='word_1_800' title='bbox 2596 3051 2785 3133; x_wconf 60' lang='lat' dir='ltr'><strong>reticet</strong></span> <span class='ocrx_word' id='word_1_801' title='bbox 2816 3050 3207 3133; x_wconf 66' lang='lat' dir='ltr'><strong>Hypngnostes,</strong></span> <span class='ocrx_word' id='word_1_802' title='bbox 3258 3048 3431 3133; x_wconf 74' lang='lat' dir='ltr'><strong>quan-</strong></span> 
     </span>
    </p>
   </div>
   <div class='ocr_carea' id='block_1_120' title="bbox 1848 3119 3434 3193">
    <p class='ocr_par' dir='ltr' id='par_1_120' title="bbox 1848 3119 3434 3193">
     <span class='ocr_line' id='line_1_123' title="bbox 1848 3119 3434 3193; baseline 0.003 -20"><span class='ocrx_word' id='word_1_803' title='bbox 1848 3128 2195 3193; x_wconf 90' lang='lat' dir='ltr'><strong>tumcumque</strong></span> <span class='ocrx_word' id='word_1_804' title='bbox 2210 3122 2572 3193; x_wconf 75' lang='lat' dir='ltr'><strong>vehementer</strong></span> <span class='ocrx_word' id='word_1_805' title='bbox 2608 3119 2911 3193; x_wconf 29' lang='lat' dir='ltr'><strong>buinineu‘i‘</strong></span> <span class='ocrx_word' id='word_1_806' title='bbox 2933 3119 3229 3193; x_wconf 79' lang='lat' dir='ltr'><strong>impugnet.</strong></span> <span class='ocrx_word' id='word_1_807' title='bbox 3274 3119 3434 3178; x_wconf 85' lang='lat' dir='ltr'><strong>Deni-</strong></span> 
     </span>
    </p>
   </div>
   <div class='ocr_carea' id='block_1_121' title="bbox 1848 3189 3435 3261">
    <p class='ocr_par' dir='ltr' id='par_1_121' title="bbox 1848 3189 3435 3261">
     <span class='ocr_line' id='line_1_124' title="bbox 1848 3189 3435 3261; baseline 0.004 -19"><span class='ocrx_word' id='word_1_808' title='bbox 1848 3206 1952 3257; x_wconf 82' lang='lat' dir='ltr'><strong>que</strong></span> <span class='ocrx_word' id='word_1_809' title='bbox 1999 3191 2358 3260; x_wconf 87' lang='lat' dir='ltr'><strong>Augustinus,</strong></span> <span class='ocrx_word' id='word_1_810' title='bbox 2406 3191 2449 3244; x_wconf 93' lang='lat' dir='ltr'><strong>si</strong></span> <span class='ocrx_word' id='word_1_811' title='bbox 2500 3189 2660 3245; x_wconf 89' lang='lat' dir='ltr'><strong>modo</strong></span> <span class='ocrx_word' id='word_1_812' title='bbox 2690 3193 2869 3259; x_wconf 80' lang='lat' dir='ltr'><strong>cperis</strong></span> <span class='ocrx_word' id='word_1_813' title='bbox 2915 3189 3104 3248; x_wconf 73' lang='lat' dir='ltr'><strong>auctor</strong></span> <span class='ocrx_word' id='word_1_814' title='bbox 3131 3201 3300 3261; x_wconf 90' lang='lat' dir='ltr'><strong>esset,</strong></span> <span class='ocrx_word' id='word_1_815' title='bbox 3332 3196 3435 3250; x_wconf 90' lang='lat' dir='ltr'><strong>hoc</strong></span> 
     </span>
    </p>
   </div>
   <div class='ocr_carea' id='block_1_122' title="bbox 1850 3261 3433 3334">
    <p class='ocr_par' dir='ltr' id='par_1_122' title="bbox 1850 3261 3433 3334">
     <span class='ocr_line' id='line_1_125' title="bbox 1850 3261 3433 3334; baseline 0.003 -19"><span class='ocrx_word' id='word_1_816' title='bbox 1850 3270 2001 3316; x_wconf 87' lang='lat' dir='ltr'><strong>certe</strong></span> <span class='ocrx_word' id='word_1_817' title='bbox 2061 3261 2320 3334; x_wconf 81' lang='lat' dir='ltr'><strong>edidisset</strong></span> <span class='ocrx_word' id='word_1_818' title='bbox 2362 3262 2414 3315; x_wconf 92' lang='lat' dir='ltr'><strong>in</strong></span> <span class='ocrx_word' id='word_1_819' title='bbox 2459 3263 2630 3315; x_wconf 89' lang='lat' dir='ltr'><strong>lucem</strong></span> <span class='ocrx_word' id='word_1_820' title='bbox 2670 3277 2737 3316; x_wconf 89' lang='lat' dir='ltr'><strong>eo</strong></span> <span class='ocrx_word' id='word_1_821' title='bbox 2783 3275 3028 3333; x_wconf 88' lang='lat' dir='ltr'><strong>tempore</strong></span> <span class='ocrx_word' id='word_1_822' title='bbox 3073 3279 3181 3334; x_wconf 89' lang='lat' dir='ltr'><strong>quo</strong></span> <span class='ocrx_word' id='word_1_823' title='bbox 3223 3265 3433 3323; x_wconf 88' lang='lat' dir='ltr'><strong>editum</strong></span> 
     </span>
    </p>
   </div>
   <div class='ocr_carea' id='block_1_123' title="bbox 1851 3333 3437 3405">
    <p class='ocr_par' dir='ltr' id='par_1_123' title="bbox 1851 3333 3437 3405">
     <span class='ocr_line' id='line_1_126' title="bbox 1851 3333 3437 3405; baseline 0.004 -19"><span class='ocrx_word' id='word_1_824' title='bbox 1851 3334 1925 3405; x_wconf 88' lang='lat' dir='ltr'><strong>rei</strong></span> <span class='ocrx_word' id='word_1_825' title='bbox 1936 3347 2026 3401; x_wconf 84' lang='lat' dir='ltr'><strong>psa</strong></span> <span class='ocrx_word' id='word_1_826' title='bbox 2058 3333 2427 3388; x_wconf 87' lang='lat' dir='ltr'><strong>ostendimus:</strong></span> <span class='ocrx_word' id='word_1_827' title='bbox 2453 3335 2819 3388; x_wconf 89' lang='lat' dir='ltr'><strong>recensuisset</strong></span> <span class='ocrx_word' id='word_1_828' title='bbox 2840 3350 2970 3405; x_wconf 90' lang='lat' dir='ltr'><strong>ergo</strong></span> <span class='ocrx_word' id='word_1_829' title='bbox 2996 3333 3119 3389; x_wconf 86' lang='lat' dir='ltr'><strong>cum</strong></span> <span class='ocrx_word' id='word_1_830' title='bbox 3146 3335 3265 3390; x_wconf 88' lang='lat' dir='ltr'><strong>aliis</strong></span> <span class='ocrx_word' id='word_1_831' title='bbox 3290 3335 3437 3405; x_wconf 74' lang='lat' dir='ltr'><strong>ejus—</strong></span> 
     </span>
    </p>
   </div>
   <div class='ocr_carea' id='block_1_124' title="bbox 1852 3404 2201 3458">
    <p class='ocr_par' dir='ltr' id='par_1_124' title="bbox 1852 3404 2201 3458">
     <span class='ocr_line' id='line_1_127' title="bbox 1852 3404 2201 3458; baseline 0 0"><span class='ocrx_word' id='word_1_832' title='bbox 1852 3404 1973 3458; x_wconf 89' lang='lat' dir='ltr'><strong>dem</strong></span> <span class='ocrx_word' id='word_1_833' title='bbox 2007 3407 2201 3458; x_wconf 81' lang='lat' dir='ltr'><strong>aetatis.</strong></span> 
     </span>
    </p>
   </div>
   <div class='ocr_carea' id='block_1_125' title="bbox 1924 3472 3437 3548">
    <p class='ocr_par' dir='ltr' id='par_1_125' title="bbox 1924 3472 3437 3548">
     <span class='ocr_line' id='line_1_128' title="bbox 1924 3472 3437 3548; baseline 0.005 -21"><span class='ocrx_word' id='word_1_834' title='bbox 1924 3472 2157 3548; x_wconf 80' lang='lat' dir='ltr'><strong>Credere</strong></span> <span class='ocrx_word' id='word_1_835' title='bbox 2204 3482 2386 3548; x_wconf 82' lang='lat' dir='ltr'><strong>posset</strong></span> <span class='ocrx_word' id='word_1_836' title='bbox 2415 3473 2640 3548; x_wconf 77' lang='lat' dir='ltr'><strong>aliquis,</strong></span> <span class='ocrx_word' id='word_1_837' title='bbox 2686 3482 2777 3548; x_wconf 81' lang='lat' dir='ltr'><strong>aut</strong></span> <span class='ocrx_word' id='word_1_838' title='bbox 2816 3476 3005 3531; x_wconf 85' lang='lat' dir='ltr'><strong>saltem</strong></span> <span class='ocrx_word' id='word_1_839' title='bbox 3046 3477 3337 3548; x_wconf 90' lang='lat' dir='ltr'><strong>suspicari,</strong></span> <span class='ocrx_word' id='word_1_840' title='bbox 3379 3476 3437 3534; x_wconf 89' lang='lat' dir='ltr'><strong>id</strong></span> 
     </span>
    </p>
   </div>
   <div class='ocr_carea' id='block_1_126' title="bbox 1853 3544 3438 3617">
    <p class='ocr_par' dir='ltr' id='par_1_126' title="bbox 1853 3544 3438 3617">
     <span class='ocr_line' id='line_1_129' title="bbox 1853 3544 3438 3617; baseline 0.001 -16"><span class='ocrx_word' id='word_1_841' title='bbox 1853 3546 2033 3617; x_wconf 65' lang='lat' dir='ltr'><strong>operis</strong></span> <span class='ocrx_word' id='word_1_842' title='bbox 2059 3546 2399 3617; x_wconf 80' lang='lat' dir='ltr'><strong>tribuendum</strong></span> <span class='ocrx_word' id='word_1_843' title='bbox 2430 3544 2731 3617; x_wconf 80' lang='lat' dir='ltr'><strong>Mercatori,</strong></span> <span class='ocrx_word' id='word_1_844' title='bbox 2761 3544 3228 3617; x_wconf 78' lang='lat' dir='ltr'><strong>suspicionemque</strong></span> <span class='ocrx_word' id='word_1_845' title='bbox 3258 3544 3438 3603; x_wconf 87' lang='lat' dir='ltr'><strong>lirma—</strong></span> 
     </span>
    </p>
   </div>
   <div class='ocr_carea' id='block_1_127' title="bbox 1852 3614 3438 3686">
    <p class='ocr_par' dir='ltr' id='par_1_127' title="bbox 1852 3614 3438 3686">
     <span class='ocr_line' id='line_1_130' title="bbox 1852 3614 3438 3686; baseline 0.003 -16"><span class='ocrx_word' id='word_1_846' title='bbox 1852 3627 1934 3671; x_wconf 87' lang='lat' dir='ltr'><strong>ret</strong></span> <span class='ocrx_word' id='word_1_847' title='bbox 1961 3614 2043 3669; x_wconf 90' lang='lat' dir='ltr'><strong>his</strong></span> <span class='ocrx_word' id='word_1_848' title='bbox 2073 3614 2301 3686; x_wconf 83' lang='lat' dir='ltr'><strong>fortasse</strong></span> <span class='ocrx_word' id='word_1_849' title='bbox 2328 3618 2679 3686; x_wconf 87' lang='lat' dir='ltr'><strong>argumentis.</strong></span> <span class='ocrx_word' id='word_1_850' title='bbox 2714 3614 2933 3672; x_wconf 81' lang='lat' dir='ltr'><strong>Librum</strong></span> <span class='ocrx_word' id='word_1_851' title='bbox 2960 3614 3222 3674; x_wconf 84' lang='lat' dir='ltr'><strong>Mercator</strong></span> <span class='ocrx_word' id='word_1_852' title='bbox 3244 3619 3438 3674; x_wconf 89' lang='lat' dir='ltr'><strong>eodem</strong></span> 
     </span>
    </p>
   </div>
   <div class='ocr_carea' id='block_1_128' title="bbox 1859 3685 3439 3762">
    <p class='ocr_par' dir='ltr' id='par_1_128' title="bbox 1859 3685 3439 3762">
     <span class='ocr_line' id='line_1_131' title="bbox 1859 3685 3439 3762; baseline 0.003 -22"><span class='ocrx_word' id='word_1_853' title='bbox 1859 3688 2016 3762; x_wconf 90' lang='lat' dir='ltr'><strong>t_itulo</strong></span> <span class='ocrx_word' id='word_1_854' title='bbox 2079 3685 2209 3762; x_wconf 82' lang='lat' dir='ltr'><strong>fecit</strong></span> <span class='ocrx_word' id='word_1_855' title='bbox 2260 3701 2367 3762; x_wconf 87' lang='lat' dir='ltr'><strong>quo</strong></span> <span class='ocrx_word' id='word_1_856' title='bbox 2397 3685 2799 3762; x_wconf 31' lang='lat' dir='ltr'><strong>’Hypognostes</strong></span> <span class='ocrx_word' id='word_1_857' title='bbox 2849 3705 2863 3742; x_wconf 76' lang='grc' dir='ltr'>ξ</span> <span class='ocrx_word' id='word_1_858' title='bbox 2910 3692 3266 3762; x_wconf 72' lang='grc' dir='ltr'><strong>ὑπογνωστικά</strong></span> <span class='ocrx_word' id='word_1_859' title='bbox 3294 3690 3439 3745; x_wconf 87' lang='lat' dir='ltr'><strong>enim</strong></span> 
     </span>
    </p>
   </div>
   <div class='ocr_carea' id='block_1_129' title="bbox 1855 3757 3438 3827">
    <p class='ocr_par' dir='ltr' id='par_1_129' title="bbox 1855 3757 3438 3827">
     <span class='ocr_line' id='line_1_132' title="bbox 1855 3757 3438 3827; baseline 0.003 -16"><span class='ocrx_word' id='word_1_860' title='bbox 1855 3757 2117 3813; x_wconf 78' lang='lat' dir='ltr'><strong>Erasmus</strong></span> <span class='ocrx_word' id='word_1_861' title='bbox 2134 3760 2250 3825; x_wconf 76' lang='lat' dir='ltr'><strong>ipse</strong></span> <span class='ocrx_word' id='word_1_862' title='bbox 2272 3759 2657 3827; x_wconf 89' lang='lat' dir='ltr'><strong>interpretatur</strong></span> <span class='ocrx_word' id='word_1_863' title='bbox 2670 3757 3076 3815; x_wconf 72' lang='lat' dir='ltr'><strong>subnotationes</strong></span> <span class='ocrx_word' id='word_1_864' title='bbox 3095 3779 3109 3826; x_wconf 89' lang='lat'><strong>;</strong></span> <span class='ocrx_word' id='word_1_865' title='bbox 3136 3778 3235 3816; x_wconf 90' lang='lat' dir='ltr'><strong>nec</strong></span> <span class='ocrx_word' id='word_1_866' title='bbox 3260 3765 3438 3817; x_wconf 85' lang='lat' dir='ltr'><strong>incre—</strong></span> 
     </span>
    </p>
   </div>
   <div class='ocr_carea' id='block_1_130' title="bbox 1854 3828 3437 3902">
    <p class='ocr_par' dir='ltr' id='par_1_130' title="bbox 1854 3828 3437 3902">
     <span class='ocr_line' id='line_1_133' title="bbox 1854 3828 3437 3902; baseline 0.003 -20"><span class='ocrx_word' id='word_1_867' title='bbox 1854 3829 2021 3902; x_wconf 84' lang='lat' dir='ltr'><strong>dibile</strong></span> <span class='ocrx_word' id='word_1_868' title='bbox 2044 3839 2148 3893; x_wconf 90' lang='lat' dir='ltr'><strong>est,</strong></span> <span class='ocrx_word' id='word_1_869' title='bbox 2172 3830 2446 3902; x_wconf 77' lang='lat' dir='ltr'><strong>hominem</strong></span> <span class='ocrx_word' id='word_1_870' title='bbox 2469 3828 2671 3883; x_wconf 71' lang='lat' dir='ltr'><strong>Graecae</strong></span> <span class='ocrx_word' id='word_1_871' title='bbox 2697 3830 2892 3902; x_wconf 75' lang='lat' dir='ltr'><strong>linguae</strong></span> <span class='ocrx_word' id='word_1_872' title='bbox 2918 3834 2966 3882; x_wconf 87' lang='lat' dir='ltr'><strong>in</strong></span> <span class='ocrx_word' id='word_1_873' title='bbox 2998 3833 3180 3898; x_wconf 80' lang='lat' dir='ltr'><strong>paucis</strong></span> <span class='ocrx_word' id='word_1_874' title='bbox 3203 3836 3437 3902; x_wconf 83' lang='lat' dir='ltr'><strong>peritum</strong></span> 
     </span>
    </p>
   </div>
   <div class='ocr_carea' id='block_1_131' title="bbox 1853 3899 3437 3967">
    <p class='ocr_par' dir='ltr' id='par_1_131' title="bbox 1853 3899 3437 3967">
     <span class='ocr_line' id='line_1_134' title="bbox 1853 3899 3437 3967; baseline 0.003 -14"><span class='ocrx_word' id='word_1_875' title='bbox 1853 3900 2002 3967; x_wconf 84' lang='lat' dir='ltr'><strong>operi</strong></span> <span class='ocrx_word' id='word_1_876' title='bbox 2046 3914 2143 3953; x_wconf 91' lang='lat' dir='ltr'><strong>suo</strong></span> <span class='ocrx_word' id='word_1_877' title='bbox 2183 3900 2428 3955; x_wconf 66' lang='lat' dir='ltr'><strong>Graecum</strong></span> <span class='ocrx_word' id='word_1_878' title='bbox 2476 3915 2672 3952; x_wconf 88' lang='lat' dir='ltr'><strong>nomen</strong></span> <span class='ocrx_word' id='word_1_879' title='bbox 2706 3899 2938 3954; x_wconf 82' lang='lat' dir='ltr'><strong>dedisse.</strong></span> <span class='ocrx_word' id='word_1_880' title='bbox 2995 3899 3437 3958; x_wconf 42' lang='lat' dir='ltr'><strong>Deinde&#39;eodcm</strong></span> 
     </span>
    </p>
   </div>
   <div class='ocr_carea' id='block_1_132' title="bbox 1857 3969 3437 4037">
    <p class='ocr_par' dir='ltr' id='par_1_132' title="bbox 1857 3969 3437 4037">
     <span class='ocr_line' id='line_1_135' title="bbox 1857 3969 3437 4037; baseline 0.001 -13"><span class='ocrx_word' id='word_1_881' title='bbox 1857 3979 2100 4036; x_wconf 85' lang='lat' dir='ltr'><strong>tempore</strong></span> <span class='ocrx_word' id='word_1_882' title='bbox 2125 3978 2355 4037; x_wconf 90' lang='lat' dir='ltr'><strong>uterque</strong></span> <span class='ocrx_word' id='word_1_883' title='bbox 2383 3981 2569 4023; x_wconf 86' lang='lat' dir='ltr'><strong>auctor</strong></span> <span class='ocrx_word' id='word_1_884' title='bbox 2595 3969 2749 4036; x_wconf 84' lang='lat' dir='ltr'><strong>vixit,</strong></span> <span class='ocrx_word' id='word_1_885' title='bbox 2784 3985 2883 4024; x_wconf 90' lang='lat' dir='ltr'><strong>nec</strong></span> <span class='ocrx_word' id='word_1_886' title='bbox 2914 3971 3123 4025; x_wconf 76' lang='lat' dir='ltr'><strong>videtur</strong></span> <span class='ocrx_word' id='word_1_887' title='bbox 3152 3972 3437 4037; x_wconf 81' lang='lat' dir='ltr'><strong>Mercator,</strong></span> 
     </span>
    </p>
   </div>
   <div class='ocr_carea' id='block_1_133' title="bbox 1855 4039 3442 4099">
    <p class='ocr_par' dir='ltr' id='par_1_133' title="bbox 1855 4039 3442 4099">
     <span class='ocr_line' id='line_1_136' title="bbox 1855 4039 3442 4099; baseline 0.003 -4"><span class='ocrx_word' id='word_1_888' title='bbox 1855 4057 1975 4096; x_wconf 91' lang='lat' dir='ltr'><strong>cum</strong></span> <span class='ocrx_word' id='word_1_889' title='bbox 2006 4042 2288 4094; x_wconf 71' lang='lat' dir='ltr'><strong>catholica:</strong></span> <span class='ocrx_word' id='word_1_890' title='bbox 2314 4039 2435 4093; x_wconf 83' lang='lat' dir='ltr'><strong>ﬁdei</strong></span> <span class='ocrx_word' id='word_1_891' title='bbox 2464 4039 2818 4094; x_wconf 68' lang='lat' dir='ltr'><strong>defendenda:</strong></span> <span class='ocrx_word' id='word_1_892' title='bbox 2844 4050 2948 4093; x_wconf 86' lang='lat' dir='ltr'><strong>tam</strong></span> <span class='ocrx_word' id='word_1_893' title='bbox 2975 4044 3231 4099; x_wconf 83' lang='lat' dir='ltr'><strong>ardenter</strong></span> <span class='ocrx_word' id='word_1_894' title='bbox 3261 4044 3442 4099; x_wconf 85' lang='lat' dir='ltr'><strong>stude-</strong></span> 
     </span>
    </p>
   </div>
   <div class='ocr_carea' id='block_1_134' title="bbox 1855 4110 3440 4182">
    <p class='ocr_par' dir='ltr' id='par_1_134' title="bbox 1855 4110 3440 4182">
     <span class='ocr_line' id='line_1_137' title="bbox 1855 4110 3440 4182; baseline 0.002 -18"><span class='ocrx_word' id='word_1_895' title='bbox 1855 4120 1958 4175; x_wconf 80' lang='lat' dir='ltr'><strong>ri-t,</strong></span> <span class='ocrx_word' id='word_1_896' title='bbox 1985 4126 2010 4161; x_wconf 87' lang='lat' dir='ltr'><strong>a</strong></span> <span class='ocrx_word' id='word_1_897' title='bbox 2034 4110 2323 4166; x_wconf 85' lang='lat' dir='ltr'><strong>scribendo</strong></span> <span class='ocrx_word' id='word_1_898' title='bbox 2346 4124 2569 4164; x_wconf 84' lang='lat' dir='ltr'><strong>vacasse</strong></span> <span class='ocrx_word' id='word_1_899' title='bbox 2591 4110 2842 4177; x_wconf 82' lang='lat' dir='ltr'><strong>quamdiu</strong></span> <span class='ocrx_word' id='word_1_900' title='bbox 2867 4111 3137 4166; x_wconf 84' lang='lat' dir='ltr'><strong>ferverent</strong></span> <span class='ocrx_word' id='word_1_901' title='bbox 3182 4116 3440 4182; x_wconf 79' lang='lat' dir='ltr'><strong>quaestio-</strong></span> 
     </span>
    </p>
   </div>
   <div class='ocr_carea' id='block_1_135' title="bbox 1858 4182 3441 4249">
    <p class='ocr_par' dir='ltr' id='par_1_135' title="bbox 1858 4182 3441 4249">
     <span class='ocr_line' id='line_1_138' title="bbox 1858 4182 3441 4249; baseline 0.004 -15"><span class='ocrx_word' id='word_1_902' title='bbox 1858 4196 1955 4234; x_wconf 89' lang='lat' dir='ltr'><strong>nes</strong></span> <span class='ocrx_word' id='word_1_903' title='bbox 1982 4182 2046 4235; x_wconf 88' lang='lat' dir='ltr'><strong>de</strong></span> <span class='ocrx_word' id='word_1_904' title='bbox 2070 4184 2264 4249; x_wconf 89' lang='lat' dir='ltr'><strong>quibus</strong></span> <span class='ocrx_word' id='word_1_905' title='bbox 2289 4182 2522 4235; x_wconf 91' lang='lat' dir='ltr'><strong>sollicite</strong></span> <span class='ocrx_word' id='word_1_906' title='bbox 2548 4185 2900 4248; x_wconf 85' lang='lat' dir='ltr'><strong>Augustinum</strong></span> <span class='ocrx_word' id='word_1_907' title='bbox 2925 4185 3216 4238; x_wconf 82' lang='lat' dir='ltr'><strong>con5uluit.</strong></span> <span class='ocrx_word' id='word_1_908' title='bbox 3268 4191 3441 4247; x_wconf 85' lang='lat' dir='ltr'><strong>Acce-</strong></span> 
     </span>
    </p>
   </div>
   <div class='ocr_carea' id='block_1_136' title="bbox 1856 4249 3440 4321">
    <p class='ocr_par' dir='ltr' id='par_1_136' title="bbox 1856 4249 3440 4321">
     <span class='ocr_line' id='line_1_139' title="bbox 1856 4249 3440 4321; baseline 0.004 -16"><span class='ocrx_word' id='word_1_909' title='bbox 1856 4253 1933 4305; x_wconf 90' lang='lat' dir='ltr'><strong>dit</strong></span> <span class='ocrx_word' id='word_1_910' title='bbox 1962 4253 2101 4321; x_wconf 90' lang='lat' dir='ltr'><strong>quod</strong></span> <span class='ocrx_word' id='word_1_911' title='bbox 2135 4251 2274 4306; x_wconf 90' lang='lat' dir='ltr'><strong>idem</strong></span> <span class='ocrx_word' id='word_1_912' title='bbox 2298 4254 2579 4320; x_wconf 87' lang='lat' dir='ltr'><strong>utriusque</strong></span> <span class='ocrx_word' id='word_1_913' title='bbox 2600 4249 2764 4303; x_wconf 83' lang='lat' dir='ltr'><strong>fuerit</strong></span> <span class='ocrx_word' id='word_1_914' title='bbox 2788 4268 2912 4321; x_wconf 85' lang='lat' dir='ltr'><strong>erga</strong></span> <span class='ocrx_word' id='word_1_915' title='bbox 2935 4253 3206 4308; x_wconf 77' lang='lat' dir='ltr'><strong>lulianum</strong></span> <span class='ocrx_word' id='word_1_916' title='bbox 3233 4257 3440 4321; x_wconf 88' lang='lat' dir='ltr'><strong>odium,</strong></span> 
     </span>
    </p>
   </div>
   <div class='ocr_carea' id='block_1_137' title="bbox 1855 4321 3444 4399">
    <p class='ocr_par' dir='ltr' id='par_1_137' title="bbox 1855 4321 3444 4399">
     <span class='ocr_line' id='line_1_140' title="bbox 1855 4321 3444 4399; baseline 0.006 -24"><span class='ocrx_word' id='word_1_917' title='bbox 1855 4321 1997 4399; x_wconf 68' lang='lat' dir='ltr'><strong>idem</strong></span> <span class='ocrx_word' id='word_1_918' title='bbox 2024 4337 2148 4399; x_wconf 82' lang='lat' dir='ltr'><strong>erga</strong></span> <span class='ocrx_word' id='word_1_919' title='bbox 2174 4322 2522 4392; x_wconf 86' lang='lat' dir='ltr'><strong>Augustinum</strong></span> <span class='ocrx_word' id='word_1_920' title='bbox 2549 4328 2782 4399; x_wconf 46' lang='lat' dir='ltr'><strong>animus,</strong></span> <span class='ocrx_word' id='word_1_921' title='bbox 2806 4324 3141 4399; x_wconf 74' lang='lat' dir='ltr'><strong>Eadein_t‘erc</strong></span> <span class='ocrx_word' id='word_1_922' title='bbox 3166 4331 3444 4399; x_wconf 85' lang='lat' dir='ltr'><strong>utriusque</strong></span> 
     </span>
    </p>
   </div>
   <div class='ocr_carea' id='block_1_138' title="bbox 1860 4391 3445 4468">
    <p class='ocr_par' dir='ltr' id='par_1_138' title="bbox 1860 4391 3445 4468">
     <span class='ocr_line' id='line_1_141' title="bbox 1860 4391 3445 4468; baseline 0.006 -23"><span class='ocrx_word' id='word_1_923' title='bbox 1860 4391 2146 4468; x_wconf 58' lang='lat' dir='ltr'><strong>Latinitas,</strong></span> <span class='ocrx_word' id='word_1_924' title='bbox 2195 4391 2379 4462; x_wconf 81' lang='lat' dir='ltr'><strong>parum</strong></span> <span class='ocrx_word' id='word_1_925' title='bbox 2428 4408 2619 4468; x_wconf 86' lang='lat' dir='ltr'><strong>nempe</strong></span> <span class='ocrx_word' id='word_1_926' title='bbox 2650 4393 2929 4468; x_wconf 80' lang='lat' dir='ltr'><strong>castigata.</strong></span> <span class='ocrx_word' id='word_1_927' title='bbox 2979 4396 3201 4466; x_wconf 84' lang='lat' dir='ltr'><strong>Utrique</strong></span> <span class='ocrx_word' id='word_1_928' title='bbox 3235 4391 3445 4468; x_wconf 76' lang='lat' dir='ltr'><strong>placent</strong></span> 
     </span>
    </p>
   </div>
   <div class='ocr_carea' id='block_1_139' title="bbox 1861 4462 3444 4535">
    <p class='ocr_par' dir='ltr' id='par_1_139' title="bbox 1861 4462 3444 4535">
     <span class='ocr_line' id='line_1_142' title="bbox 1861 4462 3444 4535; baseline 0.005 -18"><span class='ocrx_word' id='word_1_929' title='bbox 1861 4462 2154 4517; x_wconf 89' lang='lat' dir='ltr'><strong>insolentes</strong></span> <span class='ocrx_word' id='word_1_930' title='bbox 2179 4477 2232 4518; x_wconf 88' lang='lat' dir='ltr'><strong>et</strong></span> <span class='ocrx_word' id='word_1_931' title='bbox 2260 4464 2555 4533; x_wconf 65' lang='lat' dir='ltr'><strong>peregrinae</strong></span> <span class='ocrx_word' id='word_1_932' title='bbox 2584 4478 2741 4518; x_wconf 81' lang='lat' dir='ltr'><strong>voces</strong></span> <span class='ocrx_word' id='word_1_933' title='bbox 2764 4482 2776 4515; x_wconf 90' lang='lat'>:</span> <span class='ocrx_word' id='word_1_934' title='bbox 2796 4465 3005 4535; x_wconf 85' lang='lat' dir='ltr'><strong>utrique</strong></span> <span class='ocrx_word' id='word_1_935' title='bbox 3027 4462 3444 4525; x_wconf 76' lang='lat' dir='ltr'><strong>exclamationes</strong></span> 
     </span>
    </p>
   </div>
   <div class='ocr_carea' id='block_1_140' title="bbox 1862 4535 3444 4610">
    <p class='ocr_par' dir='ltr' id='par_1_140' title="bbox 1862 4535 3444 4610">
     <span class='ocr_line' id='line_1_143' title="bbox 1862 4535 3444 4610; baseline 0.005 -23"><span class='ocrx_word' id='word_1_936' title='bbox 1862 4535 2164 4610; x_wconf 62' lang='lat' dir='ltr'><strong>crebrm,_et</strong></span> <span class='ocrx_word' id='word_1_937' title='bbox 2184 4536 2300 4610; x_wconf 69' lang='lat' dir='ltr'><strong>alia-</strong></span> <span class='ocrx_word' id='word_1_938' title='bbox 2323 4536 2580 4610; x_wconf 77' lang='lat' dir='ltr'><strong>o_raiiouis</strong></span> <span class='ocrx_word' id='word_1_939' title='bbox 2606 4537 2765 4610; x_wconf 84' lang='lat' dir='ltr'><strong>paulo</strong></span> <span class='ocrx_word' id='word_1_940' title='bbox 2788 4539 3211 4595; x_wconf 84' lang='lat' dir='ltr'><strong>vehementioris</strong></span> <span class='ocrx_word' id='word_1_941' title='bbox 3234 4540 3444 4610; x_wconf 66' lang='lat' dir='ltr'><strong>ﬁgurat.</strong></span> 
     </span>
    </p>
   </div>
   <div class='ocr_carea' id='block_1_141' title="bbox 1865 4604 3446 4679">
    <p class='ocr_par' dir='ltr' id='par_1_141' title="bbox 1865 4604 3446 4679">
     <span class='ocr_line' id='line_1_144' title="bbox 1865 4604 3446 4679; baseline 0.005 -21"><span class='ocrx_word' id='word_1_942' title='bbox 1865 4604 2046 4679; x_wconf 80' lang='lat' dir='ltr'><strong>Ambo</strong></span> <span class='ocrx_word' id='word_1_943' title='bbox 2072 4604 2304 4675; x_wconf 90' lang='lat' dir='ltr'><strong>denique</strong></span> <span class='ocrx_word' id='word_1_944' title='bbox 2346 4604 2643 4679; x_wconf 83' lang='lat' dir='ltr'><strong>Pelagianis</strong></span> <span class='ocrx_word' id='word_1_945' title='bbox 2674 4608 2797 4660; x_wconf 86' lang='lat' dir='ltr'><strong>vitae</strong></span> <span class='ocrx_word' id='word_1_946' title='bbox 2831 4610 3217 4677; x_wconf 87' lang='lat' dir='ltr'><strong>turpitudinem</strong></span> <span class='ocrx_word' id='word_1_947' title='bbox 3261 4604 3446 4679; x_wconf 70' lang='lat' dir='ltr'><strong>aperte</strong></span> 
     </span>
    </p>
   </div>
   <div class='ocr_carea' id='block_1_142' title="bbox 1863 4675 3443 4746">
    <p class='ocr_par' dir='ltr' id='par_1_142' title="bbox 1863 4675 3443 4746">
     <span class='ocr_line' id='line_1_145' title="bbox 1863 4675 3443 4746; baseline 0.003 -17"><span class='ocrx_word' id='word_1_948' title='bbox 1863 4675 2213 4743; x_wconf 74' lang='lat' dir='ltr'><strong>exprobrant,</strong></span> <span class='ocrx_word' id='word_1_949' title='bbox 2240 4678 2500 4731; x_wconf 83' lang='lat' dir='ltr'><strong>aculeaiis</strong></span> <span class='ocrx_word' id='word_1_950' title='bbox 2529 4691 2655 4730; x_wconf 78' lang='lat' dir='ltr'><strong>sane</strong></span> <span class='ocrx_word' id='word_1_951' title='bbox 2684 4691 2745 4731; x_wconf 84' lang='lat' dir='ltr'><strong>ac</strong></span> <span class='ocrx_word' id='word_1_952' title='bbox 2771 4692 2906 4746; x_wconf 90' lang='lat' dir='ltr'><strong>pene</strong></span> <span class='ocrx_word' id='word_1_953' title='bbox 2921 4675 3209 4735; x_wconf 73' lang='lat' dir='ltr'><strong>iracundis</strong></span> <span class='ocrx_word' id='word_1_954' title='bbox 3241 4675 3443 4735; x_wconf 74' lang='lat' dir='ltr'><strong>verbis.</strong></span> 
     </span>
    </p>
   </div>
   <div class='ocr_carea' id='block_1_143' title="bbox 1864 4745 3444 4817">
    <p class='ocr_par' dir='ltr' id='par_1_143' title="bbox 1864 4745 3444 4817">
     <span class='ocr_line' id='line_1_146' title="bbox 1864 4745 3444 4817; baseline 0.002 -17"><span class='ocrx_word' id='word_1_955' title='bbox 1864 4745 2171 4817; x_wconf 85' lang='lat' dir='ltr'><strong>Legendum</strong></span> <span class='ocrx_word' id='word_1_956' title='bbox 2205 4762 2364 4812; x_wconf 63' lang='lat' dir='ltr'><strong>super</strong></span> <span class='ocrx_word' id='word_1_957' title='bbox 2389 4747 2489 4800; x_wconf 74' lang='lat' dir='ltr'><strong>huc</strong></span> <span class='ocrx_word' id='word_1_958' title='bbox 2516 4762 2572 4800; x_wconf 92' lang='lat' dir='ltr'><strong>re</strong></span> <span class='ocrx_word' id='word_1_959' title='bbox 2598 4756 2756 4814; x_wconf 87' lang='lat' dir='ltr'><strong>caput</strong></span> <span class='ocrx_word' id='word_1_960' title='bbox 2775 4745 2817 4801; x_wconf 31' lang='lat'><strong>’4</strong></span> <span class='ocrx_word' id='word_1_961' title='bbox 2841 4759 2893 4803; x_wconf 90' lang='lat' dir='ltr'><strong>et</strong></span> <span class='ocrx_word' id='word_1_962' title='bbox 2916 4750 2949 4804; x_wconf 83' lang='lat'><strong>5</strong></span> <span class='ocrx_word' id='word_1_963' title='bbox 2972 4750 3444 4817; x_wconf 82' lang='lat' dir='ltr'><strong>Subnotationnm,</strong></span> 
     </span>
    </p>
   </div>
   <div class='ocr_carea' id='block_1_144' title="bbox 1866 4816 3449 4892">
    <p class='ocr_par' dir='ltr' id='par_1_144' title="bbox 1866 4816 3449 4892">
     <span class='ocr_line' id='line_1_147' title="bbox 1866 4816 3449 4892; baseline 0.001 -21"><span class='ocrx_word' id='word_1_964' title='bbox 1866 4818 1953 4872; x_wconf 87' lang='lat' dir='ltr'><strong>ubi</strong></span> <span class='ocrx_word' id='word_1_965' title='bbox 1977 4816 2555 4892; x_wconf 31' lang='lat' dir='ltr'><strong>Mercato‘rdomesdca</strong></span> <span class='ocrx_word' id='word_1_966' title='bbox 2584 4817 2781 4892; x_wconf 60' lang='lat' dir='ltr'><strong>luliani</strong></span> <span class='ocrx_word' id='word_1_967' title='bbox 2809 4822 3067 4892; x_wconf 89' lang='lat' dir='ltr'><strong>propudia</strong></span> <span class='ocrx_word' id='word_1_968' title='bbox 3099 4823 3306 4891; x_wconf 83' lang='lat' dir='ltr'><strong>retegit.</strong></span> <span class='ocrx_word' id='word_1_969' title='bbox 3341 4816 3449 4892; x_wconf 77' lang='lat' dir='ltr'><strong>ily-</strong></span> 
     </span>
    </p>
   </div>
   <div class='ocr_carea' id='block_1_145' title="bbox 1866 4885 3448 4959">
    <p class='ocr_par' dir='ltr' id='par_1_145' title="bbox 1866 4885 3448 4959">
     <span class='ocr_line' id='line_1_148' title="bbox 1866 4885 3448 4959; baseline 0.004 -19"><span class='ocrx_word' id='word_1_970' title='bbox 1866 4900 2155 4955; x_wconf 80' lang='lat' dir='ltr'><strong>pognostes</strong></span> <span class='ocrx_word' id='word_1_971' title='bbox 2202 4887 2348 4959; x_wconf 87' lang='lat' dir='ltr'><strong>(Lib.</strong></span> <span class='ocrx_word' id='word_1_972' title='bbox 2399 4886 2499 4957; x_wconf 87' lang='lat' dir='ltr'><strong>iv)</strong></span> <span class='ocrx_word' id='word_1_973' title='bbox 2535 4902 2549 4940; x_wconf 89' lang='lat'>:</span> <span class='ocrx_word' id='word_1_974' title='bbox 2585 4885 2882 4955; x_wconf 83' lang='lat' dir='ltr'><strong>Iinpudenti</strong></span> <span class='ocrx_word' id='word_1_975' title='bbox 2912 4885 3097 4959; x_wconf 68' lang='lat' dir='ltr'><strong>fronte</strong></span> <span class='ocrx_word' id='word_1_976' title='bbox 3141 4885 3448 4946; x_wconf 57' lang='lat' dir='ltr'><strong>las&#39;civicnt&#39;is</strong></span> 
     </span>
    </p>
   </div>
   <div class='ocr_carea' id='block_1_146' title="bbox 1866 4959 3445 5031">
    <p class='ocr_par' dir='ltr' id='par_1_146' title="bbox 1866 4959 3445 5031">
     <span class='ocr_line' id='line_1_149' title="bbox 1866 4959 3445 5031; baseline 0.003 -20"><span class='ocrx_word' id='word_1_977' title='bbox 1866 4959 2094 5012; x_wconf 84' lang='lat' dir='ltr'><strong>libidinis</strong></span> <span class='ocrx_word' id='word_1_978' title='bbox 2110 4973 2338 5031; x_wconf 78' lang='lat' dir='ltr'><strong>malum,</strong></span> <span class='ocrx_word' id='word_1_979' title='bbox 2372 4959 2869 5031; x_wconf 76' lang='lat' dir='ltr'><strong>sicprocacitingua</strong></span> <span class='ocrx_word' id='word_1_980' title='bbox 2897 4960 3123 5016; x_wconf 86' lang='lat' dir='ltr'><strong>laudatis</strong></span> <span class='ocrx_word' id='word_1_981' title='bbox 3148 4963 3199 5015; x_wconf 90' lang='lat' dir='ltr'><strong>in</strong></span> <span class='ocrx_word' id='word_1_982' title='bbox 3219 4962 3445 5031; x_wconf 83' lang='lat' dir='ltr'><strong>publico,</strong></span> 
     </span>
    </p>
   </div>
   <div class='ocr_carea' id='block_1_147' title="bbox 1867 5027 3451 5101">
    <p class='ocr_par' dir='ltr' id='par_1_147' title="bbox 1867 5027 3451 5101">
     <span class='ocr_line' id='line_1_150' title="bbox 1867 5027 3451 5101; baseline 0.001 -18"><span class='ocrx_word' id='word_1_983' title='bbox 1867 5042 1922 5083; x_wconf 87' lang='lat' dir='ltr'><strong>ut</strong></span> <span class='ocrx_word' id='word_1_984' title='bbox 1952 5029 2142 5083; x_wconf 84' lang='lat' dir='ltr'><strong>cunctis</strong></span> <span class='ocrx_word' id='word_1_985' title='bbox 2172 5039 2342 5100; x_wconf 85' lang='lat' dir='ltr'><strong>pateat</strong></span> <span class='ocrx_word' id='word_1_986' title='bbox 2366 5029 2488 5096; x_wconf 85' lang='lat' dir='ltr'><strong>quid</strong></span> <span class='ocrx_word' id='word_1_987' title='bbox 2518 5045 2550 5101; x_wconf 76' lang='grc' dir='ltr'><em>ᾳ</em></span> <span class='ocrx_word' id='word_1_988' title='bbox 2581 5027 2716 5081; x_wconf 86' lang='lat' dir='ltr'><strong>vobis</strong></span> <span class='ocrx_word' id='word_1_989' title='bbox 2746 5027 2953 5099; x_wconf 82' lang='lat' dir='ltr'><strong>geratur</strong></span> <span class='ocrx_word' id='word_1_990' title='bbox 2980 5033 3031 5085; x_wconf 86' lang='lat' dir='ltr'><strong>in</strong></span> <span class='ocrx_word' id='word_1_991' title='bbox 3057 5027 3265 5101; x_wconf 81' lang='lat' dir='ltr'><strong>secreto,</strong></span> <span class='ocrx_word' id='word_1_992' title='bbox 3300 5034 3341 5086; x_wconf 89' lang='lat' dir='ltr'><strong>si</strong></span> <span class='ocrx_word' id='word_1_993' title='bbox 3371 5044 3451 5086; x_wconf 87' lang='lat' dir='ltr'><strong>la-</strong></span> 
     </span>
    </p>
   </div>
   <div class='ocr_carea' id='block_1_148' title="bbox 1868 5097 3450 5175">
    <p class='ocr_par' dir='ltr' id='par_1_148' title="bbox 1868 5097 3450 5175">
     <span class='ocr_line' id='line_1_151' title="bbox 1868 5097 3450 5175; baseline 0.003 -21"><span class='ocrx_word' id='word_1_994' title='bbox 1868 5118 2002 5163; x_wconf 83' lang='lat' dir='ltr'><strong>men,</strong></span> <span class='ocrx_word' id='word_1_995' title='bbox 2036 5116 2152 5175; x_wconf 38' lang='lat' dir='ltr'><strong>qua;</strong></span> <span class='ocrx_word' id='word_1_996' title='bbox 2173 5097 2387 5153; x_wconf 86' lang='lat' dir='ltr'><strong>laudare</strong></span> <span class='ocrx_word' id='word_1_997' title='bbox 2412 5097 2976 5175; x_wconf 26' lang='lat' dir='ltr'><strong>publicenon‘pudeat,</strong></span> <span class='ocrx_word' id='word_1_998' title='bbox 3010 5105 3201 5175; x_wconf 87' lang='lat' dir='ltr'><strong>eligant</strong></span> <span class='ocrx_word' id='word_1_999' title='bbox 3249 5097 3325 5157; x_wconf 71' lang='lat' dir='ltr'><strong>uel</strong></span> <span class='ocrx_word' id='word_1_1000' title='bbox 3364 5121 3450 5159; x_wconf 84' lang='lat' dir='ltr'><strong>se-</strong></span> 
     </span>
    </p>
   </div>
   <div class='ocr_carea' id='block_1_149' title="bbox 1868 5168 3450 5241">
    <p class='ocr_par' dir='ltr' id='par_1_149' title="bbox 1868 5168 3450 5241">
     <span class='ocr_line' id='line_1_152' title="bbox 1868 5168 3450 5241; baseline 0.002 -17"><span class='ocrx_word' id='word_1_1001' title='bbox 1868 5168 2081 5225; x_wconf 84' lang='lat' dir='ltr'><strong>cretum.</strong></span> <span class='ocrx_word' id='word_1_1002' title='bbox 2114 5171 2179 5224; x_wconf 86' lang='lat' dir='ltr'><strong>Et</strong></span> <span class='ocrx_word' id='word_1_1003' title='bbox 2209 5180 2393 5240; x_wconf 86' lang='lat' dir='ltr'><strong>postea</strong></span> <span class='ocrx_word' id='word_1_1004' title='bbox 2425 5187 2437 5221; x_wconf 86' lang='lat'><strong>:</strong></span> <span class='ocrx_word' id='word_1_1005' title='bbox 2467 5168 2674 5240; x_wconf 85' lang='lat' dir='ltr'><strong>Pergite</strong></span> <span class='ocrx_word' id='word_1_1006' title='bbox 2700 5170 2870 5224; x_wconf 87' lang='lat' dir='ltr'><strong>adhuc</strong></span> <span class='ocrx_word' id='word_1_1007' title='bbox 2898 5189 2985 5238; x_wconf 89' lang='lat' dir='ltr'><strong>per</strong></span> <span class='ocrx_word' id='word_1_1008' title='bbox 3027 5168 3233 5241; x_wconf 56' lang='lat' dir='ltr'><strong>ca&#39;mpos</strong></span> <span class='ocrx_word' id='word_1_1009' title='bbox 3265 5176 3450 5239; x_wconf 87' lang='lat' dir='ltr'><strong>loqua-</strong></span> 
     </span>
    </p>
   </div>
   <div class='ocr_carea' id='block_1_150' title="bbox 1868 5243 3452 5312">
    <p class='ocr_par' dir='ltr' id='par_1_150' title="bbox 1868 5243 3452 5312">
     <span class='ocr_line' id='line_1_153' title="bbox 1868 5243 3452 5312; baseline 0.003 -17"><span class='ocrx_word' id='word_1_1010' title='bbox 1868 5243 2038 5295; x_wconf 89' lang='lat' dir='ltr'><strong>citatis</strong></span> <span class='ocrx_word' id='word_1_1011' title='bbox 2059 5253 2261 5303; x_wconf 69' lang='lat' dir='ltr'><strong>vestraa,</strong></span> <span class='ocrx_word' id='word_1_1012' title='bbox 2304 5258 2406 5312; x_wconf 91' lang='lat' dir='ltr'><strong>qua</strong></span> <span class='ocrx_word' id='word_1_1013' title='bbox 2434 5250 2586 5294; x_wconf 79' lang='lat' dir='ltr'><strong>tanta:</strong></span> <span class='ocrx_word' id='word_1_1014' title='bbox 2614 5243 2946 5311; x_wconf 87' lang='lat' dir='ltr'><strong>turpitudinis</strong></span> <span class='ocrx_word' id='word_1_1015' title='bbox 2984 5246 3203 5299; x_wconf 85' lang='lat' dir='ltr'><strong>calorem</strong></span> <span class='ocrx_word' id='word_1_1016' title='bbox 3239 5246 3452 5299; x_wconf 86' lang='lat' dir='ltr'><strong>laudare</strong></span> 
     </span>
    </p>
   </div>
   <div class='ocr_carea' id='block_1_151' title="bbox 1870 5313 3454 5380">
    <p class='ocr_par' dir='ltr' id='par_1_151' title="bbox 1870 5313 3454 5380">
     <span class='ocr_line' id='line_1_154' title="bbox 1870 5313 3454 5380; baseline 0.001 -13"><span class='ocrx_word' id='word_1_1017' title='bbox 1870 5331 1971 5367; x_wconf 89' lang='lat' dir='ltr'><strong>non</strong></span> <span class='ocrx_word' id='word_1_1018' title='bbox 1997 5314 2306 5379; x_wconf 76' lang='lat' dir='ltr'><strong>erubescitis,</strong></span> <span class='ocrx_word' id='word_1_1019' title='bbox 2345 5322 2392 5364; x_wconf 91' lang='lat' dir='ltr'><strong>et</strong></span> <span class='ocrx_word' id='word_1_1020' title='bbox 2420 5313 2659 5380; x_wconf 90' lang='lat' dir='ltr'><strong>clamate,</strong></span> <span class='ocrx_word' id='word_1_1021' title='bbox 2705 5315 2987 5367; x_wconf 85' lang='lat' dir='ltr'><strong>secundum</strong></span> <span class='ocrx_word' id='word_1_1022' title='bbox 3032 5317 3454 5371; x_wconf 85' lang='lat' dir='ltr'><strong>consuetudinem</strong></span> 
     </span>
    </p>
   </div>
   <div class='ocr_carea' id='block_1_152' title="bbox 1866 5382 3454 5456">
    <p class='ocr_par' dir='ltr' id='par_1_152' title="bbox 1866 5382 3454 5456">
     <span class='ocr_line' id='line_1_155' title="bbox 1866 5382 3454 5456; baseline 0.002 -18"><span class='ocrx_word' id='word_1_1023' title='bbox 1866 5393 2087 5439; x_wconf 84' lang='lat' dir='ltr'><strong>vestram</strong></span> <span class='ocrx_word' id='word_1_1024' title='bbox 2114 5384 2334 5456; x_wconf 79' lang='lat' dir='ltr'><strong>dicentes</strong></span> <span class='ocrx_word' id='word_1_1025' title='bbox 2360 5400 2371 5433; x_wconf 90' lang='lat'><strong>:</strong></span> <span class='ocrx_word' id='word_1_1026' title='bbox 2400 5382 2582 5435; x_wconf 81' lang='lat' dir='ltr'><strong>Libido</strong></span> <span class='ocrx_word' id='word_1_1027' title='bbox 2610 5382 2749 5456; x_wconf 84' lang='lat' dir='ltr'><strong>calor</strong></span> <span class='ocrx_word' id='word_1_1028' title='bbox 2778 5385 2939 5439; x_wconf 88' lang='lat' dir='ltr'><strong>bonus</strong></span> <span class='ocrx_word' id='word_1_1029' title='bbox 2966 5394 3039 5439; x_wconf 87' lang='lat' dir='ltr'><strong>est</strong></span> <span class='ocrx_word' id='word_1_1030' title='bbox 3069 5388 3327 5456; x_wconf 86' lang='lat' dir='ltr'><strong>genitalis,</strong></span> <span class='ocrx_word' id='word_1_1031' title='bbox 3361 5404 3454 5448; x_wconf 85' lang='lat' dir='ltr'><strong>nec</strong></span> 
     </span>
    </p>
   </div>
   <div class='ocr_carea' id='block_1_153' title="bbox 1869 5454 3456 5526">
    <p class='ocr_par' dir='ltr' id='par_1_153' title="bbox 1869 5454 3456 5526">
     <span class='ocr_line' id='line_1_156' title="bbox 1869 5454 3456 5526; baseline 0.005 -19"><span class='ocrx_word' id='word_1_1032' title='bbox 1869 5467 1942 5508; x_wconf 87' lang='lat' dir='ltr'><strong>est</strong></span> <span class='ocrx_word' id='word_1_1033' title='bbox 1963 5456 2018 5508; x_wconf 85' lang='lat' dir='ltr'><strong>in</strong></span> <span class='ocrx_word' id='word_1_1034' title='bbox 2046 5470 2107 5506; x_wconf 88' lang='lat' dir='ltr'><strong>ea</strong></span> <span class='ocrx_word' id='word_1_1035' title='bbox 2127 5454 2261 5523; x_wconf 87' lang='lat' dir='ltr'><strong>quod</strong></span> <span class='ocrx_word' id='word_1_1036' title='bbox 2285 5456 2493 5526; x_wconf 80' lang='lat' dir='ltr'><strong>pudeat,</strong></span> <span class='ocrx_word' id='word_1_1037' title='bbox 2529 5454 2648 5523; x_wconf 85' lang='lat' dir='ltr'><strong>quia</strong></span> <span class='ocrx_word' id='word_1_1038' title='bbox 2676 5456 2720 5507; x_wconf 89' lang='lat' dir='ltr'><strong>si</strong></span> <span class='ocrx_word' id='word_1_1039' title='bbox 2740 5455 2934 5509; x_wconf 88' lang='lat' dir='ltr'><strong>malum</strong></span> <span class='ocrx_word' id='word_1_1040' title='bbox 2965 5454 3083 5512; x_wconf 76' lang='lat' dir='ltr'><strong>esse</strong></span> <span class='ocrx_word' id='word_1_1041' title='bbox 3108 5454 3327 5526; x_wconf 84' lang='lat' dir='ltr'><strong>dicatur,</strong></span> <span class='ocrx_word' id='word_1_1042' title='bbox 3357 5477 3456 5515; x_wconf 62' lang='lat' dir='ltr'><strong>nte-</strong></span> 
     </span>
    </p>
   </div>
   <div class='ocr_carea' id='block_1_154' title="bbox 1869 5525 3456 5604">
    <p class='ocr_par' dir='ltr' id='par_1_154' title="bbox 1869 5525 3456 5604">
     <span class='ocr_line' id='line_1_157' title="bbox 1869 5525 3456 5604; baseline 0.003 -26"><span class='ocrx_word' id='word_1_1043' title='bbox 1869 5528 1989 5604; x_wconf 75' lang='lat' dir='ltr'><strong>ptia:</strong></span> <span class='ocrx_word' id='word_1_1044' title='bbox 2003 5528 2119 5604; x_wconf 73' lang='lat' dir='ltr'><strong>jam</strong></span> <span class='ocrx_word' id='word_1_1045' title='bbox 2142 5525 2562 5604; x_wconf 63' lang='lat' dir='ltr'><strong>damnabantur;</strong></span> <span class='ocrx_word' id='word_1_1046' title='bbox 2587 5527 2695 5578; x_wconf 88' lang='lat' dir='ltr'><strong>sine</strong></span> <span class='ocrx_word' id='word_1_1047' title='bbox 2718 5528 2975 5604; x_wconf 34' lang='lat' dir='ltr'><strong>illa‘enim</strong></span> <span class='ocrx_word' id='word_1_1048' title='bbox 3004 5547 3103 5583; x_wconf 89' lang='lat' dir='ltr'><strong>non</strong></span> <span class='ocrx_word' id='word_1_1049' title='bbox 3129 5533 3311 5600; x_wconf 83' lang='lat' dir='ltr'><strong>poterit</strong></span> <span class='ocrx_word' id='word_1_1050' title='bbox 3332 5546 3456 5604; x_wconf 44' lang='lat' dir='ltr'><strong>prof</strong></span> 
     </span>
    </p>
   </div>
   <div class='ocr_carea' id='block_1_155' title="bbox 1871 5594 3455 5656">
    <p class='ocr_par' dir='ltr' id='par_1_155' title="bbox 1871 5594 3455 5656">
     <span class='ocr_line' id='line_1_158' title="bbox 1871 5594 3455 5656; baseline 0.004 -6"><span class='ocrx_word' id='word_1_1051' title='bbox 1871 5594 1945 5650; x_wconf 85' lang='lat' dir='ltr'><strong>les</strong></span> <span class='ocrx_word' id='word_1_1052' title='bbox 1970 5594 2207 5651; x_wconf 56' lang='lat' dir='ltr'><strong>eaistere.</strong></span> <span class='ocrx_word' id='word_1_1053' title='bbox 2244 5595 2324 5648; x_wconf 72' lang='lat' dir='ltr'><strong>Ea:</strong></span> <span class='ocrx_word' id='word_1_1054' title='bbox 2342 5594 2439 5647; x_wconf 86' lang='lat' dir='ltr'><strong>hoc</strong></span> <span class='ocrx_word' id='word_1_1055' title='bbox 2460 5596 2722 5649; x_wconf 78' lang='lat' dir='ltr'><strong>advertant</strong></span> <span class='ocrx_word' id='word_1_1056' title='bbox 2749 5598 2953 5654; x_wconf 69' lang='lat' dir='ltr'><strong>dilecta:</strong></span> <span class='ocrx_word' id='word_1_1057' title='bbox 2977 5594 3154 5655; x_wconf 78' lang='lat' dir='ltr'><strong>uestra:</strong></span> <span class='ocrx_word' id='word_1_1058' title='bbox 3179 5594 3455 5656; x_wconf 66' lang='lat' dir='ltr'><strong>castissimi</strong></span> 
     </span>
    </p>
   </div>
   <div class='ocr_carea' id='block_1_156' title="bbox 1868 5666 3454 5749">
    <p class='ocr_par' dir='ltr' id='par_1_156' title="bbox 1868 5666 3454 5749">
     <span class='ocr_line' id='line_1_159' title="bbox 1868 5666 3454 5749; baseline 0.005 -29"><span class='ocrx_word' id='word_1_1059' title='bbox 1868 5675 2266 5739; x_wconf 71' lang='lat' dir='ltr'><strong>expugnatores,</strong></span> <span class='ocrx_word' id='word_1_1060' title='bbox 2302 5666 2695 5735; x_wconf 84' lang='lat' dir='ltr'><strong>quantumlibet,</strong></span> <span class='ocrx_word' id='word_1_1061' title='bbox 2723 5670 2857 5739; x_wconf 83' lang='lat' dir='ltr'><strong>quod</strong></span> <span class='ocrx_word' id='word_1_1062' title='bbox 2893 5680 3091 5727; x_wconf 84' lang='lat' dir='ltr'><strong>tantum</strong></span> <span class='ocrx_word' id='word_1_1063' title='bbox 3121 5674 3332 5730; x_wconf 86' lang='lat' dir='ltr'><strong>laudare</strong></span> <span class='ocrx_word' id='word_1_1064' title='bbox 3356 5673 3454 5749; x_wconf 52' lang='lat' dir='ltr'><strong>dect</strong></span> 
     </span>
    </p>
   </div>
  </div>
