3964 6280
453 323 562 379 sss

891 321 985 380 AD
1022 317 1306 381 PARTEM
1342 317 1607 379 ΡΒΙΜΑΜ
1643 316 1924 379 OPERUM
1962 319 2036 377 Μ.
2075 319 2512 378 MERCATORIS
2547 318 2908 380 APPENDIX
2945 320 3281 381 SECUNDA.

3612 325 3732 386 58b

450 457 664 496 somnus
689 441 752 494 ab
775 438 933 495 oculis
960 458 1156 509 eorum,
1186 458 1287 494 non
1302 441 1438 494 enim
1459 438 1748 503 dormiunt,
1773 440 1874 492 nisi
1904 437 2037 492 male
2065 442 2115 501 Α
2143 437 2327 493 Sixtus
2359 438 2532 509 potuit
2554 437 2690 492 hanc
2723 439 2831 506 pati
2862 440 3186 494 calumniam
3217 455 3245 493 a
3281 439 3601 508 quibusdam
3629 441 3733 498 de-

453 513 667 583 fecerint
695 511 875 582 (Prov,
909 527 977 576 tv,
1005 511 1126 581 16);
1153 529 1244 564 nos
1270 512 1646 580 quodammodo
1663 512 1892 583 excitant
1915 511 2036 564 dor-

451 582 664 637 mientes
689 592 790 648 ,σαι
831 592 1035 648 arrepto
1062 585 1241 652 clypeo
1291 582 1546 652 veritatis,
1597 582 1814 649 falsitati
1859 597 2035 634 eorum

450 655 605 708 corde
625 655 907 720 resistente,
930 651 1222 722 vigilemus,
1250 651 1538 722 evangelica
1569 653 1687 706 tuba
1715 653 1904 706 nostris
1931 669 2032 704 au-

450 725 593 780 ribus
620 712 931 779 insonante':
966 712 1186 794 Vigilnte
1206 712 1252 794 et
1277 712 1440 794 oraie,
1467 738 1528 775 ne
1566 723 1766 794 intretis
1788 724 1844 775 in
1867 731 2034 776 tenta-

451 795 856 866 tionem(illarc.
890 810 975 849 xiv
996 837 1010 860 ,
1035 793 1158 863 ’38).
1184 793 1464 863 Conﬁdunt
1506 808 1625 865 ergo
1665 793 1908 866 ltwretici,
1946 809 2034 846 ca-

451 865 698 920 tholicam
727 867 881 933 ﬁdem
925 868 1283 936 impugnantes
1318 865 1584 936 inrvirtute
1614 880 1738 930 sua,
1768 865 1823 916 id
1852 872 1944 923 est,
1979 865 2033 919 in

448 939 671 991 audacia
697 937 863 990 cordis
907 933 1009 1001 sui,
1055 933 1223 1006 gratia
1251 933 1503 1006 desolati,
1536 945 1581 988 et
1627 935 2031 1006 inabundantia

452 1009 748 1062 diuitiarum
774 1024 1012 1068 suarum,
1043 1003 1095 1058 in
1134 1006 1370 1073 aperibus
1399 1004 1591 1058 scilicet
1621 1003 1899 1058 uoluntatis
1923 1023 2031 1062 sua:

450 1080 748 1150 gloriantes.
783 1077 890 1133 Sed
915 1077 1044 1150 Deus
1071 1075 1338 1150 dissipauit
1366 1093 1481 1150 ossa
1514 1076 1776 1150 hominum
1798 1077 2029 1150 sibiplq-

449 1147 669 1204 centium
685 1166 703 1214 ;
731 1149 931 1214 confusi
952 1156 1092 1208 sunt,
1115 1147 1235 1217 quia
1265 1147 1516 1200 Dominus
1533 1148 1718 1218 sprevit
1746 1163 1833 1201 eos
1855 1150 1869 1212 (
1885 1147 2025 1203 Psal.

449 1237 546 1285 LII,
577 1220 652 1291 6).
678 1219 1087 1291 Conﬁdamusqet
1119 1235 1212 1272 nos
1233 1219 1522 1291 resistentes
1546 1219 1616 1270 eis
1646 1217 1698 1269 in
1729 1220 1895 1291 gratia
1920 1218 2029 1272 Do-

367 1298 392 1360 'g
449 1293 575 1345 mini
597 1286 622 1355 ,⁷
663 1306 776 1360 qua:
800 1302 871 1344 est
903 1289 1068 1360 gloria
1098 1301 1300 1351 nostra,
1332 1286 1585 1342 redimens
1627 1304 1719 1342 nos
1733 1286 1780 1340 "a
1805 1289 2026 1342 circum-

378 1359 392 1376 ⁹
447 1361 688 1415 dantibus
710 1377 824 1426 nos,
848 1370 896 1414 et
906 1359 1228 1412 intellectum
1245 1359 1373 1411 dans
1395 1360 1559 1422 nobis,
1584 1369 1632 1413 et
1651 1359 1909 1414 instruens
1935 1377 2026 1414 nos

445 1432 502 1486 in
545 1434 625 1486 via
654 1430 752 1485 hac
799 1431 1325 1502 quamingredimur,
1372 1429 1728 1497 conﬁrmando
1757 1446 2026 1502 supernos

448 1504 624 1557 oculos
655 1519 777 1556 suos
802 1498 819 1564 ,
843 1501 964 1569 quia
994 1498 1049 1554 in
1090 1498 1200 1554 Deo
1241 1500 1466 1554 salutare
1496 1511 1724 1553 nostrum
1745 1540 1759 1562 ,
1783 1498 1838 1570 et
1861 1499 2026 1570 gloria

445 1583 646 1638 nostra,
680 1571 818 1626 Deus
844 1568 1028 1627 auxilii
1060 1571 1245 1636 nostri,
1271 1580 1318 1624 et
1339 1587 1451 1641 spes
1483 1581 1654 1624 nostra
1684 1572 1736 1622 in
1764 1568 1876 1624 Deo
1895 1581 1986 1625 est.

520 1643 725 1698 Deinde
757 1642 878 1697 vide
908 1659 973 1697 an
1003 1656 1108 1696 non
1153 1650 1385 1707 tempus,
1428 1641 1599 1700 locus.
1624 1655 2021 1710 argumentum,

445 1714 662 1840 gliaque
683 1715 933 1784 adjuncta
959 1715 1173 1767 trahant
1193 1712 1480 1782 cogitantis
1502 1713 1736 1766 animum
1762 1711 1816 1766 in
1841 1722 2022 1782 partes

491 1794 606 1840 ixtt.

491 1787 606 1840 ixti.

518 1855 754 1935 Scripsit
797 1855 1173 1935 ﬂlpoguostes
1191 1869 1268 1935 _eo
1294 1852 1405 1908 lere
1433 1852 2023 1935 t_empor.e_quo_l_itterze

446 1923 732 1994 Augustini
759 1927 824 1980 ad
849 1923 1065 1982 Sixtum
1096 1925 1313 1994 perlatae
1340 1932 1489 1994 sunt,
1513 1923 1780 1993 siquidem
1809 1924 1858 1977 id
1889 1927 2028 1992 Ope-

445 1999 521 2051 ris
542 1993 906 2066 compositum
938 1993 1441 2066 estannocirciter
1464 1993 1590 2060 419,
1621 2003 1677 2048 et
1698 1998 2028 2062 posteriores

447 2068 641 2123 littera:
673 2065 738 2122 ab
759 2067 1062 2137 Augustino
1091 2066 1155 2121 ad
1185 2065 1398 2121 Sixtum
1429 2067 1609 2120 missas
1632 2073 1776 2137 sunt,
1813 2069 1897 2137 vel
1926 2068 2026 2123 sub

447 2138 759 2280 gnem‘aqin.
791 2133 917 2204 41'8,
947 2137 1032 2194 vel
1056 2137 1208 2192 initio
1231 2138 1620 2206 consequentis
1643 2133 1796 2208 (Cap.
1825 2136 2026 2211 2hujus

484 2225 606 2263 mer
638 2253 648 2264 .
684 2249 697 2262 .

484 2211 697 2264 issert.l.

516 2272 742 2346 Scripsit
769 2279 976 2343 Romae,
1010 2277 1447 2349 quandoquidem
1477 2293 1541 2333 ea
1571 2277 1741 2332 utitur
1779 2272 2024 2349 Scriptu-

449 2365 526 2405 ra:
558 2351 808 2404 versione
834 2365 952 2421 quae
978 2347 1165 2421 Romae
1184 2358 1396 2421 tantum
1431 2349 1613 2421 infuso,
1649 2360 1774 2402 tunc
1803 2347 1900 2401 luit
1925 2363 1939 2412 ;
1969 2355 2027 2402 et

448 2422 514 2476 iis
540 2421 756 2492 quidem
801 2419 870 2476 de
911 2420 1298 2489 quaestionibus
1341 2436 1460 2488 qua:
1491 2419 1788 2492 Ec_clesiam
1831 2421 2026 2492 Itoma-

446 2489 573 2547 nani
599 2499 958 2558 exercerent,
984 2499 1146 2561 atque
1176 2492 1230 2545 in
1259 2491 1511 2545 tractoria
1548 2489 1746 2552 Zosimi
1783 2490 2029 2546 contine-

447 2574 654 2618 rentur.

515 2633 742 2702 Scripsit
763 2632 999 2702 denique
1020 2642 1210 2688 contra
1237 2631 1506 2687 lulianum
1526 2632 1775 2702 nondum
1802 2632 2022 2702 deposi-

447 2714 581 2772 tum,
609 2701 701 2758 sed
731 2701 1101 2758 unum’tamen
1135 2704 1200 2756 de
1240 2704 1306 2757 iis
1347 2717 1485 2772 quos
1509 2701 1694 2758 Roma:
1742 2712 2023 2759 versantes

447 2771 778 2847 Augustinus
799 2771 1517 2847 cunqueriturlEpist.’194)
1545 2774 1818 2828 damnatas
1839 2777 2023 2847 justis-

447 2843 573 2916 om;
600 2847 882 2916 impietates
911 2844 1078 2916 adhuc
1107 2843 1315 2898 liberius
1335 2844 1628 2916 defendere.

519 2915 652 2969 Cum
672 2913 842 2980 igitur
873 2914 1003 2968 nihil
1030 2923 1178 2969 vetet
1217 2913 1501 2982 quominus
1546 2916 1597 2967 hi
1631 2915 1752 2969 libri
1785 2915 2022 2971 tribuan-

449 2994 538 3040 tur
561 2985 736 3048 Sixto,
770 3001 874 3039 non
897 2986 1066 3048 locus,
1093 2998 1200 3038 non
1231 2993 1462 3050 tempus,
1493 3000 1596 3037 non
1623 2998 2020 3053 argumentum,

450 3071 556 3111 non
587 3055 688 3109 alia
729 3054 1017 3124 adjuncta;
1047 3068 1275 3124 cumque
1323 3055 1639 3109 tribuendos
1687 3057 1850 3109 multa
1900 3072 2023 3113 sua-

449 3127 633 3193 deant,
665 3126 962 3180 admonitio
994 3126 1294 3190 Augustini,
1335 3125 1570 3180 olﬁcium
1618 3127 1777 3193 Sixti,
1807 3126 2021 3182 confor-

2140 509 2273 563 lusis
2303 517 2420 563 arte
2444 506 2880 578 Pelagianorum,
2905 512 2995 579 qui
3020 526 3141 567 cum
3166 506 3730 568 ante—damnationem

2139 597 2198 634 se
2227 579 2440 654 deeius
2464 581 2696 634 amicitia
2727 581 3003 654 efferrent,
3056 585 3261 637 mentiti
3292 580 3407 636 sint
3429 593 3612 651 postea
3645 583 3731 654 ip-

2137 666 2255 704 sum
2281 650 2382 704 sibi
2412 665 2516 704 non
2549 665 2786 720 pugnare
2809 668 2876 707 ex
2896 653 3095 719 animo,
3127 654 3223 708 sed
3256 650 3439 722 lingua
3469 650 3687 709 tantum
3712 695 3730 720 ,

2135 733 2195 775 ut
2246 723 2478 777 serviret
2519 723 2774 791 tempori,
2827 734 2991 792 atque
3027 733 3295 779 averteret
3334 739 3366 777 a
3413 736 3592 792 capite
3624 739 3729 781 suo

2143 792 2430 865 imminens
2453 794 2522 865 ab
2549 794 2652 865 ira,
2677 808 2800 848 cum
2829 794 3194 863 imperatoris,
3225 804 3339 849 tum
3360 796 3555 850 summi
3588 809 3729 865 pon-

2134 864 2312 928 tiﬁcis,
2356 863 2676 932 periculum.
2827 903 2832 908 .

2214 933 2304 990 Sic
2327 935 2470 989 enim
2510 933 2814 990 habendum
2847 944 2950 1002 est,
2975 935 3212 1002 Sixtum,
3245 936 3335 1004 qui
3363 943 3487 1005 post
3511 936 3726 994 obitum

2133 1002 2360 1070 Zosimi,
2391 1020 2498 1076 quo
2530 1006 2781 1074 pontiﬁce
2811 1008 2944 1062 nihil
2977 1022 3082 1060 non
3115 1002 3413 1074 poterat,'a
3442 1007 3726 1064 Bonitacio

2131 1088 2446 1131 successore
2478 1076 2727 1131 redactus
2750 1087 2894 1131 esset
2935 1079 3081 1132 velut
3111 1076 3166 1131 in
3197 1076 3441 1132 ordinem
3467 1118 3484 1143 ,
3521 1093 3725 1135 cavere

2131 1145 2402 1220 debuisse,
2427 1162 2496 1202 ne
2533 1147 2678 1215 apud
2721 1163 2988 1220 summum
3019 1149 3333 1220 pontiﬁcem
3357 1147 3505 1203 Afris
3536 1152 3724 1220 appri-

2131 1231 2218 1288 me
2247 1217 2542 1283 addictum,
2575 1220 2829 1288 opinione
2860 1217 3060 1274 favoris
3088 1234 3216 1288 erga
3252 1217 3722 1289 Pelagianosfju-

2131 1296 2282 1342 varet
2307 1289 2561 1342 invidiam
2594 1297 2858 1356 potestate
2887 1289 3114 1355 pristina
3143 1290 3444 1354 collectam,
3480 1289 3723 1358 ideoque

2130 1358 2182 1411 in
2211 1359 2354 1425 ipsos
2383 1360 2691 1414 iracundius
2719 1359 3027 1428 scripsisse,
3060 1375 3160 1415 nec
3188 1360 3241 1414 id
3283 1360 3505 1414 latuisse
3555 1361 3721 1417 Pela-

2127 1430 2402 1501 gianarum
2432 1431 2661 1498 partium
2697 1431 2866 1485 duces
2889 1474 2904 1498 ,
2944 1431 3214 1485 lulianum
3253 1441 3306 1486 et
3355 1428 3719 1501 Calestium,

2131 1500 2267 1571 Sixti
2310 1499 2506 1554 factum
2551 1503 2774 1569 perinde
2811 1501 3228 1571 interpretatos;
3271 1503 3424 1570 quasi
3457 1517 3575 1557 rem
3608 1499 3720 1560 non

2128 1570 2272 1624 serio
2293 1579 2505 1640 ageret:
2533 1581 2695 1641 atque
2719 1573 2790 1626 ita
2813 1570 3155 1627 reconciliari
3180 1581 3367 1639 posset
3389 1573 3717 1641 aliquando,

2127 1641 2172 1696 si
2203 1656 2375 1712 neque
2417 1642 2631 1696 interim
2661 1643 3030 1712 appellaretur
3078 1643 3294 1696 nomine
3342 1643 3485 1697 inter
3535 1659 3720 1712 oppu-

2126 1717 2370 1783 gnandos
2391 1711 2706 1783 catholicos,
2741 1728 2914 1783 neque
2945 1713 3051 1767 alia
3101 1714 3309 1769 ratione
3361 1711 3676 1770 irritaretur
3697 1755 3715 1782 ,

2052 1809 2106 1872 Β
2128 1781 2223 1872 sed
2255 1782 2541 1872 patientius
2566 1781 2839 1839 ferrentur
2858 1799 2980 1854 quin
3003 1785 3332 1872 duriusjipse
3360 1785 3589 1872 diceret,
3617 1781 3716 1840 so;

2132 1851 2275 1926 l_ique
2302 1851 2414 1906 Afri
2450 1851 3002 1926 l_acesserentur,'non
3027 1855 3314 1909 admodum
3337 1854 3558 1926 aliunde
3584 1871 3720 1926 erga

2129 1921 2424 1987 Romanos,
2457 1924 2737 1996 ipsumque
2780 1921 3056 1996 inprimis
3093 1927 3322 1996 Sixtum.
3364 1925 3503 1980 bene
3531 1921 3718 1982 allecti

2130 2002 2348 2074 propter
2393 2009 2611 2050 causam
2653 1995 2867 2068 ’Apiarii
2914 1995 3220 2066 Zosimique
3250 1996 3457 2051 litteras
3486 2010 3515 2048 a
3551 1995 3716 2054 Sixto

2128 2074 2376 2130 scriptas.

2199 2134 2350 2190 Hanc
2378 2134 2743 2204 conjecturam
2778 2152 2886 2193 non
2921 2137 3151 2192 obscure
3179 2135 3501 2190 confirmant
3533 2139 3712 2194 verba

2127 2205 2412 2276 Augustini
2436 2207 2723 2278 Julianum
2762 2206 3090 2278 alloquentis
3119 2206 3256 2276 (Lib.
3293 2222 3347 2261 γι
3370 2216 3549 2261 contra
3589 2208 3711 2263 Jul.

2127 2294 2244 2350 cap.
2268 2279 2322 2346 4)
2346 2295 2362 2350 γε
2396 2277 2610 2341 Nescio,
2660 2281 2847 2346 inquit,
2892 2277 3027 2350 quos
3049 2279 3224 2350 etiam
3246 2280 3394 2347 quasi
3423 2280 3714 2335 desertores

2128 2348 2380 2420 dogmatis
2407 2350 2559 2403 uestri
2587 2351 2656 2402 ad
2682 2350 2838 2416 ﬁdem
2885 2348 3190 2404 catholicam
3219 2364 3486 2402 conversos
3527 2353 3715 2420 arguis

2127 2420 2206 2472 vel
2231 2435 2492 2485 reversos;
2518 2436 2646 2490 quos
2674 2429 2844 2474 tamen
2873 2420 3172 2490 signiﬁcasti
3193 2421 3266 2471 ita
3292 2428 3340 2472 te
3369 2429 3619 2483 metuere,
3650 2431 3711 2476 ut

2125 2505 2300 2543 eorum
2345 2493 2554 2544 nomina
2594 2493 2876 2558 exprimere
2923 2507 3024 2544 non
3078 2490 3314 2561 auderes,
3351 2505 3414 2543 ne
3450 2493 3588 2561 forte
3613 2508 3716 2546 ast-

2126 2562 2323 2616 dientes
2347 2563 2434 2614 abs
2458 2570 2506 2615 te
2527 2577 2621 2615 sua
2644 2561 2780 2630 falsa
2807 2563 3046 2625 crimina,
3074 2577 3195 2613 mox
3219 2559 3330 2625 tibi,
3357 2561 3402 2613 si
3429 2559 3533 2614 non
3564 2576 3710 2625 uera,

2127 2641 2261 2685 certe
2284 2631 2610 2686 credibiliora
2638 2643 2960 2703 reponerent.
2993 2633 3142 2703 Quod
3171 2630 3374 2700 quidem
3396 2631 3712 2702 quicumque

2126 2713 2241 2758 sunt
2264 2703 2348 2756 isti
2368 2703 2456 2775 qui
2481 2702 2703 2773 graviter
2725 2705 2956 2775 sapiunt,
2969 2719 3084 2775 non
3105 2702 3347 2775 facerent,
3372 2711 3421 2754 et
3438 2714 3713 2775 parcerent

2127 2775 2219 2827 tibi
2247 2771 2524 2826 secundum
2551 2771 2852 2840 Apostolum
2868 2791 2887 2830 :
2931 2773 3054 2827 Non
3078 2771 3346 2825 reddentes
3369 2772 3710 2827 maledictum

2125 2861 2220 2915 pro
2257 2844 2547 2898 maledicto.
2573 2843 2763 2900 lstbzec
2788 2846 2933 2899 enim
2961 2844 3123 2900 verba
3164 2841 3380 2899 Six'tum
3413 2852 3709 2915 spectant,

2125 2913 2212 2984 qui
2269 2925 2397 2969 tunc
2430 2930 2605 2968 rerum
2654 2916 2960 2984 p0tiebatur
3003 2930 3122 2969 cum
3184 2915 3284 2967 ista
3329 2913 3710 2970 scriberentur

2126 2985 2283 3054 paulo
2324 2997 2441 3053 post
2471 2985 2669 3040 Zosimi
2699 2987 2927 3040 obitum.
3133 3031 3137 3035 .

2195 3057 2370 3125 Atque
2419 3055 2543 3111 hinc
2594 3057 2756 3112 etiam
2803 3055 3032 3112 fortasse
3059 3055 3323 3122 Prosper,
3357 3061 3481 3122 post
3531 3053 3713 3110 relata

2127 3128 2408 3195 magnitice
2431 3143 2548 3195 qua:
2569 3141 2599 3180 a
2623 3127 2762 3182 Sixti
2790 3125 3279 3195 praedecessoribus
3303 3131 3536 3195 quatuor
3555 3137 3712 3194 gesta

449 3198 607 3268 mitas
636 3196 962 3266 przelationis
993 3196 1441 3268 Hypognosticwn
1485 3212 1604 3252 cum
1633 3197 1738 3252 ﬁne
1778 3198 2022 3267 epistola:
2047 3194 2092 3256 C
2124 3194 2336 3251 fuerant
2357 3194 2541 3250 contra
2577 3194 2926 3266 Pelagianos:
2961 3194 3304 3264 Con/idimus,
3339 3194 3714 3268 inqu_it,_pro-

448 3267 573 3330 105,
605 3277 749 3333 etc.;
801 3271 964 3323 immo
1013 3267 1133 3322 cum
1181 3269 1254 3321 ita
1297 3271 1498 3323 sentire
1527 3281 1681 3336 cogat
1730 3272 2020 3324 auctoritas

450 3340 756 3410 Augustini,
781 3339 868 3408 qui
900 3339 1059 3392 Sixto
1083 3337 1360 3410 ascribens
1380 3348 1507 3410 acta
1541 3338 1762 3410 Zosimi,
1788 3355 1893 3394 non
1923 3342 2022 3395 ob-

453 3408 612 3464 scure
643 3411 842 3464 indicat
875 3409 1082 3463 litteras
1109 3408 1307 3462 Zosimi
1343 3409 1410 3463 ab
1438 3410 1626 3464 eodem
1657 3409 1807 3465 Sixto
1835 3425 2025 3466 exara-

453 3489 573 3544 tas;
605 3489 660 3532 et
698 3491 757 3534 ut
803 3495 911 3533 non
942 3479 1226 3536 iudicaret.
1259 3494 1352 3533 eas
1404 3490 1581 3534 tamen
1631 3481 1872 3548 ejusdem
1901 3497 2023 3536 esse

451 3551 690 3604 auctoris
768 3549 923 3617 cujus
994 3549 1114 3602 libri
1193 3549 1636 3618 HypognostiCmn
1690 3551 2024 3606 demonstret

451 3621 734 3687 utriusque
761 3620 950 3687 Operis
977 3619 1116 3671 idem
1156 3621 1357 3688 stylus,
1404 3635 1543 3673 unus
1587 3623 1736 3687 quasi
1770 3624 2020 3687 Spiritus,

452 3690 654 3744 eaedem
700 3691 986 3743 sententia:
1012 3729 1025 3751 ,
1067 3699 1121 3742 et
1148 3690 1349 3742 eaedem
1385 3704 1518 3757 pene
1543 3705 1704 3743 Voces
1728 3735 1740 3756 ,
1793 3693 2024 3758 exempli

494 3761 661 3812 ralia:
715 3759 846 3813 Ante
892 3758 1116 3812 tribunal
1145 3758 1334 3812 Christi
1382 3776 1556 3812 omnes
1605 3761 1865 3821 stabimus,
1916 3771 2020 3817 etc.

494 3775 661 3812 rana:
715 3775 846 3813 ante
892 3775 1114 3812 tribuunt
1145 3775 1334 3812 ωινιειι
1382 3776 1556 3812 omnes
1605 3775 1865 3821 rtaounus,
1916 3775 2020 3817 etc.

452 3775 646 3901 iEpist.
676 3830 711 3882 ‘2
746 3829 812 3881 ad
843 3829 1133 3900 Africam);
1185 3828 1384 3882 Mecum
1431 3831 1582 3883 stabit
1629 3841 1746 3885 aute
1799 3831 2027 3886 tribunal

456 3899 665 3974 Christi,
695 3899 946 3974 rationein
973 3901 1289 3974 redditurus,
1315 3901 1548 3974 quisquis
1573 3901 1659 3955 ille
1703 3905 1876 3974 fuerit,
1916 3914 2022 3958 etc.

454 3969 545 4041 (In
573 3977 721 4041 proel.
771 3969 1037 4041 llypog.);
1071 3971 1516 4026 verisimilliinum
1551 3983 1650 4036 est,
1679 3969 1722 4027 si
1757 3990 1859 4028 non
1908 3989 2027 4029 cer-

459 4052 594 4114 tum,
624 4058 651 4093 a
681 4040 833 4114 Sixto
862 4040 1289 4114 llypognosticos
1318 4041 1484 4096 libros
1514 4059 1635 4114 esse
1675 4047 2023 4114 compositos.

525 4110 640 4165 Non
669 4109 934 4184 melugit,
983 4112 1240 4184 adversus
1269 4127 1332 4165 ea
1363 4129 1483 4184 qua:
1509 4113 1615 4168 huc
1662 4109 1831 4182 usque
1869 4117 2026 4172 allata

455 4191 584 4255 sunt
611 4181 962 4255 olijiciposse
991 4181 1117 4255 duo.
1147 4181 1413 4255 Alterum,
1445 4185 1586 4255 quod
1612 4181 1867 4240 libritres
1891 4202 2028 4255 quos

454 4252 705 4316 diximus,
758 4252 823 4306 de
873 4252 1112 4325 Divitiis,
1159 4252 1423 4322 Operibus
1450 4254 1624 4320 Fidei,
1663 4267 1718 4310 et
1747 4252 2025 4325 Castitate,

453 4325 781 4398 n0n_eodem
812 4324 952 4398 ston
977 4324 1163 4398 S_Ct‘ipti
1221 4325 1502 4398 videantur
1544 4336 1706 4398 atque
1742 4324 2029 4398 llypognoé

455 4393 598 4468 stici,
624 4403 784 4468 atque
811 4394 879 4447 ita
905 4403 960 4448 et
983 4394 1137 4468 Sixto
1183 4396 1500 4468 alterutrum
1531 4393 1677 4466 Opus
1718 4393 2020 4468 abiudicati-

455 4464 696 4538 dqm_sit,
725 4475 783 4538 et
803 4466 1246 4538 nostrmgrationis
1271 4464 1670 4526 fundamentum
1693 4464 2028 4538 aliquatenus

455 4534 923 4608 labefactandum.‘
953 4535 1232 4608 Alterum,
1264 4539 1405 4604 quod
1439 4538 1622 4592 Sixtus
1666 4543 1751 4592 vix
1781 4534 2026 4608 umquam

456 4620 686 4674 purgare
717 4604 950 4678 pomerit
968 4605 1327 4678 suspicionem
1357 4609 1610 4677 propensi
1638 4625 1760 4678 erga
1786 4604 2029 4678 Pelagia-

459 4692 554 4729 nos
587 4678 773 4749 animi,
805 4676 1068 4745 siquidem
1099 4675 1274 4749 factus
1322 4675 1483 4732 etiam
1511 4675 1752 4732 summus
1789 4675 2030 4749 pontifex

454 4755 576 4814 post
603 4745 883 4801 duodecim
921 4762 1091 4800 annos
1130 4747 1304 4801 dictus
1347 4751 1471 4802 sita
1496 4745 1805 4816 nonnullis,
1833 4759 1890 4805 et
1914 4766 2033 4806 cre-

453 4818 598 4870 ditus
621 4836 649 4872 a
671 4819 873 4883 multis,
899 4815 1148 4871 Nestorio
1178 4819 1358 4874 favere
1379 4815 1799 4887 Pelagianorum
1821 4821 2028 4884 amico;

452 4889 762 4943 sustulisset
790 4904 918 4941 vero
961 4890 1170 4956 penitus
1202 4899 1365 4943 tOtam
1396 4891 1535 4943 hanc
1571 4892 1959 4960 suspicionem,
1984 4891 2031 4946 si

452 4961 598 5026 υνυς
627 4968 736 5012 tam
771 4960 1120 5014 vehementer
1149 4961 1478 5014 contrarium
1510 4961 1789 5017 edidisset.

485 5028 722 5094 .Verum
774 5030 916 5098 quod
969 5029 1034 5084 ad
1089 5033 1316 5099 primum
1365 5040 1594 5098 spectat,
1645 5048 1754 5086 non
1786 5032 2029 5089 dilliteor

455 5100 581 5172 quin
612 5101 752 5154 inter
778 5111 1065 5172 utrumque
1091 5100 1237 5168 Opus
1271 5104 1549 5170 praelatum
1582 5103 1758 5172 aliqua
1793 5106 1881 5165 sit,
1915 5113 2027 5159 tum

455 5170 605 5241 styli,
639 5180 750 5224 tum
783 5174 1000 5241 spiritus
1030 5171 1439 5226 dissimilitudo:
1484 5183 1538 5225 at
1574 5170 1733 5228 nemo
1762 5191 1866 5227 non
1899 5177 2029 5229 mihi

452 5239 692 5296 vicissim
737 5239 996 5296 concedet
1043 5242 1186 5295 aliud
1218 5257 1341 5298 esse
1389 5244 1712 5312 potemicum
1760 5246 2031 5300 scribendi

453 5324 642 5380 genus,
669 5313 811 5382 quod
843 5314 892 5366 iu
921 5312 1335 5381 l‘lypoguosticis
1363 5313 1678 5378 adhibetur;
1705 5316 1847 5368 aliud
1877 5316 2029 5371 dida-

455 5382 678 5452 cticum,
711 5383 849 5452 quod
871 5382 924 5436 in
947 5383 1067 5435 aliis
1092 5383 1269 5437 libris:
1302 5384 1432 5438 illud
1461 5389 1853 5447 vehementius,
1883 5387 2027 5442 istud

453 5450 630 5524 lenius
678 5450 798 5507 esse
854 5462 1100 5520 Oportet;
1153 5468 1250 5510 nec
1281 5456 1470 5510 iisdem
1519 5459 1698 5510 verbis
1749 5460 2027 5524 quisquam

449 5520 770 5646 pgversario
797 5524 1046 5578 irascitur
1070 5525 1266 5591 quibus
1291 5530 1522 5581 amicum
1554 5528 1741 5581 docet:
1768 5520 2028 5584 detractis

449 5608 484 5646 ι)
530 5606 638 5646 rro.
671 5607 789 5646 tmte
814 5594 882 5646 ab
923 5595 1223 5646 artzumenti
1261 5605 1450 5646 natura
1482 5600 1729 5646 oriuntur
1779 5599 2028 5646 ditleren.

448 5594 642 5663 porro,
671 5607 789 5663 quae
814 5594 882 5648 ab
923 5595 1224 5663 argumenti
1261 5605 1450 5651 natura
1482 5600 1729 5654 oriuntur
1779 5599 2029 5654 ditleren-

447 5660 545 5789 aiis
597 5660 809 5786 ulla
831 5660 1117 5732 supererit,
1142 5675 1254 5720 tum
1277 5666 1605 5739 Latinitatis,
1641 5679 1752 5724 tum
1770 5670 2030 5726 orationis

486 5702 807 5859 1δέἓῖνὲίο
856 5803 1082 5859 alterum
1129 5807 1218 5859 vix
1265 5809 1425 5859 ullius
1463 5820 1546 5859 est
1587 5812 1870 5859 momenti-
1896 5811 2028 5859 Nam

486 5748 762 5787 lSDal'llaS.

561 5819 646 5858 am
676 5819 807 5858 vero
856 5803 1082 5861 alterum
1129 5807 1218 5861 vix
1265 5809 1425 5863 ullius
1463 5820 1546 5865 est
1587 5812 1870 5867 momenti.
1895 5811 2028 5868 Nam

2055 4573 2108 4632 D

2125 3271 2339 3321 tectione
2365 3267 2456 3321 Dei
2482 3263 2832 3335 priestandum
2856 3279 2908 3322 ut
2928 3263 3327 3336 quod’operatus
3353 3275 3427 3319 est
3456 3265 3512 3317 in
3544 3263 3716 3336 imo-

2122 3340 2306 3402 centio,
2326 3336 2554 3410 Zosimo,
2578 3336 2868 3410 Bouifacio,
2885 3335 3427 3410 leestino,operetur
3449 3335 3508 3410 in
3528 3335 3713 3410 Sixto,

2123 3417 2171 3462 et
2198 3410 2250 3462 in
2281 3409 2514 3462 custodia
2544 3405 2787 3462 dominici
2817 3411 2984 3480 gregis
3005 3409 3113 3460 hwc
3141 3409 3204 3480 sit
3229 3423 3348 3477 pars
3375 3405 3559 3480 gloria:
3586 3406 3716 3461 huic

2124 3490 2380 3536 reservata
2405 3483 2618 3549 pastori,
2642 3483 2848 3534 utsicut
2871 3476 2950 3533 illi
2973 3481 3120 3549 lupos
3149 3476 3362 3549 abegere
3377 3476 3710 3549 manifestos,

2125 3551 2199 3604 ita
2222 3553 2302 3602 hic
2331 3546 2551 3620 depellat
2596 3553 2844 3617 occultos,
2891 3551 2981 3604 illo
3027 3546 3260 3620 auribus
3281 3546 3388 3600 suis
3417 3547 3714 3620 doctissimi

2125 3623 2259 3674 senis
2284 3615 2549 3674 insonante
2574 3637 2801 3675 sermone
2823 3615 2923 3690 quo
2959 3619 3360 3690 collaborantem
3392 3631 3565 3670 secum
3583 3615 3716 3672 hor-

2127 3702 2263 3746 tatus
2293 3701 2387 3752 est,
2419 3704 2524 3744 etc.
2575 3691 2703 3756 Quae
2731 3686 2963 3759 prudens
2993 3688 3242 3758 loquendi
3273 3686 3478 3759 forma,
3503 3691 3716 3759 oratio-

2129 3764 2318 3832 nisque
2343 3761 2550 3816 callida:
2576 3756 2764 3816 modus
2788 3756 3122 3832 prodit,gnisi
3149 3759 3322 3821 fallor,
3347 3756 3716 3832 subdubitan:

2128 3829 2512 3901 leuil’rosperi
2557 3829 2800 3888 animum
2826 3834 2894 3889 de
2930 3831 3048 3888 zelo
3079 3843 3466 3901 praecessorum
3511 3829 3714 3899 atquali

2129 3905 2182 3960 iu
2210 3919 2368 3958 causa
2397 3919 2557 3972 quam
2602 3904 2812 3971 agebat.

2200 3967 2442 4030 Mirabile
2465 3989 2594 4029 vero
2621 3967 2886 4044 quiSpiam
2914 3980 3068 4044 putet
3090 3971 3292 4028 nullam
3319 3970 3484 4044 luisse
3506 3967 3715 4026 factam

2129 4046 2390 4114 ejusmodi
2447 4041 2707 4100 librorum
2747 4041 3084 4100 mentionem
3129 4058 3181 4114 a7
3208 4041 3484 4114 veteribus
3531 4044 3719 4114 :Asive

2129 4111 2266 4174 Sixti
2295 4117 2505 4181 amicis,
2533 4117 2704 4184 qualis
2729 4117 3092 4186 Augustinus;
3143 4113 3258 4186 sive
3287 4111 3532 4180 ejusdem
3565 4111 3723 4186 Ope-

2132 4204 2252 4242 ram
2284 4183 2624 4250 censoribus,
2657 4195 2715 4241 ut
2750 4183 3093 4249 Gennadius;
3143 4185 3258 4238 sive
3299 4190 3461 4236 astate
3492 4183 3718 4250 paribus

2130 4258 2459 4333 aut_vicinis,
2485 4257 2625 4333 sicut
2655 4256 2970 4333 Prosperet
3001 4253 3345 4333 Fulgentius.
3405 4321 3434 4333 __

2201 4328 2402 4382 Verum
2446 4330 2650 4381 amicus
2701 4322 2807 4382 fuit.
2848 4322 3587 4397 ΗίθτοιιγιῐιὶΑΑιιε-υεέίηιιβς
3623 4322 3722 4379 ubi

2131 4407 2312 4453 tamen
2343 4400 2670 4453 mentionem
2702 4397 2850 4463 fecit,
2879 4406 2973 4452 aut
2999 4391 3248 4464 epistolae
3274 4391 3339 4447 ad
3379 4391 3720 4464 Ctesiphon-

2135 4480 2264 4535 tem,
2309 4479 2400 4522 aut
2452 4468 2790 4538 Dialogorum
2818 4511 2832 4532 ,
2865 4463 3062 4538 quibus
3082 4466 3232 4538 nihil
3281 4463 3470 4518 melius
3520 4475 3724 4538 contra

2133 4534 2456 4608 Pelagianos
2503 4534 2703 4592 edit'um
2749 4534 2899 4594 esti?—
2929 4537 3132 4592 Deinde
3177 4537 3447 4590 recensuit
3492 4534 3724 4608 quidem

2138 4606 2450 4665 Gennadius
2495 4609 2672 4678 Opera
2701 4608 2862 4675 Sixti,
2893 4608 2988 4664 sed
3018 4609 3306 4667 incuriose.
3353 4606 3593 4678 θεωρειεί
3618 4620 3725 4678 per

2137 4690 2514 4741 transennam,
2543 4674 3013 4748 quemadmodum
3062 4687 3116 4731 ct
3162 4679 3336 4744 Opera
3392 4674 3719 4748 Qtnlestini,

2139 4753 2414 4819 attingens
2443 4744 2643 4804 scilicet
2691 4766 2752 4804 ea
2783 4759 2990 4804 tantum
3017 4764 3136 4817 qua:
3172 4758 3358 4819 contra
3404 4744 3723 4819 Nestorium

2138 4814 2398 4876 lacerént.
2427 4821 2658 4881 Prosper
2674 4820 2908 4889 denique
2930 4814 3075 4874 totus
3092 4827 3177 4873 est
3198 4817 3253 4870 iu
3277 4831 3376 4871 suo
3388 4814 3720 4889 Augustino,

2139 4901 2282 4945 totus
2311 4905 2523 4960 quoque
2555 4887 2889 4958 Fulgentius,
2934 4900 2990 4944 ut
3015 4889 3343 4960 reliquorum
3371 4896 3596 4960 uterque
3636 4887 3723 4941 vi-

2139 4957 2340 5017 deatur
2358 4957 2586 5023 oblitus;
2616 4957 2716 5016 nec
2746 4961 3037 5027 immerito,
3058 4974 3180 5014 cum
3203 4957 3494 5027 discipulos
3520 4957 3725 5013 deceat

2140 5048 2262 5088 esse
2293 5030 2532 5103 magistri
2564 5033 2824 5103 cultores.

2209 5103 2345 5171 Quid
2373 5097 2512 5170 quod
2543 5102 2610 5156 de
2638 5103 2789 5158 Sixto
2832 5110 2888 5157 et
2916 5099 3232 5171 Gennadius
3258 5097 3402 5171 loqui
3430 5097 3632 5171 noluit,
3665 5111 3738 5157 et‘

2137 5169 2469 5243 Augustinus
2485 5173 2646 5230 silere
2666 5173 2882 5238 debuit;
2909 5170 3220 5243 Gennadius
3247 5169 3389 5225 enim
3416 5169 3608 5243 solitu_s
3634 5178 3726 5243 est

2137 5237 2389 5299 auctores
2419 5245 2508 5312 qui
2537 5255 2720 5298 contra
2751 5237 3024 5311 Pelagium
3053 5251 3146 5296 aut
3169 5253 3316 5295 certe
3345 5249 3534 5298 contra
3561 5237 3728 5296 Pela-

2138 5315 2208 5383 gii
2233 5316 2486 5383 reliquias
2514 5323 2860 5382 pugnassent,
2889 5313 2978 5367 vel
3010 5313 3430 5381 pra-terminare
3473 5312 3726 5378 silentio,

2139 5385 2482 5454 quantumvis
2513 5386 2720 5438 nobiles
2751 5393 2806 5438 ut
2845 5383 3266 5452 Hierouvmum;
3292 5386 3374 5440 vel
3403 5383 3567 5438 invito
3595 5385 3733 5439 ani-

2137 5471 2227 5510 mo
2250 5470 2576 5521 memorare,
2611 5465 2669 5508 ut
2693 5454 3052 5525 Prospei-tun;
3079 5457 3165 5514 vel
3192 5455 3438 5524 malignis
3466 5453 3729 5510 laudibus

2134 5527 2372 5596 allicere,
2403 5535 2460 5580 ut
2482 5524 2861 5595 Augustinum.
2882 5523 3005 5597 Ipse
3030 5523 3162 5583 vero
3200 5523 3732 5597 Augustinusaliter

2134 5598 2266 5651 alias
2289 5594 2414 5666 erga
2437 5594 2645 5670 Sixtum
2675 5612 2736 5655 se
2773 5594 2972 5670 gessit:
3007 5615 3135 5670 nam,
3177 5608 3236 5652 ut
3287 5594 3411 5652 tunc
3434 5594 3730 5662 laudaret,

2133 5683 2257 5723 cum
2287 5685 2462 5723 rerum
2499 5668 2765 5736 potiretur
2784 5668 3002 5735 Romae,
3043 5669 3168 5723 fecit
3197 5679 3501 5738 temporum
3529 5682 3732 5721 neces-

2135 5741 2298 5803 sitas;
2331 5747 2388 5793 ut
2433 5743 2776 5810 postmodum
2825 5741 3123 5797 abstineret
3149 5755 3178 5793 a
3211 5739 3510 5804 laudando,
3548 5739 3736 5792 suasit

2135 5813 2422 5867 conversio
2452 5828 2628 5868 rerum
2653 5813 2721 5868 ab
2749 5813 2894 5869 obitu
2922 5810 3162 5875 Zosimi;
3197 5821 3254 5865 ut
3277 5810 3446 5866 libros
3487 5823 3596 5864 non
3631 5823 3734 5862 ve-
