3882 6284
930 230 1019 290 AD
1046 230 1315 289 PRIMAM
1344 226 1626 287 PARTEM
1655 216 1939 281 OPERUM
1971 222 2043 279 M.
2074 210 2516 276 MERCATORIS
2546 211 2889 273 APPENDIX
2918 212 3257 273 SECUNDA.

2073 344 2120 398 Α
2195 350 2453 393 Ρειιαιυε
2490 350 2626 390 APUD
2662 348 2873 390 IEBCA-

2424 421 2625 462 TOREI.

3624 221 3716 276 592

3036 343 3294 388 PELAGIUS
3326 345 3378 386 IN
3411 346 3674 393 οουιοιιυι

3113 437 3411 479 ειειωλτιε
3426 465 3443 490 ,
3478 438 3601 484 Ira.

465 234 565 302 B9!

496 367 756 414 PILAGIUS
794 365 933 407 APUD
969 361 1175 404 IEBCA'
1323 356 1579 400 PELAGIUS
1625 356 1678 395 IN

738 437 939 478 TOBEI-
1424 448 1751 503 EIENDATIS,
1782 448 1909 489 mc.

464 541 604 606 Noe,
652 537 847 609 quibus
890 540 1218 604 praeceptum
1293 530 1386 587 sed
1414 529 1577 586 etiam
1611 530 1665 583 in
1695 542 1787 584 eos
1816 525 1908 597 qui
1929 525 2048 581 sine

463 642 569 700 est,
599 642 659 688 ut
711 629 949 686 animam
990 626 1048 682 in
1094 638 1217 678 san-
1294 630 1567 694 praecepto
1594 621 1767 691 legem
1800 628 2047 674 contem-

462 725 627 797 guine
671 737 783 778 non
810 717 1219 779 manducarent,
1292 732 1452 790 psere
1479 729 1705 774 natum.

462 825 521 874 et
543 815 611 871 de
639 813 762 869 [iliis
782 808 1078 874 Abraham,
1108 803 1221 876 qui-

1732 351 2011 395 CODICIBUS

2222 520 2297 576 Hi
2325 530 2528 588 autem,
2568 521 2776 591 inquit,
2820 522 2909 591 qui

2150 624 2331 670 contra
2384 614 2649 669 traducem
2715 614 2911 685 peccati

2150 707 2411 774 sentiunt,
2456 708 2645 762 acriter
2692 723 2779 762 eos
2825 708 2913 779 qui

2152 799 2433 871 defendunt
2451 800 2733 867 traducem,
2749 803 2915 873 impu-

463 908 569 969 bus
593 904 935 965 circumcisio
966 897 1216 959 mandata

463 1010 569 1071 est,
615 1000 713 1058 sed
742 1000 798 1055 in
823 1011 918 1055 eos
952 994 1046 1066 qui
1074 1005 1217 1064 prai-

464 1102 552 1151 ter
572 1090 882 1150 mandatum
902 1087 1076 1158 legem
1097 1097 1222 1140 con-

465 1192 801 1260 tempserant
824 1179 1149 1242 naturalem.

545 2112 651 2182 Qui
703 2118 779 2166 est
841 2107 1011 2180 {arma
1071 2099 1234 2174 futuri

473 2205 663 2281 (Ibid).
696 2201 962 2272 Quoniam
980 2238 996 2264 ,
1027 2192 1231 2265 inquit,

473 2301 617 2359 sicut
632 2297 802 2354 Adam
821 2302 1018 2366 praeter
1032 2289 1233 2347 coitum

475 2408 507 2450 a
538 2394 651 2449 Deo
685 2390 951 2447 formatus
992 2392 1077 2441 est
1107 2404 1121 2438 :
1153 2382 1236 2439 sic

473 2491 533 2543 et
551 2483 797 2541 Christus
826 2495 856 2535 a
887 2477 1125 2549 Virgine,
1157 2475 1235 2529 la-

472 2576 721 2634 bricante
764 2572 974 2641 Spiritu
1023 2575 1229 2633 sancto,

474 2668 763 2743 processit.
787 2666 937 2732 Sive,
959 2664 1099 2719 sicut
1118 2662 1234 2732 qui-

473 2760 602 2818 dam
623 2760 833 2828 dicunt,
857 2756 1031 2812 forma
1054 2770 1085 2809 a
1105 2767 1237 2809 con-

473 2851 671 2919 trario,
704 2849 810 2905 hoc
838 2856 942 2911 est,
973 2846 1115 2901 sicut
1143 2843 1237 2899 ille

478 2951 644 3013 caput
681 2940 927 3013 peccati,
957 2938 1035 2993 sic
1073 2937 1237 2992 etiam

480 3034 586 3092 iste
613 3041 778 3105 caput
802 3028 1028 3103 iustitiae
1055 3037 1159 3085 est.

559 4056 669 4113 Sed
690 4072 791 4111 non
817 4055 948 4110 sicut
975 4054 1242 4119 delictum,

484 4147 559 4204 ita
583 4158 632 4204 et
660 4146 853 4203 donum
873 4144 1060 4217 (Ibid).
1090 4144 1169 4200 Ne
1190 4144 1244 4200 in

485 4238 659 4295 forma
676 4279 694 4306 ,
724 4239 928 4310 inquit,
962 4236 1245 4309 aequalitas

486 4337 797 4399 putaretur.

562 4418 625 4475 Si
644 4421 783 4473 enim
800 4420 855 4474 in
876 4420 1030 4474 unius
1051 4434 1237 4488 prava-

486 4511 735 4566 ricatione
748 4509 894 4565 multi
907 4512 1092 4567 mortui
1104 4520 1244 4579 sunt,

488 4602 654 4657 multo
675 4604 838 4675 magis
854 4606 1049 4657 donum
1068 4613 1114 4658 et
1131 4618 1249 4676 gra-

488 4696 563 4749 tia
584 4696 681 4751 Dei
701 4712 795 4769 per
815 4714 973 4751 unum
995 4696 1250 4751 hominem

492 4785 759 4844 Christum
785 4788 841 4843 in
866 4788 1055 4843 multos
1088 4788 1251 4842 abun-

489 4880 635 4935 davit
666 4878 831 4950 (Ibid.
866 4879 981 4950 15).
1007 4879 1135 4936 Plus
1154 4895 1251 4935 va-

489 4971 610 5035 luit,
629 4972 1123 5044 inquitApostolus,
1140 4988 1253 5045 gra-

435 5053 441 5063 ’
490 5062 566 5120 tia
608 5062 663 5119 in
705 5062 1044 5131 viviﬁcaudo,
1086 5047 1246 5135 quam

487 5168 772 5231 peccatum
818 5159 876 5215 in
921 5158 1242 5225 occidendo,

486 5254 615 5325 quia
636 5254 810 5309 Adam
839 5268 946 5309 non
968 5266 1028 5309 se
1047 5252 1245 5319 solum,

488 5345 585 5400 sed
621 5354 679 5402 et
715 5360 845 5402 suos
885 5352 1134 5416 posteros
1164 5346 1247 5400 in-

488 5434 706 5491 teriecit
728 5452 743 5491 :
763 5433 1012 5493 Christus
1033 5451 1165 5491 vero
1192 5443 1251 5493 et

487 5540 602 5591 eos,
618 5527 709 5596 qui
727 5533 857 5583 tunc
878 5538 1036 5583 erant
1054 5527 1110 5583 in
1128 5542 1249 5584 cor-

485 5633 644 5690 pore,
685 5625 744 5675 et
789 5633 885 5674 eos
928 5621 1021 5692 qui
1058 5630 1244 5691 postea

486 5710 661 5781 tutari
682 5718 861 5785 erant,
894 5712 1158 5775 liberavit.

1367 1274 1542 1330 Etiam
1590 1272 1646 1327 in
1691 1285 1779 1327 eos
1824 1266 1912 1338 qui
1954 1280 2060 1321 non

1298 1374 1631 1443 peccaverunt
1668 1364 1723 1419 in
1758 1357 2060 1419 similitudi-

1298 1478 1438 1530 nem,
1462 1469 1568 1518 etc.
1603 1458 1668 1515 ili
1690 1465 1817 1513 sunt
1837 1453 1929 1526 qui
1950 1466 2059 1509 non

1300 1557 1358 1612 in
1400 1552 1807 1611 similitudinem
1857 1562 2060 1619 prava-

1302 1645 1581 1705 ricationis
1616 1643 1751 1699 Adae
1802 1653 2062 1714 peccave-

2153 906 2314 962 gnare
2341 902 2617 947 conantur.
2644 891 2702 949 Si
2728 906 2917 962 pecca-

2137 991 2293 1065 Χιιιιῐι,
2316 983 2579 1055 inquiunt,
2604 983 2735 1040 Adae
2755 982 2916 1040 etiam

2157 1066 2265 1131 non
2303 1075 2656 1146 peccantibus
2692 1079 2878 1132 nocuit
2902 1092 2916 1130 :

2158 1180 2289 1236 ergo
2303 1175 2360 1223 et
2370 1165 2572 1223 Christi
2583 1167 2793 1239 iustitia
2812 1182 2922 1224 non

2158 1258 2515 1316 credentibus
2531 1260 2774 1330 prodest;
2788 1276 2925 1331 quo-

2161 1350 2305 1407 niam
2325 1350 2600 1421 similiter,
2618 1353 2784 1408 immo
2805 1353 2926 1423 plus

2161 1443 2293 1501 dicit
2306 1445 2620 1516 Apostolus,
2637 1460 2737 1517 per
2756 1461 2924 1502 unum

2162 1535 2408 1606 liberari,
2438 1552 2600 1609 quam
2634 1554 2731 1609 per
2756 1554 2923 1596 unum

2165 1639 2290 1686 ante
2321 1630 2579 1701 perierat.
2609 1629 2811 1687 Deinde
2843 1634 2923 1688 di-

1300 1749 1458 1809 runt,
1490 1738 1583 1811 qui
1620 1752 1720 1810 per
1759 1734 2057 1792 naturalem
2086 1724 2135 1788 B
2162 1733 2284 1779 cunt
2311 1739 2331 1780 :
2354 1723 2412 1781 Si
2438 1726 2739 1796 baptismus
2766 1743 2922 1784 mun-

1303 1834 1479 1903 legem
1504 1829 1824 1901 transgressi
1846 1834 1991 1893 sunt,
2009 1834 2064 1882 et

1305 1940 1414 1982 non
1442 1927 1581 1981 sicut
1602 1922 1771 1979 Adam
1795 1935 1894 1992 per
1913 1932 2063 1975 man-

1304 2019 1512 2078 datum.

1380 2110 1483 2178 Qui
1506 2118 1579 2165 est
1598 2150 1613 2173 ,
1645 2115 1752 2164 etc.
1787 2107 1915 2164 Sive
1942 2104 2065 2161 ideo

1308 2204 1478 2260 forma
1529 2202 1627 2256 iuit
1662 2198 1898 2267 Christi,
1940 2196 2066 2268 quia

1306 2297 1447 2354 sicut
1481 2293 1654 2351 Adam
1695 2292 1813 2349 sine
1850 2290 1998 2347 coitu
2034 2304 2063 2345 a

1305 2388 1418 2444 Deo
1448 2386 1622 2442 lactus
1653 2394 1755 2452 est,
1787 2383 1862 2439 ita
1889 2381 1980 2438 ille
1999 2397 2067 2439 ex

1310 2479 1561 2551 Virgine,
1622 2476 1827 2546 Spiritu
1879 2481 2067 2529 sancto

1307 2580 1589 2645 operante,
1624 2571 1911 2641 processit.
1935 2566 2069 2633 Qui-

1309 2667 1431 2722 dam
1462 2664 1649 2721 dicunt
1674 2662 1843 2717 forma
1881 2675 1913 2717 e
1938 2674 2070 2715 con-

1312 2758 1498 2823 trario,
1527 2756 1632 2811 hoc
1657 2765 1777 2819 est,
1809 2754 1949 2808 sicut
1978 2751 2069 2807 ille

1312 2849 1515 2920 peccati
1539 2855 1699 2918 caput
1718 2888 1732 2912 ,
1765 2845 1838 2900 ita
1860 2853 1915 2900 et
1942 2844 2068 2908 iste,

1307 2942 1556 3013 iustitiae.
1577 2939 1708 2993 Item
1734 2937 1906 2992 forma
1921 2933 2072 2991 Chri-

1315 3034 1564 3091 stiAdam
1592 3031 1765 3087 factus
1784 3038 1901 3086 est:
1931 3031 2071 3086 sicut

2165 1818 2260 1875 dat
2284 1818 2561 1888 antiquum
2589 1819 2722 1875 illud
2745 1829 2925 1877 veter-

2166 1926 2470 1982 nosumque
2498 1922 2799 1983 peccatum,
2833 1915 2923 1985 qui

2165 2005 2236 2062 de
2254 2004 2467 2062 duobus
2496 2004 2786 2076 baptizatis
2816 2007 2929 2063 nati

2166 2100 2389 2168 fuerint,
2402 2099 2605 2157 debent
2624 2099 2728 2157 hoc
2743 2116 2928 2159 carere

2167 2202 2423 2265 peccato;
2454 2209 2559 2250 non
2595 2196 2745 2251 enim
2780 2202 2930 2265 pote-

2167 2296 2297 2343 runt
2337 2288 2406 2343 ad
2447 2299 2697 2358 posteros
2745 2298 2927 2347 trans-

2172 2377 2393 2436 mittere
2416 2380 2559 2451 quod
2586 2381 2688 2449 ipsi
2706 2381 2929 2439 minime

2169 2469 2477 2527 habuerint.
2495 2470 2563 2527 In
2579 2472 2676 2529 hoc
2696 2474 2929 2531 addunt:

2168 2562 2433 2632 Quoniam
2456 2567 2501 2620 si
2518 2566 2693 2621 anima
2718 2582 2822 2622 non
2847 2576 2930 2623 est

2169 2670 2234 2711 ex
2265 2656 2509 2728 traduce,
2533 2658 2671 2713 sicut
2698 2674 2799 2715 nec
2822 2670 2925 2732 est,

2170 2751 2265 2808 sed
2303 2754 2417 2810 sola
2449 2768 2577 2809 caro
2621 2754 2781 2810 habet
2823 2767 2930 2811 tra-

2170 2844 2362 2902 ducem
2386 2851 2611 2916 peccati,
2629 2849 2743 2904 sola
2759 2861 2807 2905 et
2821 2866 2931 2922 pm.

2172 2950 2296 2991 nam
2345 2947 2621 3007 meretur;
2672 2940 2926 3011 iniustum

2170 3030 2335 3094 enim,
2352 3038 2413 3086 ut
2428 3030 2589 3088 hodie
2604 3035 2783 3089 anima
2805 3045 2930 3091 nata

1315 3127 1458 3185 enim
1488 3126 1659 3183 Adam
1687 3126 1891 3195 primus
1918 3136 2071 3177 man—
2094 3113 2140 3177 C
2173 3134 2281 3175 non
2315 3136 2387 3177 ex
2422 3137 2598 3179 massa
2625 3125 2785 3193 Adae,
2820 3137 2926 3182 tam

1316 3222 1498 3278 datum
1552 3219 1646 3276 Dei
1710 3215 2071 3287 praevaricans

1311 3313 1620 3385 exemplum
1647 3319 1750 3377 est,
1776 3310 1951 3379 legem
1977 3305 2073 3364 Dei

1312 3405 1676 3477 praevaricare
1727 3398 2069 3466 volentibus,

1314 3498 1394 3553 sic
1411 3506 1466 3553 et
1481 3494 1725 3551 Christus
1742 3492 2071 3548 voluntatem

1266 3608 1279 3667 ι
1316 3587 1492 3644 Patris
1538 3584 1850 3656 complens,
1889 3596 2072 3639 exem-

1316 3678 1470 3750 plum
1496 3686 1584 3733 est
1611 3675 1809 3732 imitari
1833 3689 1959 3732 eum
1978 3686 2077 3730 cu-

1318 3770 1610 3843 pientibus.

1382 4053 1522 4108 Nam
1538 4068 1664 4118 non,
1677 4058 1781 4106 etc.
1798 4049 1875 4105 Ne
1893 4049 1946 4106 in
1967 4048 2078 4106 for-

1317 4160 1402 4202 ma
1434 4144 1713 4218 aequalitas
1741 4150 2041 4214 putaretur.

1391 4422 1454 4479 Si
1498 4424 1636 4479 enim
1685 4423 1838 4478 unius
1889 4420 2077 4477 delicto

1320 4515 1468 4570 multi
1496 4515 1687 4571 mortui
1714 4523 1871 4581 sunt,
1916 4516 2078 4571 multo
2100 4498 2155 4560 Ῑ)

1322 4608 1486 4678 magis
1506 4609 1674 4680 gratia
1692 4607 1787 4663 Dei
1817 4617 1864 4662 et
1884 4608 2078 4663 donum

1322 4699 1376 4753 in
1396 4700 1567 4771 gratia
1584 4699 1738 4754 unius
1759 4700 1977 4756 hominis
1989 4696 2080 4755 ιε-

1321 4809 1382 4847 su
1422 4792 1616 4848 Christi
1653 4794 1707 4848 in
1747 4793 1940 4863 plures,
1967 4802 2074 4849 etc.

1322 4882 1422 4940 Hic
1442 4884 1726 4941 manifeste
1746 4884 1930 4950 docet,
1951 4883 2076 4954 quia

1322 4991 1430 5031 non
1469 4977 1795 5047 generaliter
1832 4975 1902 5031 de
1924 4977 2077 5032 omni

1322 5069 1541 5125 homine
1609 5068 1741 5126 dicit
1762 5109 1780 5137 ,
1850 5068 2035 5125 dicens
2058 5085 2073 5122 :

1325 5159 1490 5217 Unius
1516 5159 1705 5215 delicto
1725 5160 1872 5215 multi
1890 5161 2078 5216 mortui

1321 5260 1472 5319 sunt;
1522 5255 1647 5323 quia
1701 5252 1972 5308 communi
2020 5261 2077 5308 et

1321 5342 1553 5399 naturali
1572 5353 1768 5414 morte,
1782 5358 1888 5399 non
1903 5342 2077 5400 solum

1323 5444 1643 5506 peccantes,
1701 5435 1797 5492 sed
1844 5442 1901 5492 et
1946 5433 2079 5506 justi

1323 5530 1642 5586 moriuntur.

2174 3212 2451 3283 antiquum
2490 3226 2766 3285 peccatum
2804 3235 2931 3291 por-

2175 3310 2252 3359 tet
2279 3302 2515 3362 alienum
2549 3309 2719 3380 :quin
2751 3318 2807 3367 et
2841 3328 2929 3368 ra-

2176 3396 2434 3457 tionabile
2452 3410 2559 3472 est,
2576 3412 2639 3460 ut
2659 3405 2827 3473 Deus,
2840 3409 2930 3480 qui

2175 3494 2393 3564 propria
2422 3506 2642 3567 peccata
2675 3499 2930 3569 dimittit,

2176 3597 2286 3641 non
2311 3586 2539 3659 imputet
2563 3589 2823 3648 alienum.

2245 3677 2316 3734 Et
2352 3680 2548 3738 iterum
2591 3684 2647 3740 in
2671 3685 2781 3741 alio
2814 3699 2933 3744 ser-

2174 3783 2343 3829 mone
2385 3786 2488 3829 suo
2527 3773 2777 3848 Pelagius
2820 3797 2834 3835 :
2878 3780 2935 3837 Si

2176 3874 2450 3935 peccator,
2501 3868 2708 3942 inquit,
2754 3874 2938 3944 genuit

2177 3967 2519 4028 peccatoreln
2538 4000 2556 4030 ,
2606 3970 2669 4018 ut
2711 3967 2937 4035 parvulo

2175 4048 2295 4120 ejus
2309 4061 2587 4122 peccatum
2605 4055 2868 4128 originale
2881 4059 2934 4115 in

2176 4142 2431 4213 baptismi
2472 4150 2787 4221 acceptione
2828 4152 2937 4208 sol-

2178 4244 2356 4304 vatur,
2374 4239 2554 4308 Justus
2583 4255 2713 4313 ergo
2728 4243 2936 4313 justum

2173 4327 2399 4398 gignere
2414 4329 2630 4402 debuit.
2662 4332 2718 4391 Si
2741 4349 2937 4405 paren-

2180 4424 2295 4488 tes,
2324 4422 2521 4495 inquit,
2556 4436 2680 4496 post
2712 4441 2938 4486 conver-

2179 4510 2391 4569 sionem
2443 4518 2661 4589 propria
2717 4531 2934 4590 peccata

2177 4620 2287 4661 non
2314 4606 2541 4677 lardum,
2574 4611 2743 4669 multo
2766 4617 2937 4687 magis

2178 4695 2306 4753 ﬁliis
2346 4714 2532 4757 eorum
2571 4719 2670 4775 per
2704 4721 2801 4764 eos
2839 4724 2937 4766 no-

2177 4801 2305 4846 cere
2325 4806 2429 4848 non
2443 4805 2714 4865 paterunt.
2732 4798 2786 4855 Si
2801 4800 2938 4871 prio-

2176 4893 2293 4937 rem
2347 4884 2620 4945 hominem
2676 4892 2936 4964 contigit,

2178 4986 2397 5032 causam
2417 4981 2609 5037 mortis
2630 4981 2795 5040 fuisse
2813 5000 2829 5040 :
2850 4998 2937 5043 er-

2181 5079 2251 5138 go
2280 5082 2378 5139 per
2403 5068 2605 5129 Christi
2646 5075 2934 5137 adventum

2183 5161 2322 5215 mori
2346 5161 2457 5232 jam
2485 5179 2592 5221 non
2629 5169 2933 5237 oportebat.

2181 5251 2239 5309 Si
2252 5268 2349 5324 per
2360 5266 2635 5324 peccatum
2648 5261 2777 5317 Δότε
2787 5278 2936 5321 mors

2181 5352 2299 5401 orta
2320 5357 2486 5417 esset,
2503 5364 2795 5423 numquam
2820 5366 2939 5425 post

2179 5438 2556 5498 remissionem
2570 5455 2933 5515 peccatorum,

2181 5544 2340 5601 quam
2369 5532 2525 5589 nobis
2555 5534 2814 5595 liberator
2839 5540 2937 5596 do-

2178 5622 2327 5677 navit
2347 5665 2364 5689 ,
2406 5640 2761 5687 moreremur.
2809 5631 2937 5690 Plus

2177 5728 2306 5789 ergo
2316 5716 2481 5779 valuit
2489 5730 2767 5792 peccatum
2781 5724 2933 5801 Ada,
