3964 6280
398 276 504 354 595

858 275 952 344 an
982 273 1262 349 PARTEM
1292 270 1556 346 rerum
1585 270 1872 362 OPEBUI
1901 270 1970 330 Μ.
2002 271 2450 336 MERCATORIS
2481 270 2829 346 APPENDIX
2859 268 3198 328 secunnx.

3538 267 3652 330 59.0

394 404 582 461 aquam
608 394 657 443 et
688 403 877 461 ignem,
933 388 1001 440 ad
1046 387 1258 458 quodvis
1312 385 1517 458 porrige
1559 401 1766 458 manum
1813 392 1978 441 tuam.
2005 397 2058 462 Α
2085 401 2224 456 mus,
2256 386 2350 444 sed
2377 385 2633 450 diximus,
2668 384 2868 440 debere
2907 384 3128 442 studere
3163 382 3672 453 Christianarum»

398 473 526 535 Ante
550 478 810 533 hominem
853 479 1042 534 bonum
1087 486 1133 530 et
1163 477 1378 541 malum,
1411 477 1513 531 vita
1557 484 1603 530 et
1647 492 1817 543 mors;
1846 476 1983 546 quod
2085 481 2225 534 male
2249 479 2470 550 cogitet.
2514 479 2736 536 Scilicet
2763 477 3024 534 Gallicani
3051 477 3291 549 episcopi
3323 479 3676 548 objeceraut,

395 573 589 642 placuit
616 572 697 642 ei,
743 571 951 626 dabitur
977 570 1078 625 illi.
1111 569 1404 639 lnterpret.
1453 568 1680 639 Pelag:
1714 569 1828 624 Hoc
1869 567 1981 643 dixi

395 679 614 738 propter
663 667 892 722 liberum
941 665 1247 732 arbitrium,
1303 661 1394 718 cui
1453 662 1595 738 Deus
1639 663 1852 736 adjutor
1899 671 1984 728 est

395 762 615 834 cligenti
641 762 812 828 bona;
848 761 1012 833 homo
1039 774 1173 816 vero
1204 773 1435 828 peccans
1464 757 1581 834 ipse
1605 758 1661 822 in
1693 759 1852 830 culpa
1877 767 1980 825 est,

396 855 553 926 quasi
579 854 735 912 liberi
764 853 996 912 arbitrii.

962 958 1188 1002 stratus
1223 959 1414 1022 Lxxttt.

465 1038 528 1112 In
570 1039 661 1111 die
701 1037 894 1120 iudicii
940 1037 1142 1111 iniquis
1189 1048 1247 1096 et
1295 1037 1672 1112 peccatoribus
1703 1051 1812 1107 non
1860 1051 1984 1100 esse

399 1134 734 1206 parcendum
764 1133 1032 1208 (Hieron.
1066 1134 1223 1201 ibid.;
1258 1133 1397 1208 Aug.
1428 1132 1584 1204 ibid.,
1613 1149 1732 1206 cap.
1763 1131 1854 1204 ὅ).
1887 1131 1984 1189 sed

398 1229 618 1286 uternis
655 1241 752 1285 eos
777 1226 996 1301 ignibus
1028 1213 1371 1296 exurendos:
1399 1227 1664 1298 scriptum
1706 1236 1790 1283 est
1835 1227 1982 1300 enim

397 1322 608 1390 psalmo
639 1335 734 1378 cm
763 1309 1072 1392 :Deﬁciant
1107 1331 1402 1390 peccatores
1431 1340 1462 1378 a
1493 1331 1658 1387 terra,
1706 1331 1753 1388 et
1795 1321 1982 1394 iniqui,

396 1415 472 1486 ita
519 1423 576 1482 ut
617 1431 725 1474 non
771 1416 895 1471 sint.
919 1417 993 1472 Et
1021 1415 1283 1478 inlsaia:
1319 1415 1692 1471 Combureutur
1729 1413 1898 1482 iniqui
1936 1421 1988 1467 et

397 1519 688 1582 peccatores
712 1509 891 1577 simul,
923 1519 972 1566 et
997 1514 1086 1582 qui
1112 1511 1410 1581 relinquunt
1440 1507 1631 1578 Deum,
1661 1523 1988 1564 consumma-

400 1605 607 1664 buntur.
622 1603 825 1680 lnterp.
847 1604 1063 1678 Pelag.:
1083 1605 1383 1674 Secundum
1397 1603 1732 1678 Evangelium
1751 1605 1883 1672 disi,
1899 1601 1987 1658 ubi

399 1683 593 1768 dicitur
621 1698 685 1752 de
708 1697 1058 1770 peccatoribus
1084 1697 1222 1753 :Isti
1243 1699 1387 1756 ibunt
1413 1698 1469 1753 in
1496 1698 1810 1770 supplicium
1835 1705 1984 1752 teter-

397 1803 545 1854 num,
569 1790 703 1861 justi
721 1796 894 1843 autem
922 1790 978 1843 in
1003 1791 1158 1844 vitam
1187 1797 1431 1846 (sternam
1451 1789 1674 1862 (Matth.
1703 1801 1839 1862 xxv,
1866 1788 1982 1860 46).
2016 1782 2064 1850 Β

401 1878 473 1934 Et
496 1880 544 1936 si
567 1882 682 1951 quis
711 1882 865 1937 aliter
893 1883 1076 1949 credit,
1115 1882 1404 1955 Origenista
1433 1891 1527 1939 est.

969 1989 1193 2040 'rt'ruws
1227 1990 1421 2046 yxxxt.

473 2063 808 2134 Sapientiam
838 2073 894 2121 et
916 2065 1252 2132 intellectum
1281 2066 1716 2136 Scripturarum,
1745 2065 1854 2124 nisi
1892 2064 1990 2138 qui

402 2153 678 2222 didicerit,
705 2155 850 2221 scire
873 2169 984 2214 non
1015 2171 1174 2229 posse
1201 2175 1220 2213 :
1249 2167 1304 2214 et
1327 2159 1611 2214 scientiam
1651 2157 1792 2229 legis
1830 2173 1994 2219 usur-

404 2261 536 2320 pare
563 2265 671 2308 non
701 2248 906 2322 debere
938 2249 1219 2308 indoctum
1241 2250 1430 2325 (Hier.
1459 2250 1636 2321 ibim).

951 2355 1184 2398 τιτυωε
1218 2356 1450 2404 LXXXIII.

473 2435 844 2504 Christianum
893 2436 1040 2492 illius
1083 2435 1287 2494 debere
1331 2449 1456 2492 esse
1499 2433 1801 2505 patientia,
1845 2441 1907 2500 ut
1947 2433 1995 2494 si

405 2531 524 2602 quis
548 2545 646 2588 sua
668 2529 890 2588 auferre
910 2530 1166 2597 voluerit,
1193 2538 1477 2602 gratanter
1501 2531 1742 2596 amittat;
1781 2538 1840 2586 et
1873 2529 1996 2600 glo-

405 2625 543 2696 riam
565 2626 799 2680 vestium
821 2639 884 2678 ac
907 2632 1353 2680 ornamentorum
1370 2622 1483 2684 Deo
1504 2637 1627 2678 esse
1641 2622 1996 2682 contrariam.

408 2717 477 2774 Ei
503 2721 593 2791 qui
618 2719 723 2774 vult
752 2729 918 2774 tecum
937 2720 1142 2790 judicio
1171 2717 1502 2786 contendere,
1530 2725 1578 2771 et
1605 2717 1832 2770 tunicam
1857 2724 2000 2769 tuam

408 2811 608 2877 tollere.
635 2813 838 2867 dimitte
860 2814 906 2868 ei
927 2823 973 2866 et
1002 2811 1242 2883 pallium.

991 2919 1217 2961 TITULUS
1255 2918 1432 2960 οιιιν.

486 2998 746 3054 Inimicos
775 3007 834 3052 ut
861 2999 1135 3068 proximos
1163 2997 1488 3076 diligendos.
1515 2995 1722 3052 Lucan
1750 3014 1763 3052 :
1791 2994 2005 3068 Diligite

413 3093 647 3149 inimicos
674 3101 866 3148 vestros
893 3108 912 3147 :
942 3092 1222 3164 benefacite
1247 3091 1328 3146 his
1351 3091 1442 3163 qui
1463 3089 1681 3156 oderunt
1706 3105 1826 3156 vos;
1855 3089 2005 3164 bene-

417 3187 574 3242 dicite
615 3187 1035 3242 maledicentibus
1064 3186 1204 3241 vobis
1223 3226 1238 3254 ,
1265 3193 1312 3240 et
1344 3199 1486 3240 orate
1513 3201 1608 3256 pro
1641 3184 2008 3239 calumnianti-
2031 3179 2076 3240 C

418 3279 512 3334 bus
539 3296 646 3335 vos.

1003 3384 1232 3427 'l'l'l‘lLUS
1266 3385 1406 3426 οιιν
1417 3411 1430 3423 .

490 3462 718 3519 Inimico
748 3479 1043 3534 numquam
1070 3479 1191 3519 esse
1221 3461 1579 3520 credendum.

995 3573 1221 3613 TITULUS
1259 3573 1446 3614 CXXIII.

492 3653 740 3724 Regnum
791 3650 1056 3707 caelorum
1115 3649 1278 3706 etiam
1334 3651 1385 3704 in
1439 3647 1614 3704 veteri
1663 3647 2012 3705 Testamento

423 3745 734 3816 repromitti
761 3743 1015 3817 (Hieron.
1039 3743 1200 3810 ibid.;
1220 3741 1354 3814 Aug.
1382 3743 1535 3808 ibid.,
1554 3759 1671 3811 cap.
1697 3741 1776 3812 5).
1809 3741 2012 3813 lnterp.

426 3837 609 3912 Pelag.
629 3853 644 3892 :
667 3837 778 3892 Hoc
806 3846 860 3892 et
894 3850 988 3906 per
1012 3835 1326 3903 Scripturas
1351 3834 1581 3904 probare
1609 3833 1867 3903 possibile
1893 3842 2010 3900 est;

426 3929 669 3984 bteretici
698 3937 877 3983 autem
908 3927 966 3982 in
999 3926 1254 3996 iniuriam
1285 3929 1488 3982 veteris
1530 3925 1867 3981 Testameuti
1910 3925 2016 3982 hoc

427 4029 658 4093 negant:
683 4036 785 4092 ego
807 4035 935 4075 vero
968 4019 1369 4089 Scripturarum
1392 4019 1772 4074 auctoritatem
1797 4029 2015 4076 secutus

427 4114 560 4181 dixi,
608 4116 864 4186 quoniam
921 4113 974 4168 in
1031 4112 1294 4183 propheta
1347 4111 1566 4168 Daniele
1621 4113 1883 4184 scriptum
1933 4121 2019 4169 est

428 4205 606 4280 (Dan.
633 4222 730 4272 vu,
757 4206 857 4276 18)
889 4223 904 4259 :
936 4204 1006 4259 Et
1025 4207 1279 4276 accipient
1309 4206 1472 4260 sancti
1499 4223 1713 4279 regnum
1741 4207 2016 4262 Altissimi.

1065 4313 1290 4354 'I'l'I'ULUS
1321 4313 1373 4354 ο.

502 4389 673 4447 Posse
700 4389 978 4446 hominem
1006 4390 1126 4445 sine
1151 4397 1374 4459 peccato
1396 4406 1538 4462 esse,
1563 4402 1617 4449 et
1640 4393 1738 4449 Dei
1768 4393 2018 4449 mandata

429 4483 590 4540 facile
619 4463 919 4560 cdsmdire,
965 4483 1011 4537 si
1050 4483 1183 4538 velit
1211 4483 1457 4556 (Hieron.
1509 4486 1664 4554 ibid.,-
1690 4487 1825 4558 Aug.
1866 4486 2016 4554 ibid,

431 4591 547 4648 cap.
572 4574 685 4647 6).:
716 4574 917 4644 lnterp.
948 4574 1128 4646 Pelag.
1151 4574 1318 4631 Posse
1344 4575 1559 4644 quidem
1591 4576 1869 4634 hominem
1903 4579 2020 4634 sine
2047 4570 2100 4632 Β

429 4676 655 4742 peccato
700 4682 847 4736 esse,
895 4676 952 4724 et
992 4668 1087 4725 Dei
1137 4669 1389 4724 mandata
1431 4669 1728 4739 custodire,
1771 4674 1816 4728 si
1867 4672 2020 4744 velit,

428 4763 696 4828 diximus;
729 4757 874 4817 banc
905 4763 1047 4817 enim
1090 4763 1507 4833 possibilitatem
1551 4764 1696 4820 Deus
1725 4766 1805 4821 illi
1850 4765 2016 4821 dedit.

427 4853 546 4912 Non
579 4863 760 4910 autem
793 4853 1032 4910 diximus
1083 4854 1227 4926 quod
1260 4841 1573 4912 inveniatur
1606 4857 1802 4926 aliquis
1840 4858 1912 4912 ab
1939 4859 2023 4913 in-

427 4943 597 5002 fantia
624 4959 800 5017 usque
829 4944 898 5001 ad
925 4955 1199 5003 senectam
1228 4947 1322 5020 qui
1351 4964 1646 5020 numquam
1676 4951 2017 5020 peccaverit;

429 5037 526 5094 sed
555 5037 809 5109 quoniam
836 5052 866 5093 a
889 5039 1128 5110 peccatis
1150 5055 1475 5107 conversus,
1506 5043 1728 5114 pr0prio
1756 5042 1939 5098 labore
1963 5050 2019 5097 et

430 5130 528 5187 Dei
567 5131 759 5202 gratia,
810 5133 980 5202 possit
1020 5145 1143 5188 esse
1187 5133 1308 5189 sine
1355 5141 1600 5203 peccato,
1644 5149 1745 5189 nec
1791 5149 1884 5204 per
1915 5133 2020 5190 hoc

431 5231 612 5279 tamen
642 5223 699 5279 in
730 5231 1011 5294 posterum
1042 5213 1491 5283 inconvertibilis.
1585 5209 1588 5212 ’
1995 5208 1998 5209 ν

1003 5331 1228 5374 τιτυιυε
1264 5333 1448 5373 CXXIII.

501 5408 580 5465 Ne
611 5407 807 5462 leviter
836 5408 1058 5478 quidem
1090 5425 1211 5467 esse
1242 5411 1601 5481 peccandum.

849 5495 852 5498 ’
1001 5524 1224 5566 'rt'ruws
1260 5527 1448 5567 cxxxt.

504 5597 698 5652 Malum
733 5614 861 5654 vero
883 5616 980 5656 nec
1006 5604 1372 5672 Cugllalltlltlll.
1401 5602 1634 5660 Μίλωιωί
1660 5620 1691 5658 v
1714 5620 1728 5658 :
1753 5601 1857 5670 Qui
1878 5603 2017 5658 vide-

427 5694 498 5748 rit
541 5694 808 5748 mulierem
846 5697 915 5748 ad
963 5697 1445 5772 concupiscendum,
1472 5697 1589 5768 jam
1626 5697 1906 5752 moechatus
1943 5705 2018 5768 est

428 5802 542 5849 eam
569 5787 624 5842 in
650 5788 804 5843 corde
832 5804 949 5843 suo.
980 5787 1180 5857 lnterp.
1212 5785 1398 5862 Pelag.
1439 5786 1552 5845 Hoc
1581 5802 1688 5844 non
1718 5788 1790 5844 ita
1828 5791 2010 5862 posui-

2081 575 2235 646 quasi
2261 573 2490 629 dixisset
2517 575 2718 628 malum
2752 587 2852 628 nec
2881 572 2938 628 in
2969 571 3353 646 cogitationem
3385 572 3578 635 venire

2085 709 2322 782 Epistola
2348 712 2417 765 ad
2443 721 2682 766 sanctum
2725 710 3007 766 Paulinum
3048 709 3319 782 Nolanum
3348 712 3682 785 episcopum.

2155 803 2231 860 De
2273 805 2374 858 hac
2405 803 2630 874 epistola
2659 804 2786 860 iacit
2811 804 3140 876 mentionem
3175 807 3506 876 Augustinus
3533 803 3683 860 scri-

2085 874 2221 948 bens
2245 876 2469 930 Paulino
2493 877 2544 930 in
2571 877 2689 930 haec
2714 875 2881 948 verba
2906 877 3111 947 (Epist.
3134 874 3300 948 ωυγε
3335 877 3490 944 Quod
3514 878 3684 931 etiam

2083 947 2389 1018 quibusdam
2419 948 2598 1001 litteris
2622 948 2729 1018 agit
2755 947 2824 1000 ad
2845 957 2984 1018 tuam
3004 947 3374 1010 venerationem
3400 949 3563 1013 datis,
3591 948 3686 1004 ubi

2085 1017 2211 1094 dicit
2239 1035 2294 1072 se
2316 1034 2426 1094 non
2445 1019 2626 1094 debere
2645 1017 2933 1073 existimari
2957 1021 3068 1094 sine
3087 1021 3256 1092 gratia
3279 1018 3376 1076 Dei
3399 1020 3687 1094 defendier;

2086 1087 2633 1162 liberumharbitrium.
2677 1107 2805 1162 cum,
2843 1087 3233 1162 possibilitatem
3275 1087 3474 1145 colendi
3518 1101 3686 1162 atque

2085 1160 2356 1233 operandi,
2382 1163 2492 1214 sine
2511 1178 2611 1232 qua
2639 1159 2769 1215 nihil
2789 1160 2907 1216 boni
2927 1161 3056 1217 uelle
3083 1174 3234 1233 atque
3253 1180 3404 1232 agere
3422 1159 3681 1228 veternus,

2085 1228 2126 1283 ai
2165 1228 2405 1286 Creatore
2447 1228 2589 1286 nobis
2638 1233 2848 1286 insitam
2894 1233 3116 1300 diceret,
3148 1228 3224 1288 ἰιι
3279 1228 3511 1289 uidelicet
3564 1235 3687 1288 hac

2085 1302 2684 1376 intelliggtupdoctore
2733 1307 2865 1371 ipso,
2914 1301 3241 1376 gratiaADei,
3295 1321 3410 1372 quae
3452 1305 3684 1376 pagani;

2085 1381 2237 1446 atque
2257 1371 2594 1438 Christianis,
2623 1377 2793 1446 impiis
2814 1385 2861 1429 et
2891 1371 3013 1446 piis,
3039 1373 3277 1444 ﬁdelibus
3307 1371 3463 1446 atque
3487 1371 3684 1444 iri/ide-

2087 1445 2220 1498 libus
2251 1447 2532 1499 communis
2559 1454 2656 1500 est.

2159 1515 2307 1570 Facit
2337 1533 2552 1586 quoque
2583 1518 2635 1574 in
2664 1517 2802 1574 libro
2847 1516 2916 1572 de
2959 1516 3143 1573 Gratia
3176 1516 3396 1583 Christi,
3426 1532 3548 1587 cap.
3582 1517 3684 1584 55,

2089 1587 2232 1662 quod
2265 1589 2682 1662 exscribeudum
2735 1587 3243 1662 videturrLegant,
3281 1589 3483 1662 inquit,
3523 1587 3689 1662 illam

2089 1657 2382 1727 epistolam,
2404 1676 2567 1784 cquam
2593 1659 2662 1714 ad
2691 1671 2925 1714 sanctum
2955 1657 3121 1714 uirum
3152 1657 3436 1716 Paulinum
3473 1660 3688 1731 episcae-

2089 1745 2229 1784 num.
2261 1740 2380 1784 ante
2444 1733 2676 1784 undecim
2703 1732 2811 1784 fere
2849 1748 3037 1784 annos.
3076 1732 3402 1784 scripsimus.
3440 1747 3556 1784 aut:
3577 1742 3688 1784 tre.-

2089 1745 2229 1802 pum,
2261 1740 2380 1784 ante
2404 1732 2676 1801 duodecim
2703 1732 2811 1801 fere
2849 1748 3037 1798 annos,
3076 1732 3402 1802 scripsimus,
3440 1747 3556 1802 qua:
3577 1742 3691 1787 tre.-

2091 1799 2249 1855 centis
2276 1806 2408 1871 forte
2452 1799 2679 1857 versibus
2704 1799 2850 1858 nihil
2889 1803 3032 1857 aliud
3062 1799 3218 1873 quam
3247 1799 3346 1856 Dei
3376 1799 3602 1872 gratiam
3632 1809 3688 1857 et

2092 1873 2348 1946 auxilium
2396 1875 2690 1946 conﬁtetur,
2736 1891 2924 1946 nosque
2968 1874 3306 1936 nihilominus
3344 1873 3472 1946 boni
3509 1874 3690 1946 facere

2094 1960 2241 2015 posse
2267 1945 2376 1999 sine
2405 1939 2536 2000 Deo.
2571 1939 2725 2002 Hanc
2767 1939 2894 2018 ergo.
2933 1946 3204 2018 epistolam
3236 1944 3374 2018 legi,
3422 1956 3470 2002 et
3494 1939 3692 2018 inveni

2095 2032 2210 2070 eum
2238 2031 2364 2083 pene
2392 2033 2482 2084 per
2509 2025 2667 2070 totam
2699 2035 2801 2072 non
2828 2016 3116 2081 immorari,
3144 2016 3243 2070 nisi
3271 2016 3326 2070 in
3355 2016 3612 2082 facultate
3633 2023 3690 2072 α

2096 2088 2431 2160 possibilitate
2472 2100 2686 2160 naturae,
2731 2099 2778 2141 et
2823 2105 2954 2158 pene
2982 2087 3050 2142 ibi
3081 2098 3279 2143 tantum
3325 2085 3417 2154 Dei
3463 2089 3694 2160 gratiam

2096 2159 2438 2230 constituere;
2469 2158 2816 2230 Christianam
2845 2176 2962 2218 vero
3003 2161 3223 2230 gratiam
3251 2169 3396 2213 tanta
3436 2158 3695 2230 brevitate

2095 2228 2206 2306 sola
2231 2231 2455 2284 nominis
2477 2228 2951 2306 commemoratione
2969 2228 3289 2306 perstringit,
3307 2240 3365 2284 ut
3382 2231 3515 2286 nihil
3534 2229 3692 2291 aliud

2097 2300 2328 2355 uideatur
2356 2318 2513 2370 quam
2539 2319 2656 2356 eam
2681 2318 2845 2358 tacere
2874 2300 3125 2358 timuisse.
3152 2300 3342 2360 Utrum
3377 2311 3548 2356 tamen
3574 2316 3695 2356 eam

2095 2372 2151 2426 in
2178 2373 2476 2443 remissione
2525 2388 2844 2442 peccatorum
2891 2373 3006 2428 velit
3043 2372 3286 2443 intelligi,
3331 2390 3399 2427 an
3441 2374 3602 2428 etiam
3631 2374 3694 2434 ias

2100 2443 2336 2518 doctrina
2365 2442 2585 2518 Christi,
2637 2447 2729 2518 ubi
2750 2456 2823 2500 est
2854 2453 2900 2500 et
2927 2446 3037 2518 eius
3067 2442 3464 2500 conuersationis
3509 2459 3695 2518 eiram-

2101 2516 2266 2584 plum,
2306 2515 2444 2588 quod
2475 2518 2666 2585 aliquot
2713 2517 2840 2571 locis
2881 2515 3098 2571 suorum
3128 2518 3495 2588 opusculorum
3539 2516 3693 2583 [σιὰ.

2102 2601 2168 2639 an
2195 2586 2370 2640 credat
2399 2589 2609 2658 aliquod
2637 2589 2956 2660 adjutorium
2994 2589 3118 2644 bene
3159 2586 3345 2660 agendi
3368 2587 3696 2660 adjunctqu

2103 2666 2474 2734 naturazatque
2504 2658 2897 2734 doctrinw,_per
2923 2658 3318 2734 inspirationem
3344 2658 3698 2734 ﬂagrantissi-

2103 2743 2202 2801 mat
2226 2738 2272 2783 et
2300 2729 2713 2787 luminosissimae
2750 2729 3034 2801 charitatis,
3070 2748 3171 2785 non
3199 2729 3429 2801 apparet,
3454 2731 3696 2783 omnino.

2176 2800 2350 2874 Atque
2371 2802 2492 2857 hinc
2505 2812 2719 2858 constat
2737 2805 2932 2874 primo,
2953 2800 3166 2874 tempus
3178 2800 3394 2874 scriptio
3412 2801 3660 2874 epistola}
3675 2815 3695 2851 :

2106 2886 2225 2942 quae
2246 2873 2388 2927 enim
2414 2889 2537 2928 mox
2558 2870 2856 2941 attulimus,
2879 2873 3149 2932 scribebat
3172 2870 3420 2942 Pelagius
3438 2887 3530 2926 an.
3549 2870 3695 2942 {17;

2105 2940 2264 3013 quam
2314 2943 2474 3014 igitur
2518 2944 2804 3014 epistolam
2845 2940 3070 3001 dederat
3108 2953 3232 2999 ante
3259 2940 3542 3000 duodecim
3573 2940 3701 2997 fere

2110 3029 2300 3078 annos,
2334 3017 2512 3088 datam
2548 3029 2762 3088 oportet
2787 3033 2916 3074 anu.
2942 3015 3073 3076 405.

2181 3087 2404 3140 Constat
2424 3096 2477 3141 et
2497 3083 2660 3153 istud,
2683 3088 2958 3159 Pelagium
2987 3099 3110 3146 tunc
3135 3086 3393 3159 temporis
3414 3083 3494 3159 ita
3506 3083 3702 3159 occul-

2113 3169 2254 3212 tasse
2280 3170 2514 3232 mentem
2538 3156 2971 3232 sententiamque
2998 3175 3152 3215 suam
3174 3156 3434 3232 de’gra-tia
3459 3156 3697 3232 intristi2

2113 3239 2170 3302 ut
2199 3244 2266 3284 ne
2300 3231 2630 3302 Augustinus
2677 3226 2894 3302 quidem
2937 3226 3513 3302 intelligere—valuerit
3564 3226 3705 3302 quid

2111 3301 2164 3355 in
2202 3298 2659 3358 anitno'haberet.
2688 3298 2840 3358 Unde
2861 3302 3048 3358 mirari
3076 3298 3340 3372 quispiam
3367 3301 3493 3372 jure
3522 3298 3707 3372 possit

2113 3375 2790 3446 eorumperspicacitatem
2815 3376 2907 3446 qui
2933 3369 3166 3429 viderint
3189 3369 3244 3426 in
3265 3369 3707 3446 expositionibus

2114 3441 2582 3516 Pelztgiiierrores,
2609 3462 2747 3515 quos
2772 3441 2872 3502 nec
2894 3447 3229 3516 Augustinus
3249 3441 3705 3510 deprehenderit,

2114 3529 2215 3586 nec
2242 3514 2492 3586 Pelagius
2537 3514 2769 3586 aperire,
2813 3514 3186 3586 etiam—plures
3228 3523 3351 3584 post
3379 3528 3707 3586 annos,vo-

2114 3585 2295 3640 luerit.
2311 3586 2463 3660 Quod
2485 3585 2613 3660 ergo
2631 3589 2874 3646 scribens
2900 3591 2965 3644 ad
2988 3587 3272 3660 Paulinum
3296 3600 3522 3660 arguere
3543 3585 3708 3660 vide-

2114 3665 2226 3723 tur,
2245 3657 2474 3734 aliunde
2503 3655 2671 3734 magis
2711 3675 2872 3734 quam
2901 3676 2963 3716 ex
2994 3660 3112 3730 ipsa
3131 3655 3710 3730 epistolaprazjudicio

2114 3729 2345 3799 quodam
2377 3729 2699 3800 suspicatur.

2187 3801 2412 3856 Constat
2435 3798 2633 3873 pariter
2662 3821 2764 3872 qua
2794 3803 3082 3862 occasione
3104 3801 3434 3871 Augustinus
3463 3799 3529 3873 a_d
3559 3798 3707 3873 Pau-

2115 3871 2285 3927 linum
2308 3868 2606 3941 scripserit.
2632 3868 2778 3932 Vidit
2797 3877 3005 3932 scilicet
3025 3875 3152 3942 quid
3181 3868 3403 3938 periculi
3428 3884 3458 3924 a
3481 3868 3712 3942 Pelagio

2117 3943 2266 4018 lieret
2299 3945 2417 4001 viro
2454 3950 2635 4015 specie
2667 3943 2886 4018 pietatis
2913 3946 3035 4017 capi
3065 3945 3242 4010 facili;
3273 3945 3453 4018 idque,
3484 3950 3547 3996 ut
3584 3952 3712 3998 erat

2117 4014 2242 4071 ﬁdei
2273 4019 2473 4088 pariter
2489 4014 2562 4073 ac
2588 4014 2793 4076 Paulini
2817 4014 3026 4084 amans,
3053 4017 3483 4088 praevertendum
3523 4025 3708 4079 ratus,

2117 4085 2364 4162 adhibuit
2397 4092 2701 4146 cautionem
2748 4106 2815 4147 eo
2843 4089 3016 4162 magis
3045 4085 3430 4162 necessariam,
3471 4100 3580 4162 quo
3601 4099 3710 4162 su-

2119 4161 2354 4228 spectior
2409 4163 2584 4232 potuit
2637 4179 2758 4218 esse
2805 4156 2999 4217 meri'to
3050 4158 3330 4232 Paulinus,
3380 4165 3438 4210 ut
3483 4157 3573 4224 qui
3608 4156 3712 4212 diu

2120 4232 2352 4286 celasset
2399 4229 2657 4300 anticum,
2703 4245 2782 4289 tot
2829 4233 3022 4288 litteris
3065 4229 3711 4300 interpellatum,quam

2121 4315 2334 4376 gereret
2360 4319 2480 4360 cum
2514 4298 2730 4376 Pelagio
2774 4299 3438 4376 ttecessitudinettt,_cujus
3461 4298 3712 4376 discipu-

2123 4367 2226 4450 los,
2249 4374 2408 4430 etiam
2434 4367 2910 4450 pertinacissimos,
2931 4384 3209 4450 pateretur
3229 4367 3382 4450 Nolae
3406 4384 3501 4425 sua
3531 4367 3715 4450 libere

2122 4445 2372 4514 dogmata
2419 4442 2578 4502 tueri.
2612 4448 2804 4502 Verum
2853 4442 2976 4516 quia
3026 4443 3160 4499 nihil
3203 4452 3322 4498 erat
3370 4443 3421 4496 in
3471 4442 3712 4510 epistola

2126 4517 2327 4590 Pelagii
2359 4520 2504 4590 quod
2536 4527 2723 4590 aperte
2763 4517 2990 4590 gratiam
3038 4516 3133 4572 Dei
3175 4522 3535 4590 oppugnaret,
3580 4527 3713 4590 eam

2124 4582 2455 4654 Augustinus
2492 4582 2604 4661 per
2658 4582 2896 4661 sing'ulas
2947 4598 3128 4661 partes
3183 4582 3294 4640 non
3331 4582 3716 4661 refellendam

2121 4653 2380 4729 suscepit,
2409 4653 2525 4715 sed
2554 4653 2880 4716 altissimum
2924 4653 3171 4730 gratuita
3217 4653 3717 4730 praedestinationis

2124 4725 2440 4801 mysterium
2489 4730 2815 4801 explicuisse
2862 4725 3179 4794 contentus,
3220 4725 3308 4782 de
3357 4725 3718 4801 damnatione

2123 4796 2343 4873 Pelagii
2373 4816 2401 4855 a
2445 4796 2696 4873 Patribus
2742 4799 3149 4873 Diospolitanis,
3197 4796 3716 4873 atqueapostolica

2120 4867 2279 4937 sede,
2313 4871 2766 4944 dogmatibusque
2814 4867 3166 4937 Conﬁtendis,
3197 4880 3256 4925 ut
3280 4867 3544 4925 Catholica
3570 4868 3719 4925 ﬁdes

2115 4944 2436 5011 retineatur,
2468 4943 2767 5000 admonuit.

2193 5010 2426 5070 Constat
2441 5015 2676 5080 denique
2697 5013 2816 5082 quis
2846 5022 2990 5070 esset
3011 5011 3235 5072 haeresis
3265 5010 3570 5082 Pelagiana;
3601 5021 3722 5065 sta-

2193 5032 2419 5070 bonswl
2441 5032 2676 5080 denique
2735 5032 2816 5070 uts
2846 5032 2990 5070 esset
3011 5032 3235 5072 narem
3265 5032 3570 5082 retagsanae
3601 5032 3722 5065 sta-

2129 5093 2213 5140 tus
2238 5100 2367 5140 ann.
2395 5085 2522 5142 405.
2552 5032 2763 5142 Timide
2788 5084 3047 5155 agebatur
3085 5085 3156 5140 de
3195 5084 3389 5153 gratia,
3421 5080 3722 5151 verbisque

2125 5156 2393 5227 ambiguis
2438 5153 2897 5227 prmtentabautur
2940 5153 3130 5220 animi,
3174 5165 3226 5209 ut
3257 5163 3538 5227 postquam
3569 5168 3722 5227 sese

2125 5223 2461 5295 aliquatenus
2483 5226 2872 5297 implicuissent
2893 5223 3282 5296 quaestionibus
3303 5225 3373 5297 de
3387 5223 3539 5279 initio
3559 5223 3722 5297 ﬁdei,

2124 5297 2350 5367 aliisque
2394 5300 2446 5353 in
2483 5295 2728 5369 speciem
2770 5295 3086 5364 levioribus,
3133 5295 3472 5369 postmodum
3505 5296 3724 5352 sensim

2125 5369 2242 5424 sine
2267 5364 2432 5428 Sensn
2463 5364 2860 5428 deducerentur
2890 5369 2940 5423 in
2969 5364 3245 5435 errorem,
3275 5366 3343 5421 de
3375 5364 3580 5420 viribus
3613 5382 3726 5420 na-

2127 5427 2353 5494 turanad
2383 5456 2546 5510 opera
2583 5440 2816 5510 pietatis,
2849 5448 3066 5510 propter
3097 5427 3523 5503 ineluctabilem,
3545 5443 3610 5489 ut
3637 5439 3726 5492 ait

2124 5511 2477 5577 AuguStinus,
2513 5511 2822 5582 dogmatum
2867 5527 2936 5572 ex
2977 5526 3102 5567 sese
3132 5511 3416 5580 reciproca
3455 5517 3726 5578 aptorum

2122 5583 2274 5652 quasi
2301 5597 2568 5638 catenam.

2378 5676 2614 5748 Epistola
2649 5678 2717 5732 ad
2747 5677 3106 5734 Constantium
3133 5682 3451 5751 episcopum.

2193 5789 2460 5864 Nusquam
2485 5794 2691 5851 mentio
2714 5795 2771 5849 [ιι
2794 5792 3021 5866 hujusce
3045 5795 3310 5868 cpistola,
3339 5792 3479 5864 quod
3510 5793 3712 5864 sciam,
