3882 6284
175 228 276 285 591

540 224 850 285 DISSERT.
880 227 972 282 Vl.
1005 226 1093 281 DE
1122 220 1433 281 SCRIPTIS
1460 220 1597 277 PRO
1625 217 1904 275 HIERESI
1934 220 2206 290 PELAG.,
2240 219 2545 278 VIVENTE
2574 223 2633 279 S.
2666 225 3084 288 AUGUSTINO.

3286 235 3293 239 ’
3332 228 3436 285 598

169 354 516 415 prteterquam
539 346 592 400 in
616 346 755 401 libro
778 346 843 401 de
864 346 1051 402 Gratia
1072 342 1468 417 Christi,_cujus
1492 342 1541 417 in
1565 350 1743 417 capite
1768 344 1819 401 Δ
1847 339 2103 417 opinione
2132 339 2202 396 de
2230 340 2442 417 Juliana
2475 341 2718 399 Memorii
2749 345 2978 417 conjuge
3007 357 3056 402 et
3090 348 3288 404 Juliani
3322 349 3439 404 lite-

168 410 231 477 36
258 410 519 473 haec-sunt
552 419 667 473 sive
697 418 921 488 Pelagii,
946 412 1376 488 sive_Augustini
1403 412 1564 488 verba
1591 429 1603 463 :
1637 410 1741 465 Lei-

168 488 477 563 gantetiam,
498 488 688 563 inquit,
706 489 775 542 ad
796 483 1029 563 sanctam
1048 483 1404 563 Constantium
1422 483 1741 563 episcopum,

170 554 249 614 itbi
282 560 493 613 breviter
519 554 746 629 quidem,
777 560 867 615 sed
894 561 1049 632 plane
1080 557 1238 632 libero
1263 555 1483 632 I_t_0ntt'ni5
1521 554 1740 632 arbitrio

170 632 258 687 Dei
302 624 541 701 gratiam'
567 624 919 703 auxiliumque
962 630 1227 703 conjuncta.
1260 626 1415 681 Hanc
1448 624 1742 703 epistolam,

169 712 219 758 ut
246 697 480 774 superius
518 703 649 775 dixi,
696 719 800 756 non
836 697 966 775 'legi,
1012 697 1099 754 sed
1148 700 1195 753 si
1239 716 1342 753 non
1371 706 1445 775 est
1478 697 1746 775 dissimilis

170 767 359 831 caeteris
386 790 499 846 qua:
528 774 653 837 mihi
683 786 804 835 nota
834 767 1198 837 commemorat
1218 812 1232 836 ,
1276 786 1381 827 non
1410 767 1561 824 habet
1592 770 1747 825 etiam

168 847 295 918 ipsa,
325 846 462 917 quod
491 847 789 918 quwrjmus.

228 910 361 984 eius
396 910 566 985 porro
609 915 961 972 Constantius
1010 915 1202 980 fuerit,
1254 922 1313 970 et
1355 912 1441 968 cui
1483 910 1748 985 Ecclesiae

204 982 453 1051 railuerit.
482 988 730 1045 divinare
748 1004 914 1045 neten
936 998 1124 1059 queat,
1157 1001 1281 1059 cum
1312 985 1472 1039 nulla:
1510 982 1617 1037 sint
1648 984 1748 1059 ba-_-

204 1006 453 1051 mutem.
482 1006 914 1045 otvmarenemo
936 1006 1124 1059 queat,
1157 1006 1281 1041 cura
1312 1006 1472 1039 nulla:
1510 1006 1617 1037 sunt
1648 1006 1748 1037 tta-

168 1006 285 1115 Eine
314 1061 366 1115 in
401 1060 550 1117 Italia
591 1070 716 1117 tunc
746 1064 1004 1131 temporis
1033 1057 1245 1131 synodi,
1271 1072 1499 1131 quarum
1528 1063 1644 1109 acta
1666 1053 1748 1131 ad

168 1146 261 1187 nos
281 1132 664 1199 pervenerint;
688 1125 921 1199 conjicio
943 1125 1121 1185 tamen
1138 1125 1403 1184 illusti'em
1422 1127 1608 1199 fuisse.
1634 1125 1749 1181 sive

168 1197 373 1273 generis
399 1197 701 1272 nobilitate,
731 1197 845 1257 sive
871 1202 1171 1257 sanctitatis
1199 1199 1338 1273 fama
1368 1218 1381 1252 :
1406 1199 1470 1253 ad
1496 1197 1750 1273 hujusce-

167 1268 300 1330 modi
320 1276 469 1331 enim
498 1268 747 1331 homines
766 1274 1041 1330 scribebat
1060 1271 1331 1341 Pelagius.
1358 1281 1437 1334 ut,
1466 1268 1611 1340 quod
1642 1283 1747 1341 non

167 1346 324 1400 semel
356 1348 681 1417 notavimus,
717 1349 799 1401 vel
849 1346 951 1399 sibi
1002 1340 1310 1413 opinionem
1340 1344 1439 1398 viri
1487 1341 1632 1405 boni,
1667 1340 1747 1394 vel

167 1430 270 1489 sua;
300 1418 562 1489 impietati
598 1420 953 1485 patrocinium
987 1417 1207 1471 faceret.

229 1485 535 1543 Notandum
568 1504 718 1554 vero,
746 1489 1085 1556 versipellem
1134 1485 1472 1550 hmreticum,
1500 1490 1557 1537 ut
1585 1488 1749 1537 recta;

168 1557 281 1613 fidei
304 1575 365 1615 se
382 1562 733 1627 mentiretur,
757 1561 823 1614 ad
847 1574 941 1615 eas
960 1559 1215 1627 epistolas
1239 1570 1591 1626 provocasse,
1616 1568 1749 1623 quas

169 1629 327 1685 tribus
354 1632 841 1689 dederatnominis
863 1632 1109 1685 claritate
1140 1628 1468 1699 perculsuris
1497 1629 1750 1680 adversa-

168 1702 359 1757 riorum
393 1703 615 1769 oculos;
653 1704 871 1758 siluisse
898 1717 1027 1757 vero
1064 1698 1149 1756 de
1178 1702 1329 1755 libris
1362 1698 1501 1753 unde
1535 1704 1751 1767 poterat

167 1786 267 1827 non
302 1790 499 1845 magno
539 1776 756 1845 negotio
800 1774 1048 1828 convinci
1076 1789 1091 1829 :
1121 1770 1651 1845 cpistnlnniniirum
1685 1782 1749 1845 ea

167 1852 275 1898 arte
312 1840 636 1915 composita?
672 1845 908 1906 afuerant,
943 1856 997 1897 ut
1028 1840 1169 1898 cum,
1193 1841 1456 1897 ﬂexibiles
1481 1840 1666 1915 iorem
1699 1841 1753 1893 in

167 1912 461 1983 oppositos
476 1932 693 1980 sensus,
730 1916 1010 1971 catholicis
1049 1915 1373 1970 catholicum
1404 1912 1749 1977 exhiberem,

168 1983 433 2042 barreticis
464 1990 797 2043 liazreticum.

233 2057 498 2125 Scriptan;
532 2070 745 2129 Oportet
788 2057 1068 2128 epiSIolam
1118 2056 1255 2129 hanc
1287 2064 1407 2129 post
1437 2055 1662 2129 litteras
1685 2051 1753 2129 ad

167 2127 471 2197 Paulinum,
501 2125 596 2185 sed
636 2141 761 2185 ante
801 2125 999 2184 librum
1044 2129 1113 2184 de
1152 2128 1496 2183 Institutione
1528 2125 1756 2197 virginis

168 2199 228 2254 ad
278 2202 706 2267 Demetriadem;
756 2201 966 2258 videtur
1009 2203 1154 2256 enim
1204 2200 1340 2255 ordo
1391 2196 1649 2266 temporis
1692 2196 1753 2251 in

168 2274 483 2346 recensione
505 2284 782 2337 servatus;
807 2283 1032 2346 apparet
1054 2288 1182 2346 ergo
1206 2272 1408 2346 scripta
1440 2271 1753 2346 priusquam

170 2342 339 2411 fugam
368 2346 611 2415 Pelagius
631 2362 694 2399 ex
720 2347 851 2401 urbe
876 2345 1041 2407 Roma
1069 2342 1195 2409 ann.
1218 2343 1325 2398 408
1346 2343 1602 2411 cepisset,
1628 2350 1757 2395 tunc

166 2419 301 2486 enim
348 2416 647 2484 inuenerat
693 2420 931 2486 apertius
974 2417 1162 2485 loqui:
1202 2428 1331 2483 ergo
1362 2414 1578 2468 circiter
1624 2427 1752 2486 ann.

167 2482 283 2559 £06.
320 2486 403 2541 Ex
448 2482 579 2557 ipsa.
609 2482 791 2559 porro,
824 2504 948 2543 cum
976 2482 1107 2541 nihil
1141 2482 1395 2556 supersit,
1430 2494 1603 2538 status
1630 2483 1755 2537 ita:-

166 2557 327 2625 resis,
357 2557 624 2615 adhaese
650 2562 906 2631 tegentis,
931 2561 1170 2630 patetieri
1200 2574 1309 2612 non
1336 2565 1534 2626 potest.

166 2671 316 2728 Liber
350 2692 505 2739 unus,
534 2675 612 2728 vet
639 2674 794 2728 etiam
835 2674 963 2728 alter
1005 2672 1076 2726 ad
1113 2671 1335 2724 Viduam
1381 2667 1758 2722 consolatorios

666 2755 819 2814 atque
853 2744 1255 2805 exhortatorias.

232 2838 434 2907 Operis
463 2838 621 2907 hujus
651 2838 898 2893 meminit
928 2839 1289 2906 Hieronymus
1316 2833 1533 2907 dialogo
1552 2833 1756 2907 tertio;

170 2904 505 2979 Augustinus
535 2904 629 2964 lib.
661 2910 727 2963 de
752 2909 931 2964 GeSIis
954 2904 1279 2970 Palmsiinis,
1305 2920 1428 2979 cap.
1456 2904 1522 2971 6;
1551 2905 1756 2979 Μιγω-

169 2977 334 3035 tor—in
366 2980 789 3043 Commonitorio,
824 2996 939 3049 cap.
970 2979 1034 3043 4;
1067 2994 1223 3047 quem
1253 2977 1319 3030 ad
1364 2977 1537 3049 locum
1568 2977 1761 3029 obser-

171 3052 412 3107 vavimus
442 3067 550 3106 non
575 3065 740 3120 pauca
764 3053 819 3106 in
838 3052 982 3105 hanc
1004 3065 1142 3113 rem,
1173 3064 1292 3120 qua:
1314 3059 1373 3102 tu
1400 3048 1540 3120 vide.

1849 412 2001 488 retici
2034 422 2225 488 matre,
2258 414 2417 488 irein
2447 412 2865 488 oppositamude
2885 412 3109 488 parente
3138 419 3439 475 Demetria-

1849 483 1955 557 dis,
1987 483 2142 552 cujus
2173 486 2255 539 vir
2296 485 2548 557 Olybrius
2598 500 2722 541 ante
2751 483 2910 544 Urbis
2959 491 3253 555 excidium,
3302 499 3439 555 teste

1849 552 2221 631 Hieronymo,
2247 552 2383 631 _vita'
2422 560 2673 631 excessit.
2716 559 2799 613 Ea
2850 575 2980 614 vero
3020 552 3437 631 conjectura,vsi

1851 624 2144 699 probabilis
2174 626 2443 699 videatur,
2482 639 2537 683 ut
2564 629 2721 684 valde
2749 639 2852 697 est,
2887 632 3035 699 Opus
3078 624 3220 688 isiud
3266 635 3329 686 ad
3349 624 3440 685 vi-

1848 695 2039 774 duam_
2060 697 2333 774 conditum
2380 700 2483 754 dici
2526 700 2706 774 debet,
2749 695 2847 774 vel
2894 695 3100 766 Iterum,
3146 701 3438 774 antequam

1849 768 2417 842 inde_Pelag_iusAcum
2440 771 2847 842 trepidantibus
2875 774 2993 828 aliis
3024 775 3236 838 exiret,
3269 768 3351 829 vel
3383 777 3438 830 in

1849 837 2055 916 Simila,
2084 837 2175 916 ubi
2205 840 2434 909 primum
2456 837 2706 916 advenit;
2734 842 2840 909 hac
2865 854 3044 898 autem
3079 848 3289 901 ratione
3315 860 3441 916 per-

1851 910 2047 966 tinebit
2073 910 2140 966 ad
2164 926 2363 967 annum
2384 924 2483 969 aut
2512 914 2642 985 ‘08,
2674 925 2768 970 aut
2790 926 3238 987 consequentem.

1854 1046 1984 1113 Qui:
1996 1047 2510 1121 supersuntltujusee
2522 1049 2640 1104 libri
2660 1052 2800 1123 apud
2819 1062 3055 1108 auctores
3076 1052 3309 1127 ejusdem
3319 1053 3438 1111 cui.

1923 1162 2335 1233 Simplicitatem
2379 1165 2531 1236 sequi
2580 1162 2781 1223 Christi
2830 1167 3084 1224 famulam
3115 1167 3295 1235 decet,
3325 1184 3439 1227 non

1852 1255 1991 1311 hanc
2017 1272 2139 1326 quae
2168 1257 2391 1313 stultitia
2434 1259 2603 1329 magis
2633 1269 2717 1316 est
2752 1276 2912 1332 quam
2966 1260 3309 1331 simplicitas,
3340 1260 3441 1318 sed

1852 1349 1996 1403 illam
2034 1350 2103 1403 de
2139 1364 2243 1419 qua
2284 1350 2562 1419 Scriptura
2591 1352 2725 1407 dicit
2772 1352 2955 1425 (Prov.
2988 1369 3063 1420 xl,
3107 1351 3197 1422 25,
3226 1352 3438 1425 second.

1852 1440 2026 1510 LXX)
2056 1460 2068 1495 :
2096 1440 2375 1496 Benedicta
2405 1448 2579 1505 anima
2608 1447 2772 1503 omnis
2796 1446 3050 1517 simplex;
3074 1448 3289 1509 dicente
3310 1450 3441 1507 alibi

1851 1533 2124 1606 Scriptura
2157 1534 2336 1608 (Deut.
2363 1552 2532 1603 xxvn,
2552 1537 2645 1605 26,
2669 1548 2715 1592 et
2740 1537 2859 1594 Gal.
2879 1554 2958 1607 ut,
2985 1539 3075 1611 10)
3096 1558 3106 1593 :
3131 1539 3441 1597 fatedictus

1854 1628 2018 1681 omnis
2039 1628 2191 1681 homo
2212 1630 2301 1698 qui
2332 1645 2432 1683 non
2463 1640 2725 1700 permanet
2755 1633 2809 1685 in
2835 1633 3069 1687 omnibus
3106 1646 3221 1704 qua:
3249 1636 3443 1707 scripta

1780 1740 1827 1799 Β
1854 1728 1975 1772 sunt
2016 1720 2068 1772 in
2100 1717 2229 1774 libro
2252 1720 2397 1792 legis,
2430 1730 2484 1775 ut
2513 1724 2667 1791 faciat
2691 1739 2772 1777 ea.
2806 1723 2941 1779 Hinc
2975 1724 3297 1791 ostenditur,
3331 1742 3439 1783 non

1857 1824 1977 1866 esse
2002 1810 2404 1880 simplicitatem
2436 1828 2639 1880 veram,
2683 1829 2802 1885 qua:
2846 1815 2943 1870 Dei
2976 1817 3232 1871 mandata
3260 1818 3443 1873 insen-b

1855 1912 1971 1956 sata
2003 1902 2296 1959 securitate
2344 1905 2660 1972 contemnit,
2705 1905 2804 1960 sed
2834 1920 2953 1960 eam
2986 1919 3105 1976 qua:
3137 1907 3269 1976 legis
3301 1924 3443 1978 pra:-

1857 2004 2009 2065 cepta
2042 1995 2275 2066 sapienti
2324 1996 2518 2052 timore
2549 1995 2784 2052 custodit
2813 2015 2826 2051 :
2858 1997 3074 2056 dicente
3103 1999 3245 2054 enim
3277 2001 3443 2058 male-

1856 2087 2057 2149 dictum
2078 2103 2200 2144 esse
2220 2104 2343 2144 eum
2368 2088 2458 2159 qui
2484 2105 2588 2144 non
2612 2084 2895 2161 permanet
2916 2090 2967 2147 iu
2996 2090 3079 2148 bis
3100 2109 3218 2161 qua:
3240 2096 3444 2163 scripta

1856 2189 2012 2247 sunt;
2043 2195 2074 2235 a
2103 2182 2382 2239 contrario
2416 2182 2761 2239 benedictum
2791 2198 2913 2239 esse
2940 2200 3047 2239 non
3081 2186 3193 2241 vult
3215 2187 3307 2257 qui
3336 2196 3443 2245 non

1856 2275 2035 2330 omnia
2066 2284 2336 2346 praecepta
2365 2276 2691 2342 servaverit;
2724 2286 2777 2332 et
2806 2280 2852 2333 si
2882 2279 3057 2333 omnis
3086 2277 3318 2349 simplex
3344 2279 3444 2337 be-

1857 2369 2109 2425 nedictus
2134 2379 2238 2435 est,
2271 2384 2402 2439 ergo
2446 2371 2675 2442 simplex
2706 2371 2795 2427 ille
2825 2380 2909 2427 est
2954 2371 3045 2443 qui
3075 2376 3256 2437 omnia
3301 2389 3443 2445 prte-

1857 2471 2011 2531 cepta
2038 2461 2169 2529 legis
2198 2462 2520 2530 impleverit.

1928 2552 2144 2618 Odisse,
2178 2552 2530 2622 maledicere,
2572 2563 2627 2609 et
2670 2554 2933 2621 invidere,
2972 2557 3212 2625 mentiri,
3264 2558 3445 2614 detra-

1860 2645 2013 2713 here,
2064 2654 2118 2701 et
2161 2646 2577 2703 detrahentibus
2615 2649 2860 2718 credere,
2911 2649 3051 2719 leve,
3104 2632 3198 2713 aut
3239 2654 3445 2711 nullum

1862 2754 2078 2813 putatur
2103 2760 2225 2800 esse
2252 2758 2564 2814 peccatum;
2598 2747 2690 2801 sed
2719 2746 2774 2801 hi
2818 2748 2908 2817 qui
2949 2746 3053 2802 hoc
3076 2756 3262 2816 putant
3292 2748 3446 2806 obliti

1861 2848 1986 2891 sunt
2010 2840 2265 2908 quoniam
2304 2846 2362 2894 et
2407 2838 2541 2894 levis
2568 2838 2828 2908 prtecepti
2856 2839 3134 2895 violationi
3178 2842 3447 2897 obnoxios

1860 2930 2121 3000 gehennae
2158 2931 2387 3002 legimus
2430 2922 2554 2987 esse
2596 2916 3004 3001 mancipandOS.
3042 2932 3256 2991 Dixisse
3299 2936 3444 3000 enim

1863 3023 2147 3079 Dominum
2190 3024 2531 3081 manifestum
2572 3032 2656 3087 est
2690 3025 2905 3095 (Matth.
2936 3041 2988 3091 ν,
3014 3026 3120 3097 22)
3148 3045 3159 3081 :
3200 3026 3444 3093 Quicum-

236 3123 369 3177 Inde
409 3114 671 3193 agnosces
708 3124 929 3179 viduam
980 3120 1067 3193 cui
1112 3114 1453 3193 inscribiturq
1465 3118 1518 3193 id
1561 3118 1752 3186 Operis
1780 3118 1827 3182 C
1855 3131 1953 3186 que
1982 3117 2167 3171 dixerit
2199 3116 2350 3185 fratri
2386 3132 2503 3187 suo,
2535 3114 2724 3183 Fatue,
2758 3118 2838 3171 vel
2867 3118 3062 3184 Racha,
3097 3135 3213 3172 reus
3242 3120 3336 3172 erit
3360 3124 3439 3191 ge-

173 3194 365 3249 dictam
390 3190 606 3264 quidem
630 3210 657 3247 a
688 3194 981 3250 Mercatore
1006 3192 1304 3255 LiVaniam,
1330 3190 1590 3264 creditam
1618 3203 1753 3243 vero

175 3282 201 3318 a
228 3260 578 3335 quibusdam.
610 3266 692 3319 vel
727 3266 1008 3321 Melaniam
1039 3264 1334 3335 seniorem,
1362 3263 1443 3316 vel
1466 3260 1753 3335 {lulianam

176 3332 412 3392 Me'morii
456 3338 743 3405 conjugem
787 3351 1132 3405 :cognosces
1177 3333 1375 3403 pariter
1422 3332 1637 3405 viduam
1677 3332 1754 3405 ita

177 3408 409 3465 demisse
448 3403 856 3475 adulatorieque
895 3403 1163 3463 lendatam
1198 3408 1385 3474 tuisse,
1420 3412 1477 3458 ut
1505 3403 1757 3472 Pelagius

179 3480 304 3546 ipse,
338 3481 596 3550 quidquid
644 3482 695 3534 id
736 3488 847 3548 est,
878 3480 1158 3534 erubuerit
1188 3476 1337 3550 fateri
1378 3490 1558 3541 suum,
1590 3476 1757 3531 immo

180 3562 449 3607 auctorem
489 3547 840 3620 'stnltiloquii'
872 3550 1213 3604 damnaVcrit
1254 3566 1266 3620 ς
1314 3547 1366 3601 in
1415 3564 1535 3620 quo
1578 3557 1755 3620 tamen

180 3624 483 3685 mentitum,
532 3623 653 3678 libri
696 3616 763 3679 ab
803 3621 1107 3693 Augustino
1137 3629 1191 3675 et
1218 3616 1285 3673 ab
1316 3616 1625 3673 hominibus
1654 3616 1758 3671 [ide

180 3692 346 3763 dignis
376 3695 579 3759 Pelagii
606 3695 794 3750 amicis
820 3696 1049 3748 consulti
1078 3694 1394 3759 probarunt.

249 3760 447 3820 Verum
470 3767 539 3822 de
564 3765 724 3820 vidua
749 3766 982 3820 occurrit
1006 3763 1166 3819 modo
1188 3762 1496 3828 conjectura
1521 3775 1627 3815 non
1659 3760 1759 3815 im-

184 3836 492 3901 probabilis,
518 3839 687 3905 ipsam
712 3835 962 3891 nimirum
992 3850 1133 3897 esse,
1160 3834 1241 3905 vel
1266 3831 1532 3905 Julianam
1567 3831 1760 3905 Deme-

183 3906 360 3963 triadis
412 3903 657 3972 matrem,
698 3908 783 3962 vel
832 3906 1074 3963 Albinam
1106 3904 1311 3960 Piniaui
1355 3917 1594 3958 socrum.
1624 3903 1756 3957 Nam

183 3980 312 4043 quod
342 3979 417 4035 ad
447 3980 713 4035 Julianam
744 3990 971 4043 spectat,
1005 3975 1262 4032 credibile
1287 3986 1367 4029 est
1400 3976 1570 4044 ipsam
1593 3989 1623 4028 a
1653 3975 1758 4029 Pe-

184 4048 313 4119 lagio
350 4052 671 4120 poposcisse
701 4050 905 4105 idcirco
942 4048 1263 4105 Demetriadi
1303 4045 1425 4120 ﬁlias
1466 4047 1761 4120 institutio-

186 4116 294 4174 nem
324 4116 570 4192 virginis,
604 4124 725 4192 quia
772 4123 946 4192 vidua:
1000 4122 1148 4191 prius
1175 4119 1426 4192 regulam
1454 4117 1523 4192 ab
1569 4116 1759 4192 eodem

186 4186 495 4262 accepisset.
530 4186 667 4258 Quid
697 4192 838 4257 quod
866 4191 931 4245 ad
953 4186 1218 4246 Julianam
1246 4186 1318 4243 de
1345 4187 1606 4262 viduitate
1629 4186 1763 4242 scri-

187 4259 403 4329 pserunt
452 4264 632 4334 plures
675 4265 799 4329 viri,
852 4263 1097 4317 doctrina
1148 4269 1206 4314 ct
1253 4262 1450 4329 pietate
1500 4259 1756 4334 insignes,

187 4347 309 4402 quos
352 4330 498 4391 inter
527 4336 696 4391 videri
743 4336 907 4390 voluit
951 4333 1225 4402 Pelagius,
1264 4346 1395 4389 cum
1445 4344 1544 4402 sua
1593 4330 1762 4398 ipsius

187 4399 435 4475 vanitate,
460 4417 570 4462 tum
589 4408 841 4461 nonnulla
863 4422 987 4475 erga
1011 4399 1364 4475 Augustiqum
1390 4399 1761 4475 :emulatione?

187 4473 293 4530 Jam
323 4472 459 4533 vero
486 4478 679 4533 Albina
707 4472 1067 4547 Pelagio'jam
1106 4472 1223 4529 tum
1254 4472 1440 4547 Romae
1466 4472 1761 4547 conSIitulo

188 4548 469 4615 conjuncta
516 4559 654 4617 erat,
688 4551 775 4618 pio
821 4542 1055 4616 quodam
1106 4544 1443 4618 necessitatis
1496 4542 1755 4618 vinculo:

191 4618 319 4689 unde
332 4622 517 4675 statim
539 4636 601 4674 ac
624 4615 795 4689 ipsum
813 4615 1153 4675 licuitcoram
1168 4616 1323 4689 etiam
1340 4615 1755 4689 Hierosolymis,

191 4687 447 4747 instanter
467 4692 577 4762 egit
600 4687 658 4747 ut
686 4691 938 4746 invidiam
966 4689 1191 4747 haeresis
1212 4688 1537 4762 sibiiactam
1567 4687 1761 4742 amoliv

192 4769 345 4831 retur,
368 4763 442 4818 ab
462 4759 631 4831 eoque
657 4763 944 4828 expressit,
973 4776 1079 4815 non
1096 4759 1495 4831 confessionem
1528 4768 1756 4831 tantum,

193 4845 302 4899 qua:
328 4827 509 4903 capite
539 4827 713 4901 primo
742 4833 865 4888 libri
895 4832 1051 4902 primi
1075 4830 1343 4903 deiGratia
1363 4827 1565 4883 Christi
1588 4828 1762 4903 conti:

195 4914 357 4972 petor,
400 4900 499 4961 sed
540 4900 681 4961 forte
726 4900 909 4969 etiam
934 4911 1103 4957 totum
1149 4901 1204 4956 id
1253 4903 1581 4972 purgationis
1618 4900 1762 4971 quod

195 4970 406 5031 Romam
438 4977 608 5033 misit.

262 5046 394 5114 Quid
424 5050 470 5103 si
502 5050 608 5103 duo
638 5048 837 5103 iuerint
864 5046 984 5102 libri
1010 5044 1075 5099 ad
1118 5042 1366 5111 Viduam,
1399 5043 1533 5098 alter
1564 5056 1765 5114 conso-

199 5113 428 5186 laterius,
455 5119 591 5175 alter
612 5117 1031 5183 exhortatorias,
1062 5124 1117 5172 et
1147 5124 1375 5185 uterque
1399 5113 1468 5169 ad
1493 5113 1762 5186 Juliganatl

200 5184 424 5254 aliquam
468 5192 663 5245 missus
702 5190 940 5253 dicatur;
978 5187 1078 5243 sed
1121 5187 1519 5241 consolatorios
1548 5184 1616 5239 ad
1657 5186 1764 5239 Mes

203 5261 342 5315 ιιιοι-ίί
371 5262 685 5333 coniugem,
727 5258 1228 5333 exhortatoriasad
1262 5256 1767 5333 Denietriadis_ma-

202 5335 364 5385 trem:
394 5326 568 5388 neutri
607 5326 753 5388 certe
785 5332 1095 5399 inscriptum
1128 5330 1291 5383 fuisse
1332 5344 1526 5383 nomen
1562 5326 1763 5393 viduae,

199 5412 398 5457 constat
420 5419 485 5458 ex
508 5405 693 5459 codice
714 5420 871 5472 quem
900 5402 1230 5472 AnguStinus
1254 5401 1413 5467 legit:
1442 5412 1764 5472 quamquam

204 5473 359 5543 videri
392 5484 572 5543 potest
620 5468 752 5529 levis
802 5483 909 5527 tota
957 5468 1074 5526 hinc
1103 5472 1410 5539 conjectura
1452 5471 1519 5523 de
1558 5468 1769 5543 duobus

204 5542 366 5617 libris,
396 5541 530 5602 cum
579 5562 719 5601 unus
764 5543 1003 5617 potuerit
1032 5544 1434 5617 simu|_esse_et
1457 5541 1771 5617 consolato-

202 5610 311 5687 rius
340 5615 391 5670 in
422 5618 570 5673 obitu
618 5619 741 5687 viri,
765 5610 844 5687 ἐι
884 5613 1284 5687 exhortatorias
1310 5613 1377 5667 ad
1422 5612 1583 5687 vitam
1608 5611 1771 5687 vidua

205 5683 481 5773 christiana
500 5683 751 5773 ‘dignam'.
780 5686 887 5773 §ed
935 5686 1075 5741 istud
1122 5685 1281 5773 longe
1300 5685 1575 5773 jgravius:
1608 5683 1772 5773 immo

208 5759 334 5815 ututi
374 5753 647 5833 ponderis,
688 5769 747 5816 ut
776 5759 890 5816 fere
937 5772 1024 5815 me
1066 5753 1240 5827 cogat,
1291 5753 1506 5812 deserta
1548 5753 1775 5825 pristina

1859 3208 2059 3261 Itenme.

1932 3300 2179 3359 inveniat
2227 3302 2368 3373 apud
2420 3313 2471 3361 te
2506 3304 2681 3375 pietas
2728 3319 2885 3372 quem
2930 3318 3193 3375 nusquam
3238 3303 3447 3359 invenit

1859 3394 2067 3459 locum;
2117 3394 2360 3453 inveniat
2404 3395 2601 3463 ubique
2646 3395 2931 3464 peregrina
2976 3394 3118 3464 apud
3164 3404 3215 3449 te
3262 3394 3446 3450 sedem

1853 3486 2065 3556 justitia
2108 3486 2247 3556 (Lib.
2276 3487 2341 3540 de
2382 3486 2523 3541 Gest.
2556 3485 2771 3540 Palwst.
2801 3502 2849 3539 e.
2883 3485 2938 3555 6)
2969 3503 2981 3539 :
3014 3488 3235 3550 veritas,
3285 3501 3447 3554 quam

1854 3580 1967 3650 jam
1998 3596 2157 3643 nemo
2194 3581 2495 3650 cognoscit,
2528 3578 2825 3633 domestica
2865 3572 2958 3633 tibi
3003 3588 3057 3634 et
3097 3578 3271 3632 amica
3318 3578 3444 3645 ﬁat;

1861 3673 1948 3728 lex
1991 3672 2108 3739 Dei,
2139 3688 2258 3741 qua:
2290 3672 2357 3727 ab
2383 3671 2637 3728 omnibus
2666 3684 2835 3741 prope
2864 3670 3177 3726 hominibus
3205 3680 3447 3726 contem-

1861 3765 2026 3830 nitur,
2059 3780 2088 3820 a
2133 3774 2184 3819 te
2212 3765 2329 3821 sola
2360 3763 2677 3820 honoratur.

1930 3858 1976 3913 0
2014 3867 2067 3912 te
2106 3856 2319 3912 felicem
2365 3865 2421 3911 et
2458 3857 2692 3922 beatam,
2732 3856 2779 3911 si
2809 3856 3039 3927 justitis,
3077 3872 3195 3927 quae
3220 3857 3278 3911 in
3310 3856 3449 3911 cmlo

1863 3958 2068 4005 tantum
2096 3965 2216 4005 esse
2247 3950 2520 4007 credenda
2551 3959 2654 4019 est,
2688 3950 2919 4020 apud‘te
2940 3949 3112 4005 solam
3142 3950 3449 4006 inveniatur

1862 4043 1916 4097 in
1944 4043 2103 4098 terris
2122 4044 2135 4097 ι
3087 4050 3109 4055 "

1935 4135 2028 4191 llle
2054 4138 2199 4191 enim
2226 4138 2420 4192 merito
2442 4136 2508 4191 ad
2536 4136 2706 4190 Deum
2734 4135 2948 4190 extollit
2978 4148 3189 4198 manus,
3216 4132 3305 4187 ille
3327 4148 3450 4202 pre-

1862 4244 1954 4287 ces
1985 4230 2124 4285 bona
2166 4231 2501 4287 conscientia
2538 4228 2735 4295 tundit,
2767 4227 2861 4298 qui
2896 4234 3075 4299 potest
3107 4226 3292 4283 dicere
3323 4245 3337 4281 :
3368 4225 3450 4282 Tu

1862 4323 2007 4378 enim
2037 4322 2202 4391 nosti,
2240 4322 2493 4388 Domine,
2524 4336 2684 4393 quam
2716 4333 2941 4388 sanetae,
2984 4336 3144 4392 quam
3193 4320 3451 4376 innocens

1864 4426 1967 4487 tes,
2006 4430 2165 4489 quam
2197 4426 2347 4488 parte
2389 4418 2502 4472 sint
2538 4417 2611 4471 ab
2636 4419 2783 4471 omni
2822 4414 3036 4483 (raude,
3066 4422 3123 4471 et
3150 4414 3371 4485 injuria,
3399 4422 3452 4470 et

1788 4503 1841 4565 D
1868 4512 2078 4582 rapina,
2118 4528 2257 4584 quas
2299 4512 2366 4567 ad
2416 4520 2469 4566 te
2508 4510 2757 4581 expando
2802 4520 2995 4565 manus
3029 4525 3041 4561 :
3085 4516 3244 4580 quam
3281 4508 3449 4578 justa,

1864 4622 2024 4677 quam
2053 4606 2397 4663 immaculata
2423 4603 2587 4671 labia,
2612 4614 2667 4660 et
2690 4604 2759 4660 ab
2776 4602 2928 4658 omni
2952 4602 3232 4659 mendacio
3256 4601 3450 4669 libera,

1865 4700 2061 4770 quibus
2094 4700 2208 4766 tibi,
2236 4705 2296 4754 ut
2320 4698 2453 4753 mihi
2485 4697 2817 4761 miserearis,
2840 4696 3010 4751 tundo
3040 4708 3251 4763 preces.

1938 4792 2071 4847 Haec
2100 4792 2260 4862 paulo
2281 4791 2432 4845 aliter
2452 4790 2505 4843 in
2525 4790 2655 4843 libro
2679 4790 2743 4845 de
2761 4788 2934 4843 Gestis
2960 4787 3255 4841 Palaestinis
3276 4785 3453 4857 legun-

1867 4895 1970 4940 tur.
1994 4886 2088 4940 ille
2119 4887 2185 4940 ad
2210 4886 2381 4941 Deum
2412 4883 2571 4953 digne
2592 4883 2773 4938 elevat
2792 4892 3000 4944 manus,
3030 4879 3127 4933 ille
3149 4878 3453 4933 orationem

1870 4980 2009 5034 bona
2054 4978 2384 5033 conscientia
2434 4974 2682 5039 effundit,
2731 4972 2821 5043 qui
2869 4980 3046 5042 potest
3086 4971 3270 5025 dicere
3312 4986 3325 5023 :
3372 4968 3454 5027 Tu

1870 5074 2036 5138 nosti,
2061 5071 2308 5137 Domine,
2341 5085 2504 5141 quam
2529 5077 2731 5123 sancta:
2756 5067 3145 5122 etinnooentes
3164 5071 3221 5118 et
3242 5062 3456 5117 mundat

1869 5167 1975 5221 sint
2005 5166 2071 5222 ab
2106 5166 2252 5220 omni
2294 5166 2523 5227 malitia,
2554 5160 2953 5231 et’iniquitate,
2984 5165 3039 5214 et
3082 5156 3289 5226 rapina,
3323 5170 3455 5225 quas

1869 5257 1933 5313 ad
1955 5264 2006 5312 te
2027 5256 2266 5313 extendo
2288 5269 2508 5310 manus:
2530 5250 2983 5324 quemadmodum
3004 5249 3235 5318 insonet
3258 5246 3456 5302 munda

1864 5350 2033 5417 labia,
2063 5361 2115 5404 et
2140 5350 2207 5403 ab
2232 5348 2378 5402 omni
2411 5346 2697 5401 mendacio
2727 5344 2914 5405 libera,
2944 5340 3141 5412 quibus
3164 5338 3334 5394 eiero
3358 5337 3457 5393 tibi

1872 5443 2331 5511 deprecationem,
2366 5448 2424 5494 ut
2453 5440 2582 5493 mihi
2618 5437 2929 5491 miserearis
2974 5450 2975 5453 ‘
3068 5450 3071 5453 ·

2426 5576 2582 5633 Liber
2610 5577 2672 5630 de
2693 5575 2921 5630 Natura.

1952 5674 2390 5747 llujusceoperis
2412 5671 2657 5747 meminit
2679 5668 3008 5747 Augustimis
3032 5667 3203 5747 tribus
3224 5666 3459 5747 maxime

1878 5751 1931 5805 in
1962 5737 2137 5812 lib'ris,
2167 5737 2260 5803 de'
2280 5743 2478 5802 Natura
2507 5751 2560 5798 et
2600 5737 2799 5810 Gratia,
2840 5739 2907 5796 de
2946 5739 3127 5798 GeStis
3156 5737 3455 5796 Palaestinis
