3882 6284
134 264 232 323 σοι

479 258 788 319 DISSER'I‘.
820 262 913 321 VI.
947 261 1037 320 DE
1062 261 1375 321 SCRIPTIS
1406 262 1541 321 PRO
1571 260 1854 319 HEBESI
1884 261 2161 334 PELAG.,
2196 259 2498 318 VIVENTE
2527 261 2589 317 S.
2622 259 3041 319 AUGUSTINO.

3306 253 3418 315 609

137 392 200 434 ue
238 375 347 432 levi
373 374 594 446 quidem
625 375 1005 447 correptione,
1040 375 1091 432 si
1120 375 1283 432 vitari
1316 376 1543 431 omnino
1595 391 1706 432 non
1734 382 1789 437 Α
1813 386 2109 443 peccatum,
2142 384 2198 429 ut
2226 383 2462 447 peccator
2494 390 2584 443 per
2623 373 2902 427 vindictam
2942 371 3095 443 plura
3133 369 3416 425 committe-

137 480 376 545 possunt.

203 565 364 638 (Ibid.
410 579 527 636 cap.
573 564 685 635 15.)
719 565 841 636 Ipse
877 574 933 621 tu
960 581 1114 633 vero,
1145 567 1307 633 dices,
1339 567 1458 625 sine
1485 577 1710 639 peccato
1743 567 1746 570 ’

139 657 229 714 es?
252 655 365 711 Non
387 670 506 710 sum
529 671 681 721 sane,
711 656 805 712 sed
828 657 1171 730 negligentia:
1193 674 1325 714 mete
1348 662 1527 730 potius
1547 676 1710 732 quam

140 748 555 820 impossibilitati
594 749 849 821 imputari
893 749 1081 818 debet,
1125 750 1269 822 quod
1312 767 1420 808 non
1462 753 1564 809 sim
1590 754 1710 811 sine

137 853 369 913 peccato.

202 935 387 1009 (Ibid.,
420 954 541 1008 cap.
567 938 655 1005 14,
694 938 808 1007 15.)
836 938 959 993 lam
993 955 1108 994 vero
1142 939 1218 1006 id,
1250 940 1396 1009 quod
1426 955 1456 996 a
1485 941 1710 1012 quibus-

137 1028 247 1083 dam
292 1029 519 1096 dicitur,
569 1046 834 1101 nusquam
868 1046 993 1088 esse
1038 1032 1303 1102 scriptum
1357 1033 1441 1089 his
1483 1035 1708 1091 omnino

134 1122 328 1188 verbis,
359 1136 519 1190 posse
548 1138 668 1179 esse
700 1124 973 1179 hominem
1006 1125 1123 1180 sine
1155 1134 1405 1195 peccato;
1444 1126 1706 1194 scriptum

138 1230 277 1281 vero,
310 1213 584 1270 neminem
618 1231 779 1286 posse
808 1216 1033 1273 domare
1079 1217 1338 1289 linguam,
1382 1227 1441 1274 et
1480 1220 1708 1288 proinde

136 1325 224 1363 nec
250 1322 373 1363 esse
400 1323 560 1377 posse
586 1310 708 1364 sine
730 1318 955 1379 peccato
980 1309 1201 1381 linguae,
1226 1311 1382 1367 facile
1405 1311 1706 1369 refellitur:

133 1402 242 1472 quia
270 1410 325 1457 et
377 1417 483 1456 non
529 1412 613 1458 εει
643 1403 714 1458 ibi
759 1406 990 1474 quaestio
1033 1405 1232 1476 quibus
1275 1405 1457 1460 verbis
1499 1405 1709 1462 dicatur

133 1508 348 1564 qumque
398 1496 687 1549 sententia.
729 1494 797 1550 Et
825 1495 967 1566 quod
999 1498 1276 1566 apostolus
1307 1497 1545 1554 Jacobus
1583 1500 1660 1553 ait
1690 1514 1703 1553 :

133 1586 372 1657 Linguam
384 1596 557 1643 autem
569 1590 746 1644 nullus
763 1588 1035 1645 hominum
1052 1592 1266 1647 domare
1277 1600 1441 1664 potest
1461 1590 1599 1663 (Jac.
1624 1608 1704 1659 ιιι,

131 1679 207 1750 8);
239 1695 331 1746 per
362 1680 836 1749 exprobrationem
868 1682 1077 1739 dictum
1115 1693 1219 1749 est,
1250 1694 1521 1756 tamquam
1556 1684 1708 1741 dice-

1813 477 1923 533 ret;
1949 480 2091 524 esset
2122 471 2264 523 enim
2295 468 2529 523 vindicta
2564 466 2818 522 materies
2852 464 3088 535 peccati,
3120 464 3165 519 si
3205 460 3414 519 adhoc

1815 570 2065 631 peccator
2094 562 2393 618 infirmatus
2417 570 2520 631 est,
2554 572 2611 616 ut
2638 562 2787 630 plura
2818 566 3089 630 peccaret.

1885 652 2077 726 (Ibid.,
2109 670 2225 726 cap.
2256 654 2350 722 24,
2378 654 2492 725 25.)
2524 654 2663 719 Quid
2687 652 2824 723 quod
2851 650 3111 705 Dominus
3138 649 3255 705 sine
3281 664 3409 721 pec-

1811 755 1936 801 cato
1967 747 2140 815 potuit
2165 748 2336 813 mori;
2368 761 2467 802 nec
2499 747 2666 801 ullum
2696 746 2897 800 malum
2928 752 3106 814 potest
3132 757 3254 799 esse
3285 744 3410 800 boni

1812 840 2040 909 alicujus
2068 854 2257 907 causa;
2287 856 2387 896 nec
2417 848 2475 895 ut
2500 848 2649 897 esset
2672 854 2832 896 causa
2858 835 3250 893 misericordiae
3284 836 3407 902 Dei,

1812 934 2177 989 necessarium
2212 932 2331 999 fuit,
2358 934 2502 1005 quod
2531 934 2607 989 illi
2635 932 2806 999 aiunt,
2842 939 3141 1002 peccatum.

1880 1024 2072 1099 (Ibid.,
2105 1042 2224 1097 cap.
2250 1026 2370 1098 26.)
2400 1026 2629 1082 Adhibet
2658 1026 2877 1097 quidem
2906 1025 3032 1079 huic
3058 1024 3218 1078 etiam
3246 1021 3404 1091 parti,

1811 1118 1857 1173 si
1888 1118 2101 1189 quando
2132 1120 2495 1173 necessarium
2524 1117 2718 1183 fuerit,
2771 1117 3200 1173 misericordiam
3250 1127 3405 1167 suam

1816 1213 1975 1276 Deus,
1999 1212 2119 1282 quia
2149 1211 2349 1266 homini
2382 1220 2501 1281 post
2526 1221 2801 1281 peccatum
2826 1212 2897 1265 ita
2925 1208 3202 1265 subveniri
3227 1219 3409 1262 neceso

1810 1320 1927 1359 sum
1957 1313 2069 1371 est;
2101 1320 2207 1360 non
2236 1305 2358 1375 quia
2392 1304 2533 1359 Deus
2565 1318 2784 1360 causam
2816 1301 3187 1374 hujuscemodi
3220 1312 3410 1355 neces-

1810 1395 1981 1450 sitatis
2012 1397 2300 1467 optaverit.
2327 1395 2433 1453 Sed
2460 1407 2515 1451 et
2554 1397 2797 1451 medicus
2840 1394 2906 1449 ad
2954 1392 3248 1448 curandum
3294 1390 3404 1460 jam

1810 1488 2147 1542 vulneratum
2182 1498 2398 1558 paratus
2428 1502 2550 1544 esse
2577 1488 2769 1553 debet;
2805 1501 2909 1541 non
2942 1486 3103 1541 debet
3131 1494 3310 1540 autem
3349 1491 3407 1539 ut

1811 1594 1976 1636 sanus
2001 1581 2316 1636 vulneretur
2340 1593 2548 1652 optare.

1885 1674 2071 1746 (Ibid.,
2099 1692 2214 1747 cap.
2240 1675 2332 1741 9.7,
2361 1674 2478 1745 28.)
2506 1672 2969 1728 Absurdissimum
2999 1686 3162 1740 porro
3189 1671 3405 1727 stultis-

129 1781 201 1828 ret
231 1792 242 1827 :
277 1774 497 1844 Ergone
527 1775 763 1846 linguam
795 1778 982 1834 nullus
1028 1779 1311 1834 hominum
1359 1780 1581 1836 domare
1609 1795 1709 1851 ρο-
1735 1773 1784 1835 Β
1811 1768 2115 1837 simumque
2139 1777 2244 1835 est,
2277 1770 2439 1822 etiam
2474 1767 2839 1822 necessarium
2868 1768 3031 1820 fuisse
3068 1764 3305 1832 homini,
3336 1763 3404 1820 ad
3498 1806 3501 1807 ν

130 1864 252 1919 tot?
276 1866 577 1936 Tamquam
617 1868 909 1941 obiurgans
940 1878 994 1925 et
1023 1871 1211 1927 dicens
1241 1889 1256 1927 :
1291 1871 1523 1928 Domare
1561 1872 1703 1931 feras

129 1961 358 2026 potestis.
393 1961 606 2031 linguas
655 1980 762 2018 non
812 1964 1074 2033 potestis?
1115 1967 1269 2037 quasi
1311 1964 1585 2023 difﬁcilius
1633 1968 1705 2023 sit

126 2051 334 2106 domare
366 2053 606 2124 linguam
632 2071 793 2125 quam
819 2057 983 2113 feras.

191 2143 376 2213 (Ibid.,
403 2164 521 2216 cap.
554 2150 670 2220 17.)
710 2146 918 2219 Verum,
948 2152 1171 2221 inquies,
1214 2152 1283 2206 ab
1324 2152 1585 2219 Apostolo
1615 2152 1702 2208 di-

126 2246 255 2290 ctum
288 2250 373 2293 est
399 2257 412 2292 :
450 2240 721 2309 Sapientia
746 2244 918 2297 carnis
947 2244 1159 2298 inimica
1183 2253 1259 2300 est
1302 2247 1355 2300 in
1385 2244 1575 2308 Deum,
1599 2245 1705 2316 legi

125 2330 245 2383 enim
277 2329 376 2386 Dei
403 2349 504 2387 non
534 2344 609 2389 est
636 2336 888 2407 subjecta,
916 2353 1007 2390 nec
1032 2338 1171 2392 enim
1194 2346 1392 2408 potest;
1423 2338 1511 2408 qui
1531 2346 1704 2393 autem

124 2422 169 2474 in
196 2440 349 2479 carne
380 2439 519 2491 sunt,
552 2424 661 2481 Deo
690 2430 891 2497 placere
926 2445 1029 2484 non
1059 2439 1273 2497 possunt
1311 2429 1490 2502 (Rom.
1523 2447 1635 2497 Vlll,
1670 2432 1702 2485 7

124 2522 162 2567 et
190 2516 262 2583 8).
295 2515 404 2572 Sed
431 2520 743 2587 Apostolus,
768 2519 910 2591 quod
935 2519 1253 2589 sapientiam
1280 2523 1459 2576 carnis
1480 2522 1700 2591 dixerit,

123 2621 213 2661 non
243 2609 569 2678 sapientiam
595 2614 880 2667 desursum
912 2613 1366 2680 descendentem;
1388 2622 1443 2669 et
1465 2615 1518 2669 in
1540 2630 1705 2671 carne

121 2710 245 2761 esse,
277 2714 391 2752 non
423 2715 517 2754 eos
549 2702 639 2770 qui
670 2701 739 2756 de
769 2716 997 2771 corpore
1041 2718 1147 2757 non
1177 2702 1452 2769 exierunt,
1484 2704 1582 2760 sed
1608 2720 1704 2761 eos

120 2789 193 2857 qui
228 2791 537 2846 secundum
566 2807 787 2848 carnem
815 2794 1024 2858 vivunt,
1058 2795 1343 2851 manifeste
1368 2795 1659 2866 signiﬁcat.

176 2880 377 2951 Perges
422 2885 641 2954 objicere
665 2901 688 2942 :
734 2885 862 2957 Ipsa
911 2888 1091 2943 saltem
1143 2888 1447 2959 ignorantia:
1496 2899 1705 2959 peccata

122 2976 251 3029 ritarl
301 2992 409 3029 non
458 2985 711 3045 possunt,
760 2988 1033 3047 utcumque
1073 2981 1313 3035 dicantur
1342 2991 1525 3035 caetera
1554 2982 1705 3036 vitari

124 3084 269 3139 posse.
303 3068 429 3123 Non
459 3080 692 3137 possunt,
722 3072 907 3140 fateor,
938 3074 1242 3144 ignorantia
1269 3083 1479 3143 peccata
1517 3075 1699 3144 vitari,

1804 1860 2148 1917 auferendam
2204 1861 2473 1929 superbiae
2522 1860 2605 1915 vel
2660 1859 2853 1930 gloriae
2903 1859 3287 1925 occasionem,
3346 1866 3409 1914 ut

1803 1954 2009 2022 absque
2034 1965 2252 2025 peccato
2281 1970 2401 2011 esse
2431 1972 2535 2009 non
2567 1968 2767 2023 posset.
2801 1953 2906 2009 Sed
2934 1953 3099 2017 Deus,
3134 1954 3401 2022 inquiunt,

1805 2055 1984 2115 potest
2015 2049 2193 2102 omnia
2223 2063 2434 2103 sanare.
2476 2046 2651 2102 Potest
2688 2062 2847 2111 sane;
2879 2045 2967 2100 sed
3005 2046 3289 2099 absurdum
3328 2055 3405 2100 ta-

1804 2156 1917 2194 men
1941 2150 2039 2205 est,
2072 2156 2100 2195 a
2134 2141 2244 2196 Deo
2270 2141 2373 2196 dici
2408 2141 2611 2196 homini
2639 2158 2652 2193 :
2683 2141 2916 2195 Necesse
2954 2148 3036 2194 est
3076 2152 3301 2208 peccare
3337 2152 3407 2193 ne

1802 2247 2017 2303 pecces.
2050 2234 2187 2301 Quid
2218 2234 2451 2304 amplius
2482 2234 2680 2301 dicam,
2718 2233 2820 2286 nisi
2866 2233 2988 2303 (pila
3035 2241 3213 2301 potest
3253 2229 3404 2287 credi

1804 2326 1942 2395 quod
1965 2326 2114 2396 ignes
2138 2327 2345 2395 ignibus
2363 2329 2799 2397 exsuuguuntur,
2824 2326 2867 2381 si
2888 2324 3039 2381 credi
3060 2332 3239 2396 potest
3258 2323 3402 2395 quod

1805 2420 2039 2487 peccatis
2070 2428 2288 2488 peccata
2314 2420 2609 2474 curentur?

1878 2508 2087 2581 (Ibid.,
2140 2527 2258 2582 cap.
2308 2511 2425 2583 29.)
2483 2510 2590 2565 Sed
2642 2508 3043 2581 quonammodo
3092 2507 3401 2578 superbiam

1805 2601 1975 2672 ipsam
2004 2617 2032 2655 a
2062 2613 2282 2672 peccato
2320 2603 2725 2672 separabimusl
2767 2604 2900 2657 Tam
2943 2616 3170 2671 peccare
3212 2616 3405 2672 super-

1807 2691 1923 2749 bire
1950 2702 2051 2759 est,
2086 2710 2246 2762 quam
2271 2694 2553 2764 superbire
2598 2709 2845 2764 peccare.
2887 2693 3018 2749 Nam
3060 2708 3242 2763 quaere
3276 2693 3406 2763 quid

1805 2785 1876 2840 sit
1903 2786 2276 2857 quodcumque
2305 2799 2604 2856 peccatum,
2634 2797 2688 2842 et
2707 2786 2829 2840 vide
2852 2786 2894 2839 si
2920 2784 3160 2840 invenies
3182 2783 3402 2854 aliquod

1805 2876 1926 2932 sine
1954 2879 2224 2947 superbiae
2251 2878 2612 2948 appellatione
2641 2877 2958 2947 peccatum?
2997 2876 3168 2932 Omne
3208 2890 3402 2946 pecca-
3462 2900 3466 2903 Α

1807 2977 1953 3038 tum,
2000 2972 2098 3025 nisi
2142 2970 2334 3037 fallor,
2382 2972 2475 3026 Dei
2506 2981 2845 3039 contemptus
2873 2980 2986 3037 est;
3020 2980 3074 3025 et
3101 2968 3279 3025 omnis
3309 2970 3406 3026 Dei

1805 3072 2148 3132 eculemptus
2178 3064 2428 3133 superbia
2459 3072 2565 3119 est.
2604 3063 2744 3131 Quid
2788 3063 2933 3118 enim
2969 3072 3074 3117 tam
3115 3061 3407 3132 superbum

124 3160 356 3229 quamdiu
397 3160 548 3215 homo
591 3164 826 3234 ignorat;
872 3163 965 3218 sed
1010 3164 1349 3243 prmvigilare
1389 3165 1588 3233 debet,
1635 3181 1704 3221 ne
1731 3157 1778 3221 (ἶ
1808 3172 1967 3225 quam
2017 3156 2185 3211 Deum
2230 3156 2619 3210 Contemnere?
2667 3156 2838 3211 Omne
2880 3168 3011 3225 ergo
3047 3162 3324 3225 peccatum
3354 3160 3410 3208 et

126 3251 351 3323 ignoret:
385 3254 615 3323 ideoque
641 3255 905 3326 culpanda
941 3266 1027 3310 est
1081 3258 1385 3327 ignorantia
1413 3298 1428 3324 ,
1475 3261 1602 3328 quia
1654 3258 1709 3313 id

129 3344 271 3402 homo
302 3346 477 3401 nescit
505 3348 831 3419 negligentia
852 3362 969 3417 sua,
998 3349 1140 3420 quod
1162 3350 1401 3405 adhibita
1429 3350 1708 3420 diligentia

127 3438 248 3492 scire
275 3439 576 3495 debuisset.

186 3531 365 3603 (Ibid.,
397 3550 513 3605 cap.
560 3532 671 3602 18.)
717 3531 889 3588 Addes
933 3533 1125 3588 etiam:
1174 3532 1379 3588 Tollere
1424 3543 1556 3589 certe
1598 3551 1705 3589 non

128 3634 267 3694 potest
294 3625 451 3680 homo
479 3636 684 3695 peccata
702 3626 820 3698 jam
864 3627 1175 3691 commissa;
1221 3626 1319 3681 sed
1367 3626 1454 3681 illa
1501 3625 1707 3695 expiari

130 3717 327 3784 debent,
355 3728 416 3774 et
462 3719 719 3773 Dominus
767 3733 866 3790 pro
912 3719 991 3774 eis
1030 3720 1359 3774 exorandus.
1411 3717 1480 3773 Id
1528 3718 1708 3773 lubens

132 3812 309 3878 fateor:
337 3811 468 3880 quia
501 3809 551 3864 id
583 3810 727 3881 quod
761 3810 959 3865 factum
986 3821 1091 3875 est,
1123 3811 1304 3867 facere
1332 3810 1586 3867 infeclum
1613 3827 1710 3881 po-

135 3901 277 3956 tentia
308 3913 517 3957 naturae
542 3912 595 3958 et
625 3905 873 3959 voluntas
904 3903 1137 3959 hominis
1165 3920 1272 3959 non
1302 3912 1500 3975 potest.

188 3994 361 4065 (Ibid.,
394 4012 516 4065 cap.
548 3996 663 4065 19.)
698 3996 802 4053 Sed
828 4004 883 4050 ut
910 3997 964 4050 id
1000 4006 1252 4052 evertatur
1294 3998 1349 4051 in
1389 4015 1495 4068 quo
1530 3998 1708 4068 prasi-

135 4087 257 4142 dinm
297 4091 511 4160 ponitur
552 4090 612 4145 ab
650 4091 714 4145 iis
753 4093 841 4161 qui
878 4092 1022 4146 nobis
1052 4092 1403 4147 adversantur.
1429 4092 1614 4147 Primo
1640 4091 1708 4147 de

134 4193 187 4236 eo
211 4182 586 4255 disputandum
631 4193 714 4241 est
758 4184 900 4255 quod
950 4201 1048 4255 per
1094 4193 1377 4256 peccatum
1431 4185 1706 4240 debilitata

137 4273 303 4331 dicitur
330 4286 382 4333 et
420 4277 697 4331 immutata
726 4287 941 4332 natura.
971 4276 1126 4333 Unde
1166 4286 1293 4331 ante
1336 4275 1515 4330 omnia
1558 4291 1706 4346 quae-

139 4368 341 4426 rendum
363 4378 509 4439 .puto
538 4369 666 4439 quid
693 4370 764 4425 sit
792 4380 1097 4441 peccatum.
1128 4369 1443 4426 Substantia
1485 4369 1666 4440 aliqua
1686 4413 1702 4439 ,

141 4472 197 4514 an
239 4462 458 4517 onmino
505 4462 800 4518 substantia
842 4477 1031 4518 carens
1074 4477 1291 4530 nomen,
1324 4476 1432 4533 quo
1462 4476 1566 4517 non
1596 4477 1703 4527 res,

1812 3248 2067 3317 superbia
2100 3257 2203 3317 est,
2234 3252 2394 3302 etiam
2425 3248 2709 3315 Scriptura
2753 3247 3004 3302 dicente:
3047 3245 3264 3301 Initium
3300 3258 3410 3300 om-

1813 3341 1893 3394 nis
1920 3341 2115 3411 peccati
2138 3341 2378 3409 superbia
2402 3350 2473 3393 est
2505 3338 2697 3411 (Eccli.
2729 3356 2780 3406 x,
2815 3340 2929 3409 15).

1883 3432 2076 3505 (Ibid.,
2105 3451 2219 3507 cap.
2253 3435 2367 3503 50.)
2405 3434 2634 3500 Deinde,
2682 3434 2953 3504 quomodo
2994 3433 3114 3504 quis
3159 3433 3268 3488 Deo
3311 3446 3410 3503 pro

1812 3527 1956 3582 illius
1988 3530 2190 3594 peccati
2225 3537 2374 3582 reatu
2402 3528 2649 3583 subditus
2678 3543 2799 3583 esse
2830 3527 3049 3598 poterit,
3077 3526 3218 3597 quod
3251 3541 3409 3581 suum

1811 3633 1917 3673 non
1951 3633 2072 3674 esse
2112 3617 2457 3687 cognoverit?
2488 3620 2654 3674 Suum
2686 3620 2831 3674 enim
2862 3636 2967 3674 non
2999 3628 3105 3685 est,
3138 3618 3182 3672 si
3218 3632 3410 3673 neces-

1811 3710 2012 3765 sarium
2040 3722 2153 3776 est;
2184 3718 2279 3765 aut
2307 3712 2349 3765 si
2381 3725 2537 3765 suum
2571 3720 2674 3780 est,
2706 3713 3066 3767 voluntarium
3114 3720 3217 3766 est.
3264 3711 3330 3765 Et
3358 3710 3407 3766 si

1810 3805 2175 3859 voluntarium
2208 3814 2312 3871 est,
2340 3803 2499 3859 vitari
2531 3813 2728 3875 potest.

1882 3894 2074 3968 (Ibid.,
2101 3913 2218 3965 cap.
2246 3895 2361 3965 55.)
2399 3894 2489 3960 At,
2540 3896 2809 3966 inquiunt,
2856 3894 3018 3949 homo
3063 3902 3409 3964 comparatur

1810 3986 1945 4047 Deo,
1977 3987 2023 4040 si
2052 3988 2259 4056 absque
2298 3998 2519 4057 peccato
2559 4000 2680 4041 esse
2721 3996 3033 4041 asseratur:
3079 3985 3235 4055 quasi
3282 3999 3410 4041 vero

1810 4082 2054 4150 angelus,
2091 4082 2217 4151 quia
2245 4082 2449 4152 absque
2482 4090 2703 4149 peccato
2730 4090 2844 4147 est,
2876 4090 3217 4150 comparetur
3258 4081 3409 4138 Deo?

1883 4174 2072 4247 (Ibid.,
2107 4191 2223 4246 cap.
2255 4174 2374 4245 54.)
2406 4176 2655 4245 [nquiunt
2686 4173 2847 4229 etiam
2869 4215 2885 4241 ,
2929 4174 3250 4230 rationabile
3290 4174 3409 4243 qui-

1811 4267 1932 4324 dem
1965 4268 2180 4323 videtur
2223 4283 2344 4326 esse
2386 4271 2527 4341 quod
2569 4273 2805 4335 asseris,
2850 4268 2945 4325 sed
2990 4268 3281 4339 superbum
3323 4276 3410 4324 est

1813 4360 1995 4416 dicere
2035 4362 2308 4418 hominem
2351 4363 2551 4435 absque
2593 4372 2811 4433 peccato
2841 4377 2963 4419 esse
2994 4376 3173 4432 posse.
3204 4361 3407 4417 Verum

1815 4451 1869 4508 in
1908 4468 2013 4523 qua
2060 4455 2232 4525 magis
2276 4465 2427 4526 parte
2467 4454 2744 4510 humilitas
2779 4453 3092 4511 collocanda
3124 4452 3244 4508 est?
3274 4452 3410 4510 Sine

140 4565 226 4606 non
250 4554 561 4623 existentia,
596 4570 701 4610 non
729 4569 928 4625 corpus
969 4553 1190 4625 aliquod
1216 4599 1230 4625 ,
1274 4523 1371 4610 sed
1421 4523 1705 4627 perperam
1734 4523 1790 4587 D
1812 4546 1979 4603 dubio
2010 4523 2291 4611 falsitatis,
2309 4548 2352 4603 si
2382 4549 2432 4602 in
2461 4563 2524 4603 ea
2556 4563 2673 4616 quae
2704 4549 2948 4603 veritatis
2990 4546 3250 4616 probatur
3286 4559 3410 4600 esse

141 4642 243 4701 facti
269 4658 418 4705 actus
446 4649 804 4717 BXIlI‘imlllﬂ'?
827 4649 1026 4717 Credo,
1058 4647 1129 4703 ita
1162 4657 1279 4717 est;
1313 4657 1370 4705 et
1397 4650 1441 4705 si
1474 4650 1546 4704 ita
1585 4658 1704 4719 est,

143 4738 378 4806 quomodo
408 4740 583 4809 potuit
609 4739 898 4796 humanam
928 4738 1229 4807 debilitare,
1260 4741 1347 4796 vel
1374 4750 1586 4798 mutare
1611 4757 1705 4798 na-

142 4835 308 4899 turam,
338 4833 484 4901 quod
516 4834 814 4889 substantia
845 4834 1030 4889 caret?

204 4921 372 4995 (Ibid.,
402 4943 523 4999 cap.
556 4923 675 5000 21.)
706 4926 903 4983 Deinde
931 4926 1193 4999 tegritudo
1224 4927 1360 4995 haec,
1393 4944 1548 4996 quam
1570 4928 1710 4998 quis-

142 5031 222 5084 que
243 5021 522 5087 experitur,
556 5035 662 5076 non
690 5021 873 5076 debuit
915 5020 1164 5077 contrahi
1212 5021 1445 5091 peccatis
1469 5063 1484 5089 ,
1533 5037 1602 5076 ne
1644 5021 1713 5077 ad

146 5104 232 5162 hoc
252 5118 387 5167 esset
431 5125 591 5181 pmna
637 5114 884 5183 peccati,
938 5121 998 5167 ut
1045 5112 1515 5168 committerentur
1561 5113 1712 5181 plura

146 5212 365 5269 peccata;
396 5219 570 5275 neque
602 5220 733 5261 vero
762 5206 875 5275 ipse
920 5206 1125 5277 primus
1166 5204 1329 5261 homo
1372 5206 1496 5262 ideo
1540 5213 1713 5262 morte

147 5288 401 5351 damnatus
438 5305 556 5364 est,
586 5298 707 5368 quia
742 5299 987 5369 peccandi
1018 5298 1364 5353 necessitatem
1402 5299 1567 5368 primo
1596 5314 1713 5370 pec-

147 5392 242 5438 cato
264 5388 530 5457 contraxit,
563 5404 687 5443 nam
712 5400 897 5461 postea
927 5407 1032 5447 non
1059 5392 1315 5461 peccavit.
1344 5390 1474 5460 Ejus
1498 5407 1712 5463 quoque

149 5482 345 5548 pomeri,
375 5496 482 5536 non
519 5483 692 5537 solum
744 5484 837 5539 illo
879 5498 983 5539 non
1030 5492 1154 5538 sunt
1204 5483 1528 5540 infirmiores
1554 5524 1568 5550 ,
1618 5485 1714 5541 sed

148 5570 287 5626 etiam
333 5573 481 5643 plura
531 5576 892 5645 impleverunt
939 5584 1241 5646 praecepta,
1270 5590 1393 5632 cum
1424 5592 1589 5634 unum
1618 5577 1715 5635 ille

150 5659 355 5733 implere
384 5667 699 5739 neglexerit.
1712 5656 1717 5659 8

208 5754 388 5824 (lbid.,
416 5776 530 5827 cap.
569 5758 689 5824 ‘22.)
743 5758 935 5816 Deinde
978 5776 1081 5816 non
1124 5761 1295 5816 debuit
1344 5762 1419 5818 sic
1465 5764 1715 5820 vindicari

1814 4640 2065 4710 superbia
2089 4650 2193 4695 est.
2225 4640 2280 4694 In
2313 4649 2462 4710 parte
2493 4640 2653 4711 igitur
2678 4640 2922 4695 veritatis
2944 4681 2959 4705 ,
3003 4655 3112 4694 non
3158 4638 3214 4692 in
3257 4647 3410 4707 parte

1814 4732 2084 4801 falsitatis,
2119 4732 2391 4787 humilitas
2423 4733 2591 4804 magis
2620 4733 2938 4788 collocanda
2971 4741 3077 4787 est.

1887 4836 2074 4909 (Ibid.,
2107 4852 2224 4906 cap.
2253 4837 2368 4905 35.)
2401 4837 2538 4901 Quin
2570 4847 2620 4892 et
2656 4835 2790 4890 illud
2835 4834 3077 4888 addunt:
3121 4831 3410 4887 Multorum
3506 4820 3507 4823 “

1815 4957 1841 4994 e
1864 4942 2052 4996 sanctis
2075 4949 2281 5010 peccata
2304 4940 2555 4994 novimus.
2581 4937 2844 4995 Peccasse
2868 4936 3064 4992 multos
3091 4945 3405 4991 sanctorum

1817 5057 1923 5096 non
1949 5051 2155 5097 tantum
2185 5054 2369 5095 verum
2396 5045 2501 5106 est,
2532 5037 2627 5093 sed
2656 5038 2818 5092 etiam
2863 5036 3058 5092 litteris
3100 5035 3231 5105 ipsis
3275 5049 3410 5103 quo-

1814 5159 1921 5217 que
1962 5145 2131 5200 sacris
2174 5141 2439 5213 proditum
2477 5149 2588 5196 est:
2621 5152 2728 5194 non
2760 5149 2817 5193 ut
2847 5137 3093 5208 exempla
3121 5135 3187 5191 ad
3214 5134 3410 5205 despe-

1815 5247 2081 5303 rationem
2103 5260 2209 5301 non
2240 5241 2498 5315 peccandi
2517 5242 2756 5308 valeant,
2783 5255 2958 5310 neque
2980 5246 3038 5293 ut
3063 5237 3410 5294 securitatem

1815 5348 2079 5422 peccandi
2131 5346 2286 5403 nobis
2331 5342 2734 5417 quodammodo
2782 5340 3026 5413 prabere
3084 5339 3408 5405 videantur;

1815 5452 1912 5508 sed
1961 5460 2020 5507 ut
2064 5451 2431 5514 disceremus,
2478 5447 2559 5502 vel
2590 5443 2884 5515 paenitendi
2907 5442 3289 5510 humilitatem,
3323 5441 3410 5499 vel

1816 5557 1983 5612 etiam
2012 5555 2065 5609 in
2098 5553 2293 5609 talibus
2324 5549 2563 5620 lapsibus
2593 5563 2699 5603 non
2726 5545 3116 5617 desperandam
3159 5544 3409 5601 salutem.

1815 5658 1922 5717 Sed
1952 5656 2223 5728 quomodo
2247 5655 2381 5710 istos
2409 5659 2624 5708 sanctos
2650 5650 2718 5706 de
2748 5648 2851 5705 hac
2888 5647 2997 5705 vita
3043 5647 3242 5705 abiisse
3287 5662 3410 5703 cre-

1819 5762 2056 5821 dendum
2084 5760 2205 5818 est?
2231 5759 2366 5817 Cum
2396 5764 2636 5827 peccato,
2667 5769 2733 5811 an
2764 5753 2880 5811 sine
2906 5754 3163 5824 peccato?
3196 5752 3251 5809 Si
3288 5765 3410 5808 cum
