3882 6284
426 231 532 291 603

891 228 984 285 AD
1013 225 1297 286 PARTEM
1324 223 1593 284 PRIMAM
1619 220 1908 280 OPERUM
1934 219 2008 278 Μ.
2039 221 2045 278 1

2158 219 2490 278 RCATORIS
2523 221 2874 281 APPENDIX
2903 224 3247 300 SECUNDA.

3641 234 3740 324 ΨΑ

425 354 678 418 peccato,
717 342 993 418 quomodo
1029 342 1199 398 sancti
1227 340 1384 398 sunt?
1415 339 1473 396 Si
1498 339 1615 394 sine
1642 343 1885 407 peccato,
1918 346 2018 406 po-
2045 335 2097 396 Δ
2126 341 2264 401 stus,
2300 321 2460 391 talem
2491 335 2766 392 hominem
2793 337 2940 407 fecit,
2967 341 3058 410 qui
3107 341 3311 412 peccati
3357 351 3504 401 malo
3541 321 3734 416 carere

430 446 652 494 tuerunt
679 451 808 508 ergo
834 437 952 492 sine
979 443 1203 506 peccato
1233 433 1394 490 esse?

503 529 697 603 (fbid.,
728 545 846 600 cap.
879 529 1002 599 56.)
1033 528 1140 584 Sed
1169 527 1226 581 in
1251 524 1432 580 iisdem
1458 523 1622 578 sacris
1651 521 1836 577 iitteris
1866 519 2025 575 multi

433 640 542 680 non
573 623 734 678 modo
763 638 870 678 non
902 635 1172 692 peccasse,
1205 632 1408 674 verum-
1439 617 1602 672 etiam
1643 616 1786 687 juste
1827 613 2026 670 vixisse

430 718 760 786 referuntur,
794 715 959 783 Abel,
993 713 1210 781 Enocb,
1245 709 1641 768 Melchisedech
1663 751 1678 776 ,
1709 707 1982 766 Abraham
2007 749 2024 777 ,

430 813 598 877 Isaac,
627 810 814 876 Jacob,
841 809 1062 877 Ioseph.
1091 805 1253 862 Jesus
1281 803 1447 874 Nave,
1477 801 1737 872 Phinees,
1769 801 2026 869 Samuel,

432 908 666 974 Nutha",
703 905 864 969 Elias,
898 901 1146 965 Elisazus,
1177 899 1448 967 Michzeas,
1486 895 1670 954 Daniel
1697 939 1712 965 ,
1760 895 1985 952 Azarias
2009 936 2027 963 ,

433 999 703 1062 Ananias,
748 995 961 1063 Misael,
1008 992 1304 1058 Ezechiel,
1357 990 1746 1057 Mardoehmus,
1777 989 2025 1062 Simeon,

431 1091 656 1160 Ioseph,
684 1090 768 1146 cui
800 1089 1120 1160 desponsata
1148 1096 1268 1142 erat
1310 1087 1462 1158 virgo
1511 1085 1672 1141 Maria
1702 1126 1716 1152 ,
1766 1084 2028 1142 Joannes.

433 1185 531 1240 His
552 1182 688 1238 adde
709 1172 921 1237 sanctas
943 1179 1191 1246 feminas,
1217 1177 1504 1244 Deboram,
1520 1176 1734 1232 Annam
1759 1175 2034 1232 Samuelis

433 1288 682 1344 matrem,
706 1273 911 1341 Judith,
947 1272 1166 1336 Esther,
1197 1270 1424 1326 alteram
1451 1269 1666 1326 Annam
1699 1267 1866 1324 filiam
1885 1268 2030 1323 Pha-

432 1371 578 1437 nuel,
615 1368 916 1436 Eltsabetb,
949 1366 1122 1438 ipsam
1152 1366 1318 1422 etiam
1366 1363 1579 1420 Domini
1629 1378 1692 1418 ac
1735 1361 2034 1418 Salvatoris

433 1462 606 1520 noStri
646 1470 908 1528 matrem,
945 1475 1109 1532 quam
1139 1459 1258 1515 sine
1279 1459 1507 1530 peccato
1533 1455 1778 1512 confiteri
1811 1467 2035 1510 necesse

433 1565 516 1614 est
546 1555 748 1626 pietati.

506 1650 693 1723 (Ibid,
717 1666 834 1722 cap.
856 1645 972 1719 57.)
1001 1646 1194 1701 Dicent
1217 1644 1436 1700 forsitan
1461 1661 1475 1696 :
1499 1639 1769 1712 Numquid
1793 1639 2033 1695 omnium

2127 425 2424 494 sufficeret,
2454 427 2550 485 sed
2580 429 2628 485 si
2653 427 2938 487 voluisset.
2966 431 3253 491 Voluntate
3279 450 3387 492 non
3421 445 3505 493 est
3527 479 3548 510 ,
3594 445 3732 513 quod

2130 529 2323 576 natura
2362 530 2560 592 potest.
2607 523 2678 578 At
2717 523 2862 594 quod
2892 541 3038 582 nunc
3066 528 3242 599 agitur
3271 543 3377 585 non
3409 532 3651 602 pertinet
3681 547 3732 592 ut

2130 615 2408 684 quaeratur
2437 621 2614 668 utrum
2646 612 2852 670 fuerint
2891 615 2972 672 vel
3016 617 3128 673 sint
3177 618 3343 688 aliqui
3389 621 3642 692 homines
3681 627 3726 684 in

2131 702 2236 761 hac
2263 705 2372 761 vita
2401 704 2521 761 sine
2543 714 2789 775 peccato,
2819 707 2916 764 sed
2943 718 3120 766 utrum
3146 724 3266 767 esse
3296 713 3603 785 potuerint,
3626 718 3729 776 sive

2131 797 2363 868 possint.
2827 811 2830 814 ’

2207 891 2314 949 Sed
2347 894 2450 950 hoc
2477 903 2582 964 est,
2613 894 2850 980 inquies,
2881 896 3024 966 quod
3074 897 3276 968 multos
3325 909 3509 958 movet
3529 943 3546 970 ,
3597 905 3725 975 quod

2135 997 2244 1042 non
2271 999 2370 1056 per
2401 985 2490 1043 Dei
2522 987 2749 1058 gratiam
2774 984 3026 1045 homines
3049 989 3167 1047 sine
3188 1001 3409 1062 peccato
3429 1003 3558 1054 esse
3583 1011 3724 1067 posse

2136 1074 2407 1133 defendis.
2436 1079 2482 1134 υ
2509 1078 2831 1148 ignorantiae
2867 1079 3122 1139 caecitas!
3159 1083 3206 1139 0
3242 1084 3507 1157 imperita:
3545 1067 3724 1148 mentis

2136 1170 2371 1239 ignavia,
2402 1186 2521 1241 quae
2543 1171 2606 1227 id
2632 1171 2751 1229 sine
2772 1172 2874 1230 ’Dei
2899 1175 3072 1245 gratia
3117 1175 3382 1233 defensari
3423 1179 3720 1253 existimat,

2137 1263 2280 1334 quod
2307 1265 2420 1319 Deo
2448 1273 2658 1321 tantum
2686 1266 2868 1323 audiat
2899 1265 3098 1325 debere
3135 1272 3412 1341 reputari!
3443 1271 3582 1328 Nam
3619 1289 3721 1330 cum

2138 1355 2336 1413 dicitur
2359 1357 2532 1430 ipsum
2562 1375 2722 1432 posse
2742 1362 2950 1418 arbitrii
2973 1363 3192 1421 humani
3215 1367 3436 1422 omnino
3459 1384 3571 1423 non
3597 1384 3718 1438 esse,

2139 1451 2236 1508 sed
2264 1453 2501 1508 auctoris
2528 1463 2758 1523 natura,
2783 1453 3156 1534 'Dei'scilicet;
3197 1459 3353 1530 ecqui
3398 1459 3514 1515 fieri
3565 1437 3721 1534 potest

2141 1555 2200 1601 ut
2224 1545 2428 1615 absque
2456 1545 2556 1604 Dei
2580 1551 2748 1619 gratia
2780 1549 3113 1622 intelligatur
3137 1554 3279 1624 quod
3308 1555 3374 1608 ad
3405 1553 3579 1611 Deum
3619 1572 3721 1626 pro

2141 1638 2258 1710 prie
2285 1640 2554 1710 pertinere
2582 1643 2874 1698 censetur?
2898 1643 3005 1700 Sed
3035 1651 3092 1700 ut
3122 1644 3226 1701 hoc
3255 1643 3597 1713 manifestius
3623 1647 3720 1716 ﬁat,

437 1745 607 1816 potuit
633 1743 910 1813 Scriptura
934 1748 1380 1796 commemorare
1425 1735 1680 1808 peccata?
1726 1731 1841 1790 Hoc
1883 1741 2032 1789 recte
2062 1733 2298 1816 Bpaulo
2323 1735 2484 1790 latius
2513 1733 2900 1805 disputandum
2932 1745 3016 1793 est

435 1838 544 1895 dici
569 1845 745 1908 potest
773 1834 842 1891 de
869 1835 949 1890 his
969 1849 1200 1906 quorum
1233 1847 1406 1903 neque
1425 1831 1689 1887 bonorum
1717 1843 1892 1900 neque
1918 1841 2032 1882 ma-

436 1930 612 1985 lorum
641 1929 919 1998 Scriptura
948 1928 1020 1982 sit
1049 1940 1298 1993 memor;
1349 1924 1417 1980 de
1467 1924 1573 1980 illis
1621 1936 1753 1978 vero
1801 1934 2033 1993 quorum

436 2025 656 2096 iustitiae
680 2023 947 2085 meminit,
975 2031 1030 2076 et
1054 2029 1394 2087 peccatorum
1421 2019 1540 2073 sine
1567 2017 1728 2072 dubio
1752 2014 2036 2071 meminis-

437 2128 539 2182 set,
573 2119 616 2172 si
645 2131 748 2187 qua
779 2127 874 2171 eos
902 2127 1155 2186 peccasse
1178 2111 1454 2168 sensisset.
1478 2111 1587 2168 Sed
1611 2119 1727 2166 esto
1751 2110 1875 2166 aliis
1896 2118 2036 2166 tem-

439 2209 684 2278 poribus,
714 2209 887 2263 turhae
913 2207 1325 2274 numerositate,
1351 2205 1589 2260 omnium
1619 2200 2039 2259 dissimulaverit

440 2307 656 2371 peccata
681 2309 1004 2366 contexere;
1037 2301 1091 2354 in
1122 2301 1240 2369 ipso
1266 2299 1449 2353 statim
1482 2295 1668 2353 mundi
1712 2293 2033 2365 primordio,

438 2395 526 2451 ubi
558 2397 768 2452 nonnisi
799 2403 1030 2466 quatuor
1061 2393 1308 2448 homines
1337 2401 1492 2447 erant
1521 2433 1535 2458 ,
1581 2390 1713 2460 quid
1757 2389 1988 2444 dicimus
2017 2429 2034 2456 ,

439 2503 538 2544 cur
585 2503 692 2544 non
740 2489 980 2543 omnium
1035 2487 1268 2543 voluerit
1321 2484 1518 2542 delicta
1563 2481 2040 2540 commemorare?

443 2580 705 2638 Utrumne
753 2579 985 2651 ingentis
1029 2578 1392 2634 multitudinis
1435 2593 1620 2645 causa,
1651 2591 1772 2648 quae
1801 2575 2039 2630 nondum

441 2673 597 2729 erat?
625 2673 708 2729 An
740 2675 866 2744 quia
895 2672 1108 2729 illorum
1141 2680 1349 2727 tantum
1374 2670 1466 2741 qui
1495 2669 1881 2726 commiserant
1928 2680 2044 2722 me-

444 2765 633 2833 minit,
664 2764 808 2820 illius
854 2765 944 2836 qui
992 2762 1136 2820 nulla
1181 2763 1527 2819 commiserat
1573 2761 1887 2818 meminisse
1934 2776 2043 2816 non

444 2862 654 2932 potuit?
679 2859 838 2918 Certe
867 2861 1041 2931 primo
1071 2861 1125 2916 in
1167 2868 1411 2929 tempore
1457 2857 1629 2914 Adam
1677 2866 1732 2912 et
1773 2854 1885 2911 Eva
1911 2897 1926 2922 ,
1979 2871 2048 2930 ex

445 2955 644 3025 quibus
665 2955 799 3009 Cain
821 2965 874 3010 et
902 2953 1039 3010 Abel
1066 2955 1176 3010 nati
1207 2961 1354 3019 sunt,
1381 2961 1614 3024 quatuor
1635 2960 1841 3006 tantum
1873 2947 2048 3004 homi-

447 3063 543 3103 nes
590 3047 758 3104 fuisse
800 3048 1129 3104 referuntur.
1177 3047 1427 3102 Peccavit
1471 3043 1606 3113 Eva,
1639 3044 1916 3115 Scriptura
1943 3043 2049 3098 hoc

2211 1827 2451 1884 Dicimus
2482 1830 2626 1886 enim
2659 1831 2923 1902 cujusque
2953 1831 3030 1888 rei
3059 1832 3472 1903 possibilitatem
3499 1850 3604 1891 non
3631 1843 3720 1892 tam

2137 1923 2192 1978 in
2221 1920 2428 1978 arbitrii
2463 1921 2684 1978 humani
2717 1931 2989 1993 potestate
3027 1937 3187 1996 quam
3227 1927 3282 1982 in
3319 1939 3524 1983 natura:
3561 1942 3721 1984 neces-

2137 2017 2298 2073 sitate
2323 2018 2642 2082 consistere.
2678 2026 2737 2075 ut
2768 2025 2898 2090 puta
2936 2020 3081 2091 loqui
3113 2037 3375 2092 possum:
3414 2023 3554 2095 quod
3596 2026 3718 2095 loqui

2138 2123 2387 2180 possum,
2422 2127 2599 2166 meum
2629 2127 2739 2168 non
2765 2125 2879 2180 est;
2911 2113 3059 2186 quod
3089 2116 3310 2187 loquor,
3348 2133 3523 2174 meum
3554 2128 3656 2186 est,
3681 2117 3722 2175 id

2139 2212 2244 2269 est,
2278 2203 2510 2274 propriae
2542 2205 2874 2274 voluntatis;
2903 2216 2958 2263 et
2982 2207 3104 2278 quia
3139 2207 3284 2279 quod
3309 2209 3530 2279 loquor,
3570 2225 3721 2266 meum

2140 2302 2246 2362 est,
2277 2305 2567 2366 utrumque
2591 2296 2770 2353 facere
2803 2311 3046 2368 possum,
3076 2300 3128 2354 id
3158 2311 3262 2371 est,
3288 2311 3344 2358 et
3367 2301 3535 2372 loqui,
3562 2314 3610 2358 et
3633 2319 3723 2359 non

2141 2389 2312 2458 loqui.
2338 2389 2475 2458 Quia
2501 2404 2633 2446 vero
2659 2391 2804 2462 quod
2837 2392 2984 2464 loqul
3015 2404 3257 2465 possum,
3295 2412 3476 2452 meum
3507 2412 3607 2452 non
3634 2404 3721 2468 cst,

2142 2479 2196 2536 id
2223 2490 2325 2549 est,
2357 2481 2566 2538 arbitrii
2595 2484 2701 2540 mei
2733 2491 2899 2556 atque
2925 2485 3249 2556 voluntatis,
3281 2503 3509 2546 necesse
3543 2499 3620 2548 est
3652 2505 3724 2548 me

2145 2589 2362 2646 semper
2389 2575 2536 2645 loqui
2567 2591 2755 2648 posse,
2787 2577 2890 2635 etsi
2927 2579 3151 2637 voluero
3201 2597 3305 2637 non
3361 2597 3523 2652 posse
3563 2583 3721 2658 loqui;

2147 2685 2255 2725 non
2288 2681 2508 2740 pOSSum
2538 2681 2718 2726 tamen
2748 2688 2855 2727 non
2883 2688 3040 2744 posse
3066 2673 3236 2746 loqui,
3267 2674 3372 2730 nisi
3406 2676 3541 2731 forte
3579 2691 3722 2732 mem-

2149 2765 2305 2819 brum
2345 2763 2480 2820 illn'd
2517 2766 2752 2822 adimam
2801 2783 2910 2840 quo
2960 2768 3208 2846 loquendi
3255 2769 3474 2840 impleri
3518 2771 3720 2832 officium

2149 2865 2351 2929 potest,
2391 2857 2680 2938 voluntatis
2717 2861 2860 2918 enim
2883 2861 3112 2926 arbitrio
3139 2877 3202 2920 ac
3227 2863 3612 2920 deliberatione
3633 2863 3722 2936 pri«

2149 2960 2309 3007 vatur
2335 2953 2593 3022 quidquid
2623 2951 2851 3009 naturali
2881 2955 3207 3012 necessitate
3226 2958 3634 3028 constringitur.

2225 3044 2418 3116 (Ibid.,
2447 3063 2565 3117 cap.
2594 3046 2662 3101 47
2695 3049 2863 3120 seqq.)
2891 3046 3004 3104 Hoc
3028 3057 3083 3104 et
3111 3048 3179 3104 de
3209 3049 3398 3104 auditu
3425 3090 3442 3118 ,
3490 3033 3686 3105 odoratu
3706 3093 3720 3120 ,

449 3141 713 3212 prodidit;
743 3139 916 3198 Adam
953 3154 1168 3212 quoque
1213 3138 1479 3208 deliquit,
1525 3136 1716 3193 eadem
1760 3113 2046 3205 Scriptura
2073 3113 2122 3192 C.
2157 3113 2245 3194 vel
2272 3139 2392 3195 visu
2423 3113 2612 3195 sentiri
2643 3113 2898 3211 possibile
2922 3145 3027 3208 est,
3059 3140 3203 3214 quod
3233 3113 3464 3208 audire,
3496 3113 3722 3210 odorari,

449 3251 557 3291 non
578 3235 777 3300 tacuit.
809 3231 918 3292 Sed
939 3245 994 3290 et
1016 3233 1147 3290 Cain
1171 3246 1428 3304 peccasse
1450 3232 1568 3301 ipsa
1593 3245 1744 3302 atque
1766 3229 2047 3301 Scriptura

449 3339 639 3385 testata
665 3339 768 3400 est,
800 3344 1030 3399 quorum
1055 3344 1162 3384 non
1195 3327 1355 3383 modo
1385 3334 1635 3398 peccata,
1667 3340 1852 3381 verum
1883 3326 2048 3382 etiam

450 3436 792 3495 peccatorum
821 3424 1022 3480 indicat
1049 3424 1391 3495 qualitatem.
1423 3419 1578 3490 Quod
1605 3421 1648 3477 si
1673 3429 1728 3476 et
1753 3420 1888 3476 Abel
1924 3433 2050 3491 pec-

452 3526 650 3584 casset,
677 3525 733 3571 et
758 3516 862 3572 hoc
883 3517 1001 3573 sine
1026 3514 1191 3570 dubio
1217 3515 1496 3586 Scriptura
1527 3513 1787 3578 dixisset;
1817 3511 1913 3568 sed
1941 3525 2050 3570 non

454 3609 589 3664 dixit
613 3623 772 3680 :ergo
790 3607 997 3664 necille
1019 3608 1284 3680 peccavit,
1309 3607 1438 3678 quin
1460 3606 1622 3662 etiam
1642 3606 1842 3676 justum
1867 3616 2053 3660 osten-

453 3701 550 3758 dit.
579 3699 875 3758 Credamus
905 3702 1066 3774 igitur
1091 3700 1234 3774 quod
1258 3699 1511 3772 legimus,
1541 3707 1596 3755 et
1620 3697 1761 3770 quod
1789 3712 1894 3754 non
1921 3697 2053 3770 legi-

454 3808 596 3861 mus,
621 3793 773 3850 nefas
794 3793 1083 3850 credamus
1109 3779 1374 3864 astruere,
1398 3791 1544 3864 quod
1564 3790 1634 3850 de
1653 3791 1864 3848 cunctis
1887 3790 2053 3860 etiam

455 3887 654 3943 dixisse
689 3887 940 3944 sufficiat.
1533 3869 1538 3874 ’

524 3979 712 4053 (Μήτι,
745 3997 862 4054 cap.
894 3975 1011 4050 41.)
1042 3979 1334 4052 Opponunt
1357 3975 1460 4045 illi,
1493 3984 1681 4033 contra
1712 3989 1846 4048 quos
1875 3974 2054 4047 loqui-

456 4088 615 4130 mur:
654 4072 840 4128 Omnes
863 4072 1000 4126 em'm
1042 4077 1373 4142 peccaverunt
1417 4066 1611 4141 (Rom.
1651 4082 1741 4132 ttt,
1785 4064 1902 4138 25).
1949 4065 2056 4136 Sed

459 4165 798 4222 manifestum
843 4173 928 4220 est
967 4161 1112 4235 quod
1153 4161 1224 4218 de
1274 4161 1356 4218 eis
1405 4160 1618 4218 dicebat
1645 4159 1937 4232 Apostolus
1967 4155 2057 4230 qui

459 4262 587 4311 tunc
614 4263 790 4322 erant,
820 4255 924 4310 hoc
948 4259 1053 4320 est,
1085 4254 1153 4310 de
1179 4251 1384 4312 ludatis
1414 4262 1469 4309 et
1494 4252 1804 4325 gentilibus.
1829 4251 1902 4308 Et
1925 4265 2058 4309 vero

462 4363 579 4404 mos
603 4348 695 4406 ille
722 4347 1017 4420 Scripturae
1047 4351 1152 4415 es‘t,
1183 4355 1240 4402 ut
1268 4362 1390 4403 cum
1420 4345 1675 4402 dicuntur
1701 4360 1914 4412 omnes,
1949 4360 2059 4414 non

460 4452 675 4511 semper
702 4455 894 4497 omnes
919 4440 1160 4518 omnino,
1193 4438 1340 4513 nullo
1379 4437 1753 4510 praetermisso
1773 4479 1790 4506 ,
1833 4435 2059 4508 intelligi

2150 3231 2335 3289 videre
2364 3231 2651 3304 potestatis
2681 3241 2880 3290 nostra:
2908 3232 3006 3304 sit;
3035 3248 3193 3303 posse
3234 3249 3365 3290 vero
3411 3233 3619 3302 audire,
3656 3234 3724 3298 vd

2150 3325 2391 3395 odorari,
2421 3327 2506 3382 vel
2534 3325 2738 3395 videre,
2770 3326 3054 3398 potestatis
3090 3336 3290 3383 nostrae
3317 3343 3427 3392 non
3455 3328 3546 3394 sit,
3574 3327 3656 3384 sed
3681 3327 3722 3382 in

2153 3418 2385 3474 naturali
2429 3418 2755 3474 necessitate
2804 3419 3087 3475 consistat.
3135 3418 3311 3476 Simili
3341 3436 3472 3496 ergo
3500 3420 3646 3486 modo
3671 3419 3722 3478 de

2153 3526 2261 3566 non
2310 3511 2568 3581 peccandi
2613 3510 2973 3581 possibilitate
3023 3511 3438 3582 intelligendum
3477 3521 3577 3577 est,
3604 3510 3723 3582 quod

2155 3593 2515 3675 non'peccare
2545 3613 2786 3659 nostrum
2815 3603 2913 3675 sit;
2948 3619 3111 3676 posse
3156 3597 3287 3660 vero
3335 3617 3446 3659 non
3489 3618 3722 3675 peccare,

2155 3713 2262 3753 non
2303 3706 2566 3754 nostrum.
2605 3697 2739 3766 Quia
2768 3712 2873 3752 non
2902 3712 3127 3768 peccare
3155 3708 3404 3754 nostrum
3431 3708 3535 3764 est,
3567 3711 3724 3768 possu-

2156 3806 2274 3846 mus
2307 3805 2530 3862 peccare
2556 3797 2614 3846 et
2644 3806 2750 3847 non
2792 3805 3037 3860 peccare.
3081 3788 3219 3860 Quia
3269 3805 3403 3848 vero
3441 3805 3602 3862 posse
3638 3804 3726 3848 non

2155 3897 2405 3954 peccare,
2438 3892 2678 3940 nostrum
2711 3898 2818 3939 non
2848 3892 2950 3947 est,
2981 3883 3083 3939 etsi
3107 3881 3443 3940 voluerimus
3471 3900 3573 3939 non
3595 3895 3726 3952 posse

2157 3990 2264 4031 non
2295 3990 2540 4049 peccare,
2574 3991 2680 4030 non
2713 3990 3002 4046 possumus
3028 3991 3137 4032 non
3167 3991 3327 4048 posse
3348 3992 3460 4034 non
3501 3989 3724 4048 peccare.

2159 4067 2281 4138 quia
2313 4068 2458 4126 nulla
2484 4068 2723 4124 adimere
2747 4068 2995 4124 voluntas
3028 4079 3204 4138 potest
3224 4067 3370 4141 quod
3393 4067 3727 4141 inseparabili-

2160 4170 2242 4217 ter
2267 4161 2487 4217 insitum
2520 4161 2778 4234 probatur
2805 4176 2926 4218 esse
2953 4172 3180 4218 naturaa.
3235 4139 3247 4154 ς
3509 4147 3512 4152 ’

2231 4249 2431 4324 (llud,
2454 4269 2572 4325 cap.
2595 4250 2711 4324 51.)
2732 4252 2850 4323 Ipsa
2874 4269 2978 4312 non
2999 4253 3258 4326 peccandi
3283 4253 3610 4326 possibilitas
3644 4268 3730 4310 non

2163 4356 2269 4400 tam
2299 4345 2351 4404 in
2382 4344 2590 4400 arbitrii
2622 4353 2890 4415 potestate
2918 4361 3077 4418 quam
3106 4343 3160 4402 in
3189 4356 3398 4413 natura:
3438 4355 3732 4412 necessttate

2163 4449 2267 4496 est.
2296 4437 2566 4511 Quidquid
2615 4441 2668 4495 in
2712 4451 2916 4496 natum
2957 4440 3277 4509 necessitate
3299 4441 3538 4512 positum
3561 4450 3658 4508 est,
3681 4439 3733 4508 ad

460 4499 728 4606 oporteat.
781 4529 932 4590 Unde
978 4499 1267 4602 Apostolus
1295 4499 1502 4601 '(R'om.
1548 4499 2371 4603 v.12):'Sicut'p;anatur~ze
2415 4499 2683 4606 pertinere
2731 4549 2838 4588 non
2887 4501 3165 4606 dubitatur
3211 4499 3536 4602 auctorem,
3583 4499 3734 4604 utique

463 4628 617 4683 unius
659 4627 898 4683 delictum
938 4626 992 4681 in
1019 4641 1190 4680 omnes
1210 4625 1439 4680 homines
1463 4624 1516 4679 in
1543 4625 2058 4698 condemnationem;

462 4721 535 4778 sic
562 4731 610 4778 et
636 4737 728 4794 per
754 4721 908 4776 unius
929 4719 1185 4792 justitiam
1205 4719 1260 4773 in
1288 4734 1459 4773 omnes
1499 4717 1726 4772 homines
1767 4718 1822 4774 in
1844 4717 2057 4794 ,ἱμειὶῂ-

462 4817 719 4871 cntionem
739 4816 888 4884 vitae;
915 4830 1035 4871 cum
1065 4829 1162 4886 per
1191 4797 1389 4869 Christi
1417 4811 1680 4884 justitiam
1707 4829 1815 4868 non
1842 4829 2054 4882 omnes,

463 4908 560 4966 sed
587 4923 682 4965 eos
712 4917 916 4963 tantum
942 4906 1034 4977 qui
1066 4905 1142 4961 illi
1175 4903 1398 4962 obedire
1424 4905 1745 4971 voluerunt,
1775 4913 1830 4961 et
1854 4905 2059 4975 baptis-

403 5001 406 5003 λ
445 5001 542 5058 -mi
568 5001 685 5071 ejus
711 4997 989 5057 ablutione
1016 4996 1226 5070 purgati
1245 5006 1391 5068 sunt,
1415 4996 1782 5054 sanctificatos
1804 5011 1925 5054 esse
1946 4992 2054 5051 non

464 5095 688 5151 dubium
726 5093 820 5150 sit.
1299 5097 1302 5100 ’

534 5186 731 5262 (ιὺιάη
759 5203 880 5257 cap.
909 5183 984 5241 4%
1005 5185 1170 5258 seqq.)
1198 5185 1306 5243 Sed
1333 5195 1481 5251 esto,
1511 5185 1844 5242 consentiam
1869 5226 1886 5252 ,
1933 5185 2057 5256 quia

465 5294 657 5337 omnes
701 5287 1015 5351 peccatores
1061 5276 1229 5334 fuisse
1273 5284 1538 5333 testatur:
1582 5275 1717 5332 dicit
1751 5276 1898 5332 enim
1929 5275 2058 5346 quid

466 5373 689 5437 fuerint,
713 5383 821 5428 non
851 5369 995 5442 quod
1020 5368 1164 5426 aliud
1185 5383 1308 5426 esse
1335 5384 1440 5426 non
1470 5368 1771 5439 potuerint;
1802 5369 2060 5438 quamob-

469 5478 585 5518 rem
618 5464 719 5518 etsi
748 5477 938 5518 omnes
967 5461 1215 5519 homines
1240 5468 1552 5530 peccatores
1583 5467 1804 5530 possent
1825 5460 2065 5531 probari,

471 5555 770 5612 definitioni
810 5565 990 5612 tamen
1021 5562 1221 5610 nostra:
1248 5567 1584 5624 nequaquam
1618 5552 1670 5610 id
1699 5551 1946 5622 obesset,
1976 5551 2068 5622 qui

473 5663 582 5704 non
611 5655 719 5704 tam
746 5647 874 5718 quid
901 5647 1145 5703 homines
1169 5645 1302 5714 sint,
1329 5661 1490 5717 quam
1523 5643 1649 5718 quid
1685 5651 1909 5716 possent
1945 5629 2070 5700 esse

475 5741 837 5814 defendimus.
865 5742 1006 5800 Deus
1033 5749 1201 5809 certe,
1230 5741 1321 5810 qui
1353 5748 1462 5797 tam
1486 5741 1658 5798 bonus
1687 5749 1769 5797 est
1797 5753 1957 5812 quam
1979 5737 2070 5814 ju-

2166 4628 2357 4683 Deum.
2387 4624 2670 4704 Quomodo
2698 4640 2830 4699 ergo
2861 4625 3068 4704 absque
3096 4625 3193 4700 Dei
3230 4628 3404 4698 gratia
3444 4625 3555 4684 dici
3579 4627 3737 4694 existi-

2167 4724 2363 4784 matur,
2394 4716 2537 4788 quod
2564 4717 2632 4772 ad
2661 4716 2828 4774 Deum
2853 4717 3070 4790 proprie
3097 4720 3373 4792 pertinere
3400 4718 3738 4778 monstratur?

2240 4810 2429 4884 (Ibid.,
2461 4829 2576 4882 cap.
2608 4811 2728 4882 52.)
2757 4811 2862 4868 Sed
2901 4826 3028 4868 caro
3071 4810 3228 4868 nobis
3276 4812 3578 4877 secundum
3622 4816 3739 4882 Apo-

2165 4905 2364 4963 stolum
2405 4903 2550 4979 (Gal.
2589 4921 2647 4978 v,
2685 4904 2773 4978 17)
2801 4905 3068 4972 contraria
3093 4915 3200 4980 est,
3235 4905 3472 4975 inquies.
3506 4907 3608 4975 Qui
3643 4905 3739 4964 ﬁeri

2164 5007 2342 5067 potest
2363 5005 2421 5054 ut
2437 4999 2758 5080 cuicumque
2778 4997 3047 5076 baptizato
3065 4999 3137 5054 sit
3157 4994 3285 5054 caro
3301 5001 3598 5072 contraria,
3619 5014 3741 5069 cum,

2162 5089 2460 5146 secundum
2487 5089 2734 5146 eumdem
2764 5090 3090 5164 apostolum,
3127 5088 3180 5143 in
3209 5103 3380 5158 carne
3407 5105 3519 5148 non
3548 5105 3661 5152 esse
3685 5089 3745 5146 in-

2167 5182 2464 5256 telligatur?
2489 5181 2565 5240 Ita
2597 5185 2741 5240 enim
2770 5185 2882 5252 ait:
2922 5182 3027 5239 Vos
3054 5196 3226 5252 autem
3247 5186 3300 5242 in
3319 5179 3493 5248 carne
3521 5201 3623 5252 non
3648 5182 3744 5246 estis

2167 5274 2346 5345 (Rom.
2377 5291 2491 5343 vttt,
2521 5275 2600 5350 9).

2240 5366 2430 5442 (Ibid.,
2462 5385 2576 5441 cap.
2611 5367 2728 5442 54.)
2765 5370 2833 5425 Et
2884 5386 3014 5426 vero
3060 5369 3246 5426 multis
3295 5370 3550 5438 Apostoli
3587 5367 3744 5428 verbis

2169 5463 2470 5517 ostenditur
2485 5459 2628 5533 quod
2652 5477 2782 5518 caro
2800 5462 2868 5517 ab
2881 5463 2973 5516 illo
2988 5463 3059 5516 ita
3073 5477 3218 5532 swpe
3232 5461 3568 5527 nominetur,
3600 5470 3655 5515 ut
3667 5473 3744 5512 ve-

2170 5555 2235 5610 lit
2289 5555 2536 5626 intelligi,
2593 5571 2700 5610 non
2757 5555 3138 5625 substantiam,
3196 5553 3290 5610 sed
3349 5571 3517 5624 opera
3564 5552 3736 5610 carnis.

2173 5646 2374 5701 Deinde
2393 5649 2516 5718 quis
2545 5649 2676 5705 fecit
2694 5647 2904 5703 homini
2932 5647 3223 5718 spiritum?
3253 5647 3387 5704 Sine
3412 5647 3576 5704 dubio
3597 5647 3735 5706 Deus.

2174 5739 2406 5798 Carnem
2434 5742 2553 5814 quis
2581 5742 2830 5812 creavit?
2859 5742 3006 5799 Idem
3024 5785 3038 5809 ,
3065 5741 3252 5816 credo,
3286 5743 3450 5799 Deus.
3477 5745 3646 5800 Bonus
3669 5749 3736 5806 est
