3882 6284
174 208 286 269 009

530 205 846 265 DISSEB'I‘.
877 206 968 264 Vl.
1000 205 1091 261 DE
1122 203 1433 262 SCRIPTIS
1461 202 1597 260 PRO
1627 198 1905 258 HERESI
1936 196 2213 265 PELAG.,
2245 192 2550 255 VIVENTE
2578 197 2636 254 S.
2670 195 3095 255 AUGUSTINO.

3347 197 3453 255 610

175 329 559 387 haereticorum
584 369 600 393 ,
653 339 936 399 postquam
978 326 1216 399 damnati
1262 332 1425 399 sunt,
1476 323 1766 399 mendaces
1793 324 1846 384 Α
1871 326 2077 399 sanctus
2105 333 2158 373 se
2180 317 2394 399 infudit.
2427 314 2517 399 Sic
2540 316 2683 371 enim
2713 316 3020 399 legenduth
3055 331 3160 399 non
3191 329 3249 370 ut
3278 325 3363 399 est
3395 316 3448 399 in

252 402 385 457 riter
427 415 491 456 ac
533 395 809 469 superbas
841 406 987 454 artes
1012 439 1027 465 ,
1073 397 1270 468 quibus
1312 395 1764 466 imprudentiores

196 472 340 529 'acile
369 472 687 528 illuduntur.

176 563 419 635 Epistola
446 564 512 617 ad
545 564 765 616 amicum
790 562 1062 635 quemdam
1101 560 1449 632 presbyterum
1474 567 1589 633 post
1609 575 1763 630 syno-

674 635 799 688 dum
826 632 1260 704 Diospolttanam.

245 746 411 802 Solus
453 747 652 815 pariter
687 745 1016 816 Augustinus
1044 744 1289 813 epistolae
1333 743 1489 816 istius
1518 744 1763 816 meminit

170 821 229 891 in
260 819 377 873 haec
400 818 563 873 verba
596 816 735 891 (Lib.
761 814 825 872 de
859 814 1003 891 Gest.
1037 816 1250 891 Palam.
1278 831 1325 869 c.
1356 815 1495 891 ἔξω)
1528 814 1761 891 Pervenit

169 889 226 942 in
254 906 439 943 manus
469 882 672 943 nostras
702 889 950 942 nonnulla
976 886 1212 958 epistola,
1240 901 1352 955 qua:
1371 882 1533 958 ipsius
1556 882 1761 958 Pelagii

167 958 430 1039 diceretur
448 960 716 1039 scribentis
747 960 814 1039 ad
836 956 1056 1039 amicum
1080 974 1230 1039 suum
1259 956 1529 1039 quemdam
1553 956 1761 1039 presby—

168 1037 360 1095 terum,
381 1031 469 1097 qui
490 1047 602 1084 eum
624 1032 826 1095 litteris,
849 1030 977 1083 sicut
1002 1029 1178 1083 eadem
1203 1025 1423 1094 epistola
1451 1025 1757 1094 continetur,

167 1100 389 1171 benigne
414 1102 772 1172 admonuerat,
805 1115 869 1154 ne
893 1115 986 1170 per
1006 1102 1126 1172 ejus
1150 1098 1465 1172 occasionem
1490 1112 1545 1151 se
1571 1098 1759 1172 aliquis

167 1186 202 1224 tt
230 1167 451 1243 corpore
474 1169 721 1227 Ecclesiae
740 1167 1128 1243 separaretflbi
1148 1170 1281 1223 inter
1307 1178 1510 1243 uetera,
1537 1183 1654 1243 quae
1679 1169 1758 1222 in-

165 1236 339 1313 serere
389 1241 598 1313 longum
647 1236 814 1308 esset,
866 1256 957 1295 nec
999 1257 1126 1307 apus
1165 1250 1276 1313 est,
1326 1240 1424 1313 ait_
1455 1236 1700 1313 Pelagius
1740 1256 1760 1294 :

170 1327 193 1363 ι
232 1308 640 1376 Quatuordecim
669 1314 1023 1382 episcOporum
1046 1311 1293 1382 sententia
1323 1308 1557 1382 deﬁnitio
1583 1308 1759 1365 nostra

165 1382 501 1454 comprobata
523 1394 619 1449 est,
643 1401 746 1455 qua
778 1380 1015 1455 diximus
1039 1397 1184 1454 posse
1215 1380 1471 1455 hominem
1509 1380 1619 1455 sine
1642 1397 1761 1452 pec-

162 1451 294 1507 cato
305 1471 434 1518 esse,
457 1464 504 1509 et
530 1455 626 1510 Dei
648 1451 891 1508 mandata
916 1451 1069 1525 facile
1092 1452 1370 1515 custodire,
1398 1453 1440 1525 si
1460 1451 1577 1525 velit
1606 1468 1626 1505 :
1644 1451 1761 1521 qua:

161 1526 419 1579 sententia
442 1526 858 1581 contradictionis
890 1522 945 1579 os
974 1525 1270 1595 confusione
1297 1522 1544 1595 perfudit,
1573 1532 1620 1576 et
1652 1538 1759 1577 om-

162 1610 286 1648 nem
314 1596 371 1650 in
407 1598 600 1652 malum
632 1598 1007 1667 conspirantem
1038 1593 1325 1667 sacietatem
1354 1593 1414 1667 a_b
1442 1595 1657 1667 invicem
1682 1610 1759 1649 se-

161 1668 388 1736 paravit.
436 1685 457 1720 s
522 1668 642 1723 Sive
683 1662 804 1736 ergo
846 1669 997 1721 istam
1047 1665 1316 1737 epistolam
1361 1662 1606 1737 Pelagius
1647 1680 1761 1720 vere

160 1737 454 1812 scripserit,
473 1739 576 1812 sive
590 1742 679 1794 sub
696 1735 808 1812 ejus
831 1740 1031 1812 nomine
1050 1735 1415 1812 aquocumque
1434 1735 1651 1812 conﬁcta
1668 1738 1756 1812 sit,

160 1807 285 1881 quis
312 1809 606 1881 nonrvideat
629 1807 1056 1881 quemadmodum
1078 1807 1162 1862 hic
1192 1824 1353 1871 error,
1381 1816 1426 1859 et
1454 1808 1516 1881 de
1526 1808 1754 1881 judicio,

159 1877 257 1951 ubi
280 1880 537 1951 convictus
561 1877 712 1951 atque
741 1882 1015 1934 damnatus
1041 1886 1135 1946 est,
1169 1890 1427 1949 tamquam
1457 1877 1761 1951 de’victoria

157 1948 454 2073 gelarietur?
492 1952 581 2006 Sic
621 1948 753 2007 enim
783 1953 952 2024 posuit
982 1950 1089 2005 haec
1122 1948 1293 2018 verba,
1331 1949 1759 2020 quemadmodum

214 2032 415 2073 auntur
443 2023 495 2073 in
536 2022 667 2073 libro
699 2024 809 2073 eius
833 2063 847 2073 .
879 2023 965 2073 aui
1002 2020 1360 2073 Canitulorum
1397 2030 1622 2073 vocatur.
1655 2038 1756 2073 non

214 2032 415 2091 guntur
443 2023 495 2076 in
536 2022 667 2077 libro
699 2020 847 2093 ejus,
879 2023 965 2092 qui
1002 2020 1360 2092 Capitulorum
1397 2030 1622 2093 vocatur,
1655 2038 1756 2077 non

157 2093 598 2168 quemadmodum
637 2091 841 2168 objecta
860 2102 978 2147 sunt
1017 2091 1334 2168 inéjudicio,‘
1354 2091 1430 2145 vel
1464 2094 1574 2161 ejus
1602 2093 1757 2168 etiam

156 2164 503 2237 responsione
525 2162 759 2236 repetiia.
790 2164 927 2219 Nam
952 2175 997 2217 et
1020 2162 1120 2231 illi,
1146 2165 1232 2234 qui
1252 2164 1564 2237 objecerunt,
1590 2165 1757 2221 nescio

155 2248 277 2301 qua
302 2235 520 2302 incuria,
547 2235 715 2291 minus
745 2244 1018 2307 posuerunt
1038 2239 1241 2289 verbum
1269 2235 1449 2307 dequo
1476 2252 1576 2288 non
1598 2252 1757 2305 parva

155 2314 239 2375 est
271 2309 630 2363 controversia.
675 2306 963 2362 Posuerunt
991 2307 1125 2360 enim
1155 2324 1271 2361 eum
1309 2306 1517 2369 dixisse,
1553 2324 1572 2358 ι
1609 2323 1759 2375 posse

152 2372 447 2448 hominem,
476 2380 520 2433 si
557 2378 698 2445 velit,
726 2395 831 2434 esse
855 2379 961 2432 sine
978 2387 1221 2448 peccato;
1258 2395 1278 2430 ι
1311 2378 1373 2429 de
1398 2372 1648 2446 facilitate
1673 2382 1755 2432 ni-

151 2442 241 2498 hil
265 2456 342 2501 est
364 2448 575 2502 dictum.
620 2442 694 2505 Et
715 2449 869 2518 paulo
904 2442 1024 2516 post
1054 2467 1064 2501 :
1101 2448 1180 2502 Ea
1203 2442 1377 2501 tamen
1399 2442 1622 2513 "epistola
1645 2466 1759 2503 car-

150 2518 310 2572 nalis
334 2522 642 2575 ventositatis
664 2530 709 2575 et
736 2520 973 2574 elationis
996 2519 1294 2589 plenissima
1320 2520 1477 2584 volat,
1515 2530 1561 2572 et
1591 2531 1757 2587 gesto-

150 2602 292 2640 rum
332 2592 623 2663 tarditatem
664 2601 991 2663 procuratam
1037 2591 1291 2645 celeritate
1335 2589 1659 2663 praecedens,
1705 2593 1758 2663 in

149 2673 354 2732 manus
384 2662 646 2717 hominum
666 2661 949 2732 ‘prtevolat,
996 2670 1052 2714 ut
1088 2661 1469 2732 quatuordecim
1512 2662 1760 2730 episcOpis

151 2727 529 2801 Orientalibus
571 2727 821 2801 placuisse
864 2731 1062 2786 dicatur
1081 2727 1110 2798 ,’
1133 2750 1235 2785 non
1276 2730 1439 2786 solum
1474 2727 1621 2799 posse
1656 2727 1762 2787 esse

149 2798 433 2856 hominem
463 2798 579 2858 sine
599 2813 836 2873 peccato,
868 2812 915 2856 et
947 2800 1041 2856 Dei
1079 2804 1324 2857 mandata
1355 2798 1636 2865 custodire,
1660 2819 1763 2873 nec

150 2874 442 2928 nominato
465 2874 575 2929 Deo
601 2872 831 2942 juvante,
859 2874 948 2927 sed
979 2884 1195 2939 tantum,
1225 2876 1271 2928 si
1292 2875 1425 2937 velit,
1457 2882 1514 2927 ut
1533 2872 1764 2928 videlicet

150 2943 351 3017 tacita,
379 2960 474 3015 pro
494 2963 593 3015 qua
617 2946 1049 3001 vehementissime
1069 2946 1413 3017 pugnabatur,
1445 2945 1619 3017 divina
1643 2961 1764 3015 gra-

153 3013 450 3089 tia,_restet
469 3013 524 3070 ut
543 3019 654 3089 sola
681 3018 735 3071 in
756 3016 970 3083 epistola
1001 3013 1200 3089 legatur
1222 3017 1504 3089 iitfelix,_e_t
1526 3033 1578 3069 se
1598 3013 1762 3089 ipsam

154 3082 454 3159 decipiens,
478 3086 615 3141 velut
641 3077 839 3154 victrix,
867 3077 1091 3159 humana
1117 3077 1371 3159 superbia.
1403 3077 1532 3141 Vide
1552 3077 1671 3157 qua:
1693 3086 1761 3143 de
1791 3077 1836 3142 C

152 3156 418 3229 epiStolis
464 3158 516 3212 in
567 3159 870 3227 provincias
914 3174 944 3212 a
991 3156 1224 3213 factione
1262 3158 1544 3229 Pelagiana
1572 3156 1760 3215 missis

156 3225 465 3283 observata
516 3225 642 3284 sunt
684 3230 1065 3285 dissertatione
1108 3230 1305 3295 tertia,
1346 3225 1436 3284 ubi
1474 3239 1652 3285 actum
1692 3231 1761 3287 de

156 3299 371 3371 causis
399 3313 495 3354 cur
539 3299 974 3371 Pelagianismus
1019 3314 1190 3370 usque
1232 3301 1367 3357 adeo
1410 3299 1763 3369 pertinaciter

156 3367 563 3443 ecclesiasticae
606 3367 875 3443 regiaeque
906 3367 1153 3443 potestati
1184 3367 1475 3428 obstiterit.

242 3438 369 3513 Jam
396 3455 529 3513 vero
555 3438 844 3513 epistolam
875 3438 942 3498 ad
981 3445 1235 3511 amicum,
1264 3453 1317 3499 et
1344 3444 1641 3499 chartulam
1666 3444 1761 3501 de-

158 3508 439 3585 fettsionis
460 3513 553 3585 _ad
592 3508 959 3585 'Augustinum
985 3554 999 3578 ,
1032 3529 1059 3567 a
1091 3508 1307 3584 Pelagio
1356 3514 1575 3569 missam
1616 3530 1759 3583 esse,

160 3579 261 3636 vel
295 3588 419 3638 ante
450 3583 623 3640 Orosii
652 3579 1040 3655 profectionem
1071 3600 1141 3641 ex
1170 3579 1422 3653 oriente,
1456 3586 1541 3640 vel
1569 3579 1758 3643 saltem

162 3661 306 3709 tunc
333 3666 457 3708 cum
489 3658 543 3712 in
574 3658 806 3712 Africam
835 3673 866 3712 e
895 3656 1183 3712 Palaestina
1214 3657 1435 3721 rediret,
1470 3656 1759 3714 obscurum

162 3723 266 3799 vix
314 3737 435 3799 esse
484 3736 706 3796 potest:
741 3743 865 3784 nam
895 3727 983 3785 ubi
1020 3728 1252 3798 primum
1280 3773 1294 3798 ,
1332 3736 1451 3797 post
1494 3728 1758 3799 synodum

166 3794 601 3871 Diospolitanam
633 3799 889 3871 habitam,
926 3794 1179 3871 navigare
1206 3794 1373 3865 licuit,
1403 3794 1630 3870 utraque
1660 3801 1757 3856 de-

166 3864 321 3942 buit
342 3870 600 3942 continuo
642 3868 782 3926 mitti
809 3911 824 3937 ,
862 3864 1076 3941 partim'
1092 3882 1150 3925 ut
1175 3864 1449 3942 gestorum
1479 3864 1598 3941 qua:
1625 3888 1759 3927 con-

164 3936 319 4008 sulto
347 3941 758 3997 retardabsntur
787 3936 954 3997 instar
984 3950 1129 3999 esset
1155 3936 1444 4008 b'reviatio;
1483 3936 1673 4008 partim
1707 3953 1763 3999 ut

165 4007 445 4083 haberent
484 4011 729 4070 factionis
774 4012 1021 4069 homines
1066 4012 1210 4069 unde
1239 4007 1436 4069 Orosio
1461 4007 1763 4083 litterisque

169 4077 579 4155 Gallicanorum
603 4085 977 4155 episcoporum
1003 4085 1160 4140 ﬁdem
1184 4084 1551 4149 detraherent,
1575 4077 1762 4139 simul-

168 4165 284 4221 que
311 4154 521 4211 animos
552 4154 754 4212 timidis
782 4168 1062 4227 augerent,
1103 4156 1454 4227 Orientalium
1482 4158 1763 4227 episcopo-

170 4236 312 4296 rum
355 4229 710 4283 consensione
762 4225 919 4284 toties
969 4228 1251 4296 promissa.
1305 4225 1546 4296 Utraque
1601 4225 1764 4295 igitur

171 4295 415 4364 pertinet
439 4297 504 4351 ad
528 4300 653 4354 anni
682 4298 789 4355 M6
819 4295 1038 4355 vernam
1071 4295 1475 4367 tempestatem,
1506 4312 1626 4352 cum
1656 4297 1765 4367 pri-

172 4380 327 4439 mum
357 4382 505 4423 mare
531 4380 771 4439 apertum
810 4380 927 4437 est;
960 4370 1038 4425 sic
1067 4371 1211 4426 enim
1242 4368 1417 4423 Orosii
1446 4369 1498 4422 in
1529 4367 1762 4423 Africam

174 4436 472 4521 adventum
502 4482 518 4508 ,
560 4436 651 4521 aut
680 4436 991 4521 praevertit,
1036 4448 1130 4521 aut
1157 4442 1409 4521 comitata
1438 4451 1539 4495 εει.
1589 4443 1764 4521 Atque
1791 4460 1845 4521 D

174 4507 308 4582 hinc
332 4510 590 4582 colligere
617 4507 742 4569 licet
764 4554 779 4578 ,
810 4514 951 4582 quod
986 4512 1148 4567 tradit
1175 4510 1531 4582 Augustinus,
1564 4507 1765 4581 episto-

173 4579 399 4654 lamhad
449 4584 701 4645 amicum,
751 4579 1126 4654 et'prolixam
1177 4579 1363 4648 fuisse,
1410 4592 1468 4637 ut
1507 4579 1766 4638 factiosos

174 4649 422 4707 erudiret
460 4654 526 4709 de
562 4670 621 4711 re
659 4664 765 4711 tota
797 4671 812 4721 ;
855 4649 917 4711 'et
947 4667 1188 4710 ventosa:
1235 4655 1485 4708 vanitatis
1519 4654 1765 4721 plenissi-

176 4737 345 4796 mam.
372 4732 431 4796 ut
450 4735 593 4781 esset
616 4727 886 4781 laureatus
911 4728 1127 4796 quidam
1160 4727 1403 4781 victorite
1430 4725 1682 4790 nuntius;
1713 4734 1769 4781 et

176 4794 416 4870 victricis
443 4799 712 4870 superbite
740 4794 1089 4870 impotentem
1109 4798 1443 4868 jactantiam,
1470 4806 1526 4870 ut
1548 4796 1769 4870 haberet

177 4864 424 4991 insidias
450 4866 615 4993 tfactio
664 4864 907 4926 unde'in
954 4864 1292 4925 adversarios
1335 4868 1489 4938 quasi
1536 4867 1768 4924 domitos

178 4952 300 4990 lllSll
389 4954 446 4993 re
477 4980 491 4993 .

178 4952 491 4994 lllSllllal‘el.

178 5032 410 5088 Libellus
430 5030 584 5089 Fidei
611 5049 642 5088 a
668 5032 886 5108 Pelagio
914 5036 983 5088 ad
1008 5034 1178 5089 sedem
1196 5033 1532 5104 apostolicam
1558 5032 1762 5088 missus.

254 5152 467 5205 Dictum
497 5162 580 5206 est
628 5150 696 5207 de
743 5151 861 5221 ipso
890 5150 1102 5206 abunde
1146 5150 1527 5206 dissertatione
1558 5163 1763 5218 praece-

178 5222 344 5276 dente
373 5238 388 5276 :
418 5222 522 5277 hoc
548 5238 711 5293 unum
743 5221 867 5277 addi
896 5231 1103 5293 potest,
1138 5221 1280 5291 quod
1309 5236 1591 5289 operarum
1616 5234 1762 5293 prie:

180 5308 316 5362 ceps
345 5292 617 5348 festinatio
645 5294 863 5359 omisit,
896 5289 1025 5358 'post
1069 5289 1226 5346 [luem
1269 5290 1660 5346 observationis
1697 5289 1764 5344 ad

183 5365 304 5419 hinc
333 5364 495 5420 verba
518 5381 533 5418 :
560 5363 669 5420 Nec
688 5404 704 5432 ,
734 5376 789 5419 ut
814 5365 1024 5433 quidam
1052 5362 1440 5419 sceleratissime
1470 5363 1765 5433 Opinantur,

184 5437 445 5507 Spiritum
470 5445 704 5490 sanctum
734 5437 893 5507 fuisse
918 5450 1011 5507 pro
1036 5436 1242 5490 semine.

258 5506 625 5580 [Quamquam
657 5502 928 5580 Ambros-ii
966 5521 1038 5580 eo
1060 5516 1242 5580 posset
1274 5502 1513 5580 torqueri
1545 5517 1572 5555 a
1605 5503 1773 5580 male:

183 5573 636 5647 volo—interprete
661 5579 861 5634 dictum
900 5577 1040 5632 istud
1064 5573 1255 5647 ’(Lib.t
1287 5576 1338 5628 in
1363 5573 1491 5636 Luc,
1524 5590 1643 5645 rap.
1666 5573 1771 5646 2)]

184 5649 240 5730 1\_l
247 5667 315 5704 on
340 5649 477 5730 enim
511 5648 675 5705 virilis
687 5650 863 5730 _coitus
885 5648 1046 5703 vulva:
1063 5647 1771 5730 virginalissecretanresera-

181 5723 255 5781 vit
273 5759 296 5789 ,
328 5722 419 5779 sed
455 5721 840 5781 immaculatum
862 5735 1032 5778 semen
1058 5717 1339 5777 inviolabili
1369 5727 1516 5776 utero
1541 5717 1773 5787 Spiritus

1872 390 2101 459 vulgatis
2144 385 2421 459 codicibus
2455 388 2571 442 sine
2613 385 2797 441 vocula
2839 405 2932 452 se;
2984 385 3040 440 fit
3072 390 3212 441 enim
3260 386 3451 440 allusio

1866 460 1932 514 ad
1955 458 2140 514 vocem
2163 463 2333 529 angeli
2356 476 2371 514 :
2393 458 2619 530 Spiritus
2639 467 2845 530 sanctus
2860 460 3170 529 superveniet
3188 458 3239 510 in
3262 468 3329 518 te,
3345 469 3449 511 etc.

1866 530 2097 587 Obstare
2126 572 2140 594 ,
2189 528 2363 586 fateor
2388 571 2400 593 ,
2437 528 2735 596 quominus
2777 528 3122 583 Atttbrositttn
3178 540 3451 596 speetasse

1864 601 2075 657 dicatur
2119 601 2365 671 Pelagius
2394 641 2408 665 ,
2441 601 2691 671 videntur
2717 600 2993 671 immensae
3042 599 3225 654 laudes
3251 598 3449 671 quibus

1865 688 1992 728 eum
2016 673 2225 725 ornavit
2251 670 2263 725 ἑ
2288 671 2382 727 sed
2406 686 2467 726 ea
2496 680 2640 725 certe
2665 670 2760 724 fuit
2783 670 3186 736 Pelagianorum
3221 670 3449 733 indoles,
3488 714 3495 721 .

1866 753 1927 797 tit
1976 742 2177 797 nemini
2205 757 2365 811 quem
2413 743 2740 796 eorttrariutn
2789 748 3097 809 paterentur
3143 740 3449 795 convicium

1865 830 1973 869 non
2019 812 2283 876 fecerint,
2315 812 2620 868 nominibus
2667 822 2844 867 tamen
2884 814 3044 866 modo
3080 814 3254 866 tacitis
3276 851 3292 875 ,
3327 824 3448 864 cum

1862 893 2164 939 metuerent
2192 883 2481 947 invidiam;
2534 884 2694 939 modo
2723 884 2996 954 expressis
3017 923 3034 952 ,
3064 898 3186 938 cum
3227 881 3449 953 impune

1863 955 1916 1011 id
1943 970 2003 1011 se
2032 969 2187 1025 posse
2218 954 2586 1023 opinarentur.

1952 1068 2189 1134 Epistola
2211 1068 2279 1123 ad
2302 1067 2657 1123 Innocentium
2687 1067 2739 1135 1,
2762 1085 3015 1125 summum
3034 1069 3347 1141 pontiﬁcem.

1930 1203 2293 1276 Integranon
2340 1203 2572 1276 habetur
2591 1203 2738 1276 ,Ased
2768 1212 2986 1276 partem
3016 1219 3122 1276 non
3170 1204 3448 1276 minimam

1860 1273 2105 1330 servavit
2143 1275 2475 1344 Augustinus
2504 1273 2555 1327 in
2588 1274 2725 1328 libro
2749 1273 2815 1328 de
2842 1274 3020 1330 Gratia
3049 1274 3271 1342 Christi,
3303 1274 3447 1330 unde

1860 1355 2111 1416 excerpta
2144 1353 2266 1412 est,
2306 1344 2505 1399 additis
2553 1354 2765 1416 tamen,
2820 1347 3173 1416 utrepistola:
3220 1345 3449 1401 formam

1861 1415 2186 1486 praeferret,
2232 1417 2546 1486 quibusdam
2591 1415 2813 1472 vocibus
2837 1415 2945 1472 alio
2974 1416 3291 1474 charactere
3337 1416 3451 1474 dis-

1861 1488 2065 1544 tinctis.

1934 1625 2054 1681 Duo
2080 1632 2229 1694 sunt,
2262 1641 2397 1697 papa
2422 1625 2729 1693 beatissime,
2765 1624 2833 1681 de
2861 1624 3054 1695 quibus
3082 1625 3324 1683 homines
3351 1641 3451 1683 nos

1789 1706 1835 1765 Β
1865 1718 2127 1775 infamare
2172 1728 2438 1774 conantur
2470 1736 2484 1774 :
2520 1734 2715 1783 unum,
2746 1718 2889 1788 quod
2933 1734 3189 1789 negemus
3214 1721 3450 1793 parvulis

1861 1812 2112 1881 baptismi
2134 1821 2553 1881 sacramentum,
2574 1812 2847 1889 etabsque
2863 1812 3232 1883 redemptione
3248 1813 3451 1872 Christi

1862 1906 2137 1976 aliquibus
2169 1921 2336 1976 regna
2362 1907 2620 1963 caelorum
2649 1906 3024 1977 promittamus
3057 1926 3069 1960 :
3101 1908 3241 1964 aliud
3263 1952 3277 1977 ,
3309 1908 3451 1978 quod

1859 2000 1933 2055 ita
1957 1999 2225 2064 dicamus,
2258 2015 2421 2069 posse
2444 2000 2719 2056 hominem
2744 2000 2913 2055 vitare
2946 2009 3239 2071 peccatum,
3269 2012 3327 2057 ut
3352 2002 3429 2058 De

1858 2091 2203 2148 excludamus
2241 2093 2530 2159 auxilium;
2573 2103 2630 2149 et
2668 2093 2721 2148 itt
2765 2103 2967 2150 tantum
3008 2095 3177 2151 libero
3207 2096 3449 2153 conﬁda-

1855 2199 1976 2240 mus
2005 2184 2261 2253 arbitrio,
2292 2193 2349 2240 ut
2371 2186 2557 2256 gratiae
2584 2186 2927 2256 repudiemus
2957 2185 3304 2257 adiutorium.

1929 2277 2058 2332 Haec
2077 2278 2801 2350 presbyterllierongmus,qui
2816 2278 2945 2334 mihi
2967 2286 3232 2350 tamquam
3252 2280 3446 2337 aemulo

1858 2370 2092 2437 invidet,
2130 2372 2240 2427 Ita'c
2271 2374 2401 2427 alter
2430 2374 2637 2444 juvenis
2664 2389 2725 2427 ea:
2754 2374 2931 2444 Africa
2956 2372 3232 2428 submissus
3255 2374 3318 2426 ab
3348 2374 3449 2427 ini-

1860 2463 2040 2528 micis;
2071 2463 2178 2518 haac
2203 2464 2428 2535 episcopi
2455 2464 2557 2518 duo
2584 2464 2647 2518 de
2672 2466 2778 2518 suis
2804 2464 3006 2518 sedibus
3038 2466 3217 2519 nterito
3242 2466 3295 2519 in
3323 2463 3450 2519 Gal-

1861 2556 1943 2609 liis
1974 2557 2141 2628 ejecti,
2170 2556 2389 2628 objicere
2415 2574 2513 2611 non
2546 2566 2744 2611 cessant
2769 2599 2784 2624 ,
2814 2560 3043 2625 quamvis
3082 2558 3135 2612 in
3174 2557 3433 2631 episcopal

1853 2649 2058 2721 judicio
2105 2648 2255 2703 silere
2287 2649 2426 2719 jussi
2453 2648 2588 2715 sint,
2617 2657 2670 2703 et
2702 2657 2886 2703 sancta
2919 2650 3158 2721 synodus
3185 2664 3283 2705 uos
3307 2664 3452 2706 com-

1863 2743 2137 2798 munionis
2161 2742 2442 2797 catholicae
2467 2757 2590 2797 esse
2620 2742 2871 2797 confessa
2899 2742 2989 2797 sit.

1938 2836 2005 2890 Et
2032 2850 2162 2891 vero
2190 2849 2481 2905 numquam
2522 2849 2623 2904 ego
2649 2835 2736 2890 vel
2766 2833 2985 2904 impium
3015 2834 3250 2905 aliquem
3283 2833 3453 2890 haere-

1868 2930 2028 2984 ticum
2061 2928 2239 2984 audivi
2271 2929 2358 2999 qui
2406 2929 2507 2984 hoc
2534 2927 2675 2999 quod
2708 2928 2963 2999 proposui
2995 2927 3061 2983 de
3096 2928 3335 2998 parvulis
3373 2927 3454 2983 di-

1867 3029 2035 3077 ceret.
2058 3022 2191 3091 Quis
2215 3020 2357 3076 enim
2383 3022 2455 3075 ita
2481 3020 2809 3090 evangeliea:
2834 3019 3084 3075 lectionis
3110 3021 3326 3092 ignarus
3347 3030 3449 3088 est,

1867 3114 1959 3184 qui
1989 3114 2091 3169 hoc
2131 3114 2405 3170 afﬁrmare
2436 3121 2662 3169 conetur
2684 3154 2699 3180 ,
2732 3114 2897 3168 immo
2924 3114 3013 3182 qui
3041 3114 3126 3169 vel
3157 3114 3349 3169 leviter
3374 3112 3455 3169 di-

1864 3219 1987 3261 cere
2020 3214 2112 3261 aut
2151 3205 2353 3261 sentire
2385 3205 2545 3260 etiam
2576 3204 2779 3275 possit?
2823 3204 3028 3260 Deinde
3066 3206 3186 3275 quis
3216 3214 3321 3260 tam
3355 3206 3453 3260 im-

1863 3297 2005 3368 pius,
2030 3299 2119 3368 qui
2143 3298 2397 3368 parvulos
2423 3305 2671 3353 exsortes
2693 3298 2843 3368 regni
2869 3298 3131 3355 ctelorum
3155 3312 3276 3355 esse
3298 3297 3450 3363 velit,

1865 3401 1919 3447 et
1964 3404 2070 3447 non
2109 3405 2203 3447 eos
2246 3391 2545 3461 baptizari,
2595 3400 2652 3446 et
2695 3392 2748 3446 in
2791 3389 3009 3445 Christo
3040 3392 3251 3447 renasci
3280 3398 3449 3461 putet,

1862 3499 1985 3540 cum
2014 3491 2199 3554 aperte
2222 3482 2367 3539 dicat
2391 3482 2637 3538 Christus
2665 3499 2678 3536 :
2712 3481 2831 3536 Nisi
2853 3482 2966 3552 quis
2991 3490 3197 3537 renatus
3218 3481 3373 3551 fuerit
3391 3498 3454 3537 ea:

1862 3594 1998 3648 aqua
2028 3587 2075 3632 et
2104 3577 2309 3648 Spiritu
2338 3588 2515 3631 sancto
2539 3617 2556 3645 ,
2597 3593 2697 3631 non
2727 3586 2893 3647 potest
2922 3576 3135 3630 introire
3162 3575 3216 3630 in
3242 3592 3452 3647 regnum

1862 3670 1960 3725 Dei
1987 3671 2172 3742 (Joan.
2204 3686 2285 3737 tu,
2314 3668 2413 3741 5)?
2460 3669 2591 3740 Quis
2622 3669 2713 3726 ille
2737 3677 2845 3724 tam
2882 3668 3079 3739 impius
3101 3677 3215 3735 est,
3242 3670 3332 3738 qui
3361 3682 3454 3724 cu—

1859 3760 2085 3833 juslibet
2110 3762 2286 3817 relatis
2314 3760 2541 3831 parvulo
2571 3759 2861 3817 interdicat
2888 3774 3232 3815 communem
3266 3757 3452 3813 huma-

1864 3853 1919 3910 ni
1946 3853 2162 3925 generis
2190 3852 2617 3923 redemptionem
2642 3893 2657 3918 ,
2692 3860 2749 3906 et
2792 3851 2844 3906 in
2874 3858 3186 3921 perpetuam
3218 3857 3453 3906 certam-

1865 3963 1970 4019 que
1990 3947 2152 4003 vitam
2179 3945 2387 4002 renasci
2411 3944 2549 3999 nolit
2564 3959 2684 3999 eum
2699 3944 2786 4013 qui
2813 3951 2967 3997 natus
2983 3942 3054 3999 sit
3072 3942 3137 3998 ad
3160 3940 3455 3997 incertam?

1938 4038 2080 4094 Ecce
2111 4038 2273 4109 igitur
2298 4036 2364 4090 ad
2388 4033 2775 4090 beatitudinem
2804 4041 2950 4087 tuam
2980 4032 3206 4099 epistola
3239 4032 3337 4085 ista
3368 4043 3455 4084 me

1865 4138 2077 4201 purget,
2104 4129 2156 4183 in
2186 4142 2291 4199 qua
2326 4142 2461 4197 pure
2492 4136 2650 4196 atque
2677 4122 2994 4193 simpliciter
3023 4122 3087 4178 ad
3122 4119 3453 4192 peccandum

1866 4235 1921 4283 et
1963 4225 2030 4280 ad
2061 4240 2167 4280 non
2211 4221 2542 4293 peccandum
2576 4220 2844 4289 integrum
2895 4216 3123 4271 liberum
3170 4213 3453 4270 arbitrium

1868 4318 2071 4374 habere
2098 4331 2200 4371 nos
2224 4316 2479 4381 dicimus,
2504 4310 2650 4384 quod
2678 4312 2730 4366 in
2755 4309 3002 4366 omnibus
3024 4308 3179 4367 bonis
3201 4308 3454 4379 operibus

1868 4410 2054 4466 divino
2085 4422 2300 4477 semper
2326 4406 2612 4475 adjuvetur
2635 4402 2856 4458 auxilio.

1940 4500 2214 4557 Conditum
2242 4514 2275 4553 a
2316 4498 2424 4553 Deo
2454 4498 2671 4553 dicimus
2712 4495 2969 4549 hominem
3005 4492 3072 4547 ad
3100 4491 3373 4564 imaginem
3408 4498 3455 4545 et

1869 4593 2259 4651 similitudinem
2288 4609 2465 4657 suam,
2513 4591 2654 4661 eique
2684 4605 2800 4642 cum
2829 4604 2861 4640 a
2892 4586 3001 4639 Deo
3031 4585 3367 4646 conderetur,
3399 4589 3455 4635 ut

1870 4688 2196 4745 laudabiliter
2215 4686 2377 4739 vivere
2411 4691 2601 4753 posset,
2626 4681 2806 4735 datam
2834 4678 2981 4732 liberi
3009 4676 3204 4729 arbitrii
3228 4683 3454 4743 potesta-

1872 4791 1992 4848 tem,
2018 4782 2072 4834 id
2094 4788 2190 4843 est,
2215 4776 2461 4851 peccandi
2487 4785 2635 4845 atque
2655 4790 2757 4827 non
2784 4770 3029 4842 peccandi
3050 4768 3453 4839 possibilitatem,

1872 4892 2030 4951 quam
2063 4874 2218 4930 liberi
2248 4870 2456 4928 arbitrii
2486 4876 2808 4939 potestatem
2844 4865 3071 4919 dicimus
3110 4861 3162 4915 itt
3206 4858 3456 4914 omnibus

1876 4986 1998 5030 esse
2023 4968 2379 5040 generaliter,
2419 4964 2474 5018 in
2504 4959 2852 5021 Christianis,
2884 4955 3105 5018 ludatis,
3139 4961 3297 5024 atque
3326 4966 3457 5022 gen-

1875 5065 2083 5122 tilibus.
2132 5062 2189 5118 In
2233 5056 2486 5115 omnibus
2530 5062 2613 5111 est
2653 5052 2857 5121 quidem
2900 5048 3128 5105 liberum
3175 5044 3455 5099 arbitrium

1874 5157 2153 5229 aequaliter
2180 5169 2275 5225 per
2305 5160 2571 5217 naturam,
2600 5145 2695 5201 sed
2726 5144 2779 5199 in
2808 5142 2938 5197 solis
2961 5137 3276 5229 Christianis
3294 5137 3455 5229 juva-

1876 5227 1963 5306 tur
1985 5265 2016 5303 a
2035 5247 2229 5319 gratia.
2283 5244 2339 5299 In
2364 5242 2473 5298 illis
2498 5242 2702 5296 nudum
2723 5247 2778 5292 et
2801 5236 3006 5290 inerme
3028 5238 3112 5287 est
3129 5227 3459 5285 conditionis

1874 5342 2106 5406 bonum;
2155 5339 2207 5392 in
2257 5335 2339 5391 his
2382 5349 2545 5399 vero,
2593 5329 2684 5399 qui
2732 5326 2798 5382 ad
2842 5325 3114 5381 Christum
3163 5320 3455 5391 pertinent,

1872 5431 2078 5490 Christi
2128 5429 2365 5485 munitur
2412 5424 2634 5480 auxilio.
2684 5420 2765 5476 llli
2812 5419 2933 5473 ideo
2969 5413 3242 5486 judicandi
3299 5423 3460 5482 atque

1873 5526 2166 5583 damnandi
2186 5531 2333 5587 sunt,
2353 5520 2477 5590 quia
2498 5532 2620 5573 cum
2643 5513 2874 5569 habeant
2896 5509 3125 5564 liberum
3150 5504 3456 5570 arbitrium,

1872 5639 1976 5693 per
2004 5619 2145 5692 quod
2177 5618 2241 5673 ad
2294 5615 2453 5670 ﬁdem
2494 5611 2686 5667 venire
2734 5612 2999 5676 possent,
3029 5609 3083 5656 et
3113 5598 3207 5653 Dei
3234 5595 3459 5693 gratiam

1878 5690 2197 5789 promereri,
2230 5713 2372 5775 male
2401 5715 2625 5767 utuntur
2654 5701 2904 5759 libertate
2927 5707 3219 5769 concessa;
3265 5690 3305 5748 ii
3329 5699 3470 5772 vero
