3882 6284
483 233 588 332 ut

963 247 1056 328 AD
1085 255 1366 328 marest
1396 265 1662 326 PRIMAM
1691 259 1978 325 omum
2009 259 2082 321 it.
2113 245 2556 324 uchcttont’s‘
2584 251 2931 325 tepeﬁunt
2960 249 3303 327 stcuumi.

3662 261 3767 330 θη

485 389 866 448 remunerandi
896 398 1046 457 sunt,
1069 388 1193 460 quia
1223 389 1363 444 bene
1389 388 1560 444 libero
1588 396 1798 442 utentes
1826 383 2075 447 arbitrio,
2104 383 2155 441 Δ
2183 383 2324 439 stolo
2354 385 2524 455 possit
2551 383 2733 466 dicere
2762 403 2777 439 :
2816 379 2944 441 Vivo
2973 393 3146 441 autem
3165 429 3180 455 ,
3200 391 3319 460 jam
3348 404 3446 441 non
3478 387 3570 461 e'g'o
3589 430 3608 459 ,
3643 391 3766 446 risit

486 493 764 538 merentur
809 482 1020 538 Domini
1065 483 1290 552 gratiam
1317 522 1332 548 ,
1373 491 1426 537 et
1471 480 1588 550 ejus
1618 478 1869 534 mandata
1895 485 2076 533 custo—
2178 485 2348 529 autem
2396 477 2450 530 in
2493 492 2576 532 me
2619 475 2855 533 Christus
2890 475 3054 548 (Gal.
3087 495 3155 545 ιι,
3188 478 3344 550 20);
3371 483 3634 552 ponitque
3672 485 3762 538 cor

491 573 664 630 dium)

565 665 694 721 Hac
725 669 823 736 fuit
857 675 1032 722 nostra
1072 655 1359 722 constanter
1393 664 1642 742 sententia
1666 705 1682 731 ,
1716 665 1868 720 etiam
1906 664 2078 734 prius-

487 767 638 830 quam
669 760 1065 828 persecutionem
1096 770 1410 828 pateremur.
1453 755 1602 812 Hane
1632 756 1676 811 si
1704 756 1951 810 voluerint
1983 755 2076 808 Ita-

481 844 604 907 bere
632 863 946 925 perspectam
971 851 1049 906 uel
1081 853 1180 922 ipsi
1214 852 1380 906 nostri
1393 851 1610 917 inimici,
1630 849 1808 920 legam
1835 848 2073 902 libellum

491 939 640 1000 Fidei
671 949 870 1000 nostra:
891 986 907 1010 ,
937 960 1096 1014 quem
1132 943 1198 998 a’d
1231 953 1461 999 vestram
1495 939 2076 1020 beatitudinem'mitti-

493 1051 614 1092 mus
642 1078 655 1101 ,
689 1037 741 1091 in
772 1053 877 1104 quo
908 1047 962 1090 et
991 1036 1254 1106 baptisma
1296 1051 1458 1090 unum
1499 1042 1743 1089 tenemus
1767 1075 1782 1100 ,
1813 1032 1955 1102 quod
1987 1031 2075 1086 iis-

491 1127 610 1182 dem
645 1120 969 1181 sacramenti
997 1127 1175 1182 vetbis
1203 1126 1256 1180 ih
1290 1124 1583 1180 infantibus
1613 1121 1806 1193 quibus
1831 1125 1990 1178 etiam
2018 1121 2074 1176 in

491 1217 790 1286 majoribus
816 1218 1048 1275 dicimus
1070 1233 1194 1275 esse
1219 1217 1598 1276 celebrandum
1624 1232 1640 1270 :
1665 1226 1722 1273 et
1745 1217 1973 1272 liberum
1997 1215 2076 1270 sie

491 1312 818 1368 conﬁtemur
853 1312 1137 1368 arbitrium
1162 1355 1178 1380 ,
1219 1320 1280 1368 ut
1319 1312 1563 1367 dicamus
1604 1324 1704 1366 nos
1739 1313 1951 1380 Semper
1979 1308 2072 1364 Dei

488 1401 732 1475 indigere
759 1405 983 1461 auxilio.

558 1483 764 1569 Legam
791 1501 996 1572 pariter
1021 1501 1305 1570 epistolam
1336 1513 1497 1570 quam
1531 1498 1598 1553 ad
1627 1507 1869 1552 sanctum
1899 1497 2070 1554 virum

488 1593 769 1649 Paulinum
818 1595 1175 1666 episcOpum,
1226 1604 1354 1648 ante
1396 1591 1678 1648 duodecim
1723 1591 1836 1646 fere
1879 1603 2070 1655 annos,

487 1685 804 1753 scripsimus
826 1727 840 1750 ,
869 1697 987 1756 quae
1018 1677 1275 1740 trecentis
1315 1681 1464 1739 forte
1494 1681 1742 1737 versibus
1772 1681 1900 1736 nihil
1929 1681 2070 1735 aliud
2121 1749 2128 1758 ν

2175 584 2331 626 suum
2363 570 2416 626 in
2443 585 2605 638 manu
2637 570 2731 626 Dei
2755 613 2770 635 ,
2802 583 2859 626 ut
2888 569 3020 627 illud
3048 586 3155 642 quo
3191 571 3424 627 voluerit
3457 573 3610 630 Deus
3648 576 3759 646 ipse

2177 660 2417 717 declinet
2443 661 2631 734 (Prov.
2665 675 2756 716 uti
2769 702 2788 728 ,
2823 662 2900 733 1).

2251 751 2378 825 (De
2417 753 2564 809 Grut.
2607 765 2654 809 et
2695 753 2848 812 Pecc.
2892 755 2984 810 lib.
3015 771 3051 811 ll
3083 772 3133 811 c.
3166 753 3298 827 15.)
3339 754 3512 812 Omne
3556 758 3751 813 bonum

2176 854 2272 901 aut
2305 846 2544 913 malum,
2581 862 2688 919 quo
2731 847 2818 902 vel
2862 846 3192 915 laudabiles,
3235 848 3326 904 vel
3365 849 3750 921 vituperabile:

2177 949 2364 994 sumus
2387 981 2401 1005 ,
2432 947 2537 994 non
2570 939 2857 995 nobiscum
2895 940 3090 1007 uritur,
3134 939 3229 996 sed
3272 940 3447 1013 agitur
3486 956 3516 995 a
3563 941 3747 1010 nobis;

2176 1031 2404 1101 eapaces
2433 1036 2575 1090 enim
2607 1035 2888 1106 utriusque
2919 1034 3038 1104 rei,
3070 1051 3178 1090 non
3210 1033 3350 1105 pleni
3380 1038 3678 1104 nascimur,
3704 1050 3749 1095 et

2177 1133 2237 1178 ut
2266 1124 2383 1179 sine
2411 1127 2612 1181 virtute
2633 1168 2648 1194 ,
2682 1127 2756 1182 ita
2787 1135 2844 1182 et
2872 1129 2991 1182 sine
3020 1127 3151 1182 visio
3178 1141 3568 1198 procreamur:
3598 1140 3748 1200 atque

2176 1227 2302 1272 ante
2330 1219 2598 1275 actionem
2631 1220 2866 1290 propria:
2905 1221 3198 1276 voluntatis
3218 1261 3234 1287 ,
3275 1219 3329 1276 id
3367 1221 3545 1278 solum
3576 1223 3630 1278 in
3661 1223 3748 1279 lio-

2175 1308 2324 1365 mine
2353 1321 2437 1366 est
2463 1312 2605 1385 quod
2642 1312 2782 1368 Deus
2811 1311 3073 1371 condidit.

2250 1409 2274 1476 ρ
2303 1403 2380 1460 De
2410 1405 2557 1460 Grut.
2585 1416 2634 1461 et
2660 1407 2811 1463 Pece.
2851 1407 2942 1470 lib.
2979 1423 3000 1463 ι
3029 1425 3077 1462 c.
3105 1407 3198 1464 28.
3226 1407 3249 1480 )
3275 1409 3406 1464 C
3434 1411 3620 1465 utero
3646 1418 3745 1465 tam

2176 1497 2318 1555 forte
2349 1510 2565 1571 tamque
2594 1498 2808 1556 llr-mum
2839 1501 2905 1556 ad
2935 1516 3040 1560 non
3072 1502 3403 1574 peccandum
3433 1502 3664 1558 liberum
3698 1503 3744 1558 in

2177 1590 2334 1646 nobis
2364 1591 2657 1648 habeamus
2685 1592 2964 1648 arbitrium
2985 1634 3003 1662 ,
3030 1593 3174 1665 quod
3200 1591 3525 1664 generaliter
3551 1597 3742 1650 natura

2178 1680 2425 1740 humana:
2444 1682 2575 1740 Crea
2585 1694 2667 1739 tor
2695 1683 2958 1752 inseruit,
2987 1699 3174 1742 rursus
3201 1699 3300 1756 pro
3319 1685 3437 1755 eius
3460 1685 3740 1742 intactis-a-

487 1775 644 1847 quam
690 1777 779 1832 Dei
811 1777 1038 1846 gratiam
1089 1785 1142 1831 et
1188 1775 1446 1830 auxilium
1495 1773 1780 1830 conﬁtetur
1802 1813 1818 1840 ,
1868 1785 2074 1844 nosque
2106 1761 2151 1826 Β
2179 1777 2271 1832 bili
2301 1776 2634 1848 benignitate
2661 1778 2976 1850 quotidiani)
3007 1779 3175 1846 ipsius
3218 1780 3489 1833 munimur
3517 1777 3738 1845 auxilio,

485 1866 618 1923 nihil
664 1868 880 1922 ontuiuo
922 1867 1054 1922 boui
1101 1865 1282 1922 facere
1329 1877 1490 1936 posse
1527 1865 1646 1920 sine
1695 1863 1828 1919 Deo.
1871 1861 2074 1934 Legam

486 1961 646 2016 etiam
677 1961 742 2016 a‘d
773 1970 1016 2016 sanctum
1044 1955 1424 2028 Consumtium
1454 1960 1764 2030 episcopum
1790 1999 1805 2024 ,
1833 1957 1924 2013 ubi
1954 1957 2072 2013 bre-

486 2053 626 2109 viter
655 2052 894 2124 quidem,
936 2053 1030 2108 sed
1059 2054 1240 2123 plane,
1273 2051 1447 2108 libero
1473 2051 1712 2108 hominis
1726 2052 1952 2107 arbitrio
1981 2052 2072 2107 Dei

486 2147 710 2216 gratiam
735 2145 1095 2215 auxiliumque
1117 2144 1521 2214 conjunx'imus.

559 2239 762 2307 Legum
788 2237 946 2291 etiam
978 2278 994 2304 ,
1037 2243 1194 2306 quam
1229 2234 1300 2291 ad
1327 2249 1532 2290 sacram
1581 2233 1778 2290 Christi
1809 2234 2070 2303 virginem

489 2331 881 2388 Demetriadem
913 2332 965 2386 in
996 2325 1218 2386 O‘riente
1243 2330 1696 2400 conscripsimus,
1718 2339 1771 2384 et
1799 2329 2075 2384 invenient

490 2425 588 2479 tios
620 2425 687 2478 ita
718 2423 950 2478 hominis
981 2423 1199 2478 laudare
1225 2430 1494 2490 naturam,
1517 2431 1577 2476 ut
1603 2419 1698 2476 Dei
1721 2433 1933 2490 semper
1955 2433 2075 2491 gra-

490 2511 576 2573 tiae
605 2517 864 2572 addamus
892 2516 1174 2572 auxilium.

559 2609 768 2681 Legam
796 2612 958 2666 etiam
987 2623 1180 2665 recens
1208 2621 1384 2664 meum
1415 2609 1731 2678 opusculum
1753 2650 1768 2676 ,
1807 2607 1948 2678 quod
1978 2620 2074 2678 pro

487 2697 658 2760 libero
681 2719 850 2771 nuper
873 2703 1097 2758 arbitrio
1118 2701 1281 2758 edere
1307 2701 1570 2771 compulsi
1594 2715 1811 2767 sumus;
1837 2710 1889 2755 et
1910 2714 2076 2770 agno-

488 2804 825 2864 scentquatm
873 2795 1056 2864 inique
1103 2799 1202 2848 nos
1252 2793 1536 2862 negatione
1583 2793 1768 2862 gratiae
1814 2791 2074 2846 infamare

488 2889 784 2961 g’e’stiet‘int,
817 2887 906 2955 qui
935 2903 1029 2957 per
1056 2897 1226 2942 totum
1259 2902 1399 2957 pene
1428 2887 1594 2952 ipsius
1622 2891 1831 2941 textum
1859 2885 2070 2956 Operis,

491 2977 731 3052 perfecte
761 2989 920 3049 atque
963 2981 1166 3050 integre
1193 3019 1208 3046 ,
1243 2989 1298 3036 et
1337 2979 1568 3034 liberum
1595 2979 1876 3034 arbitrium
1905 2977 2074 3034 conli-

491 3067 669 3129 t'emur
694 3080 750 3128 et
773 3072 1022 3143 gratiam.

809 3167 888 3242 De
912 3179 1096 3240 Libero
1120 3169 1341 3240 Arbitrio
1367 3182 1486 3238 libri
1507 3194 1745 3256 quatuor.

558 3269 748 3348 O'peris
776 3296 806 3334 a
843 3279 1060 3349 Pelagio
1087 3275 1372 3349 compositi
1400 3277 1466 3330 de
1492 3275 1686 3349 Libero
1700 3269 1942 3349 Arbitrio
1961 3293 2075 3334 nte-

487 3347 760 3406 mineruot
811 3347 1154 3420 apertissime
1191 3347 1492 3418 {Pelagius
1526 3347 1642 3416 ipse
1685 3347 1707 3420 (
1741 3347 1804 3402 In
1826 3350 1975 3420 epist.
2005 3351 2072 3404 att

490 3421 552 3476 8.
587 3420 765 3475 lunae.
787 3425 852 3491 νε
896 3420 1089 3492 Legavit
1126 3420 1285 3492 etiam
1316 3435 1504 3492 recens
1536 3434 1700 3474 meum
1746 3423 2068 3491 opusculum,

485 3494 624 3563 quod
651 3509 744 3562 pro
784 3492 941 3546 libero
967 3490 1129 3563 nuper
1151 3491 1365 3563 arbitrio
1393 3490 1542 3563 silere
1568 3490 1818 3563 compulsi
1849 3509 2071 3563 sumus;

487 3553 544 3618 ἐι
588 3553 918 3644 Augustinus
942 3553 1106 3644 ‘.(‘Lib.
1140 3561 1203 3644 de
1223 3553 1379 3644 piat.
1409 3559 1600 3644 lilii-ist.
1631 3553 1806 3644 cr.'5)_.:
1838 3555 1906 3616 1η
1932 3553 2073 3644 libris

488 3631 794 3716 ouosge‘didjt
819 3647 911 3703 pro
937 3631 1092 3716 libello
1122 3632 1355 3716 arbitrio,
1379 3633 1595 3716 quorum
1625 3631 1925 3716 mentionem
1953 3635 2075 3716 facit

487 3699 548 3785 in.
582 3701 796 3776 epistola
820 3699 972 3781 quam
1022 3699 1269 3783 Romam.
1288 3699 1426 3754 trusit
1449 3742 1463 3765 ,
1491 3705 1628 3767 e‘tc~.;
1679 3705 1858 3784 minus
1887 3699 2073 3773 aperte

487 3774 846 3853 Hieronymus
870 3774 1120 3853 scribens.
1141 3772 1340 3853 (Epist.
1375 3771 1500 3853 ldo)
1523 3775 1588 3827 ad
1615 3773 1850 3844 Altptum
1879 3786 1945 3853 et_
1967 3780 2071 3830 Au-

488 3842 794 3917 gustinum;
827 3853 991 3915 atque
1018 3842 1260 3917 lulianus
1289 3842 1548 3917 iu_0pere
1569 3842 1853 3917 postremo
1880 3845 2071 3902 adver-

487 3909 579 3987 sus
607 3909 959 3987 Augustinum
1016 3909 1145 3987 (Op.
1171 3911 1312 3983 Imp.
1344 3912 1382 3967 l.
1411 3909 1462 3968 iv
1490 3930 1534 3966 c.
1569 3913 1684 3987 72’.)

558 3985 744 4059 Libri—si
758 3997 984 4057 quatuor
1004 3985 1150 4054 Opus
1175 3995 1344 4059 totum
1369 3985 1677 4059 constitisse
1703 3985 1866 4059 tradit
1886 3988 2072 4059 ,Aogtrs

485 4059 680 4114 utinus.
714 4054 949 4125 Quatuor
973 4068 1091 4110 sunt
1124 4057 1242 4112 libri
1271 4054 1451 4130 Operis
1479 4055 1664 4130 Itujus,
1683 4066 1734 4114 et
1761 4057 1851 4112 hos
1874 4054 2004 4130 legi:
2026 4069 2074 4113 et

483 4145 549 4184 es:
571 4129 677 4183 illis
703 4129 901 4202 sumpsi
929 4143 1042 4200 qua:
1071 4127 1339 4202 tractanda
1369 4139 1416 4182 et
1454 4127 1772 4202 discutienda
1801 4127 2068 4202 proposui,

485 4211 610 4256 etut
635 4201 776 4272 potui
818 4198 1122 4272 pertraictaui
1159 4210 1434 4272 antequam
1468 4198 1544 4272 ad
1581 4203 1691 4272 ejus
1722 4198 1815 4253 has
1858 4198 2069 4266 litteras,

485 4268 856 4396 ἳὴιῖῗέεἳῖἓῖἑατὴ
876 4271 1036 4340 misit,
1058 4269 1362 4339 veniremus,
1387 4269 1478 4324 sed
1497 4270 1552 4324 in
1578 4268 1658 4326 Itis
1679 4271 1832 4326 etiam
1853 4283 2072 4342 quatuor

511 4341 656 4409 ibris,
687 4352 794 4396 etc.

1046 4429 1132 4486 Ea:
1161 4432 1292 4486 libro
1321 4432 1512 4502 primo.

556 4536 676 4609 (De
701 4537 850 4594 Grut.
883 4548 932 4594 et
964 4535 1119 4594 Pecc.
1152 4540 1298 4614 Orig.
1345 4542 1434 4596 lib.
1487 4555 1508 4596 ι
1549 4555 1594 4595 e.
1631 4541 1766 4610 ts.)
1798 4529 2152 4602 Habemus!)

485 4639 664 4687 autem
700 4631 1117 4702 possibilitatem
1147 4634 1430 4703 utriusque
1459 4633 1627 4704 partis
1649 4675 1664 4701 ,
1708 4649 1738 4689 a
1779 4633 1894 4691 Deo
1935 4637 2069 4692 iusi-

485 4731 593 4779 tam
614 4766 630 4791 ,
663 4725 810 4780 velut
838 4725 1124 4796 quamdam
1146 4769 1161 4795 ,
1199 4734 1255 4781 ut
1284 4725 1359 4782 ita
1403 4726 1578 4783 dicam
1609 4769 1624 4796 ,
1668 4729 1908 4786 radicem
1954 4731 2070 4787 fru-

483 4819 728 4873 ctiferam
775 4821 935 4890 atque
987 4817 1275 4876 fecundam
1297 4863 1312 4886 ,
1347 4823 1468 4892 qua:
1495 4837 1562 4878 ex
1593 4823 1875 4881 voluntate
1899 4826 2073 4882 homi-

482 4910 566 4965 nis
617 4909 830 4966 diversa
879 4910 1099 4983 gignat,
1145 4923 1200 4968 et
1242 4913 1450 4984 pariat,
1492 4926 1548 4972 et
1589 4921 1710 4987 quae
1752 4919 1959 4988 possit,
2002 4920 2071 4974 ad

481 5002 684 5074 prOprii
730 5005 960 5059 cultoris
1002 5007 1322 5075 arbitrium,
1369 5009 1454 5064 vel
1498 5009 1671 5066 nitere
1709 5009 1846 5068 ﬂore
1889 5012 2064 5068 virtu-

481 5091 592 5150 tum
613 5137 627 5162 ,
663 5097 745 5152 vel
778 5098 1022 5152 sentibus
1054 5097 1277 5154 bor’rere
1305 5098 1579 5156 vitiorum.

552 5186 766 5259 (Ibid,
798 5205 914 5256 cap.
949 5189 1052 5255 ἓξ,
1081 5189 1152 5244 23
1177 5192 1222 5260 .)
1250 5189 1356 5258 Qui
1381 5195 1554 5247 currit
1580 5194 1646 5248 ad
1688 5194 1896 5261 Deum,
1938 5205 1991 5252 et
2035 5211 2066 5250 a

480 5275 593 5332 Deo
622 5291 678 5332 se
710 5281 819 5348 regi
851 5281 1033 5348 cupit,
1067 5280 1118 5334 id
1145 5291 1263 5347 est,
1297 5283 1632 5338 voluntatem
1666 5295 1819 5340 suam
1851 5299 1918 5342 ex
1947 5289 2066 5356 ejus

480 5371 757 5426 voluntate
781 5374 1092 5442 suspendit,
1120 5375 1209 5447 qni
1239 5375 1288 5430 ei
1314 5377 1644 5432 adhaerendo
1667 5379 1885 5449 jngiter,
1911 5397 2062 5449 unus,

479 5464 778 5518 secundum
823 5467 1138 5534 Apostolutn
1171 5469 1188 5537 (
1217 5468 1233 5520 I
1263 5466 1385 5522 Cor.
1419 5485 1472 5523 vs
1496 5510 1511 5535 ,
1541 5467 1650 5540 ΓΙ)
1677 5511 1692 5537 ,
1741 5481 1858 5524 cum
1902 5487 1966 5527 eo
2006 5472 2067 5543 ﬁt

476 5553 728 5622 spiritus,
760 5571 867 5610 non
901 5559 1036 5626 hoc,
1070 5560 1172 5612 nisi
1206 5560 1274 5614 de
1319 5561 1534 5616 arbitrii
1579 5560 1745 5616 efﬁcit
1789 5563 2066 5621 libertate.

478 5645 595 5714 qua
623 5648 713 5718 qui
745 5648 881 5704 bene
911 5653 1102 5718 utitur,
1133 5651 1205 5706 ita
1237 5665 1298 5707 se
1341 5657 1514 5708 totum
1556 5654 1720 5710 tradit
1765 5656 1907 5725 D’eo,
1951 5674 2069 5714 om-

475 5737 716 5800 nelmnte
741 5737 897 5797 suam
924 5743 1219 5800 mortiﬁcat
1246 5744 1617 5815 voluntatem,
1659 5759 1718 5806 ut
1757 5761 1878 5806 cum
1923 5755 2068 5818 Apo-

1537 5862 1570 5868 *ιλ
1715 5864 1730 5872 ρ
1773 5863 1806 5869 ι..
1874 5861 1946 5871 νυ.-

2097 3135 2142 3211 C

2025 5865 2030 5869 .
2047 5859 2122 5884 ,ματ

2177 1869 2399 1940 utquod
2434 1886 2529 1942 per
2557 1869 2787 1926 liberum
2820 1870 3065 1926 homines
3104 1870 3285 1927 facere
3325 1871 3584 1942 iubentur
3610 1870 3742 1926 arbi-

2176 1960 2338 2016 trium
2361 2001 2376 2028 ,
2411 1957 2626 2016 facilius
2654 1961 2861 2032 possint
2887 1961 3115 2030 implere
3143 1976 3239 2030 per
3264 1960 3516 2032 gratiam.

2747 2053 2831 2108 E3
2853 2053 2988 2108 libro
3017 2055 3186 2108 tertio.

2249 2143 2371 2219 (De
2401 2143 2550 2202 Grat.
2594 2154 2643 2201 et
2685 2142 2836 2200 Pece.
2871 2145 2963 2200 lib.
2998 2161 3015 2200 ι
3055 2162 3102 2200 c.
3139 2144 3236 2216 4.)
3276 2144 3384 2201 Nos
3417 2147 3493 2200 sic
3526 2145 3622 2200 tria
3652 2145 3736 2200 isu

2175 2221 2586 2310 distinguimus,
2630 2248 2686 2295 et
2722 2233 2931 2294 certum
2973 2225 3118 2294 velut
3157 2237 3213 2294 in
3259 2237 3509 2306 ordinem
3549 2235 3737 2307 digesta

2175 2334 2462 2404 partimur.
2514 2332 2696 2388 Primo
2745 2333 2868 2388 loco
2915 2347 3079 2403 posse
3129 2333 3464 2397 statuimus,
3515 2329 3737 2386 secundo

2175 2427 2350 2493 velle,
2399 2425 2559 2480 tertio
2596 2437 2737 2480 esse.
2785 2423 2958 2480 PosSe
2995 2425 3050 2479 in
3093 2433 3284 2482 natura
3307 2466 3322 2491 ,
3357 2423 3499 2478 velle
3526 2422 3580 2477 in
3604 2421 3734 2475 arbi-

2175 2518 2306 2586 trio,
2335 2533 2457 2574 esse
2488 2517 2541 2572 in
2571 2505 2763 2572 affectu
2795 2517 3059 2586 locamus.
3094 2515 3333 2572 Primum
3365 2515 3528 2582 illud,
3559 2515 3607 2572 id
3634 2514 3733 2582 est,

2175 2626 2337 2684 posse
2365 2613 2430 2666 ad
2459 2613 2628 2668 Deum
2657 2612 2880 2682 praprie
2911 2612 3176 2681 pertinet,
3204 2615 3293 2680 qui
3328 2610 3460 2666 illud
3492 2619 3733 2665 creatura

2177 2720 2288 2762 sua:
2317 2704 2580 2770 contulit;
2625 2703 2731 2759 duo
2775 2719 2906 2759 vero
2947 2705 3153 2774 reliqua
3177 2744 3192 2769 ,
3237 2703 3340 2757 hoc
3364 2711 3484 2764 est,
3528 2700 3657 2754 velle
3683 2705 3730 2754 et

2175 2811 2336 2864 esse,
2366 2795 2434 2854 ad
2464 2797 2736 2852 hominem
2764 2778 3057 2872 referenda
3079 2805 3241 2863 sunt,
3277 2795 3401 2863 quia
3442 2791 3511 2848 de
3551 2787 3731 2846 arbitrii

2175 2887 2326 2944 fonte
2349 2887 2706 2943 descendunt.
2743 2887 2886 2957 Ergo
2914 2886 2968 2942 in
2997 2887 3275 2941 voluntate
3315 2895 3373 2941 et
3401 2897 3570 2954 opere
3605 2882 3728 2936 bono

2176 2981 2293 3036 laus
2342 2979 2578 3035 hominis
2619 2987 2746 3044 est,
2794 2977 2966 3036 immo
3006 2987 3062 3034 et
3105 2977 3344 3034 hominis
3389 2972 3448 3033 et
3498 2976 3615 3042 Dei,
3651 2972 3731 3045 qun

2178 3071 2347 3144 ipsius
2374 3069 2663 3130 voluntatis
2693 3078 2748 3126 et
2776 3071 2958 3141 operis
2987 3069 3400 3141 possibilitatem
3429 3059 3604 3133 dedit,
3632 3067 3735 3138 qui-

2175 3181 2279 3238 que
2308 3166 2478 3236 ipsam
2511 3164 2927 3236 possibilitatem
2952 3163 3138 3234 gratiae
3164 3177 3277 3219 sue
3300 3161 3524 3232 adjuvat
3545 3160 3733 3230 semper

2173 3257 2396 3311 auxilio.
2427 3257 2586 3324 Quod
2619 3263 2748 3312 vero
2778 3257 2941 3310 ltomo
2972 3265 3154 3326 potest
3181 3255 3323 3311 velle
3363 3254 3568 3310 bonum
3595 3261 3734 3322 atque

2174 3347 2476 3420 perﬁcere,
2506 3349 2676 3405 solius
2705 3349 2797 3403 Dei
2829 3357 2949 3404 est:
2984 3351 3162 3424 putest
3197 3346 3382 3418 itaque
3422 3345 3553 3400 illud
3590 3351 3730 3400 unum

2175 3455 2329 3508 esse,
2381 3441 2591 3498 etiamsi
2636 3429 2743 3496 duo
2785 3441 2888 3497 i5ta
2925 3451 3035 3498 non
3075 3437 3308 3506 iuerint,
3339 3438 3446 3494 ista
3477 3439 3600 3493 vero
3637 3435 3734 3493 sine

2177 3533 2271 3590 illo
2297 3549 2422 3591 esse
2446 3545 2554 3590 nun
2589 3543 2833 3603 possunt.
2869 3535 3053 3605 itaque
3081 3517 3313 3589 liberum
3347 3533 3483 3590 mihi
3511 3541 3591 3589 est
3609 3572 3624 3598 ,
3650 3544 3732 3586 nec

2175 3627 2513 3683 voluntatem
2542 3627 2740 3683 bonam
2768 3627 3002 3692 habere,
3031 3635 3132 3683 nec
3162 3628 3470 3694 aetionetn‘,
3499 3625 3637 3681 anno
3659 3629 3736 3680 ao-

2177 3721 2286 3775 ten’t
2321 3720 2482 3775 modo
2515 3731 2734 3792 possum
2767 3735 2874 3776 non
2908 3720 3112 3778 habere
3143 3719 3561 3792 possibilitatem
3591 3718 3734 3781 boni;

2175 3811 2318 3867 inest
2345 3811 2508 3878 mihi,
2529 3814 2748 3870 etiamsi
2775 3813 3018 3880 noluero,
3044 3828 3146 3874 nec
3167 3815 3338 3870 otium
3367 3811 3460 3874 sui
3478 3809 3736 3881 aliquando

2175 3906 2230 3961 in
2261 3907 2362 3962 hoc
2392 3914 2580 3962 natura
2611 3909 2820 3979 recipit.
2850 3907 3030 3976 Quem
3062 3902 3216 3964 vobis
3251 3917 3476 3964 sensum
3518 3903 3736 3975 eaempla

2175 3996 2352 4069 aliqua
2409 3997 2607 4054 faciant
2660 3997 2968 4056 clariorem.
3028 3997 3184 4069 Quod
3237 4003 3528 4071 possumus
3575 3995 3736 4052 videre

2175 4092 2376 4160 oculis,
2407 4101 2649 4160 nostrum
2681 4107 2792 4154 non
2820 4103 2942 4158 est;
2970 4093 3120 4164 quod
3152 4109 3283 4152 vero
3310 4094 3454 4151 bene
3490 4099 3581 4148 aut
3617 4089 3735 4146 male

2174 4185 2450 4252 videmus,
2483 4184 2589 4240 hoc
2625 4194 2872 4242 matrum
2909 4196 3017 4242 est.
3060 4187 3132 4242 Et
3174 4197 3232 4242 ut
3273 4175 3602 4257 generaliter
3639 4181 3737 4237 uri-

2174 4277 2329 4333 versa
2360 4277 2732 4346 complectar:
2765 4277 2910 4349 quod
2939 4275 3232 4348 possumus
3259 4283 3425 4334 omne
3453 4277 3646 4332 bonum
3671 4271 3736 4327 ia-

2174 4383 2334 4434 cere,
2363 4368 2575 4438 dicere,
2609 4371 2878 4439 cogitare,
2915 4367 3062 4426 illius
3088 4381 3168 4428 εει
3197 4371 3289 4442 qui
3317 4369 3427 4426 hoc
3469 4382 3623 4444 posse
3658 4364 3737 4420 do-

2175 4461 2349 4526 navit,
2380 4460 2476 4530 qui
2506 4460 2610 4516 hoc
2639 4475 2805 4530 posse
2829 4459 3050 4530 adjuvat
3075 4476 3091 4526 ς
3121 4460 3268 4531 quod
3298 4474 3434 4516 vero
3475 4459 3642 4522 bene,
3667 4453 3734 4510 vel

2177 4555 2414 4625 agimus,
2445 4554 2531 4610 vel
2565 4554 2856 4624 loquimur,
2889 4556 2980 4610 vel
3004 4556 3340 4626 cogitamus,
3373 4560 3616 4608 nostrum
3642 4560 3733 4611 est,

2176 4647 2297 4718 quia
2329 4647 2444 4702 lucc
2469 4645 2649 4701 omnia
2681 4655 2896 4703 vertere
2925 4647 3088 4704 etiam
3121 4647 3173 4702 in
3205 4645 3410 4701 malum
3447 4655 3732 4716 possumus:

2176 4741 2344 4805 unde,
2389 4740 2535 4809 quod
2579 4747 2802 4809 propter
2844 4731 3170 4796 calumniam
3215 4747 3456 4804 vestram
3497 4751 3633 4806 saepe
3672 4747 3737 4786 re-

2175 4836 2465 4904 petendum
2509 4841 2621 4899 est,
2673 4847 2798 4888 cum
2847 4833 3080 4889 dicimus
3127 4831 3410 4887 hominem
3461 4843 3616 4900 posse
3639 4840 3738 4883 esse

2175 4923 2293 4980 sine
2331 4933 2583 4993 peccato,
2627 4931 2683 4980 et
2720 4922 3070 4979 confessione
3109 4921 3493 4994 possibilitatis
3535 4926 3737 4988 accepta:

2177 5015 2464 5071 laudamus
2497 5017 2698 5084 Deum,
2738 5015 2830 5087 qui
2869 5015 3026 5070 nobis
3058 5015 3158 5070 hoc
3199 5029 3360 5084 posse
3391 5013 3616 5083 largitus
3643 5018 3737 5069 est,

2178 5125 2278 5165 nec
2307 5120 2388 5164 est
2415 5109 2488 5164 ibi
2517 5108 2622 5163 ulla
2653 5107 2906 5163 laudandi
2939 5107 3172 5162 hominis
3199 5107 3452 5173 occasio,
3483 5105 3571 5160 ubi
3601 5103 3740 5156 solius

2176 5202 2270 5258 Dei
2297 5215 2458 5257 causa
2490 5209 2773 5256 tractatur.
2803 5199 2918 5255 Non
2946 5200 3090 5258 enim
3115 5198 3184 5255 de
3210 5201 3371 5269 velle,
3406 5213 3510 5256 nec
3533 5197 3598 5253 de
3621 5210 3739 5256 esse,

2172 5294 2267 5352 sed
2300 5293 2670 5350 tantummodo
2700 5293 2767 5350 de
2797 5303 2862 5350 eo
2891 5293 3035 5363 quod
3079 5301 3258 5362 potest
3291 5306 3420 5350 esse
3458 5277 3740 5348 disseritur.

2245 5385 2448 5458 (Ibid.,
2481 5402 2530 5439 c.
2561 5387 2614 5440 7.
2638 5385 2661 5456 )
2690 5386 2786 5440 Hic
2815 5401 2914 5441 nos
2941 5385 3341 5456 imperitissimi
3364 5384 3642 5444 hominum
3669 5394 3744 5450 pu-

2174 5487 2292 5536 tant
2335 5477 2587 5547 injuriatn
2639 5476 2837 5531 divina!
2874 5477 3063 5546 gratiae
3100 5475 3286 5532 facere
3315 5517 3331 5542 ,
3371 5478 3508 5547 quia
3540 5475 3746 5530 dicimus

2174 5584 2292 5625 eam
2323 5569 2441 5624 sine
2469 5569 2748 5624 voluntate
2780 5579 2965 5623 nostra
2999 5582 3342 5640 nequaquam
3374 5567 3431 5623 in
3465 5566 3620 5624 nobis
3647 5577 3746 5635 per-

2176 5662 2338 5716 licere
2380 5659 2723 5716 sanctitatem
2755 5675 2770 5714 :
2800 5659 2954 5728 quasi
2993 5659 3138 5718 Deus
3175 5661 3369 5730 gratim
3407 5675 3529 5716 sum
3573 5649 3750 5727 aliquid

2174 5751 2546 5819 imperaverit,
2574 5759 2631 5808 et
2659 5765 2769 5807 non
2794 5751 2906 5808 illis
2925 5752 3124 5820 quibus
3147 5753 3446 5821 imperavit
3464 5754 3636 5811 etiam
3649 5763 3753 5816 gra-
