3882 6284
190 267 278 327 617

516 202 842 318 .DISSER'I'.
875 256 968 317 VI.
1004 257 1090 315 DE
1118 258 1425 316 SCRIPTIS
1458 254 1592 313 PRO
1624 252 1902 316 HERESI
1932 252 2181 316 PELAG.
2214 257 2513 347 VIVENTE
2543 259 2603 318 S.
2636 258 3055 320 AUGUSTINO.

3331 264 3438 321 618

184 387 316 459 siam
345 377 597 459 timidius
638 385 799 459 atque
836 376 1142 459 obscurius,
1174 356 1749 459 apertiusﬁmlestium
1779 374 1830 435 Α
1856 372 1973 430 rale
1996 419 2011 445 ,
2041 390 2111 431 an
2147 370 2434 431 accidéns?
2469 375 2525 433 Si
2570 378 2847 443 naturale,
2881 387 3158 447 peccatum
3190 392 3297 434 non
3328 389 3440 450 est;

185 444 533 521 audaciusque
555 448 625 506 de
640 444 741 521 sua
766 448 961 504 hazresi
993 449 1311 521 scripsisse;
1336 444 1751 521 quid_enim_tri-

185 530 274 586 bus
317 516 550 591 praefatis
598 520 771 587 libris,
808 527 905 575 aut
946 518 1306 591 manifestius,
1335 516 1426 574 aut
1469 516 1754 591 impuden-

186 590 505 659 tiustSexto,
529 598 820 663 antequam
852 592 1015 647 ullum
1043 590 1754 663 ecclesiasticuminstitne-

185 680 319 728 retur
341 665 625 736 judicium,
657 660 914 736 autipsoi
939 663 1102 718 etiam
1133 663 1307 736 quinti
1337 661 1522 736 saeculi
1574 660 1748 736 initio,

185 731 373 799 statum
405 736 547 792 hunc
579 731 1129 804 hieresis'Pelagiana:
1157 733 1346 804 fuisse,
1373 744 1429 788 ut
1451 733 1517 788 ad
1540 731 1643 789 tria
1666 746 1754 787 ca-

186 815 284 884 pita
308 817 888 884 revocaretur;_utque
917 803 1047 884 vera
1069 807 1240 884 gratia
1269 803 1471 884 Christi
1493 818 1753 875 agnosce-

186 877 327 941 retur
354 879 575 952 quidem
606 879 675 952 ab
702 878 996 952 haereticis,
1025 877 1122 932 sed
1152 892 1272 947 qua:
1300 877 1521 931 daretur
1546 892 1612 952 ex
1642 891 1755 952 me-

184 954 324 1017 ritis,
371 946 609 1022 quaeque
654 950 860 1005 homini
906 963 1012 1004 non
1062 946 1208 1005 esset
1250 964 1410 1021 opus,
1466 948 1562 1003 sed
1608 946 1758 1003 utilis

185 1036 402 1082 tantum.

244 1096 486 1164 Septimo
532 1092 801 1164 denique,
845 1091 1124 1161 Pelagium
1147 1133 1161 1157 ,
1194 1105 1315 1146 cum
1352 1090 1465 1164 ipsi
1483 1090 1754 1164 obiectum

185 1161 329 1225 esset
350 1165 570 1221 tertium
601 1161 840 1220 Ctelestii
871 1164 1165 1234 capitulum
1189 1204 1203 1227 ,
1238 1161 1591 1234 respondisse
1616 1161 1753 1230 (Lib.

184 1242 239 1295 de
263 1236 407 1293 Gest.
439 1235 651 1290 Palam.
691 1251 737 1289 c.
772 1234 873 1306 ιι),
913 1232 1102 1289 {Haec
1145 1244 1321 1289 utrum
1355 1233 1576 1290 Caelestii
1621 1234 1754 1298 sint,

185 1310 274 1380 ipsi
292 1309 515 1380 viderint
533 1308 621 1380 qui
640 1308 817 1361 dicunt
838 1305 1061 1380 Caelestii
1081 1322 1211 1380 esse;
1235 1323 1329 1379 ego
1351 1322 1467 1380 vero
1480 1320 1760 1380 numqunm

184 1375 248 1436 sic
268 1379 429 1442 tenui,
451 1375 942 1433 sed'anathematizo
968 1378 1054 1445 qui
1078 1379 1153 1432 sic
1176 1375 1327 1431 tenet.
1351 1377 1429 1432 Ad
1453 1392 1571 1446 qua:
1596 1375 1758 1431 verba

186 1454 508 1522 Augustinus
541 1468 554 1481 ο
586 1448 719 1503 Ecce
746 1466 838 1503 nec
864 1449 1281 1522 naturamliberi
1315 1450 1545 1522 arbitrii,
1573 1462 1664 1500 nec
1688 1448 1761 1501 le-

184 1519 287 1596 gem
329 1531 484 1596 atque
520 1522 813 1596 doctrinam
844 1520 949 1574 uult
986 1519 1202 1596 intelligi
1246 1521 1499 1588 gratiam,
1536 1534 1761 1596 quaper

184 1592 316 1648 actus
356 1592 590 1661 singulos
628 1592 942 1664 adjuvamur
973 1592 1140 1664 {quid
1176 1607 1297 1664 ergo
1338 1600 1525 1664 restat,
1568 1592 1664 1664 nisi
1706 1598 1762 1643 ut

184 1682 287 1721 eam
318 1664 578 1733 intelligat
613 1662 770 1733 quam
807 1663 929 1717 dicit
970 1662 1246 1730 Apostolus
1291 1662 1762 1716 subministratione

184 1737 407 1807 Spiritus
446 1735 643 1807 sancti,
684 1746 790 1789 etc.
835 1733 1042 1801 Quibus
1077 1733 1258 1807 verbis
1298 1733 1533 1807 ostendit
1578 1748 1758 1807 veram

184 1803 426 1878 gratiam,
455 1804 521 1861 de
545 1821 647 1875 qua
676 1807 905 1878 qumsﬁtio
933 1814 1087 1878 erat,
1092 1804 1262 1878 videri
1289 1805 1523 1878 agnitam
1556 1818 1583 1856 a
1608 1803 1756 1878 Pela_-_

216 1884 281 1936 io.
313 1874 650 1946 Quamquam
694 1874 748 1931 in
782 1877 921 1931 libro
959 1876 1027 1931 de
1049 1876 1231 1931 Gratia
1258 1874 1455 1931 Christi
1495 1874 1763 1946 mendacii

222 1944 450 2019 elagium
488 1944 582 2019 aut
607 1946 1112 2019 suspectum‘lacit,
1145 1956 1239 2001 aut
1262 1948 1422 2001 etiam
1446 1944 1758 2019 convincit;

183 2022 250 2075 ait
277 2016 420 2091 enim
452 2018 604 2091 (Cap.
632 2020 686 2089 5)
706 2016 732 2071 ⁷;
765 2018 893 2073 Cum
920 2016 1163 2086 Pelagius
1193 2018 1568 2088 episcopalibus
1606 2018 1761 2091 gestis

183 2094 284 2146 sine
314 2090 427 2145 ulla
446 2090 766 2144 recusatione
794 2092 1111 2144 damnaverit
1137 2105 1219 2143 eos
1241 2091 1325 2157 qui
1348 2091 1522 2143 dicunt
1544 2090 1762 2157 gratiam

183 2162 274 2216 Dei
302 2173 349 2216 et
376 2163 695 2232 adjutorium
719 2172 954 2215 nostrum
985 2162 1053 2214 ad
1081 2162 1312 2231 singulos
1343 2173 1486 2214 actus
1512 2161 1650 2227 dari,
1673 2160 1763 2214 sed

183 2234 232 2286 in
254 2233 415 2288 libero
437 2232 651 2287 arbitrio
677 2250 805 2298 esse,
833 2233 911 2287 vel
941 2233 993 2287 in
1016 2233 1123 2303 lege
1152 2241 1300 2301 atque
1324 2232 1577 2297 doctrina,
1614 2238 1763 2298 puta-

185 2304 356 2358 bamus
386 2303 483 2357 Itac
520 2305 584 2356 de
618 2320 672 2359 re
711 2319 887 2357 omnes
924 2305 1360 2375 tergiuersationes
1391 2320 1494 2357 esse
1517 2318 1761 2375 consum-

181 2384 291 2446 ptas
317 2390 336 2429 :
360 2374 679 2429 damnaverit
702 2376 854 2429 etiam
884 2391 968 2430 eos
999 2372 1087 2443 qui
1117 2377 1299 2428 docent
1318 2375 1545 2446 gratiam
1572 2372 1665 2426 Dei
1686 2389 1764 2446 se-

183 2443 403 2500 cundum
430 2448 612 2501 merita
642 2456 817 2500 nostra
847 2446 1000 2513 dari;
1031 2456 1198 2499 tamen
1226 2446 1278 2497 in
1311 2443 1456 2499 libris
1492 2460 1623 2512 quos
1650 2444 1765 2497 edi-

181 2516 251 2569 dit
290 2533 386 2588 pro
426 2517 586 2571 libero
619 2517 852 2583 arbitrio,
884 2516 1015 2588 nihil
1045 2516 1189 2570 aliud
1228 2516 1415 2570 sentire
1452 2524 1765 2570 monstratur

181 2586 330 2658 quam
351 2588 406 2641 id
432 2589 571 2659 quod
597 2589 872 2642 damnasse
899 2586 1188 2654 uidebatur,
1217 2596 1304 2641 etc

688 2702 841 2756 Liber
870 2700 1266 2771 Deﬁnitionum.

250 2798 336 2853 Ad
365 2813 426 2853 ea
454 2812 572 2865 quae
605 2796 843 2851 diximus
878 2797 931 2851 in
965 2796 1436 2851 observationibus
1472 2796 1539 2851 ad
1568 2794 1765 2851 librum

180 2867 471 2939 Augustini
499 2869 565 2921 de
588 2866 934 2923 Perlectione
955 2868 1197 2939 iustitia),
1224 2868 1277 2923 id
1299 2867 1669 2939 adiungemus.
1692 2867 1767 2923 De

184 2938 287 2995 hoc
311 2940 559 2995 leeStii
604 2940 868 3008 opusculo
895 2939 1083 2993 scribit
1113 2938 1448 3007 Augustinus
1475 2939 1539 2992 ad
1574 2938 1768 2993 Eutro-

183 3011 326 3081 pium
375 3022 427 3066 et
471 3009 698 3065 Paulum
750 3010 1127 3077 HiSpaniarum
1170 3011 1474 3078 episcopos.
1528 3008 1766 3081 C_haritas

185 3079 350 3137 uestra
390 3082 561 3151 petivit
593 3090 648 3134 ut
679 3081 1091 3208 deginitionibus,
1124 3097 1239 3151 qua:
1274 3082 1516 3134 dicuntur
1548 3079 1767 3135 Caelestii

186 3170 311 3208 esse.
340 3152 700 3208 respondeam.
754 3154 821 3205 ‘ic
848 3154 983 3205 enim
1010 3162 1294 3208 praenotata
1314 3162 1389 3206 est
1417 3154 1592 3206 eadem
1614 3150 1767 3204 char-

186 3170 311 3214 esse.
340 3152 700 3224 respondeam.

190 3224 294 3279 tula
317 3220 472 3294 quam
501 3223 711 3277 dedistis
736 3239 753 3277 :
782 3220 1180 3288 DBFINITIONES,
1207 3239 1276 3280 ur
1305 3239 1546 3290 ntcrrmt,
1570 3220 1770 3278 (Ζωικ-

190 3309 308 3351 srn.
345 3296 476 3363 Quae
502 3295 806 3363 prtenotatio
835 3294 984 3366 credo
1003 3296 1141 3366 quod
1161 3312 1263 3349 non
1284 3296 1447 3357 illius,
1472 3294 1562 3348 sed
1590 3310 1770 3349 eorum

191 3368 253 3419 sit
271 3370 361 3437 qui
383 3366 479 3419 hoc
502 3366 784 3437 attulerunt
811 3368 872 3418 de
896 3364 1103 3433 Sicilia,
1135 3367 1222 3420 ubi
1248 3367 1510 3421 Caelestius
1536 3383 1637 3419 non
1660 3382 1771 3420 esse

194 3436 503 3506 perhibetur.
539 3436 623 3491 Ea;
638 3436 783 3491 illius
811 3438 918 3491 haec
939 3453 1046 3493 esse
1075 3440 1335 3498 doctrina.
1361 3438 1439 3492 rel
1460 3438 1613 3491 etiam
1638 3454 1768 3503 quo-

192 3510 427 3579 rumdam
465 3518 775 3571 sectatorum
814 3509 957 3574 eius,
992 3518 1040 3563 et
1074 3526 1167 3563 nos
1198 3525 1470 3579 possumus
1503 3508 1766 3567 arbitrari.

195 3577 327 3633 Nam
356 3596 521 3650 neque
551 3581 663 3635 istae
686 3579 856 3633 breves
882 3577 1228 3649 deﬁnitiones,
1259 3581 1334 3635 vel
1363 3580 1535 3650 potius
1561 3581 1770 3632 ratioci-

193 3652 443 3723 nationes,
470 3650 533 3723 ab
568 3651 714 3705 illius
752 3651 1025 3704 abhorrent
1060 3651 1288 3723 ingenio,
1324 3651 1463 3719 quod
1505 3651 1559 3704 in
1601 3650 1771 3723 Opere

193 3720 293 3777 alio
318 3722 562 3792 inspexi,
594 3725 743 3791 cujus
768 3737 883 3776 eum
918 3720 1423 3787 constat'auctorem,
1458 3731 1503 3775 et
1532 3738 1631 3775 non
1657 3722 1769 3790 {ru-

194 3802 291 3847 stra
313 3798 444 3848 istos
465 3793 651 3862 fratres
675 3794 762 3863 qui
791 3793 898 3846 htec
929 3792 1211 3847 attulerunt
1240 3795 1292 3847 in
1324 3793 1506 3848 Sicilia
1535 3794 1770 3847 existimo

196 3865 393 3919 audisse
419 3865 553 3933 quod
581 3864 693 3935 ipse
720 3865 947 3918 docuerit
972 3866 1088 3930 ista,
1119 3867 1194 3918 vel
1223 3865 1500 3933 scripserit.

260 3936 389 3991 Inde
426 3935 718 4006 innotescit
744 3950 906 4005 quam
937 3936 1284 4006 epigraphcm
1310 3936 1448 3991 liber
1480 3935 1766 3989 habuerit:

198 4008 330 4062 unde
357 4005 575 4061 venerit
604 4008 657 4060 in
686 4006 997 4075 llispanias,
1031 4005 1061 4060 a
1101 4007 1300 4076 quibus
1341 4009 1392 4060 in
1424 4006 1657 4060 Africam
1705 4006 1772 4060 ad

197 4077 554 4148 Augustinum
581 4078 801 4143 missus,
841 4092 942 4143 qua
973 4079 1185 4132 ratione
1212 4078 1281 4131 ab
1306 4076 1495 4148 eodem
1524 4078 1775 4148 Augusti-

199 4162 262 4201 no
283 4146 507 4218 agnitus
539 4162 660 4203 esse
685 4148 950 4215 leestii,
983 4160 1037 4204 et
1063 4164 1168 4218 qua
1202 4147 1457 4203 methodo
1486 4146 1772 4208 refutatus,

200 4219 364 4275 allatis
398 4219 609 4274 scilicet
649 4218 878 4289 singulis
918 4230 975 4272 ut
1016 4227 1175 4273 erant
1200 4219 1253 4273 in
1283 4218 1525 4272 chartula
1557 4218 1777 4272 ratioci-

202 4291 528 4356 nationibus,
555 4301 606 4345 et
633 4289 699 4344 ad
722 4290 962 4359 singulas
986 4289 1285 4359 subjunctis
1307 4290 1773 4355 responsionibus.

202 4363 588 4432 Argumentum
628 4362 977 4432 manifestum
1010 4370 1126 4421 est.
1157 4376 1277 4416 cum
1311 4370 1455 4415 totus
1485 4361 1555 4414 sit
1580 4360 1649 4415 de
1676 4360 1779 4415 im-

264 4433 495 4560 gcantia.
540 4431 806 4489 Dividitur
848 4443 956 4487 tres
994 4433 1048 4488 in
1090 4441 1304 4504 partes,
1349 4433 1554 4501 integer
1597 4432 1674 4487 sic
1715 4445 1778 4486 se

302 4516 375 4560 et.

237 4516 375 4561 abet.

207 4616 535 4690 Deﬁnitiones
550 4620 789 4688 Calestii,
803 4636 892 4674 seu
909 4618 1321 4674 ratiocinationes
1338 4618 1401 4673 de
1416 4618 1775 4689 impeccantia.

271 4735 408 4793 Ante
440 4736 620 4793 omnia
648 4734 1065 4803 interrogandus
1094 4742 1177 4790 est
1204 4734 1293 4805 qui
1320 4745 1479 4805 negat
1506 4734 1780 4791 hominem

208 4826 316 4884 sine
341 4838 566 4898 peccato
603 4842 727 4885 esse
762 4841 919 4895 posse
938 4868 953 4892 ,
983 4827 1109 4897 quid
1142 4827 1212 4881 sit
1243 4828 1623 4898 quodcumque
1652 4843 1780 4896 pec-

210 4929 376 4974 catum
407 4920 595 4990 :qttod
632 4919 796 4975 vitari
838 4927 1050 4989 potest,
1079 4933 1145 4973 an
1173 4918 1315 4988 quod
1344 4918 1501 4974 vitari
1540 4934 1649 4974 non
1681 4935 1783 4991 po-

212 5013 340 5069 test?
363 5014 419 5071 Si
449 5013 595 5085 quod
623 5014 782 5070 vitari
824 5028 931 5069 non
969 5021 1182 5083 potest,
1212 5022 1489 5083 peccatum
1527 5030 1633 5070 non
1664 5023 1780 5082 est;

212 5104 254 5160 si
280 5108 419 5176 quod
444 5108 602 5163 vitari
628 5117 828 5178 pOIest,
860 5113 1037 5174 potest
1058 5106 1223 5161 homo
1246 5109 1361 5162 sine
1393 5116 1616 5176 peccato
1636 5122 1781 5176 esse,

212 5199 346 5267 quod
372 5201 531 5256 vitari
561 5208 757 5270 potest.
782 5198 935 5253 Nulla
966 5197 1108 5254 enim
1140 5198 1302 5265 ratio,
1329 5197 1413 5253 vel
1436 5197 1648 5269 justitia
1681 5199 1788 5254 sal-

214 5296 312 5345 tem
334 5333 350 5361 ,
374 5294 580 5364 patitur
606 5292 713 5349 dici
742 5298 1019 5363 peceatum
1036 5330 1052 5357 ,
1085 5290 1229 5361 quod
1260 5290 1419 5346 vitari
1448 5291 1599 5347 nullo
1625 5292 1787 5350 modo

215 5394 408 5456 potest.

282 5479 484 5538 lterum
508 5480 858 5553 quaerendum
888 5488 971 5536 εει
998 5495 1011 5532 :
1056 5478 1341 5534 Peccatum
1372 5478 1691 5547 voluntatis,
1720 5494 1787 5536 an

217 5573 553 5631 necessitatis
584 5576 698 5631 est?
737 5572 795 5629 Si
833 5571 1179 5628 necessitatis
1208 5580 1324 5637 est,
1362 5579 1641 5641 peccatum
1683 5585 1789 5628 non

220 5674 329 5732 est;
361 5668 406 5722 si
436 5667 732 5725 voluntatis
762 5675 865 5732 est,
901 5665 1057 5720 vitari
1095 5671 1295 5733 potest.

287 5757 487 5816 Iterum
517 5761 868 5832 quaarendum
899 5767 1002 5825 est,
1036 5756 1164 5828 quid
1196 5758 1266 5812 sit
1293 5765 1594 5829 peccatum.
1622 5758 1789 5814 Natu-

501 5854 773 5912 ΡΑτιιοῐη
820 5846 1101 5914 XLVIII.

1854 470 1899 524 si
1939 477 2121 527 autem
2159 472 2416 527 accidens
2452 478 2566 538 est,
2596 480 2651 526 et
2676 460 2934 528 reced’iire
2963 480 3178 543 potest;
3201 481 3260 529 et
3295 474 3445 545 quod

1854 562 2111 619 recedere
2133 571 2335 634 potest,
2366 565 2524 621 vitari
2551 574 2731 636 potest
2756 580 2772 623 :
2798 574 2853 622 et
2880 566 3024 637 quod
3053 566 3211 622 vitari
3239 574 3444 638 potest,

1855 661 2037 739 potest
2065 653 2229 710 homo
2258 656 2377 712 sine
2399 670 2465 712 eo
2496 670 2639 713 esse.

1926 748 2126 805 lterum
2150 751 2501 821 quaerendum
2523 760 2635 809 est:
2653 750 2794 820 Quid
2812 760 2897 809 est
2915 752 3232 824 peccatum?
3251 756 3448 824 Actus,

1858 855 1923 896 an
1949 843 2080 899 res?
2102 842 2159 900 Si
2191 858 2282 900 res
2310 852 2423 909 est,
2449 859 2679 901 necesse
2716 853 2800 901 est
2828 853 2887 900 ut
2911 854 3190 900 auctorem
3219 844 3448 913 habeat;

1857 944 1911 991 et
1936 934 1983 991 si
2004 945 2282 992 auctorem
2310 937 2510 993 habere
2529 939 2749 1002 dicitur,
2768 938 2878 1008 jam
2901 938 3041 994 alter
3062 948 3260 1009 praeter
3279 938 3452 994 Deum

1858 1028 1936 1085 rei
1961 1028 2190 1100 alicujus
2219 1040 2411 1085 auctor
2451 1030 2632 1085 induci
2674 1030 2968 1087 videbitur.
3008 1036 3078 1087 At
3115 1033 3162 1088 si
3201 1032 3306 1088 hoc
3341 1031 3454 1089 dici

1860 1122 2084 1193 impium
2116 1133 2221 1191 est,
2254 1138 2479 1179 necesse
2505 1132 2893 1196 est-peccatum
2915 1140 3076 1181 omne
3096 1138 3280 1181 actum
3305 1139 3450 1194 esse,

1861 1230 1969 1271 non
1997 1231 2134 1271 rem.
2164 1215 2223 1272 Si
2254 1215 2419 1286 igitur
2448 1226 2602 1273 actus
2632 1225 2718 1272 est
2740 1257 2755 1283 ,
2788 1217 2955 1273 immo
2984 1217 3116 1289 quia
3140 1234 3274 1276 vere
3301 1230 3456 1276 actus

1860 1315 1965 1374 est,
1994 1306 2154 1361 vitari
2181 1314 2380 1376 p0test.
2700 1345 2721 1389 ι.

1932 1401 2133 1455 lterum
2160 1398 2514 1470 quaerendum
2538 1408 2625 1455 est
2642 1408 2896 1457 utrumne
2916 1401 3110 1459 debeat
3139 1402 3304 1458 homo
3338 1403 3459 1457 sine

1863 1503 2087 1563 peccato
2116 1510 2259 1552 esse.
2290 1494 2486 1551 Procul
2509 1494 2676 1550 dubio
2705 1496 2871 1551 debet
2900 1515 2912 1550 :
2941 1497 2986 1552 si
3019 1497 3205 1564 debet,
3237 1506 3457 1568 potest;

1864 1587 1909 1643 si
1935 1604 2043 1643 non
2072 1596 2289 1658 potest,
2322 1604 2453 1661 ergo
2476 1604 2579 1645 nec
2609 1589 2795 1645 debet.
2818 1588 2887 1644 Et
2908 1590 2953 1645 si
2974 1606 3081 1645 non
3104 1590 3266 1647 debet
3295 1592 3462 1648 homo

1866 1695 1987 1737 esse
2028 1682 2147 1738 sine
2184 1691 2441 1751 peccato,
2466 1682 2631 1739 debet
2658 1698 2788 1753 ergo
2814 1697 2935 1737 cum
2966 1693 3193 1753 peccato
3224 1699 3375 1751 esse,
3406 1692 3462 1741 et

1789 1770 1840 1831 B
1862 1773 1971 1843 jam
2013 1786 2293 1843 peccatum
2334 1789 2439 1829 non
2480 1775 2615 1840 erit,
2645 1776 2689 1829 si
2731 1774 2865 1829 illud
2901 1774 3091 1829 deberi
3127 1776 3459 1833 constiterit.

1866 1865 1974 1919 Aut
2002 1866 2046 1920 si
2070 1865 2172 1921 hoc
2198 1867 2359 1921 etiam
2388 1866 2493 1921 dici
2518 1866 2810 1922 absurdum
2835 1877 2938 1933 est,
2962 1868 3212 1923 conllteri
3237 1883 3463 1925 necesse

1865 1968 1950 2015 est
1986 1959 2187 2017 debere
2227 1961 2503 2017 hominem
2543 1962 2664 2017 sine
2704 1970 2927 2032 peccato
2965 1977 3126 2029 esse;
3156 1971 3215 2017 at
3246 1971 3465 2019 constat

1866 2067 1990 2108 eum
2023 2068 2132 2108 non
2163 2053 2307 2108 aliud
2335 2054 2538 2109 debere
2563 2069 2724 2125 quam
2751 2063 2952 2125 potest.

1941 2146 2139 2202 lterum
2181 2146 2531 2216 quaerendum
2573 2157 2657 2203 est
2696 2156 2878 2202 utrum
2910 2155 3243 2218 praeceptum
3271 2149 3343 2204 sit
3368 2149 3466 2206 ho-

1866 2237 1999 2293 mini
2045 2239 2163 2294 sine
2203 2247 2428 2308 peccato
2469 2241 2633 2296 esse?
2672 2242 2778 2295 Aut
2819 2239 2966 2295 enim
3006 2255 3116 2294 non
3158 2248 3365 2310 potest,
3410 2252 3468 2297 et
3531 2280 3538 2287 -

1867 2338 2199 2401 ρηεεεριυῐη
2232 2347 2338 2387 non
2365 2339 2483 2400 est;
2516 2341 2610 2387 aut
2630 2333 2754 2402 quia
2780 2342 3105 2402 praceptum
3129 2342 3233 2398 est,
3260 2341 3464 2402 potest.

1865 2417 1999 2475 Nam
2024 2438 2119 2476 cur
2143 2424 2534 2492 praeciperetur
2558 2423 2699 2493 quod
2724 2423 2841 2477 ﬁeri
2864 2423 3088 2478 omnino
3110 2438 3216 2478 non
3243 2426 3468 2493 posset?

1938 2513 2135 2569 Iterum
2185 2514 2536 2585 qumreudum
2576 2526 2661 2571 est
2686 2530 2755 2570 an
2807 2515 2939 2570 velit
2992 2515 3133 2571 Deus
3181 2516 3465 2572 hominem

1868 2612 1987 2666 sine
2018 2622 2240 2680 peccato
2270 2625 2411 2665 csse.
2440 2610 2635 2666 Procul
2654 2610 2815 2665 dubio
2840 2610 2974 2672 vult,
3000 2618 3056 2665 et
3084 2602 3271 2679 procul
3304 2610 3469 2665 dubio

1871 2710 2067 2771 potest.
2092 2701 2223 2769 Quis
2251 2702 2395 2756 enim
2415 2712 2521 2757 tam
2549 2702 2773 2757 demens
2800 2710 2885 2757 est
2914 2710 2971 2757 ut
2989 2703 3075 2757 vel
3103 2702 3311 2761 dubitet
3340 2704 3458 2758 ﬁeri

1868 2809 2031 2865 posse
2060 2794 2205 2863 quod
2232 2794 2399 2849 Deum
2432 2794 2573 2849 velle
2604 2808 2711 2847 non
2739 2793 2983 2848 dubitat?

1943 2885 2143 2942 Iterum
2169 2886 2515 2956 querendum
2548 2894 2633 2941 est
2670 2902 2683 2939 :
2717 2886 3001 2953 Quomodo
3031 2886 3145 2941 vult
3180 2887 3319 2942 Deus
3362 2887 3464 2941 ho-

1869 2980 2069 3034 minem
2100 2994 2223 3034 esse
2252 2994 2373 3032 cum
2420 2987 2663 3047 peccato,
2697 2993 2765 3031 an
2811 2978 2929 3033 sine
2971 2979 3228 3048 peccato?
3278 2979 3470 3035 Procul

1870 3070 2035 3125 dubio
2067 3084 2171 3125 non
2204 3070 2323 3123 vult
2354 3084 2474 3124 esse
2497 3084 2617 3124 cum
2658 3078 2901 3139 peccato.
2933 3069 3140 3137 Quanta
3169 3070 3311 3124 enim
3364 3071 3468 3123 im-

754 3154 821 3233 δῇ
848 3154 983 3205 enim
1010 3150 1294 3222 Ρναῖηοηιτα
1314 3162 1389 3206 εει
1417 3150 1768 3233 εαάεἯεῙιαν·
1794 3152 1845 3220 C
1875 3164 2045 3233 pietas
2075 3176 2137 3215 ac
2166 3160 2499 3231 blasphemia
2528 3161 2616 3225 sit,
2646 3160 2993 3230 cogitandum
3020 3170 3121 3225 est,
3164 3171 3221 3215 ut
3252 3162 3464 3215 dicatur

1876 3255 2148 3310 hominem
2206 3268 2365 3324 posse
2390 3268 2512 3309 esse
2541 3268 2661 3307 cum
2694 3260 2936 3323 peccato,
2989 3252 3133 3323 quod
3168 3252 3309 3308 Deus
3358 3268 3468 3308 non

1873 3350 2017 3415 vult;
2043 3356 2098 3402 et
2129 3356 2354 3419 negetur
2377 3361 2542 3417 posse
2570 3361 2692 3402 esse
2721 3348 2839 3401 sine
2863 3356 3108 3416 peccato,
3134 3346 3277 3416 quod
3327 3346 3469 3401 Deus

1872 3442 1987 3497 vult
2018 3460 2030 3495 :
2061 3442 2212 3511 quasi
2239 3440 2475 3510 aliquem
2506 3439 2574 3494 ad
2606 3438 2709 3493 hoc
2737 3438 2879 3493 Deus
2912 3439 3182 3493 creaverit
3208 3448 3267 3491 ut
3299 3437 3474 3507 possit

1872 3548 1995 3589 esse
2026 3534 2167 3603 quod
2197 3531 2351 3597 nolit,
2376 3540 2431 3587 et
2477 3547 2583 3587 non
2612 3532 2785 3601 possit
2812 3545 2934 3587 esse
2961 3534 3105 3601 quod
3147 3532 3299 3598 velit,
3332 3541 3387 3587 et
3414 3543 3474 3588 ut

1874 3636 2060 3681 contra
2089 3640 2240 3680 suam
2270 3624 2441 3696 magis
2464 3639 2625 3695 quam
2655 3632 2716 3679 ut
2741 3624 3039 3680 secundum
3068 3638 3220 3679 suam
3274 3626 3469 3680 existe-

1874 3727 1959 3774 ret
1985 3717 2345 3774 voluntatem.

1946 3813 2142 3869 lterum
2168 3813 2518 3883 quzerendum
2548 3822 2632 3867 est
2664 3829 2678 3866 :
2718 3814 2819 3868 Per
2843 3812 2971 3883 quid
3017 3813 3253 3869 efﬁcitur
3301 3815 3466 3867 homo

1874 3922 1995 3961 cum
2044 3914 2285 3975 peccato,
2318 3920 2415 3975 per
2446 3914 2650 3960 natum
2682 3903 3085 3969 necessitatem,
3110 3919 3176 3959 an
3201 3919 3296 3974 per
3326 3905 3473 3959 arbi-

1878 3999 1962 4054 trii
2013 3999 2349 4054 libertatem?
2397 3999 2453 4053 Si
2506 4013 2600 4067 per
2627 4006 2831 4052 natura:
2876 3997 3279 4065 necessitatem,
3310 3997 3470 4066 culpa

1877 4100 2052 4156 caret;
2082 4092 2127 4145 si
2158 4105 2254 4160 per
2283 4090 2492 4145 arbitrii
2537 4090 2861 4155 libertatem,
2912 4090 3262 4160 quaerendum
3309 4098 3393 4145 est
3440 4105 3472 4144 a

1878 4198 1986 4253 quo
2013 4184 2183 4251 ipsam
2212 4182 2418 4236 arbitrii
2445 4182 2748 4236 libertatem
2772 4181 3065 4248 acceperit.
3081 4181 3278 4236 Procul
3301 4180 3468 4237 dubio

1879 4290 1911 4330 a
1942 4275 2072 4330 Deo.
2102 4276 2241 4331 Deus
2271 4282 2450 4329 autem
2483 4274 2627 4344 quod
2668 4274 2839 4341 dedit,
2888 4284 3036 4330 certe
3090 4277 3291 4331 bonum
3349 4291 3471 4333 esse

1881 4367 2065 4436 negari
2088 4367 2309 4422 omnino
2339 4382 2444 4421 non
2469 4374 2667 4436 potest.
2700 4365 2816 4433 Qua
2847 4366 3009 4437 igitur
3030 4367 3243 4423 ratione
3270 4367 3472 4423 bonum

1882 4458 2160 4528 probatur,
2211 4460 2255 4513 si
2308 4459 2480 4529 magis
2505 4457 2573 4512 ad
2602 4458 2802 4512 malum
2830 4474 2988 4528 quam
3023 4460 3088 4514 ad
3118 4460 3315 4515 bonum
3349 4475 3476 4529 pro-

1806 4543 1864 4606 D
1891 4565 2015 4604 num
2038 4550 2161 4605 est?
2192 4549 2357 4619 Magis
2390 4556 2568 4604 autem
2601 4548 2668 4603 ad
2716 4550 2915 4603 malum
2957 4566 3115 4620 quam
3162 4552 3226 4605 ad
3277 4551 3476 4605 bonum

1889 4656 2117 4713 pronum
2144 4649 2247 4708 est,
2270 4641 2313 4694 si
2347 4640 2507 4695 homo
2535 4654 2628 4711 per
2653 4640 2782 4695 illud
2818 4650 2995 4710 potest
3035 4657 3157 4697 esse
3197 4656 3319 4697 cum
3352 4658 3480 4711 pec-

1888 4742 2028 4795 cato,
2061 4742 2114 4787 et
2144 4746 2248 4787 non
2281 4739 2458 4801 potest
2481 4746 2604 4786 esse
2630 4732 2747 4786 sine
2772 4741 3011 4801 peccato.

1964 4825 2020 4882 Si
2050 4825 2189 4881 Deus
2212 4825 2410 4879 bonum
2454 4824 2726 4880 hominem
2762 4826 2905 4886 fecit,
2939 4835 2993 4879 et
3022 4835 3379 4897 praeterquam
3410 4829 3475 4883 il-

1890 4918 2001 4973 lum
2033 4918 2228 4972 bonum
2260 4916 2405 4982 fecit,
2441 4917 2637 4971 bonum
2667 4918 2715 4972 ei
2743 4917 2963 4985 insuper
2986 4926 3043 4972 ut
3071 4918 3270 4974 laceret
3311 4920 3479 4990 impe-

1892 5014 2241 5082 ravitzquam
2266 5011 2512 5082 impium,
2528 5020 2589 5066 ut
2605 5012 2956 5067 conﬁteamur
2986 5012 3256 5069 hominem
3280 5016 3479 5070 malum

1889 5121 2033 5172 esse,
2063 5106 2204 5175 quod
2237 5120 2335 5162 nec
2372 5106 2542 5161 factus
2567 5113 2671 5171 est,
2695 5121 2797 5162 nec
2823 5108 2871 5162 ei
2906 5119 3237 5178 przeceptum
3268 5121 3351 5164 est
3378 5126 3395 5177 ;
3428 5122 3484 5165 et

1891 5214 2149 5269 negemus
2180 5215 2303 5255 eum
2334 5200 2533 5255 bonum
2561 5213 2720 5269 posse
2762 5214 2883 5255 esse
2913 5199 3053 5270 quod
3096 5200 3268 5257 factus
3294 5211 3398 5268 est,
3430 5214 3484 5258 et

1892 5293 2037 5365 quod
2062 5292 2115 5349 ei
2141 5302 2198 5348 ut
2220 5293 2421 5349 faceret
2446 5295 2765 5364 imperatum
2796 5302 2899 5348 est.

1966 5384 2163 5440 Iterum
2190 5384 2539 5455 quaerendum
2572 5392 2654 5441 est
2679 5404 2694 5440 :
2727 5384 2870 5453 Quot
2895 5384 3068 5440 modis
3094 5394 3306 5442 constat
3322 5402 3483 5443 omne

1897 5476 2213 5549 peccatum?
2243 5476 2483 5544 Duobus,
2535 5477 2639 5531 nisi
2688 5476 2864 5545 fallor,
2891 5476 2936 5531 si
2964 5487 3055 5531 aut
3092 5477 3179 5531 illa
3210 5478 3339 5534 tiant
3364 5494 3483 5548 quae

1898 5570 2272 5641 prohibentur,
2305 5578 2398 5625 aut
2445 5569 2533 5625 illa
2583 5585 2691 5625 non
2724 5570 2854 5625 ﬁant
2878 5585 2998 5639 quas
3042 5570 3316 5640 iubentur.
3350 5571 3482 5625 Tam

1901 5671 2050 5719 certe
2089 5662 2268 5718 omnia
2298 5662 2385 5717 i1la
2425 5677 2543 5733 quae
2585 5662 2851 5733 prohibita
2882 5671 3006 5718 sunt
3049 5663 3203 5719 vitari
3236 5673 3483 5734 possunt,

1900 5775 2060 5831 quam
2091 5775 2212 5833 quae
2242 5769 2512 5831 praecepta
2552 5768 2677 5816 sunt
2718 5761 2921 5830 perﬁci.
2970 5759 3103 5815 Nam
3150 5761 3342 5815 trusu'a
3398 5767 3491 5813 aut

2927 5853 3005 5913 20
