3882 6284
155 303 251 370 6Ἇ1

525 301 829 364 DISSERT.
862 302 953 362 VI.
987 301 1076 362 DE
1104 301 1413 362 SCRIPTIS
1440 300 1578 360 PRO
1609 297 1878 361 HIERESI
1910 299 2159 360 PELAG.
2191 296 2494 360 VIVENTE
2525 299 2580 359 S.
2616 299 3026 360 AUGUSTI-NO.

3321 311 3427 364 6'22

153 422 382 486 dandum
406 431 489 480 est
510 423 651 495 quod
674 423 748 480 ait
768 431 980 480 sanctus
996 421 1189 478 David:
1217 420 1384 494 Spera
1405 423 1458 476 in
1488 421 1730 490 Domino,
1759 422 1810 486 Α
1838 420 1926 489 qui
1955 418 2105 476 habet
2124 437 2261 492 spem
2284 419 2418 474 hanc
2443 420 2496 474 in
2524 422 2956 492 eum,sanctiﬁcat
2978 438 3054 496 se,
3078 423 3228 480 sicuti
3250 434 3298 480 et
3320 429 3431 497 ipse

153 530 199 576 et
224 523 304 591 fac
327 519 603 574 bonitatem
633 518 748 592 (Ps.
779 535 961 584 xxxvr,
992 517 1069 589 '5).
1102 517 1171 572 Et
1217 527 1436 572 sanctus
1478 516 1678 572 Tobias
1709 535 1724 573 :

157 615 277 671 Noli
305 617 498 684 timere,
532 615 648 686 ﬁli;
677 631 952 688 pauperem
973 615 1125 668 vitam
1152 615 1395 686 gerimus,
1425 611 1514 667 sed
1568 609 1730 666 multa

154 711 277 766 bona
303 707 599 766 habebimus
626 709 670 764 si
699 709 1016 764 timuerimus
1047 706 1234 768 Deum.
1284 717 1331 764 et
1373 703 1728 762 recesserimus

152 802 210 855 ab
235 801 372 854 omni
397 811 623 872 peccato,
651 811 698 855 et
721 802 990 872 fecerimus
1021 800 1152 854 bona
1175 799 1328 872 (Tob.
1360 816 1433 866 Iv,
1467 799 1579 870 25).

218 894 346 948 Item
371 893 558 948 dicunt
585 895 729 963 quod
760 893 1010 950 Salvator
1039 893 1109 949 ait
1143 909 1156 947 :
1190 892 1328 960 Quid
1350 908 1428 946 me
1452 891 1625 948 dicitis
1641 891 1728 948 lto-

152 987 306 1041 num.’
336 985 502 1041 Nemo
531 987 714 1054 bonus,
744 989 843 1042 nisi
863 989 1003 1042 solus
1049 987 1186 1042 Deus
1213 987 1365 1059 (Luc.
1415 1002 1565 1049 xvm,
1611 986 1725 1056 19).

151 1079 596 1147 Respondendnm
628 1079 769 1150 quod
801 1079 942 1135 idem
974 1079 1232 1135 Dominus
1253 1077 1377 1133 alibi
1410 1079 1522 1133 ait:
1551 1076 1727 1132 Bonus

149 1170 292 1226 homo
323 1172 387 1226 de
409 1171 539 1228 bona
560 1171 798 1238 thesauro
820 1173 989 1228 cordis
1015 1173 1098 1226 sui
1119 1175 1311 1244 profert
1341 1171 1471 1225 bona
1506 1170 1722 1242 (Matth.

147 1282 234 1333 xu,
263 1264 376 1340 35).
416 1267 482 1324 Et
511 1269 703 1323 iterum
730 1285 742 1320 :
776 1268 878 1336 Qui
905 1269 1065 1324 solem
1093 1285 1241 1324 suum
1269 1268 1396 1324 oriri
1423 1266 1549 1342 facit
1574 1283 1726 1339 super

146 1363 293 1414 bonos
323 1369 372 1414 et
405 1360 566 1414 malos
601 1357 767 1429 (Ibid.
793 1375 846 1426 ν,
871 1359 986 1430 45).
1018 1359 1086 1414 Et
1106 1360 1233 1416 alibi
1254 1360 1512 1428 scriptum
1541 1356 1725 1413 :Bona

143 1451 280 1512 bonis
316 1461 492 1510 creata
518 1460 636 1508 sunt
658 1453 720 1507 ab
748 1452 896 1507 initio
923 1452 1110 1523 (Eccli.
1143 1467 1326 1520 χχιιι,
1362 1453 1488 1521 50);
1519 1460 1573 1508 et
1620 1453 1724 1508 ite-

142 1562 253 1605 rum
281 1565 294 1601 :
323 1547 429 1615 Qui
460 1556 577 1602 sunt
604 1548 720 1604 boni
745 1556 894 1604 erunt
921 1545 1232 1606 habitatores
1255 1558 1406 1606 terra
1433 1546 1612 1619 (Prou.
1661 1563 1722 1615 11,

139 1638 250 1710 si).

204 1732 334 1788 Item
365 1733 550 1790 dicunt
582 1750 597 1790 :
631 1734 760 1801 Quis
788 1731 1095 1806 gloriabitur
1123 1745 1316 1791 castum
1348 1753 1400 1791 se
1425 1736 1610 1794 habere
1635 1749 1724 1789 cor

1835 521 2041 570 sanctus
2068 523 2141 570 cst
2166 513 2206 586 (Ι
2237 511 2395 570 .Ioan.
2431 530 2510 581 111,
2539 515 2575 574 2
2601 528 2644 570 et
2667 518 2746 585 5).

1905 606 2038 665 Item
2069 610 2286 665 dicunt:
2317 611 2439 668 Non
2467 611 2701 679 uolentis,
2728 630 2885 685 neque
2913 617 3186 682 currentis,
3213 619 3303 672 sed
3333 622 3432 675 mi-

1831 703 2049 755 serentis
2065 714 2140 757 est
2167 703 2262 758 Dei
2288 703 2462 777 (llam.
2494 721 2570 766 lx.
2603 706 2715 777 i6).
2750 707 2956 775 Quibus
2989 712 3430 781 respondendum

1830 801 1916 849 est
1943 793 2084 864 quod
2115 795 2252 849 idem
2289 798 2581 868 Apostolus
2613 797 2736 852 alibi
2777 798 2845 854 de
2865 802 3096 871 quodam
3129 803 3242 858 ait:
3273 806 3430 872 Quod

1828 884 1935 942 uult
1964 887 2121 957 faciat
2159 888 2201 959 (I
2231 887 2348 943 Cor.
2394 906 2489 956 vu,
2526 891 2638 962 56).
2685 891 2812 950 Item
2853 893 2921 948 ad
2960 894 3327 954 Philemonem
3360 901 3431 956 de

1830 978 2127 1036 Onesimo:
2168 980 2334 1047 Quem
2373 998 2465 1054 ego
2497 986 2763 1042 volueram
2791 989 2934 1059 apud
2970 1006 3049 1048 me
3075 991 3328 1058 detinere.
3372 1003 3430 1048 ut

1829 1090 1922 1143 pro
1954 1083 2000 1128 te
2021 1074 2147 1127 mihi
2171 1075 2517 1143 ministraret;
2547 1080 2638 1132 sed
2661 1081 2771 1135 sine
2791 1083 3006 1138 consilio
3027 1092 3114 1141 tuo
3138 1087 3271 1140 nihil
3289 1088 3431 1142 volui

1826 1170 2017 1242 facere,
2051 1177 2104 1224 ut
2143 1185 2243 1223 non
2275 1171 2422 1240 quasi
2451 1189 2516 1228 ea:
2545 1176 2840 1232 necessitate
2879 1176 3070 1234 bonum
3102 1190 3242 1236 tuum
3272 1192 3424 1250 esset,

1827 1261 1918 1313 sed
1938 1259 2281 1318 voluntarium
2313 1261 2564 1334 (Philem.
2601 1265 2667 1324 13
2697 1277 2742 1324 et
2776 1268 2884 1339 14).
2919 1270 3051 1326 Item
3085 1274 3136 1330 in
3166 1274 3430 1332 Dentero-

1829 1352 2014 1407 nomio
2039 1371 2052 1406 :
2093 1353 2264 1408 Vitam
2295 1364 2344 1409 et
2374 1367 2588 1412 mortem
2611 1359 2753 1413 dedit
2781 1371 2902 1417 ante
2927 1366 3113 1434 faciem
3143 1375 3306 1432 tuam,
3340 1368 3431 1423 bo-

1826 1459 1949 1496 num
1979 1453 2025 1498 et
2065 1446 2452 1522 malum;elige
2479 1451 2654 1514 vitam,
2688 1463 2743 1505 ut
2772 1453 2907 1508 rivos
2938 1455 3117 1526 (Deut.
3151 1475 3280 1526 xxx,
3314 1459 3424 1533 15).

1825 1531 1957 1592 Item
1986 1538 2124 1606 apud
2155 1537 2503 1596 Salomonem
2531 1561 2543 1596 :
2589 1541 2729 1598 Deus
2757 1550 2822 1602 ab
2853 1548 2998 1604 initio
3033 1555 3303 1608 constituit
3333 1531 3432 1610 ho—

1826 1627 2036 1695 minem,
2080 1639 2125 1683 et
2165 1630 2374 1700 reliquit
2411 1649 2528 1687 eum
2558 1635 2611 1688 in
2647 1652 2804 1690 manu
2839 1642 3044 1694 consilii
3073 1644 3196 1698 sui:
3237 1647 3431 1717 adjecit

1827 1718 1874 1772 ei
1903 1731 2158 1792 praecepta
2189 1733 2235 1777 et
2271 1724 2552 1796 mandata;
2595 1727 2642 1781 si
2669 1729 2825 1794 voles,
2869 1744 3124 1803 pracepta
3161 1738 3430 1796 servabunt

143 1823 319 1896 (Prov.
347 1841 403 1894 x,
429 1825 528 1895 9)?
570 1825 1024 1898 Respondendum
1066 1828 1208 1900 quod
1255 1829 1506 1886 Salvator
1545 1829 1620 1886 ait
1669 1815 2056 1888 111Β²θνειίη
2089 1825 2356 1887 posterum
2389 1817 2548 1889 ﬁdem
2575 1823 2824 1892 ρίαείιαηι
2853 1825 3043 1894 facere
3072 1826 3302 1902 Apposui
3339 1829 3430 1886 tibi

140 1916 467 1986 Evangelio:
500 1917 648 1973 Beati
675 1920 869 1976 mundo
921 1922 1095 1989 corde,
1141 1922 1385 1992 quoniam
1427 1923 1530 1991 ipsi
1561 1922 1724 1976 Deum

139 2010 376 2066 uidebunt
420 2009 636 2079 (Matth.
667 2028 724 2081 ν,
745 2013 810 2083 ,8)
838 2029 854 2080 ;
887 2024 937 2070 111
968 2014 1111 2085 quod
1141 2014 1309 2070 David
1350 2015 1484 2070 dicit
1535 2031 1549 2069 :
1599 2014 1726 2080 Quis

137 2101 370 2156 ascendet
424 2102 479 2156 in
533 2113 756 2157 montem
789 2103 1015 2172 Domini,
1061 2114 1150 2160 aut
1176 2107 1291 2176 quis
1328 2107 1481 2160 stabit
1510 2106 1566 2162 in
1611 2107 1724 2160 loco

137 2201 309 2248 sancto
365 2194 519 2268 ejus.’
548 2193 805 2252 Innocenti
845 2198 1082 2254 manibus
1102 2207 1151 2252 et
1183 2201 1373 2254 mundo
1412 2202 1563 2254 corde
1602 2197 1721 2270 (Ps.

140 2301 284 2349 mn,
317 2286 411 2353 3);
453 2297 508 2344 et
535 2288 662 2344 alibi
699 2307 710 2344 :
743 2287 989 2362 Benefac,
1025 2289 1263 2359 Domine,
1312 2292 1456 2348 bonis
1487 2303 1536 2348 et
1573 2293 1724 2348 rectis

139 2379 282 2432 corde
305 2379 425 2451 (Ps.
473 2395 664 2445 cxxtv,
695 2380 787 2451 4);
813 2384 939 2438 item
980 2384 1120 2452 apud
1162 2385 1507 2442 Salomonem
1536 2405 1548 2440 :
1578 2386 1726 2442 Bona

135 2478 206 2524 est
231 2471 522 2528 substantia
551 2474 636 2530 cui
657 2484 922 2544 peccatum
943 2493 1044 2530 non
1070 2487 1144 2532 est
1177 2479 1230 2530 in
1267 2481 1573 2534 conscientia
1599 2479 1728 2550 (Ec-

135 2565 219 2620 cli.
253 2581 374 2628 xm,
399 2568 520 2637 50);
563 2569 690 2626 item
729 2570 837 2624 illic
867 2587 880 2624 :
908 2571 1089 2626 Averte
1116 2581 1164 2626 te
1204 2588 1236 2628 a
1266 2572 1458 2626 delicto
1487 2583 1533 2626 et
1563 2575 1725 2643 dirige

137 2673 341 2720 manus,
376 2669 423 2713 et
473 2663 535 2714 ab
581 2662 721 2716 omni
773 2662 958 2717 delicto
1008 2665 1202 2722 munda
1232 2681 1320 2720 cor
1357 2673 1502 2722 tuum
1557 2665 1722 2737 (Ibid.

132 2752 493 2823 summo);
524 2753 652 2810 item
681 2755 735 2810 in
761 2755 999 2822 Epistola
1023 2755 1279 2814 Joannis:
1303 2757 1364 2814 Si
1384 2775 1473 2814 cor
1492 2771 1726 2816 nostrum

133 2860 219 2897 nos
253 2861 363 2898 non
392 2845 747 2914 reprehendat,
782 2847 1029 2918 ﬁduciam
1053 2848 1300 2908 habemus
1342 2851 1410 2910 ad
1440 2849 1629 2919 Deum,
1679 2861 1726 2908 et

134 2952 462 3007 quacumque
489 2940 802 3009 petierimus,
835 2942 1149 3012 accipiemus
1193 2943 1256 2998 ab
1285 2959 1344 3000 eo
1371 2943 1416 3016 (Ι
1447 2941 1604 3002 Joan.
1643 2959 1720 3014 111,

134 3030 199 3086 29
224 3040 275 3084 et
304 3029 421 3100 2'2).

200 3124 338 3184 Item
367 3123 551 3180 dicere
577 3125 754 3182 solent
782 3144 796 3180 :
828 3126 963 3194 Quia
992 3144 1095 3184 non
1123 3138 1196 3186 est
1251 3129 1405 3188 homo
1449 3132 1626 3199 justus
1667 3132 1722 3190 in

1825 1923 2019 1978 aquam
2043 1917 2092 1964 et
2121 1911 2308 1980 ignem,
2333 1911 2402 1964 ad
2421 1913 2635 1981 quodvis
2657 1914 2863 1986 porrige
2886 1933 3092 1971 manum
3113 1929 3273 1973 tuam.
3298 1921 3430 1977 Ante

1827 1998 2086 2054 hominem
2122 2001 2312 2056 bonum
2336 2012 2386 2058 et
2415 2006 2628 2073 malum,
2662 2006 2769 2062 vita
2793 2016 2843 2062 et
2874 2024 3032 2073 mors,
3069 2023 3344 2082 paupertas
3381 2023 3430 2067 et

1827 2092 2070 2150 honestas
2099 2112 2132 2150 11
2160 2096 2385 2152 Domino
2417 2097 2527 2152 Deo
2555 2109 2675 2154 sunt
2701 2097 2870 2171 (Eccl.
2905 2116 2996 2168 xv,
3029 2102 3141 2173 14).

1898 2187 2032 2244 Item
2073 2190 2212 2260 apud
2249 2191 2441 2246 Isaiam
2474 2210 2487 2246 :
2537 2191 2601 2246 Et
2631 2195 2677 2247 si
2716 2193 2999 2259 volueritis,
3048 2206 3095 2252 et
3137 2199 3424 2267 audieritis,

1827 2294 1941 2348 quae
1963 2279 2096 2335 bona
2119 2293 2239 2336 sunt
2257 2293 2430 2350 terrae,
2455 2285 2862 2353 manducabitis;
2883 2287 2927 2342 si
2948 2297 3119 2343 autem
3138 2290 3425 2356 nolueritis,

1827 2388 1920 2427 nec
1945 2373 2273 2431 obaudieritis
2303 2393 2401 2443 me,
2430 2378 2638 2446 gladius
2664 2394 2752 2434 uos
2779 2383 3025 2440 comedet.
3055 2382 3126 2440 Os
3158 2386 3293 2440 enim
3319 2385 3430 2441 Do-

1827 2467 1956 2520 mini
1983 2467 2213 2523 locutum
2243 2479 2316 2525 est
2349 2469 2506 2542 (Isal.
2531 2488 2569 2537 1,
2607 2473 2717 2543 19).

1900 2557 1980 2618 Ad
2006 2572 2328 2628 extremum,
2354 2563 2397 2617 si
2426 2563 2545 2632 quis
2569 2563 2768 2620 dixerit
2795 2583 2806 2619 :
2833 2563 3015 2624 Potest
3040 2568 3156 2624 ﬁeri
3180 2578 3238 2624 ut
3267 2570 3429 2626 homo

1828 2652 1914 2707 vel
1954 2655 2123 2710 verbo
2143 2672 2250 2710 non
2297 2657 2519 2725 peccet?
2561 2656 3013 2726 Respondendnm
3055 2671 3174 2718 est:
3227 2664 3284 2721 Si
3314 2667 3430 2722 vult

1830 2747 1994 2814 Deus,
2029 2759 2236 2819 potest;
2268 2751 2383 2805 vult
2412 2754 2554 2808 enim
2589 2753 2752 2816 Deus,
2784 2770 2913 2825 ergo
2945 2765 3139 2825 potest.

1902 2841 2032 2896 Item
2063 2843 2107 2898 si
2134 2846 2255 2915 quis
2280 2845 2515 2901 dixerit:
2548 2845 2684 2901 Fieri
2717 2858 2894 2917 potest
2935 2861 2990 2904 ut
3029 2851 3191 2907 homo
3233 2853 3285 2908 in
3338 2868 3430 2910 co-

1829 2933 2087 3004 gitatione
2112 2952 2218 2992 non
2252 2936 2562 3009 delinquat?
2592 2938 3046 3012 Respondendnm
3073 2955 3194 3000 est:
3228 2946 3282 3004 Si
3313 2948 3430 3003 vult

1827 3025 1993 3096 Deus,
2025 3037 2233 3099 potest;
2258 3031 2372 3088 vult
2395 3033 2536 3092 enim
2565 3033 2728 3104 Deus,
2751 3050 2880 3106 ergo
2905 3046 3099 3106 potest.

1952 3121 2184 3178 Libellus
2216 3125 2342 3191 ﬁdei
2367 3123 2569 3181 oblatus
2595 3125 2803 3184 Zosimo
2831 3145 3030 3184 summo
3055 3132 3308 3202 pontiﬁci.

139 3229 264 3272 terra
310 3219 400 3287 qui
445 3218 600 3290 faciat
621 3219 807 3274 bonum
832 3231 1005 3276 etnon
1037 3229 1204 3290 peccet
1247 3222 1434 3294 (Eccli.
1463 3239 1556 3288 vn,
1601 3225 1716 3295 ‘21).
1743 3200 1796 3270 δ
1849 3211 1974 3295 “De
2012 3213 2122 3295 1³³9
2165 3215 2510 3295 οοπιίθδδδοὲιθ
2549 3215 2792 3295 Cale?!“
2839 3200 3167 3295 ἀίειωηλθβί
3205 3200 3429 3279 (abunde

139 3310 589 3378 Respondendum
633 3317 761 3385 quia
810 3315 1069 3372 Dominus
1109 3317 1176 3374 de
1216 3328 1406 3374 sancto
1451 3319 1554 3376 Job
1597 3320 1721 3376 ait:

143 3403 404 3476 Numquid
433 3407 772 3464 considerasti
801 3427 998 3466 seruum
1029 3429 1198 3468 meum
1236 3413 1376 3470 Job?
1420 3414 1540 3470 Non
1588 3416 1725 3472 enim

144 3508 206 3552 est
233 3501 279 3553 ei
304 3499 490 3555 similis
515 3502 786 3573 quisquam
813 3507 865 3562 in
895 3506 1043 3560 terris
1074 3507 1225 3560 homo
1254 3507 1363 3566 sine
1383 3509 1607 3576 querela,
1641 3524 1726 3564 us-

144 3605 222 3644 rus
241 3587 339 3645 Dei
364 3590 554 3661 cultor,
585 3594 845 3650 abstinens
873 3611 928 3651 se
954 3597 1016 3650 ab
1057 3598 1194 3658 omni
1235 3614 1385 3667 opere
1415 3599 1549 3654 malo
1601 3597 1723 3669 (Job

146 3695 180 3747 1,
199 3681 272 3752 8).

207 3775 335 3831 Item
368 3777 555 3834 dicunt
585 3797 599 3834 :
627 3779 760 3846 Quia
786 3798 886 3836 non
920 3784 1298 3855 justiﬁcabitur
1347 3786 1398 3842 in
1449 3795 1724 3858 conspectu

148 3875 224 3920 tuo
248 3870 416 3924 omnis
436 3871 606 3926 vivens
655 3871 774 3943 (Ps.
807 3889 978 3940 cun,
1010 3876 1094 3948 2).
1127 3878 1332 3944 Quibus
1383 3881 1722 3949 responden-

149 3957 258 4014 dum
285 3972 371 4017 est
395 3965 534 4032 quod
559 3965 624 4020 de
642 3977 834 4021 sancto
855 3968 1110 4024 Zacharia
1134 3972 1470 4041 Evangelista
1495 3984 1723 4032 testatur

148 4051 317 4109 dicens
344 4073 358 4110 :
382 4053 550 4111 Erant
569 4069 738 4114 autem
767 4058 1050 4118 Zacharias
1071 4071 1120 4120 et
1148 4063 1408 4120 Elisabeth
1434 4083 1562 4120 uxor
1585 4070 1720 4138 ejus,

143 4145 258 4214 justi
281 4148 433 4200 ambo
459 4149 510 4202 in
539 4161 813 4222 conspectu
832 4151 1067 4223 Domini,
1096 4157 1218 4210 etin
1246 4156 1484 4214 omnibus
1505 4157 1725 4214 manda-

151 4237 206 4290 tis
225 4239 528 4303 incedentes.
557 4252 606 4297 et
623 4246 1088 4314 justiﬁcatiOnibus
1135 4247 1347 4306 Domini
1383 4251 1492 4306 sine
1519 4251 1725 4318 querela

152 4327 286 4398 (Luc.
318 4348 362 4397 1,
389 4334 466 4402 6).
499 4335 567 4390 Ε1
594 4335 781 4394 beatus
810 4340 1106 4407 Apostolus
1128 4343 1202 4394 ait
1229 4359 1240 4396 :
1279 4341 1346 4396 Ut
1376 4343 1536 4397 simus
1560 4343 1727 4397 sancti

153 4431 192 4474 et
214 4424 528 4481 immaculati
554 4427 608 4482 in
639 4438 911 4500 conspectu
937 4435 1046 4504 ejus
1073 4433 1286 4504 (Ep/tes.
1311 4450 1348 4500 I,
1373 4434 1449 4505 4).

211 4513 337 4575 Item
370 4517 555 4574 dicunt
581 4537 596 4574 :
624 4521 683 4576 Si
711 4523 994 4580 dixerimus
1011 4526 1131 4590 quia
1160 4537 1416 4594 peccatum
1441 4545 1545 4584 non
1569 4528 1726 4585 habe-

153 4623 270 4674 mus,
294 4611 393 4682 ipsi
414 4629 505 4668 nos
531 4615 846 4683 seducimus,
877 4628 926 4673 et
951 4621 1135 4675 ueritas
1178 4621 1230 4675 in
1276 4621 1420 4678 nobis
1448 4639 1547 4677 non
1579 4634 1653 4679 est
1680 4624 1724 4695 (Ι

150 4698 850 4778 Joan.v).Respondendum
875 4715 1120 4782 estquod
1151 4714 1287 4771 idem
1310 4727 1534 4774 sanctus
1566 4718 1722 4774 Joan-

154 4810 236 4852 nes
261 4799 308 4853 iu
339 4801 530 4862 eadem
562 4802 795 4872 Epistula
817 4804 988 4862 dicit:
1016 4806 1133 4861 Hoc
1161 4818 1331 4863 autem
1352 4811 1489 4876 dico,
1512 4814 1720 4882 fratres,

151 4896 308 4946 utnon
337 4897 573 4960 peccetis.
609 4896 791 4952 Omnis
812 4899 898 4967 qui
928 4908 1078 4954 natus
1108 4911 1184 4956 est
1212 4919 1276 4958 ea:
1303 4902 1430 4970 Deo,
1456 4914 1722 4974 peccatum

153 4995 241 5035 non
262 4987 400 5052 facit,
423 4988 546 5051 quia
565 5005 734 5042 semen
765 4991 926 5061 ipsius
955 4992 1005 5046 in
1034 5010 1095 5048 eo
1124 5005 1312 5061 manet,
1346 5005 1391 5051 et
1428 5014 1530 5052 non
1559 5007 1722 5066 potest

153 5089 338 5139 peccare
371 5077 594 5149 (lloan.
627 5097 708 5143 111,
737 5083 792 5150 9)
819 5100 834 5147 ;
859 5084 984 5144 item
1015 5085 1130 5140 illic
1158 5101 1173 5140 :
1203 5086 1304 5151 Qui
1343 5098 1495 5144 natus
1544 5101 1616 5144 est
1657 5107 1722 5145 ex

152 5162 265 5232 Dea,
291 5187 388 5226 non
418 5183 612 5238 peccat.
636 5179 758 5242 quia
785 5178 1045 5246 generatio
1077 5177 1176 5232 Dei
1205 5193 1467 5236 conservat
1491 5199 1629 5250 eum,
1672 5192 1721 5237 et

149 5260 385 5333 malignus
404 5281 507 5320 non
533 5275 708 5338 tanget
731 5285 847 5324 eum
869 5268 1038 5338 (Ibid.
1070 5286 1127 5334 ν,
1160 5271 1280 5342 18);
1313 5273 1440 5332 item
1471 5275 1601 5342 illic,
1630 5277 1719 5331 ubi

150 5347 211 5405 de
234 5351 506 5414 Salvatore
530 5360 632 5414 ait:
653 5359 909 5424 Quoniam
941 5362 1028 5420 ille
1057 5365 1298 5434 apparuit
1321 5376 1374 5422 ut
1397 5377 1603 5436 peccata
1621 5367 1721 5424 tol-

153 5440 278 5500 leret.
323 5448 503 5506 Omnis
527 5454 616 5521 qui
661 5454 714 5508 in
741 5471 800 5510 eo
828 5465 998 5512 manet
1025 5473 1125 5510 non
1171 5469 1367 5527 peccat.
1406 5461 1586 5518 Omnis
1629 5463 1719 5532 qui

155 5549 307 5600 peccat
350 5559 453 5598 non
495 5545 780 5613 uiditeum,
834 5564 924 5604 nec
975 5551 1206 5620 cognouit
1234 5568 1370 5608 eum.
1406 5555 1534 5610 Item
1565 5555 1717 5610 illic:

151 5625 464 5706 Christiani,
489 5655 629 5698 nunc
655 5640 753 5710 ﬁlii
783 5640 880 5697 Dei
918 5660 1116 5710 sumus.
1150 5656 1196 5700 et
1227 5649 1455 5706 nondum
1481 5651 1722 5722 apparuit

151 5723 273 5786 quod
299 5729 506 5790 erimus.
538 5729 744 5794 Scimus
770 5737 1008 5804 quoniam
1030 5755 1142 5792 cum
1171 5743 1498 5809 apparuerit,
1533 5745 1721 5800 similes

153 5811 193 5867 οἱ
220 5818 416 5892 erimus,
443 5825 684 5893 quoniam
705 5827 986 5886 uidebimus
1012 5847 1127 5886 eum
1153 5834 1302 5889 sicuti
1329 5847 1440 5900 est;
1471 5846 1517 5892 et
1558 5839 1720 5894 omnis

1828 3282 2209 3340 dissertatione
2242 3286 2604 3355 praecedente,
2648 3289 2954 3345 addendum
2996 3291 3131 3347 nihil
3170 3296 3424 3351 occurrit.

2191 3418 2432 3493 Epistola
2452 3424 2523 3480 ad
2544 3423 2755 3482 clericos
2782 3423 3061 3486 Romanos.

1899 3533 2114 3588 Dictum
2144 3549 2356 3606 quoque
2385 3536 2453 3592 de
2483 3537 2598 3607 ipsa
2629 3539 2826 3595 ibidem
2853 3542 3002 3597 satis.

2449 3677 2674 3736 CAPUT
2706 3680 2794 3737 IV.

1963 3763 2093 3830 Qum
2120 3768 2381 3834 scripserit
2402 3766 2646 3824 Julianus
2678 3772 2979 3828 Eclunensis
2995 3777 3281 3850 episcopus.

1899 3855 1976 3912 De
2002 3857 2152 3940 libris
2173 3857 2372 3940 Iuliani
2405 3860 2473 3940 ita
2493 3861 2828 3940 Gennadius.
2847 3863 3097 3940 Iulianus
3129 3872 3417 3940 episcOpus,

1825 3927 1903 4003 uir
1922 3929 2056 4003 acris
2085 3930 2294 3997 ingenii,
2326 3932 2591 4003 in‘divinis
2620 3935 2905 4003 Scripluris
2936 3939 3138 3999 doctus,
3158 3927 3345 3998 'Gra’ca

1827 3996 2012 4075 Latina
2038 3996 2215 4069 lingua
2257 3999 2616 4075 scholasticus,
2651 3996 2946 4075 priusquam
2980 3996 3288 4072 impieta.'ent
3321 3996 3422 4068 Pe-

1827 4069 1953 4135 lagii
1979 4069 2032 4121 in
2062 4087 2115 4122 se
2134 4071 2382 4150 aperiret,
2409 4071 2581 4150 clarus
2692 4069 2982 4150 doctoribus
3013 4069 3256 4134 Ecclesia?
3283 4087 3422 4150 fuit:

1827 4148 1998 4210 postea
2037 4157 2148 4192 vero
2187 4142 2416 4218 haeresim
2460 4142 2661 4218 Pelagii
2697 4147 2972 4213 defendere
3016 4152 3170 4211 visus,
3215 4142 3422 4218 scripsit

1827 4211 2097 4262 adversum
2116 4213 2455 4292 Augustinum
2475 4211 2886 4292 impugnatorem
2908 4220 3069 4292 illius,
3107 4221 3263 4275 libros
3295 4211 3422 4292 qua-

1829 4290 1966 4340 tuor,
1996 4289 2042 4333 et
2073 4284 2255 4335 iterum
2277 4283 2432 4336 libros
2459 4292 2590 4338 octo.
2624 4283 2714 4340 Est
2737 4289 2890 4344 etiam
2921 4289 3046 4344 liber
3067 4283 3421 4350 altercationis

1827 4365 2092 4423 aureorum
2123 4362 2300 4418 partes
2325 4370 2446 4406 suas
2473 4355 2874 4423 defendentium.

1900 4421 1957 4502 In
2004 4437 2069 4503 eo
2108 4421 2907 4503 lacileOassentiogr_Gennatlio.
2955 4437 3096 4503 quod
3144 4435 3417 4494 Juliannm

1830 4492 1958 4546 dicit
1983 4494 2157 4574 virum
2181 4493 2321 4578 aeris
2348 4497 2647 4578 ingenii,_in
2673 4501 2840 4556 saeris
2863 4492 3154 4573 Scriptnris
3176 4492 3415 4578 doctum,

1830 4572 1887 4620 et
1929 4567 2205 4634 utriusque
2239 4565 2432 4632 linguas
2476 4574 2705 4637 peritum
2737 4589 2748 4626 :
2791 4588 2912 4628 nam
2951 4565 3298 4636 acrimoniam
3335 4565 3419 4635 111-ἶ

1831 4637 2202 4712 genjiopera,
2248 4639 2493 4712 peritiam
2532 4643 2810 4711 utriusque
2852 4645 3044 4712 lingnze
3083 4652 3262 4706 vcrsio
3293 4652 3418 4706 ﬁdei

1833 4705 2010 4786 Ruﬁni
2051 4709 2200 4786 Syri,
2230 4719 2284 4762 et
2327 4710 2452 4786 alia,
2488 4705 2781 4770 tractandae
2822 4705 3135 4786 Scriptum,
3175 4731 3267 4775 aut
3310 4705 3419 4776 tor-

1832 4777 2059 4851 quendgc
2093 4778 2270 4848 potius
2313 4781 2417 4834 vim
2457 4796 2594 4848 Opus
2633 4777 2961 4851 postremum
3009 4777 3266 4845 ostendit.
3300 4792 3418 4846 Non

1833 4849 2059 4928 perinde
2104 4851 2596 4928 assentiorincti,
2633 4849 2773 4928 quod
2808 4858 3112 4928 subiungit,
3147 4861 3417 4916 lulianum

1831 4920 2034 4975 clarum
2063 4925 2345 4975 exstitisse
2377 4922 2430 4980 in
2462 4920 2772 4982 doctoribus
2804 4920 3078 4992 Ecclesia},
3098 4920 3146 4988 ἐἰ
3176 4933 3417 4988 doctoris

1831 4992 2048 5069 nptnlne
2087 4995 2408 5069 scriptorem
2448 4995 2730 5069 intelligat.
2776 4997 2905 5069 Nam
2935 5016 3038 5069 qua
3085 5003 3291 5058 ratione
3338 5005 3419 5059 lu-

1829 5063 2034 5134 gissent
2072 5064 2203 5117 clari
2246 5066 2524 5132 scriptoris
2577 5081 2738 5134 opera
2782 5063 3109 5132 diligi-iniam
3166 5089 3228 5130 ac
3277 5092 3417 5134 pene

1829 5092 2034 5130 διοδῠιιι
2072 5092 2203 5117 cui”
2246 5092 2523 5132 al'rtpturls
2577 5092 2738 5134 ειμι-71⁷11
2782 5092 3109 5132 umgvnuam
3166 5092 3228 5130 213
3316 5092 3416 5130 l’lle

1828 5133 2381 5212 cur_iositatem.__sive
2413 5136 2714 5212 Augustini,
2752 5139 2867 5200 sive
2894 5141 3238 5202 Mercatoris‘l
3263 5092 3416 5212 600d

1829 5205 1873 5284 ei
1904 5206 2182 5284 doctorem
2211 5206 2371 5284 dicat,
2405 5224 2554 5284 11111111
2584 5209 2726 5264 illius
2755 5214 2957 5275 sn-culi,
2987 5230 3106 5274 etim
3133 5215 3221 5283 qni
3247 5205 3416 5284 p7..."-

1829 5274 1937 5331 lum
1962 5275 2014 5332 in
2042 5277 2276 5353 Ecclesia
2301 5278 2682 5353 docebat,_non
2717 5274 3024 5349 repugnabo
3041 5274 3410 5353 vehementer,

1828 5360 1952 5429 cum
1997 5347 2247 5402 nonnulla
2290 5352 2396 5404 sint
2431 5348 2570 5429 apud
2619 5347 2974 5429 Augustinus)
3030 5357 3251 5429 vestigia
3293 5347 3415 5429 quae

1830 5417 1882 5472 111
1933 5419 2070 5473 hanc
2097 5427 2416 5476 sententiam
2448 5423 2665 5478 ducant.
2702 5423 2774 5475 De
2817 5424 2968 5480 libris
3011 5417 3266 5484 adversus
3307 5417 3415 5484 λιι-
3446 5465 3451 5488 1

1825 5490 2288 5566 gnstinumutento
2315 5491 2566 5566 dissentit
2601 5494 2901 5561 Gennadio,
2942 5497 3039 5552 nisi
3073 5501 3212 5566 quod
3250 5501 3415 5558 alter—

1825 5560 1984 5636 catio
2013 5561 2294 5636 amborum
2347 5563 2416 5616 ab
2458 5577 2622 5636 opere
2671 5560 2950 5632 posrrenm
2992 5560 3250 5636 distingui
3309 5589 3416 5628 non

1827 5630 2032 5696 debuit,
2067 5632 2110 5686 si
2138 5632 2296 5697 forte,
2339 5634 2479 5701 quod
2499 5630 2721 5704 opinor,
2757 5637 2993 5698 indicare
3025 5656 3130 5696 non
3163 5630 3412 5704 voluerit.

1825 5715 1960 5782 onus
1993 5712 2344 5782 postremum2
2380 5705 2490 5782 suis
2525 5707 2875 5782 temporibus,
2914 5710 3200 5782 aliquando
3233 5730 3326 5782 per
3355 5731 3415 5769 se

1825 5773 2002 5857 solum
2037 5774 2283 5857 Ihabitnin
2313 5776 2490 5857 fuisse
2517 5817 2530 5840 ,
2573 5777 2866 5857 aliquando
2903 5773 3203 5851 subiunctis
3234 5773 3411 5857 λυθη-

1827 5843 1952 5898 stini
1985 5844 2049 5898 ad
2080 5846 2279 5915 aliquot
2313 5847 2478 5905 libros
2508 5843 2971 5919 respo'usionibus.
