3964 6280
489 344 596 401 615

955 341 1049 403 AD
1077 338 1367 401 PARTEM
1396 336 1661 397 PRIMAM
1690 334 1972 396 OPERUM
2003 338 2072 394 Μ.
2106 339 2548 401 MERCATORIS
2580 340 2929 401 APPENDIX
2959 340 3183 403 SECUN
3196 341 3303 401 DA.

3672 345 3797 404 θαι

529 463 712 534 Ruﬁni
740 463 1017 536 presbyteri
1043 461 1339 536 Palestina:
1360 459 1636 536 prouincia
1661 458 1787 512 liber
1808 457 1872 512 de
1894 456 2050 522 Fide,
2113 461 2166 521 Α
2193 471 2416 516 currunt
2437 460 2692 536 inlibris,
2717 477 2853 534 quos
2879 477 3042 536 nemo
3063 478 3168 519 non
3193 463 3330 520 solet
3350 470 3552 530 terere;
3577 463 3794 536 partim

667 531 947 590 translatus
971 535 1034 590 de
1061 532 1241 590 Gra'eo
1266 533 1318 584 in
1346 531 1589 585 Latinum
1611 546 1912 584 sermonem.

473 579 482 608 l

468 629 480 666 ι’
563 627 832 685 lulianum
864 626 1026 698 hujus
1051 625 1177 682 libri
1199 639 1321 682 esse
1350 623 2108 698 interpretem,ostendimus

486 711 602 759 non
626 699 854 755 obscure
875 695 1259 754 dissertatione
1285 695 1492 764 quinta,
1533 696 1871 751 ostendimus
1895 704 1951 750 et
1975 709 2084 766 quo

489 770 625 835 ﬁne,
654 785 828 840 quove
850 778 1097 837 tempore
1127 768 1178 822 id
1219 776 1388 840 totum
1425 782 1613 840 operae
1656 767 1950 840 praestitum
1988 767 2078 840 sit.

493 837 871 898 Consu'lendns
891 840 1062 907 locus,
1095 838 1364 908 simulque
1388 837 1806 900 observandum,
1834 854 1942 892 non
1964 838 2082 894 sine

489 927 655 969 causa
695 911 1028 969 Genuadium
1058 909 1344 978 scripsisse
1381 910 1543 963 verba
1577 909 1728 963 haec:
1771 908 2083 978 Priusquam

489 984 724 1040 heresim
765 980 966 1051 Pelagii
1001 983 1058 1035 in
1083 997 1136 1036 se
1164 982 1405 1052 aperiret.
1441 979 1696 1035 Iudicavit
1724 983 1867 1036 enim
1908 979 2081 1036 Julia-

488 1070 642 1121 num,
678 1061 964 1124 antequam
1006 1051 1232 1106 haeresis
1268 1051 1467 1124 Pelagii
1519 1051 1693 1124 palam
1737 1053 2079 1124 proderetur,

487 1140 607 1181 eam
639 1126 692 1180 in
722 1122 830 1178 alio
858 1124 1153 1193 aperuisse.
1182 1124 1235 1176 in
1267 1122 1460 1178 Rufino
1487 1123 1717 1189 scilicet,
1757 1122 1909 1192 cujus
1946 1137 2075 1177 con-

483 1195 777 1251 fessionem
820 1194 1026 1249 Latinis
1076 1193 1355 1263 legendam
1401 1193 1741 1261 praebuisset.
1779 1194 1912 1248 Hinc
1950 1207 2081 1248 vero

485 1267 812 1335 colliguntur
840 1266 986 1320 duo:
1027 1267 1280 1330 alterum,
1324 1266 1629 1319 versionem
1667 1263 1931 1334 ejusmodi
1959 1264 2080 1319 edi-

483 1337 632 1392 disse
657 1336 952 1400 Julianum,
984 1351 1106 1391 cum
1135 1335 1310 1390 adhuc
1340 1335 1632 1390 admodum
1655 1336 1868 1404 juvenis
1901 1335 2076 1391 foret:

481 1407 734 1474 alterum,
769 1423 797 1462 a
825 1407 1130 1476 Pelagianis
1160 1422 1277 1462 eam
1311 1407 1514 1462 erroris
1541 1415 1770 1474 partem,
1802 1422 1920 1475 quae
1953 1422 2077 1476 pec-

482 1490 663 1534 catum
706 1479 967 1548 originale
1013 1486 1253 1548 spectat,
1305 1476 1552 1548 traditam
1600 1477 1764 1532 fuisse
1813 1479 2076 1548 primum,

481 1551 636 1618 quasi
681 1547 1053 1605 Orientalium
1086 1549 1276 1612 ﬁdem;
1328 1547 1492 1602 immo
1543 1553 1758 1602 tertium
1811 1547 2076 1616 quoddam

482 1622 754 1688 conjecto.
805 1620 1074 1676 Julianum
1126 1619 1327 1688 Pelagii
1371 1619 1846 1674 exhortationibus
1887 1635 1917 1675 e
1966 1622 2078 1674 vita

481 1694 754 1762 coniugali
807 1692 872 1746 ad
918 1692 1204 1746 arctiorem
1253 1705 1574 1762 eouVersum
1625 1705 1766 1755 esse,
1823 1691 2074 1762 indeque,

480 1761 740 1817 Memorio
788 1763 986 1817 Juliani
1040 1771 1192 1830 patre
1237 1761 1547 1827 scribente,
1603 1763 1958 1832 Augustinum
2010 1763 2078 1818 de

477 1832 680 1912 Pelagii
711 1834 956 1912 laudibus
986 1831 1297 1900 rescivisse,
1325 1847 1449 1903 quin
1467 1833 1809 1901 postmodum
1842 1833 1896 1888 in
1923 1832 2074 1889 libris
2106 1851 2154 1912 Β

478 1908 594 1962 suis
626 1907 826 1960 retulit.

552 1999 788 2070 Epistola
818 1999 982 2068 prima
1007 1998 1074 2052 ad
1104 1997 1373 2052 Zosimum
1398 2013 1654 2051 summum
1683 1998 1998 2066 pontiﬁcem.

548 2093 624 2149 De
663 2094 776 2163 ipsa
808 2093 1042 2147 diximus
1086 2092 1222 2147 satis
1259 2106 1547 2160 superque,
1583 2101 1692 2145 tum
1733 2093 1783 2147 in
1827 2094 1973 2163 notis
2003 2093 2072 2148 ad

473 2172 635 2234 caput
657 2162 692 2220 (ἶ
717 2173 771 2219 et
793 2166 826 2220 9
867 2163 1342 2226 Snbnotationum,
1367 2171 1478 2216 tum
1509 2173 1565 2234 et
1593 2163 1644 2216 in
1680 2163 1786 2234 line
1815 2162 2072 2217 disserta-

475 2233 640 2291 ti0nis
669 2237 722 2300 1,
750 2237 839 2290 ubi
867 2236 1160 2304 fragmenta
1185 2234 1505 2304 collegimus
1527 2233 1634 2288 huc
1655 2241 1710 2287 et
1733 2233 1862 2287 illuc
1883 2249 2068 2302 sparsa

474 2307 614 2375 apud
659 2307 1033 2370 Mercaturem,
1076 2305 1166 2375 qui
1227 2305 1374 2375 solus
1415 2305 1748 2358 mentionem
1789 2304 1918 2359 fecit
1953 2305 2069 2369 epi-

469 2374 651 2440 stolae,
672 2394 830 2446 quam
862 2387 1036 2432 tamen
1067 2374 1167 2447 pro
1195 2390 1288 2430 sua
1326 2374 1572 2430 Julianus
1609 2378 1853 2447 agnoscit
1886 2376 2022 2447 (Lib.
2052 2392 2069 2430 ι

475 2449 578 2519 Ορ.
623 2449 842 2518 lmperf.
883 2465 930 2503 c.
965 2446 1080 2518 l7).
1109 2447 1321 2512 Scripta
1359 2462 1488 2500 vero
1515 2455 1599 2501 est
1628 2463 1754 2519 ann.
1791 2446 1918 2510 U7,
1963 2446 2070 2502 cir-

469 2517 606 2575 citer
635 2517 982 2584 autumnum;
1029 2517 1270 2574 Ostendit
1313 2526 1520 2583 autem,
1561 2517 1683 2586 quis
1730 2527 1856 2572 tunc
1895 2529 2068 2572 Status

467 2592 694 2646 haeresis
733 2592 1030 2656 exstiterit,
1076 2598 1134 2644 ut
1171 2604 1290 2659 qua:
1326 2591 1698 2643 contineretur
1739 2591 2069 2659 prepositio-

466 2664 629 2718 nibus
656 2663 768 2718 fere
795 2663 1055 2733 quinque,
1078 2660 1294 2728 saltem,
1318 2675 1422 2729 qua
1448 2659 1831 2715 leestianam
1859 2671 2064 2730 partem

467 2735 743 2789 attineret.

469 2825 732 2894 Epistula,
760 2842 847 2879 seu
876 2823 1079 2879 libellus
1109 2823 1235 2890 ﬁdei
1262 2823 1330 2876 ad
1362 2822 1627 2876 Zosimum
1655 2838 1911 2876 summum
1934 2841 2067 2892 pon-

599 2897 786 2963 tiﬁcem
815 2897 994 2949 missus
1028 2897 1230 2948 nomine
1256 2895 1534 2947 octodecim
1561 2895 1940 2964 episcoporum.

539 2987 710 3056 Hujus
742 2988 908 3042 libelli
938 2986 1182 3041 meminit
1214 2985 1500 3050 Mercator,
1533 2985 1696 3040 immo
1721 2994 1776 3041 et
1794 2987 2062 3052 Julianus,

467 3059 562 3113 sed
607 3059 764 3128 paulo
799 3059 1100 3113 obscurius.
1143 3056 1319 3124 Ipsum
1354 3059 1554 3110 auctori
1596 3071 1696 3111 suo
1731 3061 2065 3114 assentimus

467 3130 852 3186 diSsertatione
896 3129 950 3192 5,
998 3129 1372 3197 integrumque
1423 3128 1690 3182 edidimus
1737 3146 1858 3183 cum
1897 3132 2058 3193 netis,

466 3199 1172 3296 uih‘ilnaddendum
1220 3199 1490 3254 occurrit:
1524 3201 1783 3269 scriptum
1824 3201 2063 3256 ostendi-
2089 3230 2137 3296 ο

467 3287 592 3328 mus
612 3289 739 3327 ann.
771 3271 897 3326 M7.

469 3364 706 3436 Epistola
724 3365 791 3418 ad
808 3365 1009 3434 Rufum
1021 3363 1532 3448 Thessalonicensem
1554 3365 1760 3418 nomine
1781 3365 2061 3419 octodecim

1072 3451 1452 3504 episcoporum.

538 3529 615 3584 De
648 3529 750 3584 hac
781 3529 896 3598 ipsa
936 3528 1172 3583 diximus
1203 3529 1254 3582 in
1283 3528 1672 3599 dissertatione
1702 3529 1756 3591 5,
1791 3528 1881 3584 ubi
1911 3528 2057 3599 frag—

466 3608 648 3655 menta
679 3600 832 3654 libris
860 3599 1032 3653 tribus
1056 3599 1450 3668 posterioribus
1484 3598 1769 3668 Akugustiui
1802 3603 1867 3653 ad
1896 3598 2058 3656 Boni-

463 3672 660 3726 facium
701 3686 913 3738 sparsa.
946 3655 1232 3726 recollecta
1263 3657 1389 3722 sunt
1431 3673 1485 3723 in
1517 3655 1750 3723 lbi-main
1790 3655 2056 3738 epistolis.

463 3742 679 3812 Scripta
710 3753 792 3797 est
817 3740 1009 3812 eodem
1041 3756 1184 3812 anno
1232 3756 1339 3810 quo
1382 3741 1589 3812 priore_s
1618 3741 1760 3812 duae,
1788 3751 1880 3794 aut
1918 3743 2058 3798 forte

461 3810 842 3882 consequentis
884 3811 1062 3867 initio.
1096 3811 1259 3884 Suam
1300 3810 1829 3884 agnovitiulianus:
1876 3814 2058 3884 Augue

459 3884 603 4010 uulua
647 3885 796 3941 libris
823 3885 998 3938 tribus
1031 3882 1425 3953 posterioribus
1472 3882 1536 3938 ad
1588 3883 1921 3939 Bonifacium
1963 3882 2050 3941 re—

483 3974 510 4010 e
556 3966 617 4010 ιι.

483 3957 617 4012 'ellit.

463 4047 601 4104 Libri
627 4059 848 4120 quatuor
881 4052 950 4104 ad
986 4048 1326 4104 Turbantium
1365 4049 1679 4120 episcopum,
1713 4050 1954 4105 adversus
1989 4051 2054 4105 li-

531 4118 685 4204 brum.
735 4123 956 4190 primum
1009 4121 1283 4191 Augustini
1330 4121 1393 4174 de
1443 4118 1656 4188 Nuptiis
1701 4129 1749 4174 et
1795 4121 2051 4193 Concupi-

527 4202 737 4246 scentta.

529 4285 730 4340 llorum
759 4298 993 4356 quatuor
1029 4285 1288 4341 librorum
1328 4283 1610 4356 historiam
1649 4285 2046 4348 contexuimue,

458 4370 581 4410 cum
607 4355 978 4412 recenseretur
1000 4356 1138 4412 liber
1155 4355 1425 4411 secundus
1447 4357 1728 4424 Augustini
1751 4357 1817 4410 de
1841 4356 2048 4426 Nuptiis

457 4436 512 4480 et
551 4427 1038 4496 Concupiscentia:
1087 4442 1256 4498 quare
1295 4427 1406 4481 duo
1451 4435 1656 4480 tantum
1710 4429 2043 4484 observanda

456 4506 699 4570 restant:
746 4501 974 4553 alterum
1012 4498 1080 4553 de
1110 4497 1478 4570 fragmentis,
1519 4498 1823 4570 quieapud
1865 4503 2046 4570 Augu-

455 4569 653 4623 stinum
703 4577 944 4633 exstant;
992 4569 1218 4623 alterum
1263 4568 1332 4622 de
1357 4568 1528 4631 libris,
1565 4567 1703 4623 unde
1743 4567 2039 4638 fragmenta

2189 547 2258 587 ne
2286 533 2552 601 appendix
2595 533 2754 603 supra
2788 534 3004 590 modum
3033 545 3340 601 excrescat;
3379 536 3573 604 partim
3609 535 3795 592 etiam

2183 604 2326 676 quod
2373 604 2440 676 ad
2480 615 2901 673 consequentem
2940 607 3376 662 dissertationem
3421 623 3637 676 parum,
3689 617 3797 664 aut

2183 674 2299 732 fere
2330 675 2463 732 nihil
2483 675 2783 740 conferant,
2807 691 2928 732 cum
2957 693 3024 733 ex
3055 678 3240 748 primis
3266 674 3439 733 tribus
3469 679 3794 749 Pelagiana

2183 755 2371 822 sectas
2398 750 2880 822 propugnatoribus
2925 749 3137 805 abunde
3179 759 3490 821 suppetant,
3535 765 3665 822 qua
3717 749 3795 806 ad

2183 819 2510 888 quaestiones
2540 820 2825 876 solvendas
2855 835 2990 892 opus
3027 822 3153 876 sint.

2183 911 2328 966 Libri
2361 921 2474 968 octo
2497 912 2567 966 ad
2603 909 2827 968 Florum
2863 913 3294 980 Beneventanum,
3324 922 3382 969 ut
3407 914 3630 978 videtur,
3671 913 3796 984 epi-

2254 1000 2498 1056 scopum,
2544 984 2786 1056 adversus
2831 985 3108 1040 secundum
3151 985 3342 1040 librum
3386 986 3671 1056 Augustini
3723 985 3795 1039 de

2255 1054 2470 1125 Nuptiis
2491 1065 2537 1110 et
2566 1053 3018 1126 Concupiscentia.

2259 1147 2333 1202 De
2377 1148 2479 1204 hoc
2520 1164 2685 1220 opere
2728 1150 2962 1206 diximus
3007 1151 3248 1220 pluribus
3291 1151 3356 1205 ad
3399 1150 3789 1218 priefationem

2184 1218 2335 1272 Marii
2395 1218 2708 1276 Mercaturis
2775 1224 2827 1276 in
2886 1218 3079 1277 librum
3139 1222 3626 1285 Subnotationum,
3689 1222 3793 1275 ubi

2182 1299 2478 1363 ostensum,
2521 1307 2629 1362 quo
2675 1296 2888 1348 nomine
2924 1293 3183 1363 appellari
3217 1293 3429 1356 debeat,
3464 1301 3653 1346 contra
3692 1291 3793 1346 Vi-

2181 1361 2354 1429 gnerii
2383 1361 2720 1432 opinionem;
2754 1379 2860 1432 quo
2885 1361 3132 1432 tempore
3153 1366 3222 1418 sit
3248 1364 3633 1432 compositum,
3662 1363 3788 1426 ubi,

2182 1433 2410 1505 etcttjus
2435 1450 2560 1502 ope,
2591 1435 2808 1505 quando
2835 1436 3028 1490 lectum
3057 1435 3360 1497 Mercatori,
3394 1443 3498 1489 etc.
3523 1433 3792 1502 Quinque

2183 1503 2392 1570 priores
2438 1506 2576 1570 libri,
2611 1503 2710 1560 aut
2754 1507 2913 1560 etiam
2953 1521 3046 1560 sex
3092 1505 3282 1574 integri
3332 1506 3600 1559 habentur
3631 1505 3790 1568 apud

2181 1575 2534 1648 Augustinum
2572 1576 2623 1630 in
2660 1591 2829 1648 opere
2855 1585 3153 1648 postremo,
3193 1577 3278 1648 cui
3313 1576 3639 1648 immortuus
3670 1585 3788 1633 est.

2181 1644 2487 1702 Ostendunt
2508 1663 2640 1702 vero
2663 1644 2946 1703 triariifeste
2967 1658 3164 1703 statum
3187 1647 3523 1702 leestiana:
3547 1647 3790 1700 haeresis

2179 1729 2241 1788 ea
2271 1727 2616 1785 tempestate;
2645 1719 3006 1779 Caelestianaa.
3051 1720 3268 1787 inquam
3296 1736 3308 1770 :
3353 1734 3474 1772 nam
3503 1717 3573 1773 de
3599 1717 3789 1788 gratia

2179 1787 2268 1842 vix
2290 1789 2579 1858 quidquam
2611 1791 2709 1843 nisi
2735 1789 2911 1845 obiter
2942 1791 3342 1858 perstringitur.

2287 1879 2437 1934 Liber
2466 1882 2530 1936 de
2560 1883 2768 1949 Amore,
2796 1883 2904 2007 Eine
2925 1881 3333 1937 Commentarius
3367 1881 3419 1934 in
3449 1879 3673 1935 Cantica

2838 1954 3149 2007 aulicorum.

2838 1954 3149 2008 aulicorum.

2246 2042 2410 2129 Solus
2437 2045 2574 2129 Bed‘a
2776 2045 2832 2098 in
2855 2044 3082 2129 Cantic.)
3109 2044 3356 2129 meminit
3384 2043 3784 2129 istiusgoperis,

2173 2115 2328 2181 cujus
2358 2115 2492 2169 duos
2532 2115 2656 2171 facit
2695 2117 2883 2180 libros.
2913 2115 3141 2171 alterum
3181 2116 3250 2170 de
3279 2116 3495 2177 Amore,
3535 2115 3786 2168 alterum

2173 2183 2651 2252 Commentarium,
2687 2190 2730 2242 si
2764 2197 2940 2242 tamen
2975 2199 3198 2256 uterque
3223 2187 3290 2241 de
3313 2200 3497 2240 amore
3519 2199 3628 2236 non
3655 2184 3786 2251 fuit,

2173 2271 2333 2322 quem
2367 2272 2395 2310 a
2429 2257 2721 2312 foedissima
2746 2259 3017 2328 voluptate
3048 2272 3333 2313 secernere
3359 2257 3611 2328 Julianus
3634 2258 3789 2328 nite-

2173 2335 2345 2394 retur,
2381 2331 2516 2382 sacri
2543 2329 2659 2384 libri
2687 2325 2956 2398 exemp'lo.
2988 2329 3045 2384 lu
3075 2331 3256 2398 priore
3278 2328 3418 2383 libro
3444 2325 3589 2381 Beda
3613 2327 3788 2396 quin-

2171 2412 2297 2468 que.
2329 2409 2419 2453 aut
2450 2415 2548 2454 sex
2573 2399 2639 2455 de
2671 2401 2970 2456 innumeris
2999 2401 3193 2470 arguit.

2247 2515 2298 2568 1.
2341 2512 2446 2570 Per
2467 2515 2750 2570 arbitrium
2771 2514 2955 2570 liberae
2986 2514 3297 2578 voluntatis,
3321 2528 3482 2585 posse
3504 2529 3608 2569 nos
3630 2513 3787 2570 bona

2169 2605 2348 2660 facere
2389 2621 2510 2676 quae
2551 2607 2819 2674 volumus,
2864 2608 3113 2674 quamvis
3141 2621 3238 2678 per
3279 2606 3534 2661 auxilium
3580 2607 3787 2677 gratia:

2171 2694 2266 2751 Dei
2293 2695 2504 2752 facilius
2533 2713 2594 2754 ea
2625 2697 2892 2768 perlicere
2921 2713 3203 2768 queamus.

2237 2789 2292 2842 2.
2334 2788 2527 2844 Clausa
2557 2790 2689 2860 legis
2713 2799 3052 2846 sacramenta
3076 2791 3223 2845 solos
3250 2791 3444 2846 intueri
3481 2804 3647 2859 posse
3683 2804 3787 2846 eos

2167 2893 2304 2949 quos
2321 2881 2588 2946 oculatos,
2617 2891 2671 2936 et
2696 2883 2928 2937 eruditio
2955 2881 3297 2945 reddidisset,
3330 2890 3384 2936 et
3409 2881 3602 2950 pietas.

2240 2975 2291 3028 5.
2335 2973 2590 3030 Sanctum
2623 2975 2777 3030 nobis
2807 2991 2868 3030 ac
2892 2990 3216 3046 generosum
3257 2988 3518 3040 amorem,
3548 2973 3622 3028 ab
3657 2976 3786 3045 ipso

2165 3067 2301 3124 lucis
2330 3069 2554 3124 exordio
2587 3079 2772 3124 natura
2809 3070 3148 3135 conciliante,
3184 3068 3425 3132 insitum,
3452 3077 3505 3122 et
3534 3068 3604 3122 ad
3635 3068 3784 3121 ulti-

2168 3175 2309 3214 mam
2337 3177 2504 3231 usque
2529 3171 2894 3228 senectutem,
2919 3162 3048 3216 solis
3076 3161 3278 3215 viribus
3299 3159 3464 3215 animi
3493 3158 3787 3226 innixum}:

2167 3252 2283 3308 sine
2305 3253 2420 3307 ullo
2445 3253 2644 3308 damno
2671 3255 2751 3307 sui
2777 3255 3069 3322 persistere
3093 3252 3311 3323 vigoris.

2237 3345 2288 3398 ι.
2331 3344 2584 3402 Amorem
2628 3353 2894 3412 nostrum,
2938 3345 3074 3399 sicut
3109 3344 3179 3399 de
3215 3357 3466 3414 corpore,
3505 3341 3666 3413 quod
3711 3342 3785 3398 sit

2162 3439 2532 3509 perturbatus,
2571 3447 2626 3494 et
2657 3437 2904 3508 rapidus;
2940 3439 3010 3492 ita
3037 3437 3105 3492 de
3133 3437 3316 3492 animo
3348 3435 3587 3501 trabere,
3621 3433 3780 3506 quod

2161 3529 2234 3585 sit
2255 3531 2503 3585 sublimis
2534 3538 2694 3601 atque
2713 3532 3024 3586 continuus.

2232 3621 2286 3677 5.
2328 3622 2591 3678 Eumdem
2605 3637 2872 3689 amorem,
2903 3620 3155 3692 quamdiu
3185 3619 3320 3676 nihil
3347 3619 3414 3674 de
3438 3618 3782 3689 gentilitatis

2158 3716 2434 3772 voluntate
2453 3715 2752 3782 desiderat,
2779 3717 2930 3785 quasi
2957 3715 3022 3768 ad
3055 3714 3224 3769 solius
3243 3714 3406 3768 animi
3431 3713 3646 3768 moveri
3682 3729 3778 3769 ar-

2158 3809 2407 3870 bitrium;
2449 3810 2586 3865 etin
2615 3807 2824 3864 actibus
2852 3809 2966 3864 suis
3008 3808 3206 3864 habere
3238 3805 3678 3877 jocunditatem,
3717 3819 3779 3861 ut

2161 3901 2576 3979 mttrbationis
2624 3902 2942 3966 immunem,
2995 3901 3067 3955 ita
3107 3899 3271 3954 etiam
3324 3898 3576 3952 libertate
3624 3913 3774 3968 gau-
3875 3917 3886 3928 κ

2155 3981 2397 4055 dentem.

2225 4088 2279 4142 6.
2321 4086 2663 4156 Adjutorium
2695 4085 2868 4140 sancti
2903 4085 3132 4154 Spiritus
3173 4081 3611 4153 princedentibus
3664 4097 3773 4137 no-

2151 4180 2279 4235 stris
2314 4178 2511 4235 studiis
2555 4194 2617 4234 ac
2647 4177 2856 4233 meritis
2881 4176 3018 4244 dari,
3045 4184 3206 4246 atque
3244 4173 3311 4229 ad
3354 4173 3455 4228 hoc
3495 4173 3646 4238 dari,
3707 4183 3771 4228 ut

2149 4288 2321 4344 genus
2349 4271 2640 4327 humanum
2674 4270 2873 4326 arctius
2909 4269 3213 4340 diligamus.
3249 4266 3337 4322 Sic
3361 4265 3494 4320 enim
3531 4265 3723 4319 aiebat
3746 4283 3766 4321 :

2147 4366 2282 4423 Cum
2313 4368 2473 4438 igitur
2497 4365 2756 4437 sapientis
2783 4365 3017 4430 animus,
3046 4363 3137 4434 qui
3167 4361 3499 4431 voluptatem
3522 4359 3775 4428 subjicit

2145 4459 2390 4530 dignitati
2425 4459 2655 4522 amoris,
2708 4467 2764 4513 et
2809 4457 2998 4512 incitat
3042 4463 3098 4510 et
3145 4453 3361 4508 ordinat
3406 4451 3765 4519 appetitum,

2145 4566 2435 4622 numquam
2475 4552 2609 4606 lines
2639 4551 2835 4605 transit
2862 4549 3058 4614 officii;
3101 4547 3195 4603 sed
3223 4547 3288 4601 ad
3318 4561 3434 4602 eam
3466 4546 3768 4615 magnitu-

454 4612 664 4694 ἑὶἱῖεὲἰῖί
688 4612 2039 4716 MSS'z'etHE'tQZiuﬁén'ti?Ei'uiié'é'ﬁfcéiiitii'ééi?
2067 4612 2121 4672 Β
2143 4612 2324 4703 άίηειίτ
2351 4657 2514 4716 atque
2545 4645 3000 4716 pulchritudinem
3027 4612 3220 4698 studiis
3249 4639 3488 4711 procedit
3523 4612 3593 4693 ai;
3626 4654 3768 4695 me-

453 4726 644 4781 magna
685 4712 928 4778 quaedam
969 4727 1037 4765 ex
1074 4713 1250 4780 primo
1294 4711 1454 4777 libro,
1495 4727 1660 4781 parva
1704 4725 1768 4766 es
1814 4713 2036 4780 reliquis

451 4780 624 4835 tribus
654 4783 904 4838 inveniri.
946 4781 1184 4836 Primum
1213 4781 1356 4836 enim
1387 4780 1684 4837 c0nfutavit
1712 4785 2036 4852 Augustinus

451 4852 588 4907 libro
617 4868 715 4908 suo
740 4853 980 4909 secundo
1009 4855 1075 4907 de
1104 4853 1328 4918 Nuptiis,
1364 4854 1546 4908 relatis
1581 4854 1866 4920 verbatitn,
1891 4871 2038 4918 quie-

449 4937 682 4989 cumque
701 4927 1007 4980 continebat
1034 4926 1297 4989 chartula,
1325 4940 1388 4979 ex
1421 4927 1520 4979 hoc
1551 4923 1668 4992 ipso
1696 4925 1836 4978 libro
1863 4929 2036 4991 primo

449 5005 728 5062 excerpta,
753 5006 809 5052 et
834 4996 1046 5051 Valerio
1062 4995 1244 5052 comiti
1275 4997 1457 5050 oblata
1487 5007 1647 5064 atque
1679 5011 1772 5061 per
1802 4997 2032 5062 Alipium

451 5068 746 5137 Augustino
769 5070 948 5122 missa.
966 5069 1080 5134 Qua
1100 5083 1166 5122 ex
1187 5067 1426 5120 chartula
1446 5067 1848 5135 inscriptionem
1872 5069 2036 5123 libro-

449 5153 565 5192 rttm
611 5141 893 5194 novimus;
939 5138 1132 5192 Contra
1171 5154 1257 5191 eos
1295 5139 1383 5206 qui
1422 5139 1631 5202 nuptias
1672 5139 1943 5204 damnant,
1989 5150 2036 5195 et

447 5210 646 5279 fructm
685 5227 859 5266 earum
901 5209 1108 5264 diabolo
1145 5213 1428 5279 assignant.
1466 5209 1741 5264 Habentur
1766 5222 1941 5264 autem
1980 5213 2033 5266 in

445 5278 618 5351 tribus
640 5282 921 5351 Augustini
947 5280 1205 5350 operibus
1225 5278 1518 5348 fragmenta
1554 5279 1713 5346 hujus
1740 5281 1946 5349 operis;
1981 5285 2032 5338 in

445 5349 582 5405 libro
610 5349 847 5408 secundo
873 5355 940 5408 de
979 5349 1208 5422 Nuptiis,
1234 5367 1342 5412 quo
1367 5360 1745 5422 excerptornm
1787 5354 2031 5410 chartula

444 5422 740 5489 refellitur;
790 5427 841 5480 in
887 5424 1037 5479 libris
1065 5421 1180 5478 sex
1227 5435 1415 5477 contra
1466 5421 1758 5485 lulianum,
1802 5439 2031 5488 quorum

443 5505 675 5578 quatuor
698 5501 1024 5578 posteriores
1045 5494 1374 5578 itarpugnant
1389 5504 1622 5578 quatuor
1637 5493 1832 5549 Juliani
1854 5495 2029 5578 libris,

441 5573 504 5636 ut
547 5579 653 5619 non
693 5575 898 5620 tantum
939 5566 1061 5622 libri
1101 5565 1275 5627 libris,
1308 5566 1403 5621 sed
1442 5569 1616 5636 capita
1645 5580 1859 5636 quoque
1885 5568 2034 5636 capi-

442 5633 588 5691 tibus
623 5638 1012 5708 respondeant:
1062 5645 1118 5693 et
1156 5638 1212 5692 in
1239 5638 1416 5705 Opere
1455 5633 1797 5708 Impert'ecto,
1837 5639 1888 5692 in
1924 5633 2031 5706 quo

443 5719 589 5780 pars,
637 5722 771 5780 quae
802 5707 1021 5780 Juliani,
1068 5717 1177 5763 tota
1227 5716 1312 5780 est
1355 5707 1409 5764 in
1452 5707 1697 5780 iaeeundo
1744 5710 2028 5780 Augustini

442 5775 582 5849 libro
621 5775 690 5834 de
731 5779 939 5848 Nuptiis
974 5779 1357 5849 impugnando.
1400 5779 1749 5835 Abstinemus
1791 5775 1920 5837 vero
1961 5783 2028 5838 ab

445 5847 782 5912 exhibendis,
808 5847 928 5913 quae
959 5847 1175 5905 curiose
1201 5850 1533 5918 collegimus,
1563 5852 1756 5919 partim
1782 5853 1906 5921 quia
1935 5869 2028 5910 oc-

2137 4740 2284 4806 ritis,
2313 4747 2370 4793 ut
2394 4753 2715 4810 generosum
2749 4738 2863 4806 ejus
2894 4738 3072 4806 ignem
3101 4735 3272 4804 gratia
3300 4733 3470 4788 sancti
3500 4730 3770 4799 Spiritus

2139 4833 2354 4904 incipiat
2376 4834 2643 4888 ventilare
2669 4849 2682 4886 :
2713 4841 2839 4886 tunc
2863 4832 2922 4885 lit
2949 4830 3036 4884 illa
3067 4827 3457 4896 charitas,quaa
3472 4839 3580 4878 non
3619 4841 3774 4896 pro-

2139 4925 2370 4996 pinquos
2394 4927 2593 4989 solum,
2619 4934 2710 4978 aut
2731 4923 2899 4990 cives,
2925 4922 3020 4978 sed
3048 4923 3220 4992 ipsum
3241 4932 3412 4990 genus
3435 4917 3762 4974 humanum

2135 5019 2344 5088 gremio
2373 5033 2472 5073 suo
2498 5025 2725 5072 conatur
2744 5015 3020 5086 amplecti.

2657 5109 2722 5165 In
2753 5111 3028 5179 posteriore
3055 5108 3187 5162 libro

2215 5206 2295 5260 Ad
2328 5205 2442 5260 haec
2487 5204 2652 5260 verba
2679 5219 2693 5256 :
2742 5201 2962 5256 Meliora
2983 5210 3104 5255 sunt
3131 5199 3288 5253 ubera
3317 5206 3405 5251 tua
3426 5196 3544 5249 vino
3572 5195 3772 5268 (Can-

2142 5299 2230 5352 tic.
2257 5298 2330 5371 I):
2379 5298 2654 5354 asserebat
2695 5312 2949 5367 namque,
2984 5294 3273 5364 Opinioues
3299 5301 3510 5347 nostras
3539 5291 3622 5346 ad
3654 5295 3773 5351 hos

2139 5407 2366 5462 prorsus
2403 5393 2766 5462 spumantium
2804 5399 2970 5446 aestus
3001 5405 3244 5445 errorum
3277 5389 3499 5454 ducere,
3550 5394 3631 5441 ut
3664 5403 3773 5442 ca-

2137 5485 2398 5541 lumniam
2427 5497 2766 5543 verteremus
2792 5484 2844 5538 in
2877 5484 3052 5552 ipsum
3085 5491 3384 5546 auctorem,
3408 5488 3464 5535 et
3482 5477 3776 5538 elevandi

2135 5589 2320 5634 reatus
2340 5578 2512 5650 gratia
2534 5623 2549 5646 ,
2581 5593 2740 5649 quem
2770 5575 3001 5633 crimina
3031 5573 3285 5630 nimirum
3316 5572 3637 5629 voluntatis
3675 5575 3776 5633 in-

2133 5670 2389 5736 urebant,
2418 5671 2588 5742 ipsam
2635 5679 2882 5726 naturam
2907 5668 3156 5739 corporis
3193 5665 3561 5723 subdebamus
3600 5667 3774 5725 infa-

2132 5763 2276 5831 miae,
2316 5764 2598 5834 incapaces
2644 5763 2937 5828 bonitatis,
2978 5770 3036 5819 et
3079 5762 3270 5834 plenos
3320 5760 3646 5832 iniquitatis
3712 5765 3779 5827 in

2132 5855 2308 5911 lucem
2352 5857 2508 5911 istam
2548 5872 2646 5911 nos
2686 5857 2875 5912 venire
2924 5856 3168 5912 iurando.
3234 5855 3474 5922 Denique
3515 5856 3778 5918 nullum
