3882 6284
132 281 232 337 625

490 272 805 330 DISSERT.
846 271 931 327 VI.
966 269 1056 325 DE
1086 268 1397 325 SCIUPTIS
1429 267 1564 322 PRO
1595 266 1877 321 HERESI
1909 268 2159 323 [’ELAG.
2192 264 2494 322 VIVE'NTE
2527 266 2587 321 S.
2618 265 3038 324 AUGUSTINO.

3288 268 3394 326 626

129 402 232 457 fere
257 396 322 453 ad
362 394 628 465 justitiam
654 436 669 461 ,
718 391 846 464 quid
888 392 1009 448 dico
1048 390 1274 456 ratione,
1309 387 1407 445 sed
1437 403 1507 444 ne
1534 400 1705 444 sacrte
1731 388 1783 448 A
1809 388 1897 458 qui
1925 398 2007 445 est
2034 403 2216 457 verus,
2246 403 2499 445 veremur
2524 388 2833 444 oﬁ'cndere:
2865 387 2992 458 quia
3026 395 3272 442 naturam
3299 386 3395 443 bo-

130 491 334 565 quidem
363 488 497 559 legis
521 486 883 553 institutione,
912 485 1151 556 perduci.
1185 480 1529 553 Depretiabat
1552 494 1702 535 nam-

132 601 229 660 que
258 585 372 640 htec
414 582 596 654 Opinio
638 592 885 638 naturam
936 580 1116 636 carnis
1144 588 1200 635 et
1238 576 1537 648 sanguinis.
1595 574 1703 632 Sed

132 691 406 755 postquam
438 679 673 735 salutare
696 677 1032 750 mysterium,
1068 674 1165 730 Dei
1204 682 1257 727 et
1285 672 1563 749 hominum
1594 684 1707 725 me-

132 778 298 833 diator
323 774 582 844 arripuit,
631 781 685 827 ut
730 770 1275 827 consummatissime
1306 764 1520 821 virtutis
1549 764 1707 819 datu-

132 884 215 927 ros
234 867 561 937 exemplum,
591 874 837 920 naturam
863 862 1093 918 hominis
1118 859 1359 916 mortalis
1381 865 1705 926 assumeret,

132 959 356 1017 ostendit
379 960 559 1015 omnia
578 958 804 1014 crimina
823 970 1036 1011 morum
1063 953 1250 1020 fuisse,
1276 966 1381 1007 non
1405 952 1703 1007 seminum:

133 1058 352 1127 denique
379 1054 748 1110 voluntatibus
776 1052 842 1105 ad
876 1050 1102 1105 meliora
1132 1046 1428 1112 conversis,
1489 1060 1599 1099 non
1621 1057 1709 1099 so-

134 1154 232 1207 lum
258 1149 415 1221 legis,
440 1150 532 1204 sed
558 1147 722 1203 etiam
751 1144 1061 1215 evangelica
1095 1149 1363 1213 praecepta
1378 1154 1540 1211 posse
1568 1152 1711 1193 com-

134 1246 274 1317 pleri.
327 1243 406 1298 De
432 1242 601 1313 ipsius
621 1255 853 1311 namque
880 1235 1222 1306 susceptione
1247 1233 1447 1301 carnis,
1497 1245 1709 1287 morum

135 1348 337 1409 peccata
384 1336 699 1392 damnavit:
761 1350 867 1389 non
928 1339 1173 1387 naturam
1207 1330 1463 1385 videlicet
1506 1324 1705 1393 carnis,

133 1434 215 1488 sed
258 1447 424 1501 Opera
471 1430 877 1497 commutando,
928 1436 987 1483 ut
1031 1424 1345 1497 justiﬁcatio
1398 1423 1567 1493 legis,
1610 1419 1712 1476 sub

134 1526 367 1595 exemplo
399 1526 567 1597 ipsius
586 1569 601 1594 ,
632 1525 997 1595 compleretur
1018 1520 1072 1576 in
1102 1520 1279 1576 nobis.

199 1619 275 1674 Ad
307 1618 427 1673 haec
449 1619 650 1675 verba:
699 1616 903 1674 Collum
931 1626 1079 1670 tuum
1105 1616 1235 1670 sicut
1273 1611 1508 1667 monilia.
1578 1608 1713 1665 Cum
1766 1644 1769 1645 ν

138 1711 349 1784 pulchra
397 1726 494 1783 per
546 1720 788 1766 naturam
818 1710 999 1766 cervix
1048 1721 1384 1779 gemmarum
1427 1701 1716 1773 insignitur

136 1814 339 1869 ornatu,
375 1803 688 1860 felicitatem
727 1803 911 1874 procul
941 1801 1110 1858 dubio
1138 1809 1299 1869 anget
1325 1796 1586 1853 industria
1614 1812 1629 1848 :
1660 1805 1713 1849 et
1743 1790 1793 1851 B

136 1901 276 1971 quasi
298 1914 361 1954 se
384 1900 543 1970 digna
567 1898 915 1962 Conveniunt,
934 1895 1109 1951 honor
1131 1893 1383 1949 videlicet
1408 1889 1712 1955 monilium,

133 2005 181 2051 et
206 1994 477 2051 cervicum
511 2001 796 2057 venustas;
842 1991 921 2046 sic
946 2005 1079 2061 ergo
1102 1999 1155 2045 et
1186 1990 1239 2043 in
1270 1996 1344 2046 te.
1372 1985 1525 2055 cujus
1548 1998 1715 2054 gene-

134 2088 407 2142 rositatem
447 2085 691 2142 doctrina
721 2084 1014 2154 componit,
1067 2092 1126 2137 ut
1164 2080 1392 2136 virtutes
1440 2092 1576 2149 quas
1616 2091 1715 2132 na-

136 2191 243 2236 tura
275 2180 517 2243 inchoat,
549 2179 833 2249 disciplina
863 2182 1223 2234 consummet.

196 2273 278 2328 Ad
302 2275 419 2329 haec
447 2275 573 2330 item
607 2274 806 2330 verba:
867 2272 1264 2345 Apprehendam
1299 2279 1369 2337 te,
1400 2279 1447 2324 et
1472 2269 1719 2324 inducam

136 2369 181 2421 in
208 2366 418 2422 domum
448 2368 626 2422 matris
663 2382 818 2433 mem;
860 2364 929 2420 ibi
970 2381 1050 2419 me
1088 2364 1290 2419 docebis
1321 2362 1544 2434 (Cautio.
1575 2359 1715 2431 vm).

141 2462 245 2519 iam
280 2464 335 2517 in
363 2463 479 2535 ipsa
510 2462 731 2518 infantia
753 2502 768 2529 ,
802 2461 971 2517 multa
1010 2476 1127 2530 quae
1157 2459 1369 2515 discere
1397 2457 1715 2523 debeamus,

133 2555 384 2611 ostendit.
442 2554 647 2621 Primo,
682 2554 857 2624 ipsum
902 2566 1026 2607 esse
1056 2550 1305 2620 opiﬁcem
1336 2548 1717 2604 universorum

132 2662 192 2700 ex
220 2647 455 2701 masculi
484 2654 540 2702 et
570 2646 784 2700 femina:
810 2642 1194 2712 conjunctione
1224 2639 1580 2704 nascentium,
1630 2635 1722 2707 qui

130 2739 224 2795 sibi
254 2740 381 2795 sine
410 2738 711 2793 ministerio
752 2736 854 2792 viri
883 2722 1078 2805 corpus
1104 2749 1170 2789 ex
1204 2734 1417 2804 virgine
1458 2731 1723 2787 fabricas-

130 2840 228 2886 set.
288 2830 496 2886 Deinde
525 2830 729 2884 nullum
763 2838 1042 2899 peccatum
1072 2842 1191 2882 esse
1235 2824 1439 2880 homini
1467 2820 1723 2893 congeni-

130 2932 263 2990 tum,
309 2921 746 2993 quandoquidem
776 2922 866 2976 ille
888 2962 903 2987 ,
942 2929 997 2976 et
1023 2920 1203 2976 carnis
1232 2918 1463 2974 veritate
1491 2918 1724 2972 circum-

133 3014 307 3081 datus,
340 3024 396 3069 et
426 3018 647 3069 maculae
678 3016 931 3069 immunis
954 3014 1241 3069 exstiterit.
1302 3012 1587 3067 Postremo
1613 3010 1723 3065 ori-

136 3108 305 3179 ginem
333 3117 574 3163 nostram
605 3124 708 3162 non
734 3122 923 3177 posse,
950 3108 1052 3161 nisi
1082 3106 1247 3176 impie
1267 3146 1283 3172 ,
1313 3104 1516 3160 diaboli
1541 3104 1722 3173 operi-

137 3202 228 3257 bus
255 3201 476 3271 ascribi,
508 3217 627 3272 quze
649 3202 761 3257 Deo
789 3217 920 3258 vero
942 3218 1052 3258 non
1082 3202 1257 3259 solum
1285 3201 1589 3269 conditore,
1620 3200 1718 3257 sed
1747 3178 1795 3243 ο

139 3294 289 3351 etiam
314 3294 621 3351 habitatore
647 3297 1001 3367 congaudeat.

202 3428 440 3485 Observa
466 3430 738 3485 lulianum
778 3432 1087 3487 elaborasse
1122 3435 1225 3487 hoc
1253 3445 1389 3501 opus
1432 3431 1721 3487 occasione

143 3504 237 3584 sui,
273 3513 329 3555 ut
363 3504 439 3584 ait
467 3502 641 3563 Beda.
685 3502 847 3584 duelli
880 3518 999 3557 cum
1033 3503 1366 3584 ngustino,
1412 3503 1463 3556 id
1491 3511 1609 3565 est,
1659 3513 1721 3584 ut

144 3574 483 3655 interpretor,
516 3574 965 3655 postabsolutnm
987 3574 1220 3655 primum
1243 3588 1378 3644 opus
1399 3583 1631 3655 quatuor
1659 3574 1723 3655 Ii:-

144 3643 388 3709 brorum,
418 3643 580 3699 immo
605 3654 661 3699 ct
690 3648 958 3713 posterius
988 3643 1002 3698 ἐ
1055 3643 1289 3700 observa
1325 3645 1496 3709 enim,
1547 3645 1719 3699 videri

147 3714 468 3794 totam-hanc
493 3717 956 3794 elucubrationem
987 3717 1208 3794 factam,
1224 3716 1527 3794 imitatione
1542 3714 1722 3770 Theo-

145 3785 248 3840 dori
281 3787 672 3851 Monsuesteni,
727 3788 817 3856 qui
846 3790 1107 3842 amatorie
1134 3788 1349 3857 scripsit
1372 3788 1444 3841 'in
1471 3784 1715 3855 Cantica,

147 3857 271 3927 quod
292 3857 492 3913 docent
520 3861 721 3929 quintae
742 3858 940 3930 synodi
971 3868 1248 3929 excerpta.

150 4013 284 4070 Liber
315 4016 385 4071 de
412 4018 710 4071 constantia:
738 4016 883 4071 Bono
909 4027 1085 4071 contra
1120 4018 1393 4087 perﬁdiam
1424 4016 1718 4075 Manichwi.

211 4130 327 4186 Haec
363 4138 453 4186 est
480 4131 815 4198 constantia,
862 4147 981 4201 quae
1011 4132 1245 4186 maxime
1279 4130 1474 4185 asserit
1510 4131 1725 4185 arbitrii

152 4234 459 4293 potestatem
484 4241 547 4280 ac
572 4226 796 4289 bonum,
826 4226 998 4295 iisque
1018 4235 1246 4291 naturae,
1277 4234 1332 4280 et
1356 4224 1577 4279 humani
1608 4224 1725 4279 atti—

152 4317 213 4370 mi
235 4328 414 4372 motus
440 4317 658 4383 liberos,
689 4317 816 4372 dum
840 4316 1275 4382 ostendit,omne
1304 4316 1499 4370 mentis
1523 4315 1724 4370 bonum

154 4409 519 4478 voluntarium,
552 4426 651 4464 nec
680 4410 777 4464 ulli
807 4424 1058 4479 umquam
1090 4410 1239 4463 casui
1270 4409 1586 4465 obnoxium.

215 4499 278 4555 Et
299 4503 460 4574 paulo
484 4511 599 4575 post
630 4517 647 4557 :
705 4502 822 4572 Ipsa
845 4501 991 4558 enim
1030 4511 1206 4557 armat
1230 4502 1498 4573 ingenium
1528 4500 1717 4571 cujus-

157 4609 266 4662 que,
295 4606 350 4651 et
378 4596 628 4651 accendit
652 4597 915 4663 animum,
948 4596 1074 4651 dum
1110 4595 1261 4650 illum
1301 4594 1567 4650 libertatis
1612 4607 1726 4648 suae

158 4704 351 4760 semper
409 4690 701 4759 admonet,
756 4690 992 4762 dumque
1039 4704 1232 4747 omnes
1277 4688 1347 4746 ab
1394 4703 1461 4745 eo
1509 4687 1731 4759 repellit

159 4793 331 4839 metus.

221 4876 282 4931 Et
302 4887 419 4950 post
444 4879 609 4933 multa
633 4896 651 4933 :
682 4878 897 4934 Etenim
915 4920 931 4946 ,
963 4878 1031 4945 si,
1056 4887 1113 4933 ut
1138 4878 1399 4949 praeclare
1427 4892 1456 4933 a
1478 4878 1731 4935 doctissi-

161 4970 249 5025 mis
276 4982 433 5044 atque
482 4972 799 5029 orthodoxis
830 4973 1162 5043 disputatum
1213 4984 1317 5044 est,
1355 4975 1560 5030 nemini
1602 4991 1731 5033 vere

163 5078 392 5136 umquam
425 5068 632 5134 noceri,
664 5067 766 5122 nisi
797 5082 826 5121 a
857 5069 1060 5138 seipso,
1093 5077 1292 5136 potest,
1327 5084 1426 5133 nec
1455 5081 1537 5125 est
1570 5086 1725 5141 pror-

162 5173 241 5214 sus
264 5161 479 5232 aliquid,
535 5176 642 5231 quo
674 5162 957 5231 quisquam
1004 5162 1202 5217 invitus
1249 5162 1340 5218 ﬁat
1367 5164 1565 5230 miser;
1596 5163 1725 5235 quid

162 5253 357 5308 tandem
385 5256 558 5311 virtus
580 5255 809 5325 timebit,
842 5255 942 5310 nisi
965 5255 1230 5311 defectum
1253 5256 1365 5323 sui,
1414 5272 1523 5329 quo
1551 5258 1727 5312 homi-

160 5342 207 5395 ni
227 5343 275 5398 in
304 5355 561 5401 aeternum
589 5347 851 5402 nocetur?
900 5347 1106 5402 Divina:
1133 5349 1276 5403 enim
1315 5349 1502 5419 gratiae
1533 5358 1617 5405 est
1638 5350 1726 5419 ju-

161 5448 273 5492 vare
297 5447 348 5493 et
370 5438 584 5496 ﬁrmare
611 5441 994 5509 constantiam,
1028 5458 1148 5510 quae
1177 5452 1406 5497 caeteras
1439 5445 1610 5513 possit
1628 5460 1726 5501 cu-

160 5528 347 5585 stodire
376 5530 629 5601 virtutes,
658 5542 714 5590 et
737 5541 923 5589 contra
948 5536 1150 5599 omnia,
1178 5549 1301 5605 quae
1330 5536 1611 5604 resistunt,
1641 5538 1733 5595 de-

160 5617 533 5698 fenderevitia.

222 5712 287 5768 Et
310 5716 443 5772 circa
467 5720 619 5788 ﬁnem
638 5715 667 5775 :'
694 5719 1017 5778 Scandalum
1047 5720 1342 5777 Manichaee
1372 5731 1473 5789 est,
1500 5738 1566 5779 eo
1587 5723 1731 5795 quod

162 5813 569 5871 commentitium
592 5816 761 5877 Deum
782 5816 1132 5888 abnegantes,
1158 5816 1444 5877 Dominum
1462 5828 1730 5889 nostrum,

1805 501 1950 557 nam,
1983 486 2106 557 quia
2136 484 2368 541 liberum
2393 482 2626 540 hominis
2655 481 2950 538 asserimus
2966 479 3272 537 arbitrium.

1877 621 2117 678 Meminit
2147 621 2296 676 solus
2316 620 2463 675 Beda
2494 618 2619 675 libri
2643 618 2832 685 istius,
2874 632 3034 687 quem
3064 614 3401 673 ostendimus

1807 696 1960 761 alias,
1986 692 2248 764 scriptum
2272 692 2438 748 fuisse
2472 700 2595 762 post
2613 689 2813 746 Juliani
2846 688 3219 758 expulsionem
3250 703 3281 743 e
3302 700 3404 745 sua

1808 766 1958 824 sede.

2427 834 2659 891 CAPUT
2698 834 2764 889 ν.

1935 932 2062 1002 Qum
2086 928 2348 1003 scripserit
2376 930 2644 1003 Annianus
2675 926 2970 1003 Celedensis
2999 926 3270 993 diaconus,

2303 1000 2507 1070 Pelagii
2553 1000 2899 1055 amanuensis.

1886 1123 1987 1178 Vix
2019 1120 2308 1192 quidquam
2345 1118 2467 1192 addi
2502 1127 2675 1192 potest
2698 1117 2765 1170 ad
2808 1131 2887 1192 ea_
2903 1112 3114 1192 q_uae.__in
3151 1112 3412 1192 disserta-

1812 1197 1997 1250 tionet
2037 1184 2193 1247 'dicta
2242 1199 2368 1243 sunt
2395 1190 2462 1243 de
2506 1184 2792 1250 Anniano,
2850 1186 3052 1250 Pelagii
3109 1184 3402 1250 armigero,

1813 1278 1873 1322 ut
1898 1266 2135 1335 loquitur
2159 1263 2400 1335 Orosius.
2460 1257 2897 1335 Scripsitomnia
2943 1255 3163 1335 Pelagii,
3200 1267 3404 1335 νηριον

1816 1325 2182 1407 expositiones
2236 1325 2733 1407 breves_;___seripsit
2776 1338 2833 1383 et
2880 1343 2979 1407 suo
3023 1327 3238 1381 nomine
3269 1325 3406 1406 duas

1815 1396 2093 1478 epistolas,
2123 1421 2256 1473 quas
2301 1403 2540 1457 homiliis
2560 1396 2937 1478 Clirysostomi
2964 1441 2979 1467 ,
3011 1414 3039 1453 a
3069 1413 3128 1454 se
3155 1396 3324 1453 versis
3351 1396 3406 1450 in

1815 1472 2064 1536 Latinum
2094 1472 2422 1540 sermonem,
2453 1472 2765 1544 praeposuit.

2032 1612 2268 1687 Epistola
2290 1611 2505 1683 prce/ima
2532 1606 2756 1664 homiliis
2776 1608 2831 1662 in
2858 1604 3186 1662 Matthwum.

1949 1732 2179 1788 Domino
2206 1746 2332 1787 vere
2361 1736 2575 1794 sancto,
2602 1736 2658 1783 et
2685 1724 2998 1781 beatissimo
3023 1722 3250 1779 Orontio

2312 1802 2588 1872 episcopo,
2621 1797 2920 1854 Annianus.
3213 1820 3219 1833 -

1892 1918 2131 1974 Piissimi
2163 1916 2331 1987 patris
2360 1914 2611 1970 aﬁ‘ectum
2639 1953 2655 1978 ,
2714 1922 2771 1968 et
2822 1909 3207 1981 sapientissimi
3236 1916 3414 1964 artem

1819 2011 2099 2081 magistri,
2152 2011 2204 2065 in
2238 2024 2326 2065 me
2370 2008 2572 2078 pariter
2601 2019 2854 2062 exerces:
2910 2018 3073 2075 quem
3121 2003 3263 2057 inter
3294 2000 3413 2068 has,

1820 2121 1953 2177 quas
1984 2120 2080 2175 pro
2113 2102 2237 2159 ﬁdei
2279 2103 2556 2158 vobiscum
2588 2114 2774 2153 amore
2822 2097 3184 2168 perpetimur,
3238 2102 3417 2149 tenta-

1821 2200 2025 2256 tionom
2059 2197 2355 2264 procellas,
2406 2204 2461 2251 et
2495 2209 2524 2248 a
2564 2206 2799 2250 maerore
2844 2188 3005 2246 simul
3047 2197 3102 2245 et
3127 2202 3157 2242 a
3194 2194 3417 2256 torpore

1820 2294 2101 2358 subducis,
2155 2292 2503 2359 animumque
2530 2288 2803 2344 anxietate
2826 2292 3160 2339 marcentem
3192 2279 3259 2334 ad
3299 2286 3416 2334 stu-

1822 2388 1969 2443 dium
2000 2386 2403 2455 Scripturarum
2436 2380 2689 2437 remittis.
2750 2377 2917 2433 Jubes
2948 2374 3116 2440 enim,
3162 2370 3416 2426 beatissi-

1823 2495 1943 2544 me,
1991 2487 2050 2533 ut
2074 2474 2521 2532 commentarium
2554 2471 2727 2526 sancti
2767 2466 2993 2523 Joannis
3031 2461 3417 2518 Constantino-

1824 2571 2049 2644 politani
2076 2569 2340 2640 episcopi,
2372 2581 2534 2637 quem
2578 2566 2629 2620 in
2663 2562 2916 2617 Matthaao
2944 2556 3274 2629 evangelista
3322 2568 3420 2610 no-

1824 2665 2043 2736 naginta
2072 2672 2129 2718 ct
2157 2676 2268 2716 uno
2297 2660 2439 2714 libro
2469 2655 2749 2726 explicuit,
2798 2653 2850 2707 in
2872 2651 3117 2707 Latinam
3157 2648 3417 2717 linguam,

1825 2770 1936 2827 quo
1965 2754 2169 2825 possim
2200 2765 2492 2816 sermone,
2540 2745 2936 2802 transfundam.
3006 2738 3164 2809 Quod
3216 2739 3422 2793 utinam

1825 2859 1934 2904 tam
1964 2863 1995 2903 a
2021 2848 2176 2903 nobis
2208 2843 2495 2901 commode
2526 2842 2644 2898 ﬁeri
2686 2839 2878 2911 possit,
2924 2852 3085 2909 quam
3114 2844 3218 2891 ate
3240 2844 3295 2889 et
3318 2849 3419 2898 op-

1825 2952 2058 3013 portune
2079 2949 2135 2997 et
2162 2940 2365 2995 utiliter
2393 2941 2715 3007 imperatur.
2749 2932 2887 2999 Quid
2917 2931 3058 2986 enim
3090 2929 3172 2983 vel
3199 2928 3266 2981 ad
3292 2942 3423 2997 pru-

1826 3035 2067 3089 dentiam
2097 3031 2385 3098 eruditius,
2444 3030 2528 3085 vel
2572 3028 2640 3082 ad
2693 3023 3145 3081 exercitationem
3176 3020 3419 3091 ignitius,

1826 3130 1911 3186 vel
1938 3130 2005 3184 ad
2035 3128 2226 3197 dogma
2270 3125 2577 3195 purgatius,
2632 3129 2946 3176 nostrorum
2979 3115 3197 3172 auribus
3226 3113 3419 3167 offera-

1828 3234 1936 3287 tur,
1968 3237 2126 3292 quam
2155 3218 2417 3289 prmclara
2446 3215 2563 3270 haec
2588 3224 2695 3269 tam
2731 3210 2957 3281 insignis
2986 3208 3150 3263 animi
3194 3204 3424 3276 ingenii-

1824 3330 1935 3386 que
1986 3310 2366 3367 monumenta?
2396 3309 2460 3364 Et
2492 3307 2596 3362 hoc
2641 3304 2873 3360 maxime
2908 3312 3148 3371 tempore
3184 3314 3291 3369 quo
3325 3312 3423 3368 per

1825 3408 2168 3463 occasionem
2202 3400 2557 3473 quarumdam
2607 3399 2767 3454 nimis
2821 3394 3125 3452 difﬁcilium
3167 3391 3424 3463 quaestio-

1827 3514 1979 3562 num,
2010 3494 2351 3551 ;ediﬁcationi
2394 3507 2603 3547 morum
2635 3499 2799 3559 atque
2829 3486 3212 3544 ecclesiastica:
3256 3482 3425 3540 disci-

1828 3591 1990 3662 plinae
2043 3590 2177 3645 satis
2226 3588 2524 3643 insolenter
2574 3584 2953 3654 obstrepitur:
2997 3594 3097 3650 pro
3137 3593 3243 3650 qua
3272 3585 3424 3633 certe

1826 3684 2017 3738 beatus
2058 3680 2295 3737 Joannes
2316 3722 2331 3746 ,
2364 3694 2488 3733 cum
2532 3678 2590 3732 in
2620 3675 2740 3731 aliis
2772 3673 3048 3745 operibus,
3095 3679 3205 3726 tum
3234 3668 3288 3724 in
3321 3669 3427 3723 hoc

1826 3790 2064 3847 quoque,
2090 3785 2270 3830 tantus
2294 3772 2428 3841 fere,
2459 3780 2678 3840 tamque
2698 3769 2882 3824 alacer
2900 3765 3151 3834 assurgit,
3175 3771 3235 3817 ut
3259 3776 3427 3818 evan-

1826 3870 2034 3941 gelistae
2064 3868 2211 3923 dicta
2257 3863 2669 3935 interpretando
2693 3903 2709 3928 ,
2770 3877 2867 3931 pro
2908 3858 3216 3928 evangelica
3246 3854 3425 3924 perfe-

1828 3965 2011 4020 ctione
2056 3952 2338 4016 nobiscum
2381 3973 2621 4030 pugnare
2651 3956 2913 4012 videatur.
2968 3951 3108 4022 Quid
3158 3946 3425 4006 enimille

1829 4057 2003 4127 magis
2022 4054 2335 4109 hominibus
2364 4052 2619 4117 inculcat,
2665 4064 2824 4120 quam
2856 4056 3061 4102 naturae
3106 4058 3219 4097 suae
3266 4040 3426 4097 nobi-

1829 4149 2059 4214 litatem,
2085 4163 2205 4218 quae
2227 4147 2486 4202 adversus
2516 4142 2794 4199 Manichaei
2824 4140 3031 4196 rabiem
3058 4137 3298 4194 omnium
3336 4151 3425 4191 re-

1830 4251 1917 4298 cta
1976 4241 2296 4311 sapientium
2364 4253 2631 4295 consensu
2688 4246 3062 4305 concentuque
3126 4230 3422 4287 laudatur?
3486 4284 3489 4295 ,

1829 4335 2105 4391 Laudatur
2118 4344 2320 4398 autem,
2337 4332 2424 4386 vel
2442 4335 2493 4386 in
2509 4328 2846 4385 admirabilis
2859 4327 3086 4398 gloriam
3099 4324 3421 4389 conditoris,

1830 4431 1916 4485 vel
1935 4429 2003 4484 ob
2017 4427 2333 4483 concitanda
2358 4426 2533 4481 studia
2548 4423 2790 4493 virtutis,
2816 4424 2896 4478 vel
2916 4421 2981 4477 ad
3005 4417 3317 4491 castiganda
3343 4417 3398 4472 vi

1832 4524 1904 4577 tia
1935 4521 2244 4592 voluptatis.
2291 4520 2450 4590 Quid,
2480 4520 2719 4588 inquam,
2755 4516 2995 4586 pressius
3026 4514 3117 4570 ille
3142 4526 3425 4568 commen-

1833 4615 1945 4682 dat,
1972 4630 2133 4684 quam
2166 4613 2420 4682 ingenitae
2451 4611 2608 4666 nobis
2638 4625 2666 4664 a
2693 4609 2807 4666 Deo
2833 4608 3099 4664 libertatis
3122 4605 3306 4669 decus,
3331 4618 3426 4658 cu-

1830 4709 1921 4780 jus
1969 4706 2240 4762 confessio
2268 4706 2598 4777 praecipuum
2643 4705 2784 4758 inter
2826 4716 2924 4757 nos
2952 4699 3287 4772 gentilesque
3309 4694 3426 4751 dis-

1834 4800 2039 4857 crimen
2080 4808 2194 4864 cst,
2242 4800 2331 4868 qui
2364 4798 2639 4853 hominem
2667 4796 2734 4851 ad
2782 4792 3072 4863 imaginem
3111 4788 3205 4843 Dei
3236 4786 3427 4842 condi-

1836 4904 1950 4949 tum
1982 4902 2089 4948 tam
2120 4890 2409 4948 infeliciter
2440 4891 2533 4946 fati
2560 4889 2837 4954 violentia,
2861 4896 2916 4942 ct
2948 4882 3206 4955 peccandi
3239 4887 3427 4949 putant

1836 4986 2163 5042 necessitate
2191 4983 2534 5047 devinctum,
2563 4990 2623 5037 ut
2654 4982 2737 5037 his
2769 4981 2929 5036 etiam
2964 4976 3254 5049 pecoribus
3285 4974 3427 5028 invi-

1834 5080 1965 5135 dere
2009 5078 2280 5149 cogatur?
2334 5075 2472 5145 Quid
2507 5076 2603 5130 ille
2629 5116 2644 5141 ,
2689 5073 2951 5129 adversus
2992 5070 3215 5127 eosdem
3256 5065 3429 5136 magi-

1834 5180 2002 5237 stros,
2029 5170 2205 5239 potius
2230 5169 2491 5235 insinuat,
2523 5182 2686 5238 quam
2698 5166 2795 5221 Dei
2820 5180 2942 5221 esse
2967 5161 3247 5233 possibilia
3276 5174 3430 5215 man~

1832 5265 1981 5327 data.
2008 5274 2065 5320 et
2107 5264 2383 5320 hominem
2412 5264 2613 5331 totius,
2647 5261 2733 5318 vel
2757 5276 2874 5332 qua:
2899 5260 3143 5331 jubetnr,
3200 5259 3281 5313 vel
3305 5270 3429 5323 qua

1834 5359 2093 5415 suadetur
2120 5374 2151 5413 a
2185 5360 2333 5427 Deo,
2384 5372 2640 5426 capacem
2680 5370 2803 5412 esse
2832 5352 3088 5409 virtutis?
3141 5350 3257 5420 Quo
3307 5348 3425 5421 quia

1834 5452 1959 5508 dem
1990 5452 2141 5518 solo,
2174 5462 2231 5507 et
2272 5451 2528 5519 iniquitas
2557 5449 2624 5505 ab
2650 5447 2958 5520 imperante
2988 5444 3345 5516 propellitur,
3371 5449 3426 5499 et

1831 5546 2211 5616 prmvaricanti
2236 5553 2423 5600 reatus
2444 5542 2698 5599 efﬁcitur.
2749 5540 2866 5597 Jam
2890 5554 3021 5597 vero
3048 5539 3187 5605 iste,
3240 5535 3425 5594 erudi-

1832 5646 2011 5693 torum
2041 5638 2230 5698 decus.
2260 5652 2383 5692 cum
2412 5636 2480 5691 de
2512 5636 2605 5692 Dei
2644 5634 2817 5706 gratia
2850 5634 3100 5702 disserit,
3132 5640 3329 5703 quanta
3363 5629 3431 5685 il-

1834 5729 1941 5785 lam
1966 5729 2243 5797 ubertate,
2278 5738 2483 5802 quanta
2530 5729 2695 5787 etiam
2748 5728 2999 5784 cautione
3026 5724 3378 5783 concelebrat
3406 5722 3424 5777 l

1837 5821 1956 5878 Non
1978 5822 2123 5878 enim
2154 5832 2239 5879 est
2264 5822 2318 5879 in
2349 5823 2636 5892 alterutro,
2671 5830 2766 5880 aut
2805 5822 3058 5882 incautus
3086 5826 3180 5878 aut
3199 5817 3428 5881 nimius,
