3882 6284
486 306 589 361 (9.7

920 299 1014 355 AD
1043 295 1321 356 PARTEM
1352 287 1616 347 PRIMAM
1648 288 1936 344 OPERUM
1966 289 2035 343 Μ.
2067 285 2513 346 MERCATORlS
2542 285 2890 346 APPENDIX
2922 285 3261 348 SECUNDA.

482 422 579 481 sed
612 423 664 476 in
696 429 922 490 utroque
950 416 1282 472 moderatus.
1344 411 1434 466 Sic
1469 408 1669 462 liberas
1704 405 1946 461 ostendit
1979 404 2074 458 ho-
2100 405 2155 466 Α
2180 404 2346 461 dotali
2377 415 2605 477 possent
2647 406 2875 474 throno,
2926 422 3215 480 numquam
3265 417 3442 464 tamen
3482 409 3749 482 depellere

483 519 690 576 minum
712 515 1043 579 voluntates,
1075 515 1136 564 ut
1160 508 1224 562 ad
1258 504 1355 560 Dei
1379 513 1560 559 tamen
1587 501 1839 556 mandata
1868 500 2072 555 facien-

484 616 552 669 da
584 611 782 668 divinae
812 609 999 680 gratim
1030 600 1398 660 necessarium
1438 598 1637 668 ubique
1667 596 1898 651 fateatur
1919 595 2072 650 auxi-

483 704 621 760 lium
651 721 664 755 :
696 704 782 758 sic
818 703 1134 755 continuum
1163 693 1362 748 divinae
1389 690 1578 760 gratim
1622 689 1890 746 auxilium
1918 703 2071 744 com-

482 797 728 866 mendat,
760 803 819 850 ut
849 808 948 848 nec
977 789 1153 845 studia
1180 787 1470 842 voluntatis
1495 783 1790 838 interimat.
1823 782 1953 838 Cum
1976 793 2074 836 au-

484 899 595 945 tem
627 892 678 944 in
710 887 922 943 cunctis
952 885 1065 939 fere
1104 881 1366 937 doctrinm
1399 880 1668 949 partibus,
1722 887 1832 931 tum
1877 878 2071 946 praeci-

486 1000 594 1055 pue
622 987 674 1038 in
701 981 1074 1037 exhortatione
1102 973 1314 1042 morali,
1345 984 1509 1044 atque
1537 973 1588 1027 in
1617 969 1869 1026 omnibus
1893 972 2071 1026 cocle-

484 1077 721 1133 siastirze
762 1072 962 1142 regulis
999 1070 1328 1140 disciplinae,
1374 1068 1445 1123 ita
1484 1077 1794 1122 nostrorum
1836 1066 2072 1121 concinit

484 1185 584 1240 per
607 1167 853 1221 universa
882 1164 1189 1227 sententiis,
1213 1172 1274 1220 ut
1299 1175 1393 1218 eos
1425 1176 1584 1232 pene,
1612 1173 1748 1230 quos
1773 1174 2068 1226 numquam

483 1263 620 1318 vidit
645 1261 907 1324 omnino,
953 1257 1019 1312 ad
1057 1272 1273 1311 omnem
1313 1258 1714 1324 Scripturarum
1763 1253 2072 1323 intelligen-

483 1356 612 1410 tiam
640 1352 962 1408 informasse
983 1349 1258 1406 Credatur.
1288 1349 1504 1419 Quanto
1545 1347 1688 1402 enim
1715 1345 2064 1414 exhortandi,

480 1449 537 1504 id
583 1458 686 1514 est,
721 1443 1070 1509 emendandi,
1125 1439 1212 1500 vel
1262 1442 1425 1500 etiam
1471 1441 1768 1497 exornandl
1823 1440 2069 1495 homines

482 1557 668 1596 amore
721 1548 997 1602 teneatur,
1043 1539 1146 1591 hoc
1177 1537 1445 1607 prmcipue
1495 1551 1658 1605 opere
1707 1534 1980 1590 declarat:
2015 1535 2068 1590 in

483 1652 591 1707 quo
629 1645 748 1690 cum
780 1632 1084 1699 susceperit
1129 1630 1592 1686 commendatoris
1623 1630 1892 1696 ofllclum,
1953 1644 2071 1686 cer-

481 1738 592 1781 tam
651 1723 1074 1793 uniuscujusque
1129 1722 1253 1778 libri
1293 1731 1499 1792 partem
1540 1725 1875 1792 expositione
1916 1738 2067 1778 com-

2176 507 2399 572 possent
2427 501 2683 557 veritate.
2736 501 3003 571 Optimam
3041 503 3222 572 itaque
3267 501 3671 560 meditationem
3699 509 3748 565 in

2175 593 2461 649 occasione
2492 594 2657 649 rebus
2688 605 3029 665 exsequens,
3064 595 3253 650 maluit
3284 594 3556 666 pontiﬁcis
3588 598 3745 657 hono-

2176 701 2292 742 rem
2321 685 2654 742 confessoris
2690 686 2954 758 dignitate
2983 689 3289 755 cumulare,
3319 704 3478 759 quam
3515 689 3745 750 adulato-

2174 781 2248 836 ris
2275 780 2521 836 fmditate
2546 797 2922 852 corrumpere.
2951 782 3070 838 lam
3093 799 3222 838 vero
3253 784 3380 838 illud
3410 786 3564 855 quasi
3594 801 3742 855 pecu-

2175 874 2308 931 liare
2340 876 2613 946 quoddam
2644 877 2883 932 custodit
2910 891 2974 932 ac
3000 879 3299 949 proprium,
3321 877 3464 935 unde
3484 895 3514 934 a
3546 890 3602 936 se
3622 897 3744 950 pra-

2174 970 2333 1040 cipoe
2369 984 2467 1041 pro
2512 971 2871 1028 similitudine
2899 973 3062 1028 studii
3103 973 3277 1043 possit
3321 973 3587 1043 adamari,
3616 979 3741 1046 quod

2173 1064 2383 1120 scilicet
2411 1079 2632 1132 semper
2675 1065 2942 1120 sollicitus
2963 1105 2978 1132 ,
3009 1080 3226 1136 semper
3265 1067 3518 1138 vigilans,
3546 1084 3742 1139 semper

2174 1157 2347 1212 noxia
2388 1158 2714 1222 securitatis,
2756 1158 2844 1213 vel
2872 1157 3054 1229 potius
3084 1159 3347 1215 mortiferi
3389 1162 3628 1232 stuporis
3658 1165 3739 1218 iui.

2173 1251 2382 1314 micus,
2417 1250 2616 1318 ubique
2646 1250 2934 1305 utilitatem
2983 1252 3443 1320 compunctionis,
3497 1265 3741 1324 compun-

2173 1351 2294 1398 ctus
2325 1343 2440 1412 lpse
2470 1342 2835 1398 commendat.
2870 1343 3134 1410 Quocirca
3168 1343 3392 1399 forsitan
3443 1343 3563 1415 ejus
3587 1348 3740 1403 oratio

2173 1447 2441 1504 nusquam
2468 1433 2580 1490 fere
2604 1434 2659 1489 in
2687 1450 2936 1506 pompam
2962 1435 3211 1490 elevatur
3231 1434 3501 1502 dicentis;
3524 1437 3620 1492 sed
3646 1446 3737 1496 tota

2173 1525 2242 1580 ad
2301 1526 2583 1582 utilitatem
2632 1538 2851 1597 aptatur
2907 1528 3201 1586 audientis.
3243 1529 3343 1586 Est
3381 1530 3527 1585 enim
3584 1531 3737 1600 stylus

2174 1619 2312 1690 ipse,
2345 1620 2488 1691 quod
2513 1621 2733 1692 quidem
2763 1623 2817 1677 in
2844 1637 2945 1678 suo
2985 1635 3152 1692 opere
3183 1622 3353 1692 magis
3400 1622 3732 1681 animadverti

2173 1721 2385 1782 potest,
2435 1713 2690 1769 Ecclesia
2726 1713 2948 1770 auribus
2983 1714 3618 1781 accommodatissimus,
3645 1719 3734 1786 pri-

480 1819 637 1889 pleus
658 1861 672 1886 ,
707 1817 916 1887 reliqua
971 1817 1145 1872 amica
1187 1811 1328 1883 sibi,
1375 1825 1431 1872 et
1476 1831 1636 1887 quam
1683 1816 2070 1886 perfectissima
2097 1801 2148 1870 Β
2175 1820 2333 1862 lcum
2361 1805 2514 1871 ἱΙΙιιά,
2543 1805 2639 1862 sed
2671 1805 2940 1861 eruditum
2971 1805 3191 1863 dicendi
3217 1822 3389 1878 genus
3411 1811 3732 1878 caprices;

479 1921 658 1984 potest
687 1911 1087 1980 exhortatione,
1136 1912 1405 1982 producit.
1460 1913 1519 1968 In
1559 1914 1689 1983 ipsis
1725 1927 1938 1984 quoque
1975 1927 2069 1970 ex-

480 2005 809 2075 positionum
841 2004 991 2070 locis,
1020 2020 1140 2075 quae
1169 2005 1388 2075 quidem
1422 2006 1582 2074 plena
1611 2015 1734 2060 sunt
1777 2005 2065 2068 acuminis,

477 2095 758 2166 ponderis,
788 2097 1212 2164 consequentiae,
1237 2096 1581 2164 eruditionis,
1614 2096 1880 2163 medullm,
1929 2096 2066 2152 nihil

477 2187 650 2256 magis
681 2188 911 2242 intendit
934 2188 1113 2253 aliud,
1160 2204 1318 2258 quam
1349 2175 1559 2255 ne,'vel
1591 2188 1806 2259 exigua,
1839 2189 2063 2242 morali-

477 2278 605 2332 tatis
636 2289 833 2347 puncta
858 2290 1164 2348 prattereat,
1192 2280 1345 2350 quasi
1371 2282 1461 2350 qui
1501 2279 1723 2334 omnino
1753 2294 1891 2349 pene
1913 2281 2065 2334 solus

475 2372 764 2427 consilium
787 2373 987 2427 divinae
1014 2375 1145 2442 legis
1175 2372 1475 2442 inspexerit
1511 2391 1525 2429 :
1556 2389 1673 2443 qum
1693 2414 1708 2438 ,
1743 2388 1864 2427 cum
1909 2374 2065 2427 iuno-

472 2464 640 2518 meris
671 2465 743 2519 sit
765 2465 970 2520 intexta
989 2468 1190 2530 causis,
1214 2467 1281 2519 ad
1311 2481 1473 2522 unum
1498 2477 1674 2522 tamen
1698 2468 1858 2520 linem
1882 2466 2062 2520 omnia

472 2556 728 2625 reducit,
762 2567 817 2611 ut
847 2557 1059 2612 scilicet
1107 2557 1390 2622 homines.
1442 2559 1640 2628 quibus
1666 2557 1793 2614 data
1834 2568 1948 2625 est,
1995 2557 2062 2613 ad

471 2664 714 2705 amorem
767 2651 864 2707 Dei
921 2653 1268 2723 studiumque
1313 2654 1525 2708 virtutis
1570 2653 1850 2708 accendat.
1908 2653 2062 2722 Quod

471 2756 604 2797 vero
649 2744 788 2797 istud
839 2759 945 2800 non
995 2745 1062 2799 ad
1099 2747 1516 2801 ostentationem
1545 2746 1834 2818 quamdam
1877 2745 2058 2813 faciat,

469 2845 528 2892 et
548 2835 803 2890 fetentem
834 2836 982 2892 illam
1011 2838 1202 2907 gloria
1233 2839 1528 2895 vanitatem
1554 2879 1567 2904 ,
1593 2855 1715 2895 cum
1744 2851 1854 2897 tota
1884 2853 1935 2898 et
1957 2841 2059 2896 do-

471 2929 663 2983 ctrinae
703 2929 849 2982 illius
869 2967 884 2992 ,
917 2939 974 2983 et
1003 2943 1245 2993 morum,
1275 2931 1365 2999 qui
1397 2934 1559 2986 etiam
1598 2932 1651 2986 in
1695 2933 1910 3000 scriptis
1940 2933 2060 3003 ejus

470 3017 751 3084 relucent,
778 3018 1140 3084 contlnentia,
1188 3028 1298 3074 tum
1340 3021 1502 3075 etiam
1533 3021 1656 3077 vita:
1680 3023 1802 3077 linis
1831 3025 1945 3092 ipse
1974 3031 2056 3079 te-

472 3119 662 3164 statur.
715 3109 926 3181 Nempe
955 3111 1104 3167 omni
1132 3112 1228 3168 ille
1255 3129 1533 3180 sermone,
1581 3131 1688 3170 non
1717 3117 2056 3173 solummodo

2171 1900 2406 1966 medius,
2457 1899 2700 1971 aequalis,
2737 1909 3004 1964 maturus,
3055 1899 3318 1970 pudicus;
3369 1900 3586 1957 alienus
3609 1903 3734 1957 omni

2171 1995 2241 2050 ab
2268 1994 2490 2051 incuriae
2517 1995 2676 2064 culpa
2708 2008 3009 2064 pompaque
3043 1993 3301 2059 luxuriae;
3335 2009 3442 2050 non
3459 1994 3733 2063 squallidus

2171 2089 2411 2158 quidem,
2438 2103 2542 2144 nec
2571 2097 2747 2142 tamen
2777 2085 3040 2153 ﬂoridus;
3067 2103 3173 2142 non
3203 2089 3507 2157 impolitus,
3534 2089 3625 2144 sed
3651 2104 3730 2144 ne-

2171 2199 2274 2256 que
2302 2184 2466 2238 nimia
2495 2183 2796 2238 subtilitate
2824 2182 3073 2246 limatus;
3119 2195 3230 2236 non
3259 2182 3558 2252 asperitate
3586 2182 3728 2237 horri-

2169 2279 2294 2343 dus,
2318 2291 2417 2332 nec
2447 2284 2627 2331 tamen
2651 2275 2965 2330 ammnitate
3009 2275 3275 2339 lascivus;
3302 2275 3592 2330 maximam
3629 2273 3728 2328 ubi-

2168 2387 2273 2444 que
2303 2372 2514 2440 copiam
2537 2409 2554 2437 ,
2585 2368 3070 2438 admirabilemque
3101 2367 3345 2424 iudicans
3398 2368 3694 2421 facultatem
3713 2406 3727 2432 ,

2169 2479 2433 2536 nusquam
2463 2472 2641 2519 tamen
2670 2463 3021 2518 ambitionem
3047 2461 3333 2531 loquendi:
3359 2475 3428 2516 eo
3447 2460 3507 2515 fit
3529 2469 3584 2514 ut
3602 2460 3727 2516 illum

2168 2559 2338 2629 magis
2384 2559 2612 2628 simplex
2667 2558 2839 2612 lector
2868 2556 3150 2626 intelligat,
3184 2567 3238 2611 et
3267 2554 3451 2610 laudet
3495 2554 3724 2610 disertus.

2167 2652 2327 2707 Certe
2352 2652 2496 2722 quod
2522 2650 2590 2705 ab
2621 2650 2745 2706 aliis
2774 2665 2990 2720 quoque
3015 2647 3261 2718 plurimis
3283 2645 3476 2702 audire
3507 2645 3722 2716 potuisti,

2166 2759 2356 2800 omnes
2402 2743 2514 2814 jam
2567 2743 2958 2800 ecclesiastica:
2997 2740 3313 2797 Craacorum
3363 2738 3721 2805 bibliotheca,

2164 2846 2289 2909 post
2315 2850 2422 2892 tam
2453 2838 2630 2892 varias
2661 2847 2902 2894 veterum
2945 2838 3294 2905 scriptorum,
3327 2834 3725 2905 splendidasque

2163 2931 2401 2996 divitias,
2451 2941 2569 3000 post
2598 2940 2676 2984 tot
2716 2929 3008 3001 insignium
3040 2929 3427 2997 magistrorum
3468 2937 3575 2984 tam
3599 2928 3722 2986 clara

2165 3021 2390 3089 lumina,
2425 3021 2582 3091 hujus
2614 3023 2888 3091 prtecipue
2915 3021 3276 3076 voluminibus
3319 3029 3602 3076 ornantur.
3634 3017 3720 3076 Ds-

2164 3114 2328 3183 uique
2355 3123 2409 3168 et
2437 3116 2610 3169 sancti
2642 3113 2826 3169 Basilii
2870 3113 3252 3168 admirabilem
3281 3113 3431 3170 illam
3455 3127 3635 3168 curam
3657 3112 3724 3168 loc

470 3203 853 3270 emendat,sed
870 3204 1034 3262 etiam
1056 3215 1249 3272 armat,
1274 3207 1536 3264 auditoris
1561 3211 1823 3264 animum.
1855 3209 2059 3280 Nempe
2085 3190 2132 3265 0
2165 3207 2386 3275 quendi,
2422 3215 2474 3261 et
2505 3207 2753 3262 Antiochi
2785 3205 3123 3276 plausibilem
3166 3220 3445 3275 pompam,
3478 3218 3535 3264 ot
3571 3205 3720 3260 subli-

473 3308 583 3352 tota
612 3299 729 3368 ejus
751 3309 805 3353 et
828 3299 1143 3370 principalis
1166 3301 1396 3356 intentio
1432 3310 1547 3368 est,
1593 3316 1702 3356 non
1734 3311 1842 3358 tam
1874 3305 2054 3374 priva-

474 3399 585 3444 tam
624 3393 814 3457 istam,
856 3401 909 3448 et
938 3395 1090 3468 .lnter
1135 3409 1516 3465 prosperorum
1546 3412 1712 3468 opaca
1758 3399 2057 3458 latitantem

474 3487 815 3542 honestatem
845 3486 1064 3554 docere,
1092 3505 1252 3558 quam
1276 3491 1422 3547 illam
1443 3494 1687 3561 quotidie
1709 3504 1978 3565 tamquam
2004 3497 2057 3552 in

471 3579 586 3633 acie
612 3578 982 3647 dimicantem,
1028 3589 1086 3638 et
1113 3598 1234 3652 quae
1263 3585 1467 3655 absque
1491 3586 1601 3641 ullo
1625 3586 1912 3658 dispendio
1951 3590 2054 3657 sui,

471 3674 899 3742 tribulationum,
930 3687 985 3731 et
1014 3677 1254 3733 cedatur
1282 3679 1566 3748 imbribus,
1609 3690 1664 3736 et
1690 3691 1876 3737 uratur
1897 3683 2056 3738 ardo-

469 3769 620 3821 ribus
641 3809 656 3833 ,
688 3767 974 3824 instituere
1000 3769 1279 3825 virtutem.
1340 3772 1487 3827 Hanc
1517 3774 1687 3842 ipsam
1718 3775 1788 3830 ita
1817 3775 1906 3830 ille
1929 3777 2058 3830 insi-

469 3861 591 3932 gnis
632 3862 889 3919 Ecclesia)
925 3865 1218 3935 magister,
1265 3873 1322 3921 et
1341 3881 1503 3922 verus
1533 3865 1733 3923 Christi
1765 3869 2056 3939 discipulus

468 3954 732 4023 implevit,
763 3965 820 4009 ut
851 3955 939 4012 illa
970 3959 1171 4024 omnia,
1216 3973 1338 4029 quae
1363 3960 1433 4016 de
1458 3961 1748 4016 asserenda
1770 3962 1932 4018 etiam
1962 3975 2056 4032 per

465 4057 698 4110 mortem
723 4054 924 4106 virtute
948 4051 1240 4119 disseruit,
1289 4069 1398 4109 non
1427 4066 1530 4109 tam
1562 4057 1680 4110 aliis
1699 4099 1713 4122 ,
1765 4069 1925 4128 quam
1952 4058 2056 4113 sibi

474 4141 693 4196 omnino
746 4144 851 4198 soli
902 4145 1206 4201 inculcasse
1248 4147 1514 4203 videatur.
1597 4149 1839 4220 Denique
1888 4152 2052 4207 vitam

466 4234 614 4289 illam
645 4236 792 4289 omni
817 4237 887 4289 ab
913 4237 1276 4294 adolescentia
1315 4242 1600 4298 sanctitate
1638 4242 1930 4313 fulgentem
1953 4287 1970 4314 ,
2001 4255 2056 4300 et

465 4327 523 4382 in
550 4329 857 4382 sacerdotio
882 4331 1034 4387 mille
1069 4333 1373 4404 insignibus
1403 4335 1754 4403 perfectionis
1783 4349 2049 4408 ornatam,

467 4418 629 4471 etiam
688 4420 1027 4486 passiouibus
1083 4439 1185 4492 pro
1230 4425 1454 4493 justitim
1509 4443 1698 4484 amore
1755 4429 2050 4486 decoravit.

465 4509 621 4576 Quod
649 4521 798 4566 certe
821 4513 998 4580 alicui,
1034 4515 1291 4572 Eccleeiis
1319 4517 1372 4572 in
1393 4533 1522 4586 pace
1550 4522 1896 4590 degentibus,
1929 4539 2054 4592 proc-

2163 3318 2305 3357 mem
2332 3303 2480 3356 illum
2504 3301 2750 3372 Gregorii
2777 3302 3130 3366 cethuruum,
3164 3299 3322 3357 facile
3353 3299 3622 3369 intelligas
3641 3297 3722 3352 hac

2161 3395 2388 3452 Joannis
2419 3393 2709 3450 medietate
2753 3403 3024 3463 superata.
3059 3393 3134 3449 lta
3173 3395 3321 3448 enim
3353 3394 3551 3466 stylum
3587 3407 3719 3447 suum

2160 3490 2442 3557 inviolata,
2469 3498 2525 3543 ut
2554 3483 2812 3554 diximus,
2843 3485 3102 3544 facultate
3129 3497 3471 3558 regnantem,
3507 3485 3722 3554 Seriptu-

2161 3599 2343 3640 rarum
2384 3583 2583 3653 ubique
2625 3591 2682 3639 et
2707 3597 2907 3652 sapore
2931 3583 3146 3647 imbuit,
3193 3591 3248 3636 et
3276 3582 3435 3652 tingit
3460 3582 3722 3644 colore,“

2161 3677 2239 3734 illi
2264 3678 2481 3748 quidem
2512 3677 2578 3732 de
2605 3686 2869 3747 apparatu
2899 3677 3099 3746 eloquii
3129 3677 3438 3740 remittere,
3488 3676 3590 3730 iste
3613 3679 3722 3727 vero

2162 3773 2230 3830 de
2258 3772 2539 3844 majestate
2559 3771 2960 3840 Scripturarum
2993 3785 3285 3827 coruscare
3311 3770 3580 3826 videatur.
3601 3767 3721 3824 Sola

2161 3868 2230 3923 ab
2260 3884 2327 3924 eo
2355 3868 2579 3924 forsitan
2609 3867 3141 3924 adolescentulorum
3173 3867 3353 3922 minus
3383 3866 3584 3923 blande
3607 3865 3722 3922 ntul-

2161 3973 2389 4018 ceautur
2419 3977 2597 4030 ames,
2627 3963 2824 4032 quibus
2847 3962 2901 4016 in
2926 3962 3053 4017 ludo
3089 3962 3278 4031 positis
3305 3961 3607 4016 litterarum
3633 3975 3720 4014 non

2159 4061 2268 4108 tam
2293 4055 2508 4124 placent
2531 4053 2699 4109 solida
2727 4067 2890 4124 quam
2918 4056 3078 4124 picta,
3103 4055 3300 4125 Quique
3326 4053 3547 4124 pulchra
3569 4054 3722 4123 potius

2158 4163 2318 4218 quam
2370 4147 2523 4202 utilia
2569 4157 2869 4213 sectantur,
2930 4163 3032 4204 nec
3085 4157 3194 4203 tam
3243 4150 3462 4219 agentia
3511 4149 3720 4215 diligunt

2158 4255 2318 4310 quam
2340 4242 2610 4303 sonantia,
2634 4243 2911 4312 magisque
2936 4243 3171 4312 gaudent
3201 4241 3396 4298 florum
3425 4241 3719 4298 ammriitate

2157 4334 2477 4404 conspergi,
2522 4347 2684 4404 quam
2739 4334 2952 4404 frugum
3002 4334 3255 4391 ubertate
3306 4335 3524 4390 nutriri.
3590 4335 3720 4388 llune

2159 4427 2322 4497 igitur
2348 4427 2393 4480 si
2419 4427 2548 4480 satis
2580 4427 2846 4480 minorem
2876 4441 2935 4481 se
2980 4427 3033 4480 in
3067 4427 3260 4481 Latino
3304 4442 3576 4499 apparere
3597 4425 3716 4489 feci,

2158 4532 2265 4573 non
2295 4529 2401 4572 tam
2427 4519 2577 4586 mihi,
2607 4518 2828 4574 domine
2865 4518 3214 4580 venerabilis,
3239 4533 3401 4591 quam
3437 4521 3534 4574 tibi
3565 4521 3719 4586 impu-

464 4605 671 4668 Venire,
706 4605 940 4676 ingentis
969 4607 1133 4661 animi
1167 4611 1462 4680 proculque
1489 4611 1557 4666 ab
1585 4587 1731 4668 omni
1773 4587 2047 4670 hominum
2079 4587 2134 4655 Β
2159 4619 2275 4665 tare
2306 4610 2497 4677 debes,
2542 4613 2632 4680 qui
2677 4626 2764 4666 me
2793 4611 2858 4665 ad
2880 4627 3006 4667 eunt
3047 4587 3482 4666 transferendum
3507 4620 3655 4666 tanto
3676 4617 3721 4663 el

462 4698 633 4768 gloria
665 4710 891 4754 remota:
917 4702 1143 4767 mentis,
1172 4717 1416 4774 rarasque
1446 4706 1669 4760 omnino
1699 4708 1911 4763 virtutis
1943 4721 2046 4766 est.

465 4790 617 4859 Quod
645 4803 824 4847 autem
856 4793 910 4848 in
938 4795 1170 4865 septimo
1196 4797 1350 4851 istius
1381 4797 1518 4852 libro
1548 4803 1732 4868 operis
1763 4802 2046 4870 indicatur,

461 4883 640 4938 adhuc
681 4885 984 4942 Antiochia
1025 4889 1305 4960 presbyter
1342 4890 1455 4946 hac
1477 4931 1492 4956 ,
1521 4893 1722 4962 quibus
1747 4895 1889 4950 illam
1925 4906 2051 4952 tunc

459 4975 761 5033 Ecclesiam
812 4980 1133 5048 :edilicabat,
1185 4986 1383 5054 scripta
1427 4989 1750 5056 composuit.
1827 4990 1904 5044 Ex
1941 5007 2050 5061 quo

459 5071 636 5136 magis
677 5073 954 5142 magisque
993 5076 1350 5145 perspicitur,
1403 5079 1553 5136 illum
1594 5092 1701 5136 non
1742 5084 2049 5138 temeritate

458 5163 692 5230 quadam
718 5204 733 5228 ,
765 5175 860 5218 aut
880 5166 1197 5226 dissonante
1222 5185 1251 5224 a
1278 5172 1392 5228 suis
1421 5173 1660 5227 mmihm
1688 5175 1966 5243 libertate,
1993 5178 2048 5233 in

456 5256 626 5324 regali
658 5267 846 5324 postea
871 5259 1004 5314 urbe
1031 5261 1406 5330 pontiﬁcatum
1437 5275 1706 5320 tenentem
1729 5305 1745 5332 ,
1801 5277 1926 5322 nota
1954 5269 2046 5324 illa

455 5358 514 5400 et
542 5349 774 5402 maxima
800 5351 1082 5407 adversum
1104 5369 1164 5408 se
1192 5358 1554 5413 commovisse
1571 5360 1865 5414 certamina
1890 5378 1906 5428 ;
1948 5363 2044 5418 sed

455 5435 534 5524 ita
563 5450 624 5490 se
654 5439 952 5497 instituisse
978 5459 1214 5514 semper,
1265 5456 1480 5514 tamque
1506 5460 1840 5519 constanter,
1884 5463 2044 5524 atque

424 5523 712 5593 'ilrmiter,
755 5542 944 5588 contra
991 5549 1182 5591 omnes
1243 5538 1548 5608 iniquorum
1595 5551 1874 5612 catervas,
1946 5523 2044 5615 pro

457 5617 704 5707 veritatis
755 5635 819 5675 ac
863 5622 1086 5690 justitite
1138 5639 1289 5698 parte
1329 5631 1580 5701 jurasse,
1648 5644 1705 5690 ut
1749 5637 2044 5707 quamlibet

459 5706 724 5765 adversus
762 5728 920 5784 eum,
969 5720 1055 5776 vel
1101 5723 1440 5780 sacerdotum
1465 5729 1717 5796 nomina,
1748 5706 1832 5786 vel
1856 5747 2040 5802 reg-um

460 5814 608 5860 arma
637 5817 1061 5883 concurrerent,
1107 5813 1385 5890 depellere
1418 5821 1635 5899 quidem
1668 5823 1820 5885 illum
1858 5839 2036 5888 sacer-

2155 4706 2497 4759 uuctoritatis
2523 4707 2771 4774 imperio,
2799 4716 2852 4760 et
2880 4705 3252 4760 blandimento
3289 4705 3572 4760 charitatis
3615 4704 3722 4756 lser-

2157 4806 2300 4850 tatus
2322 4812 2402 4860 es,
2434 4806 2490 4850 ut
2511 4797 2582 4852 illi
2607 4797 2831 4866 aliquid,
2856 4797 3020 4852 immo
3044 4813 3174 4851 vero
3207 4797 3524 4866 plurimum,
3555 4797 3621 4852 de
3640 4795 3720 4849 lto-

2155 4905 2289 4944 nore
2311 4889 2590 4944 dumtaxat
2619 4891 2746 4959 styli
2773 4889 2992 4945 auferre
3035 4890 3282 4957 mallem,
3331 4905 3499 4962 quin
3531 4890 3720 4946 crimen

2154 4981 2215 5038 in
2237 4993 2287 5036 te
2317 4981 2520 5037 diutius
2551 4981 2853 5036 recusando
2882 4983 3244 5037 committere.
3273 4982 3417 5038 Sane
3447 4997 3546 5050 pro
3571 4979 3722 5050 quali.

2152 5092 2382 5146 cumque
2432 5075 2534 5130 hac
2583 5091 2704 5130 mea
2751 5090 2939 5144 opera,
2981 5076 3378 5146 amplissimum
3426 5075 3721 5132 orationum

2153 5177 2362 5224 tuarum
2401 5183 2599 5223 munus
2627 5183 2874 5237 reposco,
2917 5183 3024 5240 quo
3055 5167 3268 5224 scilicet
3297 5184 3420 5236 nos,
3453 5177 3511 5225 ut
3551 5181 3724 5225 exem-

2151 5263 2262 5332 plo,
2291 5262 2364 5316 ita
2393 5262 2559 5316 etiam
2589 5261 2834 5330 precibus
2863 5261 2973 5317 tuis
2994 5261 3168 5331 juves,
3187 5271 3246 5316 ut
3268 5261 3478 5330 aliquid
3503 5261 3570 5316 de
3591 5258 3724 5314 illius

2149 5356 2253 5412 viri
2305 5358 2509 5411 virtute
2556 5357 2829 5424 possimus
2860 5355 3078 5410 imitari.
3137 5355 3347 5410 Hetnor
3394 5355 3564 5409 nostri
3617 5357 3722 5408 este

2148 5466 2366 5522 semper
2394 5453 2444 5504 in
2471 5448 2710 5515 Christo,
2743 5449 2968 5504 domine
2994 5449 3197 5505 merito
3225 5449 3560 5505 beatissime.

2297 5565 2530 5635 Epistola
2555 5566 2770 5637 prwﬁza
2793 5565 3023 5620 homih‘is
3050 5565 3115 5620 de
3130 5563 3400 5620 Laudibus
3415 5562 3597 5618 Pauli.

2221 5662 2449 5718 Domino
2491 5672 2678 5718 sancto
2707 5660 2987 5788 Evangelo
3033 5661 3353 5734 presbytero
3385 5658 3662 5716 Annianus

2815 5748 2878 5788 sa
2901 5750 2936 5788 υ
2961 5747 3069 5788 em.

2228 5826 2458 5890 Recenti
2483 5828 2861 5906 experimento
2900 5828 3083 5901 didici,
3134 5839 3299 5905 quam
3324 5827 3437 5891 sint
3460 5822 3609 5890 utilia
3634 5819 3724 5882 οδ·
