3882 6284
698 255 1008 318 υιειδεῐιτ.
1044 258 1157 317 νη.
1191 259 1279 316 DE
1308 258 1495 316 ORTU
1528 259 1613 314 ET
1643 257 1765 315 ΜΟ]

1872 255 2111 314 liENTlS
2141 254 2464 314 HERESIS
2497 257 2940 318 PELAGIANE.

3338 259 3444 327 630

179 377 528 453 sequentibus
561 376 786 446 imperia
815 376 1102 443 bonorum,
1135 376 1226 446 qui
1257 374 1492 429 rectiore
1523 372 1753 443 quadam
1781 373 1838 434 Α
1858 370 2179 440 discipulos,
2227 385 2387 442 quam
2415 371 2570 426 nobis
2618 377 2805 427 contra
2837 384 2981 429 rem
3013 374 3453 448 fidei'oppugnl-

180 470 539 546 ingredientes
570 469 917 541 benignitatis
944 468 1026 524 vta
1046 514 1059 538 ,
1090 459 1354 523 liciteﬂCl’a
1376 465 1629 522 deferunt
1656 464 1758 520 sub

180 567 358 640 specie
403 561 685 636 jussionis.
740 561 886 632 Quid
917 561 1058 617 enim
1092 547 1220 619 mihi
1269 559 1582 632 jucundius,
1631 551 1759 630 quid

179 663 509 719 fructuosius
537 659 804 728 imperare
853 658 1094 729 potuisti,
1134 673 1293 732 quam
1319 667 1377 712 ut
1405 672 1472 712 ex
1497 655 1638 711 beati
1659 653 1761 710 viri

182 753 401 811 Joannis
424 752 680 823 cperibus
704 751 755 806 in
775 759 1017 807 nostrain
1041 752 1276 821 litigUam
1300 750 1478 821 aliqua
1505 749 1763 805 transfer-

184 863 320 912 rem,
365 845 417 901 id
446 854 562 912 est,
591 855 799 915 septem
835 844 1046 901 libellos
1075 845 1214 914 ejus,
1256 861 1390 914 quos
1421 860 1584 916 super
1624 859 1760 913 apo-

183 941 304 996 stoli
337 940 488 995 Pauli
518 940 766 995 laudibus
793 940 847 995 in
875 940 1117 995 Ecclesia
1157 939 1444 1010 aliquando
1471 940 1764 995 disseruit?

184 1034 370 1101 inquo
423 1031 553 1086 mihi
603 1032 704 1086 etsi
758 1033 812 1086 in
838 1038 1088 1086 sermone
1140 1034 1425 1103 peregrino
1473 1032 1760 1087 admodum

185 1124 324 1194 rudi,
353 1125 471 1196 plus
500 1123 683 1181 evenit
711 1123 886 1180 tamen
912 1125 1204 1196 voluptatis
1229 1133 1284 1182 et
1303 1125 1572 1182 commodi
1604 1141 1763 1196 quam

182 1218 384 1273 laboris
410 1237 425 1272 :
458 1225 701 1273 secutum
732 1227 817 1273 est
845 1221 1012 1284 enim,
1043 1225 1101 1273 ut
1127 1234 1252 1274 eum
1285 1218 1374 1273 tibi
1399 1205 1525 1274 dum
1554 1231 1766 1276 vertere

179 1327 344 1368 conor
364 1324 397 1366 e
422 1311 635 1378 Graeco,
670 1312 910 1381 pressius
954 1311 1069 1381 ipse
1099 1312 1485 1379 eombiberem,
1529 1312 1766 1382 plenius-

181 1417 280 1476 que
310 1413 418 1459 tam
450 1404 675 1475 insignis
698 1404 963 1460 doctrinas
983 1405 1206 1461 veritate
1238 1405 1563 1476 perfruerer,
1590 1407 1767 1462 maxi-

181 1515 263 1555 me
288 1515 414 1555 cum
446 1498 644 1569 ubique
694 1497 849 1555 dives
881 1499 1152 1570 ingenium
1178 1500 1231 1556 in
1257 1501 1483 1557 materia
1532 1500 1769 1570 locuple-

185 1592 318 1646 tiore
346 1599 625 1646 versetur.
658 1590 860 1647 Beatus
893 1594 1039 1646 enim
1073 1593 1162 1647 hic
1191 1591 1391 1648 Paulus
1417 1593 1764 1662 exprimitur,

181 1703 285 1743 non
332 1685 527 1742 fucatas
565 1685 794 1756 alicujus
840 1686 1018 1742 laudis
1065 1683 1416 1743 adumbratos
1468 1688 1762 1758 coloribus,

1862 462 2064 518 tionem
2087 462 2282 518 auxiliis
2311 467 2670 534 praeparas'Se.
2695 457 2938 534 Quantus
2965 466 3107 522 anim
3132 461 3226 524 ille
3254 469 3453 526 adver-

1865 573 1957 615 sus
2004 561 2428 616 necessitatem?
2467 561 2714 629 Quantus
2767 580 2862 632 pro
2893 563 3068 618 libero
3106 566 3276 634 surgit
3306 565 3456 622 arbi-

1865 651 2016 706 trio?
2073 653 2244 720 Quam
2301 663 2610 708 nostrorum
2662 653 2812 710 libris
2865 655 3064 726 ubique
3120 657 3449 725 concinens,

1863 742 2156 800 voluntatis
2181 745 2303 815 jure
2326 755 2563 811 servato,
2590 746 2783 802 divinae
2806 749 2994 817 gratiae
3025 749 3271 817 praesidia
3303 755 3452 805 com-

1866 831 2129 893 mendat?
2157 836 2326 905 Quam
2357 846 2545 893 contra
2586 841 2825 894 omnium
2857 839 3110 894 vitiorum
3156 841 3454 910 tenebras,

1864 947 2028 1004 quam
2050 946 2151 1001 pro
2178 943 2496 988 cunctarum
2530 934 2752 1000 Specqu
2781 935 3040 988 virtutum
3073 925 3455 1004 splendidissi-

1865 1039 2012 1080 mum
2041 1037 2136 1080 vas
2161 1025 2445 1080 eieCtionis
2463 1026 2722 1095 opponit?
2752 1026 2954 1090 Primo,
2985 1027 3202 1083 beatum
3227 1021 3455 1082 Paulum

1865 1119 2074 1185 libello,
2109 1127 2163 1174 et
2189 1117 2440 1175 omnibus
2479 1113 2817 1189 praeferendo
2874 1121 3098 1188 sanctis,
3151 1119 3204 1174 et
3248 1107 3456 1190 angelis

1867 1211 2221 1269 conferendo.
2269 1211 2542 1278 Secundo,
2575 1228 2643 1269 ex
2671 1211 2962 1269 virtutibus
3001 1213 3118 1283 ejus
3141 1220 3302 1283 atque
3331 1229 3458 1268 sen-

1867 1304 2051 1362 tentiis
2079 1306 2280 1361 bonum
2301 1303 2600 1360 asSerendo
2633 1311 2860 1360 naturae.
2894 1306 3098 1374 Tertio,
3134 1308 3251 1374 ejus
3276 1304 3458 1360 chari-

1870 1406 2033 1453 tatem
2079 1411 2189 1468 prae
2229 1406 2548 1452 cunctorum
2597 1397 2770 1452 salute
2811 1397 3271 1454 ferventissimam
3311 1407 3460 1453 eom-

1870 1489 2164 1562 probando.
2223 1491 2446 1559 Quarto,
2474 1491 2540 1545 de
2568 1491 2852 1546 vocatione
2882 1489 3021 1560 ejus,
3055 1503 3108 1546 et
3139 1490 3460 1546 conﬁrmata

1869 1587 2064 1656 ubique
2104 1584 2171 1640 ab
2205 1585 2319 1655 ipso
2351 1582 2626 1654 Evangelii
2659 1583 2891 1638 veritate
2921 1583 3175 1639 dicendo.
3208 1584 3414 1651 Quinto
3438 1625 3456 1649 ,

1868 1677 1936 1734 de
1971 1677 2314 1746 passionibus
2345 1677 2463 1747 ejus
2494 1684 2548 1731 et
2591 1675 3052 1746 diSpensationum
3104 1675 3457 1732 ’varietatlbus

180 1778 270 1835 sed
302 1777 603 1835 inviolabili
653 1778 911 1834 virtutum
962 1794 1180 1835 suarum
1210 1781 1441 1836 veritate
1480 1779 1764 1838 formatus.

1872 1765 2211 1827 disserendo.
2239 1769 2429 1836 Sexto,
2455 1768 2717 1826 solvendo
2747 1773 2937 1824 omnes
2967 1768 3086 1824 illas
3109 1771 3456 1840 qttteStiones.

181 1873 348 1941 Quem
373 1882 483 1928 tam
512 1873 720 1943 integre
749 1874 968 1944 ubique,
1002 1882 1112 1928 tam
1141 1875 1334 1941 solide,
1379 1890 1524 1930 nunc
1561 1890 1628 1931 ex
1659 1890 1770 1930 ma-

181 1966 462 2039 gnitudine
484 1982 729 2038 operum,
763 1979 908 2024 nunc
926 1983 991 2023 ex
1029 1967 1431 2025 illuminatione
1460 1970 1730 2026 dietornm
1753 2013 1768 2039 ,

185 2059 342 2114 modo
373 2075 440 2115 ex
487 2059 716 2116 consilio
771 2060 947 2131 vario,
1001 2062 1162 2117 modo
1187 2078 1253 2118 ex
1305 2061 1768 2134 dispensationum

185 2150 478 2221 profundo,
508 2161 622 2206 tum
646 2165 712 2206 ex
736 2152 1018 2208 tolerantia
1061 2154 1397 2224 passionum,
1427 2167 1538 2210 tum
1570 2173 1637 2212 ex
1663 2158 1771 2212 cla-

182 2243 342 2300 ritate
387 2246 662 2316 signorum
695 2245 928 2302 eximius
982 2247 1226 2302 laudator
1259 2250 1513 2317 asseruit,
1561 2260 1618 2306 ut
1663 2257 1769 2308 non

190 2333 508 2404 depinxisse
537 2343 732 2406 solum,
768 2353 959 2393 verum
993 2338 1145 2408 quasi
1175 2340 1240 2396 ad
1275 2339 1622 2411 pratbendum
1655 2360 1771 2400 rur-

183 2443 276 2484 sus
307 2429 652 2500 perfectionis
695 2432 1030 2501 exempium,
1061 2434 1292 2503 quodam
1341 2435 1504 2490 modo
1541 2437 1773 2493 resusci-

187 2530 331 2577 tasse
361 2523 629 2578 videatur.
674 2523 805 2579 Nam
837 2533 958 2579 cum
985 2526 1054 2580 ab
1085 2527 1207 2582 aliis
1233 2535 1551 2582 Cteterorum
1580 2531 1771 2584 merita

184 2613 500 2684 laudantur,
533 2620 784 2672 usitatum
818 2618 1070 2688 quiddam
1115 2621 1292 2676 solent
1316 2629 1476 2691 atque
1517 2623 1664 2678 eitile
1689 2639 1773 2679 re-

179 2721 406 2777 sonare,
438 2719 494 2764 et
523 2709 672 2764 velut
694 2710 747 2764 in
777 2710 1065 2780 superficie
1105 2712 1538 2784 circumvagante
1563 2730 1774 2770 sermo-

179 2815 281 2865 ne,
315 2802 544 2856 virtutes
566 2803 700 2870 lpsa:
730 2804 1042 2859 nominibus
1073 2807 1242 2876 magis
1291 2807 1404 2862 suis
1436 2808 1503 2862 ad
1533 2819 1772 2864 comme-

178 2895 546 2950 morationem
580 2894 834 2952 videntur
874 2899 1082 2964 venire,
1127 2915 1286 2968 quam
1343 2900 1523 2957 rebus.
1577 2901 1772 2959 Beatus

182 2994 370 3041 autem
397 2985 634 3043 Joannes
657 2987 880 3045 Paulum
910 2991 1071 3046 altius
1117 2993 1395 3059 intuendo,
1429 2994 1771 3066 dilucideque

183 3077 236 3132 in
264 3078 502 3134 medium
527 3079 873 3150 proferendo,
905 3083 1050 3152 ipss
1069 3084 1198 3140 mihi
1220 3085 1436 3140 videtur
1465 3088 1770 3156 inspexisse

1870 1869 2068 1937 quibus
2107 1866 2482 1921 Traducianus
2508 1864 2760 1918 obnitens
2791 1863 3009 1919 beatum
3040 1863 3264 1918 Paulum
3296 1863 3460 1918 vitio-

1872 1975 1990 2015 rum
2023 1960 2398 2016 obfuscatioue
2437 1955 2816 2020 eommaculat,
2853 1964 2911 2011 ut
2958 1956 3169 2011 scilicet
3210 1956 3461 2012 fidelibus

1871 2055 1980 2109 suis
2009 2054 2314 2122 apostolico
2341 2052 2592 2118 exemplo
2617 2059 2840 2121 peccata
2871 2049 3147 2104 conciliet.
3191 2048 3459 2118 Septimo,

1871 2147 2049 2218 ignem
2086 2145 2192 2201 zeli
2227 2146 2344 2212 ejus
2372 2143 2424 2198 in
2459 2143 2757 2209 Christum,
2789 2152 2844 2198 et
2872 2153 2998 2198 ante
3029 2142 3292 2199 honorem
3323 2157 3461 2211 quo-

1872 2254 1977 2309 que
2011 2238 2382 2308 apostolatus,
2429 2235 2699 2293 fervorem
2746 2237 2977 2292 docendi
3022 2245 3183 2306 supra
3232 2245 3461 2292 cmteros

1873 2329 2170 2396 efferendo,
2205 2337 2262 2384 ut
2289 2331 2422 2385 satis
2450 2328 2651 2398 liquido
2699 2330 2926 2394 clareat,
2972 2330 3297 2383 exstinctam
3339 2339 3462 2382 esse

1874 2425 2134 2494 peccandi
2164 2424 2569 2489 necessitatem,
2591 2423 2844 2498 quoniam
2859 2421 3118 2477 adversus
3137 2420 3462 2476 Manichazos

1873 2525 1928 2569 et
1953 2516 2198 2570 doctrina
2233 2515 2479 2584 Apostoli
2509 2514 2857 2583 deprzeliatur
2887 2523 2941 2568 et
2967 2515 3096 2568 vita.
3128 2514 3326 2569 Verum
3363 2525 3462 2567 nos

1874 2610 1926 2663 in
1957 2619 2062 2664 tam
2095 2610 2295 2679 egregii
2331 2610 2780 2676 interpretatione
2825 2607 3025 2677 operis,
3071 2606 3173 2673 etsi
3215 2605 3370 2670 nihil,
3403 2613 3462 2660 ut

1876 2713 2024 2773 puto,
2051 2703 2117 2758 de
2139 2717 2396 2758 sensuum
2420 2702 2671 2770 veritate,
2699 2718 2806 2755 non
2831 2710 3010 2756 tamen
3039 2715 3229 2770 parum
3255 2701 3322 2755 de
3343 2701 3460 2755 elo-

1875 2797 1987 2866 quii
2015 2807 2304 2851 venustate
2331 2794 2684 2865 perdidimus,
2735 2795 3081 2864 splendorem
3128 2803 3233 2850 tam
3258 2795 3462 2850 nobilis

1873 2891 1996 2961 styli
2018 2891 2455 2944 etelocutionum
2474 2888 2701 2958 gratiam
2730 2892 3037 2960 caprimere
3063 2905 3166 2944 non
3192 2890 3459 2945 valentes.

1876 2982 1981 3039 Sed
2030 2997 2097 3037 ne
2144 2982 2223 3038 sic
2257 2981 2475 3053 quidem
2530 2990 2581 3037 te
2629 2981 2769 3037 istud
2820 2983 3114 3050 imperasse
3157 2985 3456 3052 pceniteat:

1874 3092 2049 3143 neque
2081 3075 2226 3131 enim
2280 3076 2575 3131 verendum
2609 3077 2705 3130 tibi
2735 3085 2840 3142 est,
2873 3092 2940 3132 ne
2987 3077 3126 3131 forte
3165 3077 3460 3146 asperitate

183 3185 370 3233 venas,
405 3186 469 3226 ac
514 3172 780 3228 medullas
830 3150 1084 3231 virtutum
1124 3179 1462 3246 expressisse
1489 3198 1502 3234 τ
1534 3150 1654 3250 άυω
1696 3182 1767 3237 ita
1795 3150 1842 3215 ο
1875 3168 2242 3224 translationis
2282 3169 2543 3236 offensus,
2579 3169 2831 3224 lcetiOnis
2862 3170 3020 3240 hujus
3067 3183 3254 3226 careas
3300 3171 3460 3226 volu-

186 3279 376 3320 omnes
401 3263 453 3320 in
483 3264 581 3321 ista
607 3257 918 3325 laudatione
943 3269 1156 3337 vivunt,
1181 3275 1252 3326 ita
1279 3267 1504 3328 ﬂoribus
1536 3275 1649 3330 suis
1674 3277 1769 3332 de-

185 3365 445 3412 corantur
491 3367 546 3414 et
598 3358 881 3428 fructibus,
914 3372 971 3416 ut
998 3377 1092 3417 eas
1122 3375 1289 3434 prope
1336 3380 1444 3419 non
1495 3365 1674 3422 minus
1699 3369 1768 3425 ab

187 3450 288 3505 hoc
333 3458 447 3506 tam
476 3450 783 3507 sublimiter
826 3453 1145 3523 explicatas,
1188 3467 1347 3524 quam
1392 3456 1460 3512 ab
1506 3460 1768 3528 Apostolo

186 3541 412 3598 fortasse
441 3544 720 3602 miremur.
746 3544 900 3614 Quod
919 3545 1134 3617 quidem
1157 3561 1292 3618 opus
1313 3565 1378 3604 eo
1399 3567 1521 3607 esse
1543 3552 1682 3622 apud
1713 3563 1766 3610 te

185 3635 467 3690 amabilius
497 3635 659 3692 debet
687 3647 742 3694 et
767 3639 990 3709 gratius,
1015 3641 1158 3710 quod
1184 3652 1493 3697 sanctarum
1518 3643 1765 3713 Scriptu-

185 3739 360 3780 rarum
391 3729 508 3784 luce
530 3731 780 3798 rutilans,
814 3731 1100 3786 clarissimi
1151 3734 1343 3790 sideris
1373 3736 1509 3803 vice,
1549 3745 1759 3791 noctem

186 3813 458 3874 Manichmi
483 3821 684 3878 erroris
703 3822 961 3892 exagitat.
991 3819 1260 3893 Quantum
1283 3827 1424 3882 enim
1451 3827 1605 3882 nobis
1634 3812 1764 3885 con;

185 3913 462 3968 solationis
484 3918 744 3984 exoritur,
773 3933 895 3972 cum
929 3919 1204 3974 cernimus
1232 3929 1338 3975 tam
1359 3923 1593 3987 erudito,
1623 3931 1762 3978 tam-

185 4011 282 4071 que
311 4005 510 4060 illustri
563 4007 799 4062 Orientis
833 4011 1089 4078 magistro
1121 4026 1262 4079 eam,
1307 4027 1467 4082 quam
1502 4014 1555 4067 in
1606 4015 1763 4071 nobis

187 4092 555 4150 ’l’raducianus
575 4105 868 4170 Oppugnat,
891 4101 1058 4156 astrui
1085 4105 1409 4157 veritatem?
1434 4119 1592 4174 quam
1616 4115 1765 4162 certe

185 4187 363 4245 beatus
397 4187 670 4260 Joannes,
705 4199 760 4248 ut
809 4193 862 4249 in
906 4195 1159 4252 omnibus
1194 4191 1344 4252 libris
1387 4198 1531 4262 suis,
1575 4200 1646 4253 ita
1679 4201 1765 4256 hic

186 4296 399 4352 quoque
425 4286 495 4339 ab
524 4285 670 4340 omni
700 4287 964 4342 munitam
1014 4289 1186 4344 latere
1233 4290 1504 4356 custodit,-
1547 4302 1761 4359 armat,

185 4379 449 4445 accendit,
486 4388 542 4434 ut
571 4379 812 4436 videatur
839 4397 946 4437 non
978 4389 1086 4437 tam
1121 4389 1415 4454 praesentes
1442 4383 1764 4441 informasse

1870 3271 2016 3333 ptate
2041 3281 2053 3316 :
2075 3278 2197 3317 cum
2217 3261 2474 3333 quidquid
2495 3262 2653 3317 nobis
2674 3279 2741 3318 ex
2757 3263 2906 3318 cultu
2932 3261 3126 3333 defuit,
3151 3271 3458 3334 ornatuque

1870 3357 2182 3423 verborum,
2217 3356 2268 3409 id
2300 3366 2470 3410 totum
2503 3357 2647 3411 illius
2675 3371 2836 3425 quem
2892 3357 3270 3411 transtitlimus
3292 3399 3305 3418 .
3336 3371 3456 3412 ma-

1869 3446 2060 3517 gniﬁca
2087 3447 2306 3501 inventa
2339 3455 2716 3515 compensent.
2746 3447 2838 3500 Est
2867 3447 3010 3501 enim
3036 3455 3256 3502 sanctus
3287 3447 3454 3503 Joan-

1870 3555 1964 3594 nes
2000 3549 2106 3593 tam
2142 3539 2326 3595 clarus
2359 3545 2505 3592 totus
2548 3553 2612 3592 ac
2653 3538 2910 3608 fulgidus,
2962 3545 3021 3593 ut
3078 3539 3241 3595 facile
3287 3540 3462 3610 possit

1866 3635 2264 3688 sententiarum
2321 3644 2542 3686 suarum
2592 3632 2817 3697 lumine,
2867 3632 3033 3687 etiam
3083 3632 3228 3686 inter
3286 3631 3462 3687 nostri

1867 3724 2136 3780 sermonis
2159 3723 2367 3788 nubila,
2400 3738 2713 3778 coruscare.

1938 3815 2345 3880 Animadverte,
2399 3815 2590 3883 lector,
2632 3821 2832 3884 quanta
2864 3815 2934 3870 sit
2960 3815 3057 3869 has
3085 3816 3226 3870 inter
3257 3815 3460 3880 episto-

1867 3889 1967 3953 las.
2013 3898 2070 3944 et
2117 3887 2309 3942 librum
2340 3887 2407 3942 de
2433 3887 2778 3941 Institutione
2808 3886 3032 3954 virginis
3066 3887 3131 3940 ad
3159 3886 3458 3940 Demetria-

1867 3961 2015 4022 dem,
2047 3959 2377 4018 Latinitatis,
2409 3961 2833 4022 sententiarum,
2871 3957 3160 4023 ﬂgura-oue
3209 3957 3453 4023 dicendi,

1867 4042 1921 4086 ct
1954 4043 2148 4084 vocum
2174 4025 2444 4098 cognatio,
2477 4039 2533 4082 ut
2556 4030 2697 4098 idem
2724 4026 3004 4096 utriusque
3032 4027 3456 4098 elucubrationis

1867 4113 2056 4157 anetor
2087 4097 2271 4168 aperte
2303 4103 2502 4168 pateat,
2537 4097 2840 4152 Annianus.
2885 4097 3268 4152 Animadverte
3313 4101 3456 4168 pari-

1868 4179 1951 4227 ter
1973 4183 2077 4239 quo
2105 4173 2320 4236 merito,
2355 4180 2465 4222 ttttn
2493 4169 2880 4223 tliSscrtatimte
2898 4170 2954 4234 2,
2987 4179 3096 4222 tum
3126 4169 3458 4224 recensendo

1867 4243 2147 4312 epistulam
2177 4243 2243 4295 ad
2268 4239 2692 4312 Demetriadem.
2721 4240 2895 4294 dictus
2927 4241 2996 4294 sit
3028 4243 3322 4312 Annianus
3354 4243 3456 4296 Pe-

1867 4303 1991 4382 la'gii
2018 4311 2270 4384 armiger,
2304 4321 2362 4366 ut
2408 4311 2482 4364 ait
2509 4303 2756 4378 Orosius,
2791 4321 2846 4366 et
2875 4310 3040 4367 veluti
3073 4312 3278 4384 lingua,
3310 4313 3456 4384 quod

1868 4384 2042 4438 innuit
2069 4383 2451 4454 llieronyttius.

1287 4599 2068 4688 DISSERTATIO
2125 4601 2324 4688 VII.

661 4739 744 4792 DE
778 4740 948 4792 ORTU
983 4735 1062 4792 ET
1095 4739 1516 4794 INCREMENTIS
1548 4741 1834 4794 HIERESIS
1870 4741 2014 4803 QUzE
2047 4743 2087 4792 Α
2121 4739 2395 4797 PELAGIO
2431 4743 2650 4796 NOMEN
2685 4743 2964 4798 ACCEPIT.

192 4844 272 4905 Ad
299 4847 436 4911 haec
468 4851 656 4934 verba
694 4850 879 4934 Marii
918 4851 1295 4934 Mercatoris
1328 4871 1346 4913 :
1379 4851 1670 4934 Quinque
1706 4849 2670 4934 capitula_unumiirnpiissimnm
2707 4862 2764 4913 et
2795 4855 3124 4934 nefandam
3154 4864 3455 4934 generant

261 4930 669 5014 sententirtm;
705 4935 765 4991 et
799 4933 916 4992 ista
947 4951 963 5014 ς
997 4933 1151 4991 Tota
1175 4947 1409 5014 summa
1445 4931 1648 5014 inepti
1676 4932 1958 5014 et_magis
1989 4931 2166 5009 impii
2191 4932 2445 4993 Iuliani
2481 4932 2711 4993 laboris
2743 4933 2822 4992 ad
2848 4930 3034 4994 unam
3066 4930 3326 5014 proram
3359 4955 3455 4996 re-

262 5007 395 5087 digi
419 5009 671 5092 videtur
697 5013 1087 5092 sententiam,
1113 5021 1266 5071 Ausa
1294 5007 1592 5092 ride‘lice'ti
1612 5029 1690 5092 ET
1715 5007 2490 5074 EVE’TBANSGnEssmNEM
2521 5031 2630 5074 nos
2661 5031 2783 5074 NON
2812 5007 3454 5092 FsctssE'MonTALss,

265 5093 378 5149 etc.
410 5090 618 5170 (Prtef.
652 5090 714 5150 in
747 5091 859 5151 lib.
900 5087 1167 5154 Subnot.
1203 5111 1381 5153 num.
1413 5089 1450 5150 lt
1477 5096 1538 5153 et
1571 5090 1659 5171 9.)

692 5211 920 5270 CAPUT
962 5214 1251 5272 PRIMUM.

201 5299 326 5368 Quid
350 5304 404 5358 in
429 5305 524 5359 hoc
553 5307 925 5374 dissertatione,
961 5315 1008 5359 et
1035 5323 1136 5376 qua
1161 5305 1359 5361 ratione
1386 5306 1758 5377 prwatandunt.

257 5413 366 5480 Quo
389 5425 632 5485 tempore
664 5417 900 5472 Hilarius
937 5417 1237 5472 monachus
1270 5418 1554 5489 Syracusis
1587 5421 1764 5487 Augu-

196 5483 380 5560 stinum
402 5483 675 5560 consuluit
695 5489 763 5543 de
785 5490 1179 5557 questionibus
1208 5483 1344 5560 quas
1369 5491 1426 5543 in
1444 5490 1630 5544 Sicilia
1664 5483 1760 5544 Pe«

189 5549 353 5616 lagius
391 5549 1136 5629 leestiusque'movebant,
1184 5549 1408 5615 haeresis
1457 5562 1759 5629 constabat,

195 5638 278 5706 aut
316 5641 578 5706 constare
605 5625 787 5706 potius
834 5625 1164 5706 credebatur
1206 5632 1409 5706 Hilario
1451 5625 1642 5701 (Epist.
1671 5625 1763 5698 88,

194 5700 316 5752 inter
345 5700 608 5771 August.),
635 5703 872 5772 quinque
902 5704 982 5755 his
1010 5705 1253 5771 partibus
1277 5721 1290 5758 :
1325 5700 1480 5756 Posse
1507 5705 1764 5757 hominem

196 5781 296 5825 esse
330 5773 438 5829 sine
460 5783 692 5848 peccato,
725 5783 773 5830 et
818 5773 1063 5831 mandata
1094 5773 1190 5830 Dei
1219 5775 1371 5848 facile
1406 5776 1684 5839 custodire,
1719 5776 1765 5830 si

1793 5213 1845 5274 D
1871 5209 2024 5290 velit;
2072 5213 2328 5290 infantem
2364 5229 2464 5267 non
2495 5214 2808 5290 baptizatum!
2842 5233 2943 5270 non
2980 5234 3126 5290 posse
3159 5220 3327 5290 perire
3349 5233 3458 5274 me-

1870 5284 1990 5340 rito.
2016 5288 2260 5352 quoniam
2287 5286 2394 5338 sine
2416 5284 2620 5353 peccata
2650 5289 2910 5352 nascitur;
2934 5284 3137 5342 divitem
3159 5284 3453 5346 innuentem

1871 5355 1924 5406 in
1975 5355 2167 5430 divitiis
2212 5358 2318 5410 suis
2346 5371 2582 5430 regnum
2630 5358 2726 5411 Dei
2773 5376 2873 5412 non
2906 5375 3053 5424 posse
3091 5362 3313 5430 ingredi,
3355 5363 3458 5418 nisi

1873 5426 2043 5504 omnia
2084 5443 2179 5504 sua
2215 5428 2530 5504 itenditterit,
2593 5445 2680 5504 nec
2710 5432 2948 5504 prodesse
2993 5426 3166 5485 εἰάσΠὶ
3207 5426 3374 5504 posse.
3407 5434 3456 5488 εἰ

1873 5495 2004 5565 forte
2033 5513 2098 5550 ea:
2125 5499 2253 5568 ipsis
2284 5499 2476 5568 divitiis
2502 5499 2676 5566 (ecerit
2709 5501 2988 5568 mandata;
3017 5520 3116 5556 non
3140 5495 3320 5560 debere
3345 5519 3456 5558 om-

1872 5568 1995 5620 nino
2037 5567 2242 5634 jnrttri;
2293 5567 2608 5630 Ecclesium,
2658 5588 2772 5639 qum
2813 5567 3086 5641 nuncest,
3121 5589 3224 5630 non
3267 5575 3458 5631 habere

1873 5654 2072 5719 rugam,
2110 5651 2268 5706 neque
2297 5642 2574 5719 maculam,
2592 5652 2650 5719 Δει
2673 5645 2782 5696 sine
2810 5655 3014 5719 peccato
3041 5662 3150 5700 csse
3178 5663 3343 5719 posse.
3449 5685 3477 5719 Α(

1945 5709 2226 5763 Postrema
2263 5713 2512 5779 partium,
2559 5715 2605 5765 si
2635 5708 2819 5768 tamen
2855 5717 2950 5769 fuit
2983 5720 3155 5775 unica.
3178 5708 3344 5775 'tactle
3389 5708 3508 5774 ad“

1872 5781 2101 5842 primam
2147 5792 2398 5842 revocata
2428 5792 2550 5840 est:
2593 5788 2923 5856 posteriores
2963 5789 3086 5846 duae
3107 5790 3175 5846 de
3201 5790 3456 5847 divitibus
