3964 6280
445 271 551 330 631

902 275 996 332 AD
1023 274 1312 333 PARTEM
1340 275 1610 333 PRIMAM
1639 275 1922 332 OPERUM
1955 276 2024 331 M.
2059 275 2502 358 MERCAT‘ORIS
2533 274 2884 333 APPENDIX
2913 272 3257 333 SECUNDA.

3615 273 3732 335 85!

441 395 502 465 et
515 387 859 465 iuramento,
885 401 1104 465 propter
1125 391 1506 449 incredibilem
1528 406 1681 465 suam
1702 392 1820 465 sive
1841 392 2032 448 absur—
2058 396 2112 454 A
2135 408 2296 465 quam
2349 393 2493 450 facto
2548 393 2740 464 probat
2788 396 3138 465 Augustinus.

444 460 691 530 ditatem,
725 462 843 519 sive
871 460 1375 528 admirabilitatem,
1407 472 1468 518 ut
1497 462 1567 518 ab
1609 463 1864 519 omnibus
1891 479 2027 520 con-

441 541 686 603 temptae,
715 534 786 589 ita
811 549 841 588 a
863 535 977 590 suis
998 536 1228 591 deserta
1252 544 1380 590 sunt
1406 550 1420 588 :
1443 533 1671 604 reliqua:
1692 535 1811 590 duae
1836 538 2030 604 ingens

441 605 718 672 negotium
775 605 1061 662 catholicae
1091 606 1349 662 Ecclesia:
1397 605 1664 671 fecerunt,
1707 622 1830 662 cum
1859 622 1890 662 a
1915 607 2029 663 suis

443 675 760 731 auctoribus
794 679 1139 743 pertinaciter
1178 677 1626 742 defenderentur,
1657 687 1711 734 et
1752 677 2028 734 mentibus

439 760 633 819 parum
665 748 892 804 eruditis
917 765 982 804 eo
1014 749 1228 803 facilius
1267 747 1738 814 persuaderentur,
1769 765 1877 819 quo
1909 749 2029 804 lon-

440 817 561 886 gius
615 819 768 884 lides,
813 836 918 889 qua
950 819 1187 874 creditur
1239 819 1436 874 divinae
1483 820 1669 886 gratiae
1704 817 2024 888 necessitas,

440 902 656 959 quaque
698 899 976 959 peccatum
1006 890 1256 962 originis,
1287 890 1578 946 humanam
1618 891 2028 962 intelligentiam

438 970 686 1029 superat.

517 1032 732 1086 Duobus
756 1034 875 1088 istis
902 1034 1054 1104 quasi
1078 1034 1344 1101 capitibus
1365 1032 1640 1090 contineri
1667 1043 1832 1088 totam
1857 1036 2028 1090 haere-

440 1102 566 1176 sim,
596 1121 714 1176 qua:
741 1119 771 1158 a
801 1102 1018 1174 Pelagio
1047 1121 1247 1160 nomen
1275 1107 1506 1174 accepit,
1537 1104 1738 1160 docent
1763 1114 2031 1176 quotquot

439 1175 613 1242 quinti
645 1176 830 1230 saeculi
864 1177 1158 1245 scriptores
1186 1192 1305 1232 eam
1341 1178 1656 1246 attigerunt.
1694 1175 2026 1247 Augustinus

443 1250 607 1315 totam
631 1247 1114 1315 comprehendisse
1143 1248 1244 1303 sibi
1272 1250 1422 1302 visus
1443 1256 1527 1302 est
1551 1247 1650 1302 hac
1673 1263 1778 1302 una
1803 1259 2031 1304 senten-

436 1317 512 1368 tia
545 1313 679 1385 (Lib.
715 1313 779 1372 de
812 1317 936 1373 Nat.
969 1330 1016 1373 et
1045 1317 1198 1374 Grut.
1232 1335 1279 1371 c.
1319 1318 1374 1388 6)
1411 1335 1424 1372 :
1469 1317 1730 1372 Naturam
1762 1319 2029 1374 hominum

437 1401 600 1460 neque
627 1387 682 1442 in
714 1388 942 1456 paruulis
963 1391 1180 1460 medico,
1204 1390 1327 1458 quia
1351 1387 1478 1444 sana
1501 1399 1612 1454 est;
1645 1406 1803 1459 neque
1831 1392 1885 1444 in
1916 1407 2031 1444 nta-

436 1458 662 1541 joribus,
692 1461 876 1541 gratia:
905 1458 1173 1534 adjutorio
1197 1477 1364 1534 egere,
1397 1462 1519 1530 quia
1554 1462 1652 1515 sibi
1674 1458 1930 1533 sti/ﬁciens
1952 1471 2030 1518 est

437 1527 507 1581 ad
527 1527 784 1591 justitiam
795 1573 806 1585 .

528 1600 839 1674 Vincentius
875 1603 1194 1658 Lirinensis.
1243 1602 1372 1670 Quis
1409 1620 1653 1674 umquam
1689 1613 1808 1658 ante
1849 1607 2030 1674 profa—

438 1687 564 1744 num
582 1673 730 1726 illum
753 1673 1026 1744 Pelagium
1048 1684 1244 1729 tantam
1270 1676 1507 1729 virtutem
1528 1673 1676 1728 liberi
1701 1673 2029 1744 praesumpsit

437 1742 658 1816 arbitrii,
693 1755 766 1813 ut,
819 1742 1013 1800 adhoc
1061 1747 1112 1799 in
1140 1746 1285 1799 bonis
1315 1746 1464 1800 rebus
1490 1762 1578 1812 per
1618 1742 1760 1800 actus
1789 1742 2024 1816 singulos

436 1814 824 1888 adjuimndum,
869 1817 1208 1872 necessariam
1239 1816 1336 1870 Dei
1374 1818 1598 1888 gratiam
1637 1833 1741 1888 non
1782 1814 2024 1887 putaret?

442 1883 573 1949 Quis
619 1896 736 1939 ante
785 1883 1140 1957 prodigiosum
1183 1883 1497 1957 discipulum
1544 1890 1657 1958 ejus
1703 1883 2022 1954 Ctelestium,

437 1965 585 2008 reatu
618 1961 1050 2030 prwvaricationis
1081 1959 1208 2014 Adae
1238 1975 1384 2013 omne
1414 1977 1576 2030 genus
1605 1959 1885 2013 ltumanum
1931 1975 2024 2013 ne-

438 2030 572 2102 gauit
597 2031 863 2102 astrictum
892 2029 981 2102 (In
1009 2029 1316 2085 Commonit.
1350 2029 1490 2102 cant:
1523 2031 1650 2084 hwr.
1682 2047 1728 2083 c.
1769 2029 1876 2086 564
1907 2030 1951 2100 ).

512 2097 702 2154 Patres
723 2097 1167 2170 Carthaginensis
1185 2101 1424 2155 concilii.
1447 2100 1768 2155 Generaliter
1791 2097 2028 2170 quicum-

438 2185 537 2236 que
563 2171 899 2242 dogmatizat,
928 2183 973 2225 et
1001 2172 1218 2242 aﬂ'irmat
1247 2171 1528 2226 humanam
1557 2173 1652 2224 sibi
1678 2171 1747 2224 ad
1778 2174 2026 2226 vincenda

439 2251 650 2307 peccata
696 2252 740 2296 et
769 2242 866 2297 Dei
893 2245 1139 2296 mandata
1141 2242 1408 2366 [jacieuda
1435 2243 1662 2312 suﬂicere
1691 2258 1841 2311 posse
1870 2254 2026 2298 natu-

439 2325 574 2366 ram.
595 2313 731 2366 eteo
753 2313 906 2366 modo
931 2315 1112 2366 aratia:
1193 2315 1260 2366 ei.
1286 2329 1402 2366 aute
1421 2324 1719 2366 sanctorum
1740 2314 2025 2366 evidentius

437 2325 574 2386 ram,
595 2313 731 2386 eteo
753 2313 906 2386 modo
931 2315 1112 2386 gratim
1141 2313 1260 2386 Dei,
1286 2329 1407 2386 quia
1421 2324 1719 2386 sanctorum
1740 2314 2025 2368 evidentius

439 2383 758 2439 orationibus
784 2383 1098 2451 declaratur,
1145 2383 1473 2439 aduersarius
1501 2385 1808 2456 invenitur:
1836 2394 1882 2438 et
1909 2387 2026 2456 qui-

439 2467 660 2528 cumque
685 2467 834 2527 negat
863 2457 1104 2528 parvulos
1135 2471 1222 2523 per
1253 2456 1560 2527 baptismum
1583 2454 1773 2508 Christi
1793 2472 1826 2509 a
1852 2454 2025 2526 perdi-

438 2523 578 2597 tione
603 2523 831 2592 liberdri,
857 2523 905 2582 et
931 2526 1151 2582 salutem
1169 2523 1437 2597 percipere
1465 2523 1861 2597 sempiternam,“
1889 2543 2021 2582 ana-

437 2593 607 2670 the_ma
635 2598 700 2650 sit
728 2597 964 2670 (Patrol.
999 2609 1119 2653 tom.
1157 2593 1276 2664 XX,
1303 2593 1409 2670 564
1430 2597 1469 2668 ).

510 2665 703 2740 Patres
736 2665 1078 2725 Milevitana:
1126 2665 1441 2738 provinciae;
1492 2667 1619 2723 Haec
1668 2669 1795 2734 duo,
1840 2669 2022 2740 quibus

439 2739 649 2792 omnino
663 2750 831 2794 totum
852 2742 986 2808 quod
1009 2740 1293 2795 Christiani
1315 2757 1494 2794 sumus
1516 2741 1752 2794 nituntur
1771 2749 2017 2807 evertere,

433 2823 552 2878 qua:
572 2810 756 2883 ﬁdelia
772 2813 930 2866 corda
948 2812 1220 2872 sustinent.
1251 2828 1355 2866 non
1383 2826 1490 2866 esse
1512 2809 1805 2883 r0ga_ndum
1827 2808 2016 2879 Deum,

436 2875 492 2953 ut
522 2875 699 2935 contra
720 2875 915 2953 p‘eccati
940 2883 1132 2937 malum
1155 2895 1304 2951 atque
1328 2883 1398 2953 ad
1418 2875 1732 2953 operandam
1754 2875 2020 2951 justitiam

436 2949 502 3003 sit
532 2962 702 3005 noster
720 2949 954 3020 adiutor,
1001 2964 1045 3007 et
1075 2971 1174 3007 non
1208 2949 1459 3023 opitulari
1486 2952 1714 3023 parvulis
1744 2949 1813 3005 ad
1843 2969 2022 3007 conse-

436 3023 696 3094 quendam
723 3025 880 3078 vitam
914 3034 1161 3079 wternam
1190 3023 1494 3078 Christiana:
1519 3024 1701 3094 gratiae
1727 3038 2020 3078 sacramen-

439 3101 551 3166 tum
582 3093 775 3166 (Epist.
801 3096 893 3161 92,
919 3096 1051 3150 inter
1080 3093 1548 3166 Augustinianas)".

2207 464 2390 520 Solius
2421 480 2517 535 per
2545 479 2604 521 se
2629 464 2972 522 Galatians:
3005 465 3287 521 historiam
3327 475 3514 524 texere
3547 468 3730 526 nostri

2133 537 2349 592 consilii
2379 545 2481 604 est,
2533 537 2974 608 quandoquidem
3003 536 3140 592 hanc
3169 551 3328 592 unam
3360 537 3537 608 attigit
3579 537 3726 594 Mer-

2132 616 2307 675 cator,
2332 609 2418 663 cui
2447 608 2831 672 allaboramus,
2855 618 2912 664 et
2937 624 3005 664 ex
3035 623 3099 663 ea
3128 617 3416 678 propagata
3441 617 3526 664 est
3559 608 3724 665 Pela-

2130 679 2312 750 giana,
2346 679 2489 750 quod
2519 688 2702 750 postea
2723 678 3017 736 videbitur.
3055 679 3349 734 Historiam
3382 694 3516 736 vero
3540 681 3723 738 visum

2132 758 2236 816 est,
2268 749 2376 822 non
2403 749 2508 806 alio
2524 749 2694 806 modo
2718 766 2945 807 narrare
2964 766 3123 822 quam
3149 765 3256 822 quo
3280 750 3483 821 physici
3516 752 3723 820 solent,

2133 835 2259 877 cum
2316 821 2574 893 dicuntur
2639 822 2850 877 arboris
2897 821 3179 878 historiam
3232 823 3510 888 scribere,
3566 823 3726 893 cujus

2133 908 2328 962 nempe
2354 892 2620 960 referunt,
2652 903 2705 948 et
2725 893 2902 949 solum
2926 895 2978 948 in
3003 909 3112 965 quo
3134 893 3397 965 nascitur,
3425 902 3484 949 et
3505 892 3726 964 tempus

2132 979 2430 1036 causasque
2463 965 2741 1029 nascendi,
2772 974 2828 1020 et
2868 963 3187 1021 incrementi
3231 963 3472 1036 modum,
3510 974 3571 1021 et
3599 963 3729 1036 pro-

2170 1035 2476 1106 agationem
2522 1051 2902 1106 ramorumque
2950 1036 3206 1092 silvosam
3268 1035 3723 1105 multitudinem;

2156 1108 2233 1163 nit
2259 1108 2404 1162 enim
2438 1109 2552 1163 haec
2577 1107 2800 1162 haeresis
2830 1109 2994 1163 veluti
3026 1107 3188 1163 arbor
3214 1107 3460 1177 quaedam
3489 1107 3726 1164 infelici-

2131 1189 2216 1250 ter
2247 1178 2396 1250 felix,
2437 1195 2557 1250 qua:
2584 1179 2818 1233 obscuro
2845 1179 3131 1250 locoiuata,
3172 1188 3226 1234 et
3256 1178 3482 1249 ignobili
3511 1191 3723 1246 satore,

2131 1249 2442 1304 fallentibus
2458 1249 2642 1305 tamen
2669 1249 3038 1316 incrementis,
3067 1251 3421 1319 improboque
3447 1250 3722 1307 cultorum

2130 1319 2339 1389 labore,
2387 1322 2444 1376 in
2486 1330 2687 1376 tantam
2746 1321 2948 1378 sobolis
2995 1320 3400 1377 multitudinem
3450 1324 3724 1389 excrevit,

2130 1402 2384 1459 quantam
2442 1393 2670 1463 prodigii
2711 1392 2884 1449 instar
2930 1400 3034 1460 est,
3082 1408 3148 1449 ex
3195 1409 3298 1448 una
3352 1393 3501 1448 tenui
3539 1394 3727 1450 radice

2131 1477 2470 1532 provenisse.

2203 1533 2406 1590 Tenuis
2446 1547 2623 1590 autem
2655 1535 2745 1590 illa
2793 1535 2947 1591 radix
2977 1549 3084 1590 nou
3130 1535 3232 1593 alia
3260 1534 3360 1591 fuit
3386 1550 3548 1604 quam
3578 1537 3724 1604 quod

2129 1604 2491 1679 Adamusisive
2530 1616 2781 1679 peccaret,
2810 1609 2915 1662 sive
2940 1624 3044 1662 non
3072 1617 3305 1679 peccaret
3350 1607 3530 1679 fuisset
3566 1609 3729 1662 mori-

2132 1685 2294 1732 turus.
2340 1677 2475 1732 Hinc
2525 1678 2668 1732 enim
2717 1686 2843 1732 nata
2886 1688 2992 1744 est,
3035 1677 3179 1744 quod
3213 1678 3390 1732 {docet
3426 1677 3724 1744 Mercator,

2053 1781 2103 1841 Β
2130 1748 2337 1841 peccati
2366 1749 2655 1841 originali:
2670 1748 2986 1841 ψηφίζειιίοη
3005 1749 3056 1803 id
3081 1757 3290 1841 Iest,‘ut
3319 1749 3393 1830 ait
3429 1748 3727 1841 ἶΙιιιιςιὲιξυε

2157 1823 2388 1886 prensis,
2411 1821 2566 1874 totius
2609 1818 2986 1888 Pelagianismi
3015 1821 3177 1889 origo.
3210 1819 3344 1874 Cum
3379 1820 3543 1889 igitur
3571 1820 3728 1875 Pela-

2129 1890 2428 1957 gianismns
2477 1891 2688 1946 duabus
2725 1892 2878 1960 quasi
2919 1891 3295 1960 negationibus
3349 1893 3721 1958 contineatur,

2130 1961 2300 2015 altera
2336 1963 2547 2033 peccati
2573 1961 2871 2033 originalis,
2919 1963 3085 2016 altera
3120 1963 3458 2016 necessitatis
3487 1965 3726 2020 interna:

2128 2033 2337 2100 gratim,
2373 2032 2487 2088 sive
2532 2032 2840 2087 anxiliantis
2877 2033 2944 2086 ad
2990 2032 3230 2102 singulos
3277 2041 3428 2087 actus
3474 2034 3721 2102 pietatis,

2131 2102 2244 2156 sive
2275 2103 2659 2172 prtevenientis
2689 2104 2919 2158 liberum
2952 2103 3238 2159 arbitrium
3288 2105 3341 2158 in
3390 2107 3616 2171 negotio
3640 2121 3727 2159 sa.

2129 2173 2293 2228 tutis:
2327 2174 2469 2229 hunc
2513 2190 2637 2244 ego,
2660 2174 2772 2244 nisi
2808 2174 2981 2241 fallor,
3025 2174 3310 2230 manifeste
3335 2176 3637 2230 ostendero
3660 2192 3727 2232 ex

2130 2258 2193 2297 ea
2225 2260 2385 2310 quam
2415 2245 2524 2299 dixi
2548 2238 2738 2300 radice
2782 2238 2975 2300 ortum
3008 2261 3153 2310 esse,
3195 2246 3240 2299 si
3261 2244 3425 2300 certis
3470 2259 3722 2302 veterum

2133 2316 2456 2387 testimoniis
2512 2319 2820 2382 confecero,
2875 2317 3105 2384 primum
3149 2318 3286 2371 hanc
3334 2317 3722 2387 quaestionem,

2128 2401 2194 2456 an
2225 2386 2458 2441 Adamus
2485 2397 2688 2441 creatus
2712 2389 2775 2441 sit
2805 2388 3060 2453 mortalis,
3093 2389 3331 2442 omnium
3355 2386 3599 2456 primam
3624 2405 3724 2444 ex-

2127 2455 2361 2522 stitisse;
2388 2457 2585 2514 deinde
2617 2474 2685 2514 ex
2710 2458 2828 2528 ejus
2857 2460 3150 2527 agitatione
3185 2455 3399 2513 enatam
3427 2459 3617 2524 aliam,
3655 2461 3725 2517 de

2129 2537 2352 2592 peccato
2391 2538 2446 2584 et
2475 2529 2746 2598 baptismo
2791 2529 3171 2598 parvulorum;
3221 2538 3334 2585 tum
3365 2544 3436 2585 ex
3466 2530 3571 2585 ista
3608 2540 3726 2586 ter-

2128 2599 2364 2667 tiam,de
2386 2599 2757 2655 imbecillitate
2781 2613 2988 2656 natura:
3013 2603 3078 2655 ad
3105 2616 3270 2668 opera
3301 2601 3538 2671 pietatis,
3557 2611 3728 2672 atque

2128 2673 2468 2743 necessitate
2497 2673 2685 2741 gratiae
2731 2672 2929 2727 diviuze
2981 2673 3048 2727 ad
3077 2673 3320 2743 singulos
3351 2681 3532 2740 actus;
3565 2672 3728 2729 deni~

2125 2755 2241 2814 que
2256 2757 2322 2796 ex
2353 2742 2506 2798 tertia
2534 2751 2806 2814 quartam,
2833 2743 2902 2798 de
2917 2745 3086 2814 gratia
3110 2742 3497 2813 praeveniente.

2203 2811 2432 2879 Verum,
2462 2811 2774 2882 priusquam
2806 2811 2940 2870 hzec'
2957 2811 3285 2869 testimoniis
3309 2824 3552 2870 veterum
3590 2832 3725 2882 pro-

2126 2881 2342 2951 bentur,
2378 2881 2590 2940 videtur
2615 2881 2753 2940 ratio
2783 2885 3045 2940 doctrinae
3070 2885 3290 2955 exigere
3321 2897 3378 2939 ut
3403 2881 3730 2943 describan-

2125 2962 2216 3008 tur
2235 2971 2354 3023 qua:
2382 2956 2544 3010 habet
2585 2957 2852 3012 Mercator
2879 2957 2948 3011 de
2985 2957 3374 3026 quaestionibus
3398 2959 3724 3026 propositis,

2125 3039 2194 3079 ne
2243 3026 2428 3091 lector,
2475 3027 2696 3084 fallente
2737 3029 3020 3094 memoria,
3076 3027 3429 3098 prohibeatur
3478 3028 3723 3085 fructum

2123 3111 2341 3166 capere,
2371 3107 2628 3168 quantum
2674 3100 2835 3155 debet
2862 3099 3177 3168 maximum,
3211 3114 3282 3154 ex
3323 3099 3422 3153 hac
3451 3098 3724 3158 disserta-

511 3161 758 3235 Pelagius
802 3167 911 3238 ipse
937 3166 1121 3234 (verba
1151 3161 1278 3238 sunt
1329 3161 1643 3238 Augustini)
1683 3165 1906 3238 scribens
1953 3168 2021 3222 ad
2049 3172 2096 3236 C
2127 3161 2292 3222 tione.

435 3233 596 3309 beatae
644 3233 909 3294 memoria:
935 3233 1129 3309 papam
1156 3235 1514 3309 Innocentium
1531 3277 1545 3298 ,
1592 3236 1715 3289 dicit
1742 3249 1870 3290 esse
1894 3239 2016 3303 duo,

438 3323 459 3357 ι
500 3305 566 3359 de
589 3309 772 3377 quibus
815 3305 1191 3364 eum'hOmines
1224 3307 1477 3376 infamare
1507 3316 1759 3360 conantur
1781 3323 1800 3361 :
1834 3325 2018 3376 unum,

435 3379 571 3450 quod
603 3388 748 3450 neget
779 3383 1005 3446 parvulis
1035 3380 1271 3448 baptismi
1317 3387 1720 3450 sacramentum,
1757 3389 1806 3432 et
1834 3381 2022 3449 absque

437 3446 782 3518 redemmione
811 3451 1001 3506 Christi
1048 3446 1307 3519 aliquibus
1338 3466 1498 3520 regna
1530 3449 1776 3502 caelorum
1808 3446 2022 3518 promit-

438 3527 510 3570 tat
534 3534 553 3571 :
581 3521 916 3592 aliudtquod
944 3523 1016 3574 ita
1049 3521 1208 3592 dicat,
1241 3536 1389 3590 posse
1418 3519 1675 3592 hominem
1712 3520 1872 3574 vitare
1897 3538 2018 3592 pec-

437 3598 628 3654 catum,
665 3602 718 3644 ut
753 3590 848 3644 Dei
878 3591 1118 3646 excludat
1149 3592 1424 3653 auxilium,
1456 3601 1503 3644 et
1541 3591 1596 3644 in
1636 3599 1832 3644 tantum
1863 3590 2020 3646 libero

437 3659 664 3734 conﬁdat
686 3661 952 3734 arbitrio...
970 3673 1026 3716 ut
1053 3664 1233 3734 gratia:
1271 3660 1504 3729 repudiet
1530 3660 1850 3730 adjutorium
1875 3662 2016 3734 (Lib.

436 3729 500 3782 de
519 3728 676 3804 _Grat.
701 3731 894 3788 Christ.
926 3749 973 3787 c.
1003 3728 1115 3804 ὅσ).
1154 3752 1172 3784 ι

506 3799 797 3858 Cteleslius
839 3806 1036 3873 etiam,
1074 3799 1143 3858 ad
1185 3801 1565 3870 compendium
1617 3817 1824 3870 ponens
1855 3812 2018 3861 totam

437 3884 608 3938 suam,
643 3875 759 3930 sive
803 3875 855 3930 in
887 3876 1188 3931 catholicos
1215 3874 1568 3937 calumniam,
1602 3874 1716 3929 sive
1763 3875 1815 3928 in
1861 3875 2022 3931 dis-si-

437 3943 691 4015 mulanda
723 3945 919 4002 haeresi
973 3946 1468 4014 vaniloquentiam:
1518 3942 1751 3998 Gratiam
1805 3945 2014 4015 Christi,

434 4011 630 4087 inquit.
660 4017 895 4072 onmibus
927 4011 1287 4083 necessariam,
1315 4026 1362 4070 et
1391 4015 1703 4087 majoribus,
1751 4026 1801 4070 et
1832 4011 2018 4084 paraui

433 4085 498 4138 lis
529 4089 854 4157 conﬁtemur,
881 4098 928 4144 et
954 4105 1039 4144 eos
1067 4091 1154 4159 qui
1197 4089 1374 4142 dicunt
1412 4085 1481 4140 de
1512 4086 1713 4141 duobus
1750 4090 2020 4159 baptizatis

432 4166 610 4232 natum
645 4176 747 4232 non
774 4160 954 4214 debere
995 4158 1269 4231 baptizari,
1305 4159 1802 4214 anathematizamus
1828 4158 1970 4232 (Lib.
2001 4176 2020 4215 ι

432 4230 501 4280 ad
512 4227 703 4302 poni.
738 4249 850 4302 cap.
880 4232 992 4299 Ἡ).

365 4363 372 4371 ο
509 4298 624 4353 Huc
665 4298 807 4373 facit
839 4298 1042 4356 Juliaui
1084 4301 1305 4368 querela
1357 4301 1562 4373 (Apud.
1601 4301 1821 4373 August.
1873 4302 1912 4356 ι.
1960 4319 2019 4358 ιιι

434 4379 614 4442 contra
651 4369 856 4426 Julian.
886 4388 932 4425 c.
969 4373 1021 4442 1)
1050 4391 1062 4425 :
1093 4373 1154 4429 Si
1185 4373 1298 4442 quis
1338 4369 1430 4426 aut
1463 4369 1768 4425 liberum'in
1799 4372 2020 4427 homini-

435 4441 526 4492 bus
558 4443 848 4506 arbitrium,
879 4454 969 4496 aut
1004 4441 1176 4497 Deum
1200 4441 1323 4496 esse
1352 4444 1669 4495 nascentium
1705 4443 2019 4500 conditorem

435 4511 640 4582 dixerit,
679 4510 988 4582 Pelagianus
1009 4525 1054 4566 et
1077 4512 1412 4568 Caelestianus
1437 4513 1721 4582 vocabitur.
1768 4537 1770 4539 ν

509 4581 823 4661 Utramque
856 4585 1062 4639 erroris
1109 4594 1314 4661 partem
1346 4583 1592 4653 Pelagius
1622 4581 2016 4661 Caelestiusque

435 4653 745 4725 tuebantur,
781 4671 890 4708 non
931 4665 1134 4720 tamen,
1167 4654 1310 4725 quod
1339 4663 1500 4709 antea
1525 4657 1853 4717 monuimus,
1899 4653 2014 4725 pari

434 4723 648 4790 studio;
674 4740 826 4779 suam
850 4725 994 4781 enim
1021 4723 1210 4780 habuit
1236 4725 1603 4796 unusquisque
1634 4726 1802 4781 veluti
1830 4723 2017 4782 suSce-

432 4804 599 4861 ptam,
632 4812 792 4866 quam
824 4813 935 4867 prae
959 4797 1064 4852 alia
1102 4796 1437 4852 defenderet.
1480 4796 1727 4866 Pelagius
1757 4798 2016 4854 adversus

430 4868 656 4937 gratiam
690 4867 808 4934 Dei,
844 4883 939 4938 pro
971 4868 1204 4923 humana
1231 4869 1542 4934 voluntate;
1565 4867 1859 4922 Caelestius
1888 4885 2014 4924 con-

432 4948 514 5010 tra
549 4949 828 5010 peccatum
854 4939 1136 5010 originale,
1160 4954 1259 5008 pro
1298 4949 1490 4994 natura
1527 4939 1805 5009 pugnavit.
1838 4941 2015 5009 Atque

429 5009 560 5063 hinc
598 5009 794 5066 factum
827 5022 884 5065 ut
916 5009 1074 5080 prout
1117 5012 1345 5080 quisque
1375 5011 1732 5080 sectariorum
1773 5009 1897 5065 huic
1932 5013 2015 5068 vel

427 5080 505 5151 i_l|i
550 5081 673 5136 duci
724 5083 894 5151 magis
918 5078 1271 5147 adhaereret,
1312 5083 1384 5137 ita
1431 5079 1517 5134 vel
1540 5078 1900 5136 Ctielestianus
1930 5084 2014 5140 vel

430 5149 751 5221 Pelagianus
777 5149 1072 5209 diceretur.
1239 5165 1252 5176 °

499 5222 741 5294 Singulae
772 5238 930 5292 porro
976 5232 1169 5294 partes
1190 5223 1305 5278 istae
1336 5223 1387 5294 in
1427 5221 1561 5294 duas
1596 5222 1796 5277 iterum
1828 5221 2015 5278 divisa:

427 5305 555 5350 sunt
579 5292 743 5361 {nam
778 5292 1116 5364 prima,qua3
1144 5293 1492 5351 leestiana.
1520 5292 1660 5364 duas
1687 5294 2015 5362 quaestiones

426 5363 916 5434 complectebatur,
963 5363 1032 5420 de
1085 5365 1412 5419 mortalitate
1450 5363 1644 5418 Adami
1695 5373 1750 5418 et
1796 5375 2015 5432 peccato

427 5437 711 5504 originali,
771 5452 894 5491 cum
942 5437 1055 5491 suis
1103 5450 1535 5503 unamquamque
1579 5434 2011 5502 appendicibus;

426 5504 563 5562 duas
581 5507 783 5577 iterum
810 5507 1098 5576 posterior,
1125 5523 1247 5577 quae
1277 5506 1585 5575 Pelagiana,
1615 5506 1684 5561 de
1709 5505 1888 5577 gratia
1921 5506 2014 5562 Dei

425 5576 723 5631 auxiliante
749 5575 1222 5643 etpraevenieute,
1245 5591 1366 5632 cum
1389 5579 1504 5631 suis
1526 5577 1690 5632 etiam
1721 5575 2009 5644 adjunctis.

424 5647 566 5730 Quzg
587 5661 717 5729 vero
748 5648 916 5730 videri
949 5657 1132 5730 posset
1157 5650 1344 5718 quinta
1380 5648 1448 5703 de
1489 5648 1873 5730 impeccantia,
1905 5649 2011 5730 vel,

422 5727 488 5776 ut
528 5717 704 5796 Graeci
760 5717 965 5785 dicunt,
1006 5717 1387 5796 ᾀνοεμαρτησιᾳ,
1427 5717 1678 5796 pertinet
1705 5717 1787 5772 'ad
1827 5720 2015 5796 gratim

425 5789 834 5859 necessitatem,
882 5791 1023 5859 quod
1055 5789 1254 5860 ubiq'ue
1280 5789 1498 5860 'passim
1545 5805 1652 5846 non
1699 5800 1806 5846 tam
1840 5789 2014 5846 verbo

2204 3237 2427 3304 Quaestio
2471 3250 2651 3295 contra
2703 3241 3009 3296 catholicam
3058 3242 3213 3310 ﬁdem
3259 3241 3402 3312 apud
3435 3242 3725 3300 nonnullos

2130 3307 2401 3380 Syrorum,
2441 3323 2491 3366 et
2519 3314 2776 3379 pracipue
2803 3314 2856 3366 in
2886 3307 3069 3369 Cilicia
3093 3330 3125 3366 a
3156 3307 3423 3366 Theodoro
3451 3315 3726 3379 quondam

2123 3382 2362 3453 episcopo
2409 3384 2585 3455 oppidi
2628 3382 2994 3452 Mopsuesteni,
3027 3384 3332 3447 iamdudum
3368 3393 3528 3449 mota,
3578 3403 3727 3440 nunc

2126 3468 2286 3522 usque
2315 3470 2467 3524 penes
2495 3471 2686 3519 paucos
2713 3471 2891 3508 eorum
2931 3456 3211 3508 admodum
3241 3455 3436 3508 occulte
3457 3457 3724 3524 traditur,

2126 3538 2218 3575 nec
2243 3540 2304 3576 ea
2331 3523 2508 3595 palum
2545 3528 2846 3596 profertur;
2875 3525 3066 3597 sed_ab
3093 3527 3217 3597 ipsis
3247 3526 3336 3596 qui
3366 3525 3429 3578 de
3457 3541 3516 3578 ea
3538 3531 3728 3582 corni-

2125 3603 2331 3664 cantur,
2345 3597 2480 3650 velut
2496 3595 2782 3664 catholicis,
2799 3598 2934 3649 intra
2947 3595 3211 3650 Ecclesiae
3223 3595 3426 3650 interim
3439 3599 3722 3655 retinetur.

2197 3663 2604 3722 PROGENITORES
2629 3663 2908 3722 VIDELICET
2940 3683 3138 3722 HUIANI
3167 3681 3420 3729 GENERIS,
3453 3667 3617 3723 ADAI
3652 3687 3726 3727 ΕΤ

2125 3735 2316 3800 Evasi,
2371 3753 2647 3793 nonnum
2706 3755 2738 3793 Α
2788 3737 2900 3793 Deo
2951 3754 3224 3800 CREATUS;
3276 3755 3376 3793 nec
3419 3754 3725 3803 quenqusu

2124 3822 2467 3864 Ροετειιωιιυιι
2490 3825 2573 3864 ευι
2591 3825 3064 3865 ΡιωνΑιιιοΑτιοΝε
3087 3824 3438 3865 τιιΑΝεςιιεεει
3463 3825 3724 3877 ιεδιςεις,

2125 3893 2220 3931 SED
2268 3893 2363 3933 SIBI
2415 3895 2631 3934 TANTUM
2680 3895 2969 3944 NOCUISSE;
3020 3897 3081 3935 SE
3122 3897 3352 3935 IIANDATI
3395 3894 3528 3935 REOS
3577 3899 3724 3938 APUD

2127 3947 2280 4002 Deou
2312 3966 2524 4006 FECISSE
2545 3993 2558 4011 .
2589 3967 2837 4006 Αιτειιυιι
2864 3967 3084 4006 PENITUS
3113 3966 3343 4007 uuuuu.

2197 4018 2353 4074 Hanc
2389 4025 2634 4092 ineptam,
2669 4033 2715 4076 et
2760 4039 2864 4076 non
2896 4025 3063 4075 minus
3097 4023 3360 4076 inimicam
3402 4033 3558 4078 recta:
3595 4027 3727 4093 ﬁdei

2123 4093 2472 4158 quaestionem.
2511 4093 2605 4147 sub
2649 4103 2839 4147 sanctae
2876 4093 3246 4147 recordationis
3284 4096 3559 4149 Anastasio
3603 4096 3728 4151 Ro-

2125 4178 2292 4238 mana:
2337 4161 2829 4238 Ecclesiw_summo
2878 4165 3141 4238 pontifice,
3188 4165 3410 4234 Ruﬁnus
3467 4167 3724 4238 quidam,

2124 4234 2331 4304 natione
2361 4234 2546 4304 Syrus,
2580 4235 2798 4289 Romam
2824 4236 3017 4301 primus
3044 4237 3259 4290 invexit.

2198 4303 2265 4358 Et
2295 4315 2350 4358 ut
2380 4303 2488 4359 erat
2526 4318 2767 4376 argutus,
2813 4323 2866 4361 se
2895 4306 3099 4375 quidem
3138 4307 3201 4361 ab
3233 4308 3344 4376 ejus
3372 4307 3570 4362 invidia
3601 4326 3726 4363 mu-

2123 4375 2291 4450 nicas,
2350 4393 2440 4444 per
2483 4393 2536 4432 se
2565 4375 2794 4450 proferre
2849 4393 2951 4430 non
2979 4394 3159 4450 ausus,
3222 4375 3517 4446 Pelagium,
3561 4392 3726 4450 gente

2123 4442 2456 4519 Britannum,
2485 4442 2794 4519 monachum
2822 4458 2940 4502 tunc
2971 4442 3196 4519 decepit,
3228 4442 3442 4519 eumque
3479 4450 3546 4502 ad
3561 4442 3725 4518 'prar-

2124 4515 2314 4570 dictam
2359 4519 2590 4587 apprime
2618 4517 2797 4572 imbuit
2832 4530 2981 4589 atque
3008 4515 3229 4574 instituit
3255 4515 3469 4588 impiam
3506 4515 3725 4576 vanita-

2125 4595 2257 4649 tem;
2282 4589 2470 4660 quique
2506 4605 2626 4643 mox
2653 4606 2811 4644 ausus
2856 4592 2909 4644 in
2955 4593 3249 4660 apostolum
3292 4590 3516 4646 Paulum
3555 4593 3726 4647 Com-

2126 4658 2401 4713 mentarios
2424 4660 2659 4724 condere,
2688 4677 2802 4713 cum
2830 4665 2898 4714 ad
2917 4658 3068 4714 illum
3098 4662 3270 4716 locum
3291 4663 3620 4716 notissimum
3650 4667 3728 4720 ad

2122 4727 2389 4802 Romanos
2419 4731 2636 4783 uenisset
2674 4729 2946 4802 Epistolte,
2980 4732 3064 4784 ubi
3094 4735 3168 4786 ita
3205 4735 3493 4787 continetur
3515 4750 3534 4786 :
3566 4732 3724 4788 Pro.

2123 4808 2295 4873 pterea
2319 4801 2451 4873 sicut
2482 4817 2574 4870 per
2602 4801 2762 4854 unum
2804 4802 3062 4856 hominem
3114 4816 3376 4873 peccatum
3413 4804 3634 4857 intravit
3665 4808 3726 4866 in

2120 4869 2255 4942 hunc
2284 4869 2552 4936 mundum,
2582 4883 2633 4926 et
2658 4888 2746 4941 per
2775 4884 3038 4941 peccatum
3061 4869 3220 4942 mors,
3250 4885 3297 4927 et
3326 4875 3402 4927 ita
3439 4875 3492 4927 in
3533 4889 3727 4932 onutes

2120 4940 2350 4995 homines
2377 4940 2692 5012 pertransiit,
2715 4940 2816 4997 etc.
2846 4944 3022 5011 (Rom.
3049 4940 3234 5013 v.12),
3264 4944 3453 4998 ibidem
3477 4961 3563 4998 eos
3596 4955 3728 5002 tan-

2123 5023 2231 5086 tum
2260 5029 2373 5086 reos
2403 5014 2557 5086 dixit,
2588 5021 2741 5081 atque
2770 5015 3016 5069 obnoxios
3053 5016 3146 5086 illa
3179 5015 3608 5086 prmuaricatione
3644 5027 3729 5073 te-

2121 5084 2250 5155 neri,
2273 5085 2360 5155 qui
2391 5085 2529 5137 hunc
2549 5088 2603 5155 in
2630 5086 3028 5155 prtevaricandis
3055 5085 3151 5140 Dei
3172 5084 3431 5140 mandatis
3457 5085 3729 5143 voluerint

2119 5149 2348 5217 imitari;
2381 5170 2508 5228 Διιοη
2555 5149 2750 5220 ὁηίηεδ,
2780 5158 2870 5226 qui
2909 5173 2993 5228 ex,
3019 5159 3130 5228 ejus
3159 5169 3278 5211 sunt
3309 5173 3401 5228 per
3426 5162 3731 5215 successio-

2122 5240 2241 5276 num
2290 5225 2487 5298 seriem
2523 5230 2712 5298 semine
2765 5227 2996 5298 generati
3025 5225 3052 5279 Ξ
3101 5237 3251 5297 atque
3295 5227 3416 5281 hinc
3461 5229 3629 5282 latius
3658 5231 3733 5286 de

2119 5295 2447 5368 sequentibus
2469 5296 2595 5349 locis
2619 5295 2783 5367 hujus
2802 5298 3030 5365 epistola:
3050 5295 3281 5366 disputat
3306 5309 3353 5352 et
3384 5302 3725 5368 pronuntiat,

2125 5365 2377 5440 suullum
2429 5365 2696 5440 hominem
2737 5384 3083 5440 prorsusper
3123 5365 3498 5440 generationem
3530 5365 3731 5428 lassum

2120 5438 2301 5510 fuisse,
2335 5452 2426 5510 nec
2454 5435 2576 5510 (redi
2607 5439 2732 5510 Adae
2777 5438 2974 5510 peccati
3005 5435 3428 5510 transgressione,
3460 5445 3550 5495 sed
3593 5445 3731 5497 imi-

2120 5509 2330 5574 latione,
2357 5507 2549 5630 inquit,
2582 5508 2705 5576 quia
2736 5507 2997 5574 prior.ille
3038 5510 3093 5563 in
3121 5507 3303 5579 genere
3324 5513 3552 5566 humano
3585 5531 3723 5584 pec-

2120 5579 2273 5630 cavit.
2315 5589 2361 5630 et
2388 5578 2427 5630 il
2452 5595 2538 5630 um
2564 5594 2707 5630 reum
2729 5587 2776 5630 et
2807 5579 3085 5630 obnoxium
3114 5582 3247 5630 ﬁeri.
3273 5583 3361 5630 nui
3408 5585 3543 5630 hunc
3589 5600 3723 5630 nm.

2119 5579 2273 5654 cauit,
2315 5589 2363 5654 et
2388 5578 2538 5632 illum
2564 5594 2707 5632 reum
2729 5587 2776 5631 et
2807 5579 3085 5654 obnoxium
3112 5578 3248 5654 ﬁeri,
3273 5583 3361 5652 qui
3408 5585 3543 5637 hunc
3585 5578 3733 5654 pro-

2117 5651 2236 5724 prin
2280 5650 2564 5715 voluntate,
2615 5666 2718 5702 non
2767 5650 3044 5716 nascendo,
3099 5653 3190 5704 sed
3219 5650 3497 5723 peccando,
3550 5650 3734 5724 fuerit

2116 5719 2369 5773 imitatus.
2411 5738 2430 5772 ι

2192 5782 2333 5844 Huic
2361 5790 2572 5864 Pelagio
2591 5790 2812 5848 adhwsit
2838 5791 3098 5848 Caelestius
3121 5793 3308 5850 nobilis
3329 5806 3450 5854 natu
3474 5797 3729 5869 quidem,
3777 5846 3789 5856 .
