3882 6284
199 282 302 346 633

688 277 999 338 LlSSERT.
1032 278 1149 334 Vli.
1182 278 1268 334 DE
1297 276 1485 333 ORTU
1520 276 1609 333 ET
1643 275 2104 337 INCREMENTIS
2134 278 2453 339 HERESIS
2481 281 2923 341 PELAGIANE.

3342 289 3447 348 635

196 413 241 460 et
264 402 397 457 illius
424 399 660 474 temporis
690 397 1016 474 auditorialis
1042 396 1378 474 _s_chola_s_t_icus
1396 394 1528 474 .“sed
1557 403 1759 474 natura:
1783 396 1837 455 Α
1862 393 2280 474 Ctelestiumque
2306 398 2481 474 dictos
2506 402 2707 474 erroris
2750 416 2857 471 quo
2880 403 3052 473 gratia
3083 405 3289 474 pusillis
3330 422 3449 464 ma-

194 476 308 530 vitio
337 462 597 527 eunuchus
622 470 799 523 matris
824 476 966 522 utero
993 467 1177 521 editus.
1205 465 1305 520 Hic
1336 481 1368 518 a
1392 462 1604 534 Pelagio
1625 480 1759 537 prte-

195 546 322 599 dicto
352 545 649 609 instructus,
678 556 883 595 sensum
927 540 1079 592 istum
1116 538 1478 609 impiissimum
1507 537 1759 591 meracius

192 615 427 681 imbibit,
481 630 541 667 ac
588 608 778 666 multos
821 610 1108 665 incredibili
1165 608 1473 681 loquacitate
1522 609 1759 662 amentia:

190 689 340 757 hujus
394 680 503 739 sua:
552 684 827 757 participes
877 698 936 757 ac
992 681 1261 749 complices
1302 680 1446 757 fecit,
1503 695 1762 757 aususque

191 751 357 827 palam
385 751 678 825 publiceque
706 754 787 809 his
814 753 1073 808 verborum
1095 752 1357 827 sententiis
1385 751 1616 803 eumdem
1644 768 1760 805 sen-

189 822 295 882 sum
316 822 507 897 passim
537 822 869 882 dissemiuare
899 842 987 895 per
1010 826 1247 897 populos,
1276 822 1330 874 id
1363 832 1471 875 est:

258 918 276 952 ι
304 894 469 953 Adam
490 899 756 953 mortalem
778 894 992 965 factum,
1016 894 1099 965 qui
1122 894 1223 949 sive
1249 901 1502 963 peccaret,
1526 895 1633 949 sive
1656 910 1757 948 non

185 983 429 1041 peccaret,
460 971 636 1039 fuisset
663 969 975 1034 moriturus;

257 1060 274 1093 ι
308 1034 562 1114 Quoniam
584 1050 845 1114 peccatum
872 1041 998 1095 Adae
1022 1042 1189 1111 ipsum
1208 1038 1375 1092 solum
1401 1034 1555 1105 laesit,
1580 1047 1626 1092 et
1652 1054 1755 1092 non

184 1129 332 1183 genus
354 1113 672 1180 humanum;

252 1202 268 1234 ι
305 1184 562 1249 Quoniam
599 1188 820 1255 infantes
849 1184 936 1253 qui
978 1191 1257 1255 nascuntur
1283 1182 1335 1233 in
1383 1195 1441 1233 eo
1470 1188 1607 1234 statu
1635 1189 1755 1234 sunt

180 1255 227 1307 in
252 1273 347 1325 quo
378 1257 542 1310 Adam
568 1253 665 1325 fuit
690 1268 806 1309 ante
830 1253 1324 1327 prcevaricationem;

248 1322 270 1377 ί
300 1322 750 1398 ραοηὲαηίηειμιε
782 1322 870 1395 per
901 1335 1111 1379 mortem
1136 1324 1261 1378 Δάας
1290 1338 1437 1398 omne
1462 1339 1622 1398 genus
1651 1322 1747 1398 Ito:

178 1397 362 1450 minunt
395 1401 632 1462 moritur,
664 1394 970 1468 quinneque
998 1412 1087 1463 per
1112 1395 1536 1449 resurrectionem
1561 1394 1751 1449 Christi

177 1483 313 1523 omne
342 1487 502 1540 genus
533 1471 797 1523 hominum
822 1469 1038 1541 resurgit
1060 1484 1078 1532 ;

242 1558 260 1591 ι
292 1537 547 1605 Quoniam
575 1542 817 1612 infantes,
841 1537 1039 1593 etiarnsi
1061 1554 1163 1591 non
1193 1537 1536 1612 baptizentur,
1564 1538 1748 1593 habent

174 1612 318 1664 vitam
346 1622 612 1667 veternum.
634 1610 671 1665 's
709 1613 837 1679 Qute
861 1612 1086 1681 quinque
1105 1610 1338 1676 capitula
1366 1625 1524 1662 unam
1548 1611 1748 1680 impiis-

170 1682 344 1735 simum
372 1694 421 1737 et
452 1686 731 1754 nefandam
760 1680 1004 1754 generant
1028 1680 1349 1754 sententiam.

231 1755 435 1827 Adjecit
460 1750 726 1827 praterea,
762 1750 783 1805 ἱ
826 1770 970 1821 posse
1004 1767 1112 1806 csse
1138 1750 1394 1805 hominem
1423 1752 1534 1805 sine
1564 1768 1743 1821 pecca-

168 1834 233 1890 to,
259 1825 312 1878 et
332 1828 490 1893 facile
517 1825 613 1880 Dei
644 1827 886 1879 inundata
909 1839 1144 1887 servare;

233 1915 250 1946 ι
285 1897 423 1964 Quia
445 1908 489 1952 et
512 1907 628 1952 ante
649 1896 841 1953 Christi
862 1897 1131 1950 adventum
1154 1894 1357 1964 fuerunt
1378 1895 1605 1951 homines
1631 1900 1743 1954 sine

164 1982 363 2033 peccato
384 1986 403 2035 ,-

231 2056 248 2089 ε
281 2038 359 2111 Et
380 2040 621 2108 quoniam
661 2040 744 2094 lea:
790 2039 861 2094 sic
912 2039 1065 2092 mittit
1109 2038 1177 2091 ad
1220 2054 1435 2109 regnum
1473 2043 1736 2111 ccelorum,

159 2110 280 2180 sicut
316 2110 674 2180 Evangelium.
698 2131 724 2163 s

223 2179 355 2235 Htec
398 2194 551 2253 atque
599 2183 703 2236 alia
748 2180 1046 2255 hujusmodi
1097 2182 1197 2255 ipsi
1226 2183 1383 2235 etiam
1430 2182 1645 2237 Juliano
1687 2195 1739 2240 et

157 2256 345 2307 ueteris
393 2252 504 2323 ejus
557 2252 1084 2323 commanipularibus
1131 2252 1406 2322 placuere,
1460 2270 1575 2322 (ιιιιε
1622 2273 1737 2310 cum

155 2326 351 2397 cognita
384 2337 536 2397 atque
558 2326 753 2380 detecta
780 2325 1129 2380 ecclesiastica
1154 2325 1370 2397 fuissent
1396 2342 1509 2377 cum
1540 2328 1733 2397 μηρία-

156 2395 213 2446 tis
241 2395 481 2463 personis
509 2399 809 2451 auctoritate
835 2398 1097 2458 damnato,
1130 2395 1375 2448 librorunt
1401 2395 1601 2465 quoque
1640 2395 1736 2451 nu-

154 2469 445 2539 merositate
482 2469 546 2522 ab
577 2471 751 2522 eodem
779 2468 812 2521 .1
819 2470 995 2522 uliano
1022 2466 1228 2539 defensa
1258 2477 1413 2539 sunt;
1445 2469 1736 2539 placuitque

150 2538 192 2589 ei
216 2553 338 2591 cum
369 2538 586 2611 Pelagio
612 2549 659 2594 et
688 2539 925 2595 Caelestio
955 2540 1008 2591 in
1036 2538 1363 2592 damnatione
1393 2540 1596 2592 tertium
1638 2538 1734 2594 nu-

147 2612 358 2665 merari.

212 2681 296 2735 Ex
333 2682 435 2738 hac
458 2683 771 2738 Mercatoris
802 2679 1398 2741 oarrationcnonnulla,
1424 2694 1593 2748 eaque
1632 2698 1732 2738 nec

142 2766 340 2820 pauca,
368 2768 468 2809 nec
518 2754 665 2821 parvi
714 2752 1069 2816 monumenti,
1107 2751 1406 2820 intelligere
1458 2765 1577 2816 eSt;
1637 2754 1730 2809 sed

144 2823 457 2894 priusquam
483 2825 569 2879 illa
593 2824 861 2894 sigillatim
889 2832 1251 2893 exponantur.
1281 2837 1456 2890 operte
1500 2825 1729 2891 pretium

142 2903 222 2947 est
261 2893 490 2950 monere
525 2897 777 2950 lectorem
821 2904 875 2947 ut
906 2897 1083 2948 animo
1124 2894 1283 2962 paulo
1313 2893 1620 2957 diligentius
1648 2905 1727 2949 at-

144 2965 329 3035 tendat
360 2966 425 3018 ad
450 2967 611 3021 verba
634 2969 827 3035 quibus
849 2966 1109 3019 Mercator
1143 2966 1361 3018 haeresis
1391 2964 1728 3022 Cccleslianau

144 3034 275 3089 duas
303 3045 511 3091 tantum
544 3034 722 3106 partes
754 3052 937 3091 revera
968 3035 1112 3098 facit,
1158 3036 1382 3089 alteram
1427 3037 1493 3088 de
1523 3049 1724 3092 tuor-ta-

146 3107 287 3161 litate
309 3107 524 3172 Adatni,
570 3108 794 3163 alteram
846 3107 915 3162 de
971 3107 1172 3160 viribus
1220 3106 1465 3158 humana:
1496 3117 1717 3175 ιιτιιυνιυ,

1861 468 2097 545 guisque
2120 468 2213 545 per
2230 470 2502 527 Christum
2533 472 2729 528 collata
2755 468 3117 545 impugnatur,
3148 475 3226 531 vel
3264 488 3448 534 aucto-

1861 554 1942 593 res
1970 542 2239 618 exstitisse,
2272 544 2349 618 vel
2392 554 2530 618 certe
2570 542 2848 599 acerrimos
2896 542 3286 618 notissimosque
3326 566 3449 605 sua-

1860 626 2016 685 sores.
2043 611 2181 685 Vere
2210 615 2443 685 denique
2473 615 2721 670 Photium
2754 617 3053 685 scripsisse,
3083 611 3315 674 hteresim
3336 620 3446 677 Cte-

1861 680 2130 759 lestianairt
2160 684 2213 737 in
2262 680 2467 741 Oriente
2507 689 2731 757 primum
2781 680 3176 759 viguisseptum
3221 691 3339 746 inde
3390 693 3447 747 in

1865 750 2188 833 Occidentem
2218 750 2575 829 propagatum.
2626 760 2757 827 Qua:
2810 750 3211 816 (fluuia'minus
3260 770 3445 833 aperta

1861 838 2010 892 prius
2042 827 2273 882 luerunt.

1930 896 2253 975 Atquohinc
2300 901 2468 975 lucem
2510 904 2705 975 accipit
2758 902 3037 975 Augustini
3079 903 3230 959 locus
3281 906 3439 974 alter,

1859 968 2019 1033 paulo
2048 970 2285 1035 alioquin
2310 972 2589 1027 obscurior
2624 968 2783 1029 {cum
2830 968 2971 1030 éoim
3027 990 3329 1031 sermonem
3363 968 3443 1033 le;

1857 1038 2021 1093 cisset
2069 1040 2136 1094 de
2168 1042 2395 1117 Pelagio
2430 1055 2588 1113 atque
2635 1045 2890 1101 Caelestio
2918 1056 3134 1115 propter
3188 1058 3436 1117 negatum

1860 1122 2154 1188 peccantur
2173 1115 2433 1188 originale
2458 1117 2742 1188 damnatis,
2796 1120 2964 1188 pergit
3022 1120 3072 1171 in
3120 1117 3233 1173 hac
3263 1115 3437 1175 'verba

1857 1180 1996 1249 (Lib.
2030 1185 2091 1237 de
2118 1182 2267 1260 Pecc.
2296 1185 2442 1260 Orig.
2468 1202 2583 1255 cap.
2608 1186 2700 1257 22)
2728 1180 2740 1241 ἐ
2778 1189 2878 1255 Qui
2890 1180 3063 1260 "hujus
3094 1192 3438 1260 perversitatis

1854 1264 2088 1331 auctores
2113 1257 2188 1309 vel
2208 1256 2561 1331 perhibentur,
2584 1261 2659 1313 vel
2684 1256 2839 1331 etiam
2867 1256 3186 1331 probantur;
3214 1260 3290 1316 vel
3307 1272 3439 1316 certe

1853 1326 1897 1377 si
1927 1335 2162 1380 auctores
2187 1344 2286 1380 non
2311 1338 2447 1393 sunt,
2470 1329 2561 1381 sed
2590 1333 2683 1383 hoc
2702 1330 2765 1383 ab
2786 1326 2903 1383 aliis
2927 1332 3237 1397 didicerunt,
3269 1349 3437 1386 asser-

1852 1405 1986 1449 tores
2011 1405 2175 1451 tamen
2207 1410 2353 1468 atque
2379 1400 2631 1474 doctores,
2666 1418 2754 1474 per
2792 1402 2930 1471 quod
2963 1403 3016 1454 id
3061 1403 3215 1455 latius
3256 1414 3433 1474 repta-

1851 1476 1927 1520 ret
1956 1477 2002 1521 et
2031 1480 2290 1528 cresceret.
2322 1481 2367 1524 et
2388 1472 2570 1537 verbis,
2598 1480 2642 1524 et
2674 1472 2852 1527 litteris
2897 1474 3023 1535 suis,
3070 1483 3117 1525 et
3154 1472 3438 1539 competen-

1852 1539 1986 1616 tibus
2015 1541 2240 1605 indiciis,
2274 1552 2319 1596 et
2345 1546 2483 1612 fama
2514 1560 2576 1599 ex.
2606 1543 2686 1597 his
2715 1544 2946 1597 omnibus
2990 1554 3223 1616 surgente
3251 1555 3296 1599 et
3325 1561 3434 1599 cre-

1850 1609 2119 1685 brescente.
2145 1609 2431 1685 jactant'ur.

1921 1682 2053 1736 Hinc
2082 1682 2239 1737 etiam
2264 1685 2553 1753 depellitur
2581 1685 2850 1754 popularis
2890 1685 3093 1750 Opinio,
3135 1686 3202 1742 de
3233 1687 3427 1743 Ruﬁno

1850 1754 2176 1829 aquileiensi
2227 1757 2563 1829 presbytero,
2592 1758 2743 1827 quasi
2789 1766 2977 1829 auctor
3009 1757 3167 1812 fuerit
3209 1759 3428 1816 liaare~is

1846 1821 2182 1880 Caelestianae
2212 1821 2350 1881 circa
2391 1821 2673 1897 peccatum
2730 1828 3010 1897 originale.
3044 1829 3191 1883 Hanc
3220 1831 3431 1897 Opinio-

1847 1913 1969 1949 nem
1998 1938 2011 1961 ,
2044 1900 2268 1967 perinde
2298 1914 2359 1953 ac
2397 1902 2518 1953 novi
2551 1900 2641 1954 alii
2684 1899 2921 1954 historia:
2959 1899 3255 1969 Pelagiana:
3294 1902 3429 1957 scri~

1845 1978 2050 2039 plores,
2077 1968 2360 2023 Jaosenius
2392 1972 2622 2039 lprensis
2670 1985 2776 2026 non
2819 1984 2924 2024 uno
2954 1972 3005 2023 in
3043 1968 3160 2025 loco
3190 1972 3430 2028 defendit

1843 2038 1982 2109 (Lib.
2006 2056 2022 2093 1
2047 2040 2109 2094 de
2132 2040 2276 2095 Hazr.
2310 2038 2493 2112 Pelag.
2526 2060 2571 2096 c.
2604 2042 2716 2109 12),
2752 2044 3038 2096 immemor
3060 2043 3244 2111 utique
3279 2061 3304 2095 a
3338 2059 3430 2100 ne-

1842 2112 1987 2184 utine
2032 2120 2269 2167 veterum
2322 2112 2517 2169 Ruﬁno
2574 2112 2901 2184 Aquileiensi
2937 2112 3203 2182 obieetqu
3263 2113 3428 2170 fuisse

1840 2181 1980 2249 quod
2014 2184 2217 2251 peccati
2269 2186 2540 2239 traducem
2590 2181 2835 2253 negaret;
2895 2181 3257 2253 objiciendum
3303 2200 3426 2253 pro-

1840 2254 1924 2306 cul
1950 2253 2117 2328 dubio
2140 2255 2206 2308 ab
2237 2255 2583 2328 Hieronymo,
2614 2256 2676 2328 isi
2722 2258 2885 2328 modo
2908 2256 2985 2328 ita
3012 2271 3188 2328 segres
3212 2258 3429 2313 habuis-

1838 2332 1921 2397 set
1966 2342 1976 2375 ε
2023 2326 2305 2397 immemor
2345 2324 2560 2397 quoque
2612 2326 3010 2382 Pammacltium
3060 2324 3254 2382 Ruﬁno
3311 2343 3420 2383 non

1840 2395 2017 2451 minus
2045 2396 2312 2451 infensum
2347 2395 2511 2453 fuisse
2536 2414 2694 2464 quam
2742 2399 3069 2469 Hieronymo
3124 2398 3417 2465 addictum,

1838 2481 1937 2519 nec
1968 2470 2014 2520 ei
2049 2469 2340 2533 praebuisse
2361 2469 2581 2537 hospitii
2603 2479 2897 2537 receptum,
2922 2484 3079 2537 quem
3097 2468 3419 2537 ejiciendum

1836 2552 1898 2609 ex
1934 2538 2175 2593 Ecclesia
2226 2555 2253 2591 a
2302 2556 2513 2593 summo
2555 2540 2806 2609 pontiﬁce
2870 2540 3095 2593 curavit.
3150 2539 3255 2595 Sed
3304 2539 3421 2597 haec

1837 2608 1967 2661 alias
1998 2610 2137 2663 dicta
2160 2618 2285 2664 sunt
2306 2608 2821 2682 pluribus(Dissert.
2860 2609 2934 2678 l).

1908 2682 2234 2749 Augustinus
2266 2697 2446 2750 porro,
2476 2680 2713 2736 Joannes
2747 2681 3066 2744 Maxentius,
3095 2688 3148 2736 et
3171 2680 3420 2747 Photius,

1832 2764 1991 2819 quam
2015 2753 2284 2821 accipiunt
2312 2768 2338 2804 a
2369 2752 2663 2808 Mercatore
2702 2753 3099 2814 auctoritatem,
3136 2752 3275 2807 hanc
3293 2753 3419 2821 ipsi,

1833 2824 2292 2877 coosentienubus
2323 2825 2434 2878 suis
2459 2823 2797 2888 testimoniis,
2837 2822 3162 2892 rependunt.
3201 2824 3423 2880 Photius

1833 2895 2130 2966 praesertim
2164 2894 2313 2966 (Cod.
2376 2894 2523 2961 177).
2567 2910 2685 2951 cum
2718 2904 2953 2948 narrata
2981 2910 3039 2949 se
3067 2896 3234 2949 lectos
3262 2896 3419 2960 quin-

1829 2978 1932 3031 que
1960 2964 2129 3019 libros
2159 2964 2353 3033 quibus
2372 2966 2691 3021 Theodorus
2739 2966 3144 3031 Mopsuestenus
3168 2968 3417 3033 inseque-

1830 2982 1932 3031 que
1960 2982 2129 3019 μοι-οε
2159 2982 2691 3033 qutuustueouorus
2739 2982 3144 3031 mopsuestenus
3168 2982 3282 3019 inse
3325 2982 3417 3021 ue-

1830 3033 1989 3088 batur
2011 3051 2101 3090 eos
2125 3039 2211 3106 qui
2230 3028 2474 3091 homines
2500 3048 2688 3092 natura
2713 3051 2937 3105 peccare
2967 3036 3235 3100 dicebant,
3270 2982 3421 3091 igeo-

1828 3122 1931 3171 que
1956 3108 2221 3175 baptismo
2263 3109 2512 3175 parvulos
2552 3108 2718 3163 ablui.
2772 3108 3062 3176 Utriusque
3112 3108 3418 3163 testimonia

146 3178 205 3230 ad
231 3178 499 3247 implenda
525 3180 774 3235 mandata
809 3196 822 3231 :
852 3193 944 3232 sex
970 3178 1110 3233 enim
1162 3177 1283 3231 aliae
1334 3172 1724 3247 propositiones
1751 3172 1795 3233 C
1832 3172 2060 3245 ltl‘Opriis
2092 3172 2273 3233 verbis
2300 3184 2466 3235 relata
2496 3189 2620 3234 sunt
2646 3181 2697 3233 in
2734 3179 2896 3244 notis,
2944 3172 3136 3247 partim
3183 3178 3247 3231 ad
3282 3194 3421 3244 prm-

145 3263 275 3318 quas
305 3250 477 3315 addit,
507 3266 598 3304 eas
624 3249 809 3317 procul
850 3250 1013 3303 dubio
1062 3264 1166 3303 non
1219 3249 1327 3301 vult
1354 3249 1516 3303 fuisse
1552 3254 1726 3315 capita

148 3322 364 3381 erroris.
400 3321 494 3377 sed
530 3322 761 3392 capitum
788 3322 1064 3375 dumtaxat
1087 3320 1427 3392 probationes
1445 3323 1723 3391 quasdam,

145 3400 369 3462 quatuor
392 3390 640 3447 nimirum
675 3394 889 3462 prioris,
919 3392 1052 3446 duas
1077 3390 1393 3459 posterioris
1421 3390 1720 3449 sententiae.

145 3460 195 3515 ld
218 3478 347 3517 vero
372 3464 607 3519 indicant
637 3460 741 3519 non
780 3466 1028 3527 obscure,
1086 3462 1265 3526 credo,
1318 3462 1725 3531 conjuncuones

143 3535 382 3605 causales
404 3535 543 3602 dum,
572 3538 815 3605 quoniam
841 3545 895 3588 et
914 3535 1053 3604 quia,
1084 3534 1315 3605 singulis
1344 3536 1723 3603 propositioni-

142 3602 236 3675 bus
262 3605 519 3673 praeﬁxae.
554 3602 684 3661 Illud
706 3610 882 3675 ipsum
916 3602 1073 3674 porro
1101 3604 1533 3661 animadvertere
1560 3620 1637 3661 eSt
1670 3609 1722 3661 in

144 3674 271 3745 libro
293 3678 367 3732 de
393 3678 570 3733 Gestis
598 3674 892 3732 Palaestinis
921 3676 1069 3748 (Cap.
1092 3676 1200 3739 ll),
1222 3677 1308 3748 ubi
1350 3676 1563 3746 Pelagio
1585 3680 1720 3748 obji-

142 3748 346 3802 ciuntur
370 3765 484 3818 qum
498 3749 751 3805 leestio
762 3750 959 3803 dudum
984 3747 1237 3801 Paulinus
1249 3747 1507 3801 diaconus
1523 3750 1572 3801 in
1588 3747 1719 3804 con-

141 3818 255 3873 cilio
276 3820 693 3890 Carthaginiensi
720 3831 1067 3890 opposuerat.
1086 3819 1297 3872 Ezedetn
1326 3819 1469 3872 enim
1497 3822 1719 3890 conjun-

140 3890 337 3945 ctiones
352 3893 677 3947 adhibentur
689 3893 891 3947 eisdem
910 3890 1383 3959 propositionibus,
1402 3901 1457 3943 ut
1473 3908 1575 3945 non
1593 3908 1721 3948 casu

142 3960 195 4032 id
209 3964 501 4030 contigisse
532 3964 821 4032 putandum
848 3964 920 4017 sit
945 3964 997 4015 in
1013 3963 1270 4015 alterutro
1288 3963 1424 4023 loco,
1457 3962 1550 4017 sed
1584 3979 1717 4018 con-

142 4031 273 4104 silio,
306 4034 379 4087 ad
404 4034 807 4104 signiﬁcandum
836 4045 1067 4101 quatuor
1107 4049 1171 4086 ex
1217 4032 1396 4104 prima
1429 4037 1716 4100 sententia,

142 4101 265 4156 duas
304 4120 337 4158 e
374 4101 606 4159 secunda
646 4106 971 4173 quiestiooes
1009 4115 1156 4159 ortas
1186 4118 1325 4164 esse,
1370 4103 1519 4169 dum,
1549 4116 1604 4157 ut
1636 4106 1713 4171 ﬁt,

141 4173 200 4227 ad
224 4175 650 4230 Conﬁrmaudam
667 4179 985 4232 sententiam
1005 4175 1057 4229 in
1077 4174 1439 4229 controversia
1468 4177 1714 4242 positam,

141 4258 196 4299 ea
209 4248 575 4314 proferrentur
587 4264 705 4318 quae
724 4248 943 4317 propter
958 4246 1264 4318 reciprocos
1279 4246 1718 4301 contradictionis

143 4328 293 4389 astus
316 4320 374 4373 in
403 4317 753 4389 quaestionem
781 4333 974 4373 novam
1006 4317 1318 4370 evaderent.

204 4388 315 4443 lam
350 4388 479 4445 vero
507 4392 663 4445 exiis
694 4406 816 4459 quae
851 4390 1110 4444 Mercator
1150 4388 1714 4459 narratgperspicuum

141 4472 231 4526 est,
260 4471 389 4517 ante
410 4462 679 4518 Anastasii
714 4457 864 4531 papm
893 4472 1129 4527 tempora
1165 4457 1411 4511 haeresim
1432 4457 1719 4513 Caelestin-

140 4545 250 4622 nam
292 4533 636 4602 Mopsuestia:
668 4530 933 4622 in’nCilicia
982 4530 1240 4612 secunda,
1268 4531 1718 4622 ‘auctot‘eJTlteo-
1744 4562 1797 4622 Β

141 4600 282 4669 doro,
326 4600 509 4658 natam
559 4620 697 4660 esse.
728 4603 951 4658 Ruﬁnus
994 4602 1156 4666 enim,
1191 4602 1277 4669 qui
1322 4600 1639 4671 jamdudum
1686 4619 1715 4657 a

143 4671 418 4729 Theodoro
466 4676 686 4730 edoctus
730 4676 933 4737 fuerat,
978 4673 1201 4727 Romam
1240 4673 1388 4726 venit
1422 4689 1549 4727 anu.
1586 4673 1713 4740 399,

142 4745 222 4813 qui
254 4746 353 4800 fuit.
375 4748 644 4802 secundus
676 4744 966 4801 Anastasii.

206 4815 372 4871 Immo
399 4818 656 4873 credibile
668 4826 751 4872 est
774 4828 900 4872 tunc
923 4817 1151 4885 primum
1169 4825 1364 4879 ortam,
1389 4829 1509 4870 cum
1537 4815 1717 4871 Theo-

142 4886 291 4943 dorus
330 4890 525 4943 sedere
555 4890 718 4957 coepit
754 4888 1115 4957 Mopsuestim,
1141 4886 1190 4940 id
1213 4895 1313 4951 est,
1332 4902 1461 4941 ann.
1488 4887 1613 4951 590,
1643 4890 1715 4942 si-

144 4960 342 5030 quidem
370 4960 456 5013 vel
479 4972 751 5030 acceptam
780 4976 809 5012 a
840 4957 1071 5013 Diodoro
1107 4957 1393 5030 Tarsensi,
1430 4973 1589 5027 quem
1622 4960 1716 5012 lia-

144 5029 247 5082 buit
301 5032 636 5097 magistrum,
685 5032 824 5085 vela
871 5046 931 5084 se
980 5029 1312 5091 fabricatam,
1374 5030 1543 5083 factus
1602 5030 1715 5098 ipse

146 5102 471 5168 postmodum
528 5102 778 5157 Ecclesia:
825 5102 1111 5171 magister,
1146 5101 1264 5154 aliis
1291 5101 1498 5165 statim,
1524 5111 1580 5155 ut
1632 5111 1715 5156 est

146 5172 396 5237 impotens
424 5174 654 5228 novandi
680 5173 866 5237 libido,
897 5173 1111 5226 tradere
1140 5172 1333 5226 voluit.

205 5243 352 5310 Quod
380 5244 425 5298 si
453 5253 656 5300 certum
680 5255 783 5309 est,
807 5255 863 5298 ut
886 5256 969 5298 est
998 5243 1179 5311 procul
1199 5242 1381 5305 dubio,
1407 5243 1547 5311 quod
1573 5243 1713 5297 Mer-

143 5325 280 5369 cator
307 5315 716 5383 refert,constat
739 5331 864 5369 vere
885 5317 952 5368 de
996 5314 1283 5368 Theodoro
1334 5315 1711 5383 Mopsuesteno

140 5397 387 5453 scriptum
412 5403 438 5440 a
458 5388 666 5442 Joanne
685 5388 953 5456 \laxentio
975 5384 1029 5451 (τὶ
1057 5385 1408 5456 confessione),
1442 5386 1713 5456 impugna-

141 5465 265 5509 tores
292 5460 487 5527 peccati
514 5458 780 5529 originalis
806 5455 1028 5529 Caelestii
1059 5453 1358 5529 Relagiique
1384 5467 1429 5509 et
1442 5453 1716 5529 Theodori

141 5525 301 5597 fuisse
333 5525 631 5599 discipulos.
665 5529 805 5584 Vere
835 5528 1038 5598 pariter
1066 5525 1376 5581 leestium
1422 5526 1490 5581 de
1523 5527 1714 5599 Ruﬁno

141 5597 472 5670 presbytero,
494 5616 675 5655 coram
696 5597 937 5663 Aurelio,
962 5604 1255 5652 asseruisse
1280 5613 1359 5661 se,
1384 5613 1503 5653 cum
1528 5597 1712 5654 Romae

136 5684 295 5745 esset,
320 5687 395 5745 ext
416 5673 529 5741 ipso
559 5670 994 5745 didiciSse,_quod
1029 5670 1225 5745 tradux
1277 5671 1472 5745 peccati
1504 5687 1716 5745 nones-

136 5753 204 5817 set
229 5738 414 5817 (Apud,
436 5738 708 5817 ’Aug._l_ib._
737 5746 800 5797 de
828 5741 977 5817 (’ecc.
1017 5738 1163 5817 Orig.
1196 5757 1243 5795 c.
1277 5738 1527 5817 3)._Vere_
1550 5742 1712 5797 etiam

138 5813 200 5866 ab
250 5810 553 5884 Angustino
584 5813 781 5886 (Epist.
833 5812 955 5880 190,
1002 5812 1069 5865 ad
1104 5810 1383 5883 Optatum)
1441 5814 1711 5883 Pelagium

1832 3247 2087 3305 lationem
2118 3252 2585 3311 Subnntationum,
2618 3251 2809 3320 partim
2851 3250 2915 3303 ad
2945 3257 3193 3318 excerpta
3216 3248 3422 3305 Merca-

1832 3321 1963 3373 toris
1987 3338 2052 3377 ex
2077 3323 2225 3376 libris
2255 3321 2529 3376 Theodori
2551 3322 2914 3387 Mopsuesteni
2936 3320 3193 3374 adversus
3222 3320 3280 3374 S.
3305 3323 3418 3374 Au-

1829 3392 2097 3459 gustinum
2114 3393 2316 3461 peccati
2347 3394 2618 3462 originalis
2636 3393 2993 3447 defensorem.
3024 3390 3219 3462 Verum
3239 3391 3421 3445 obser-

1828 3477 1914 3525 Va,
1940 3464 2125 3528 lector,
2150 3464 2420 3533 quomodo
2438 3461 2609 3517 totam
2629 3465 2828 3518 hancce
2852 3461 3100 3533 haeresim
3126 3462 3414 3527 Mercator,

1831 3542 1885 3585 ut
1916 3544 1967 3586 et
1991 3537 2078 3588 alii
2104 3532 2259 3589 antea
2293 3536 2515 3596 laudati,
2545 3537 2610 3588 ad
2662 3536 2767 3588 duo
2810 3532 2982 3602 capita
3031 3534 3368 3587 revocaverit
3400 3550 3413 3587 :

1826 3607 2075 3673 quodque
2098 3608 2199 3660 illis
2235 3607 2464 3671 primum
2489 3606 2587 3659 fuit
2617 3606 2687 3661 de
2712 3615 2935 3674 peccato
2963 3603 3230 3673 originali,
3259 3604 3415 3659 dixe-

1826 3688 1969 3747 runt,
1998 3679 2120 3746 quia
2146 3678 2305 3746 vulgo
2336 3678 2406 3731 ita
2433 3677 2773 3747 jactabatur;
2806 3678 2940 3743 ipse,
2992 3674 3135 3745 quod
3176 3674 3273 3729 fuit
3310 3676 3415 3731 viri

1825 3745 1926 3800 hac
1958 3745 2619 3817 inqurcstiOneimprimis
2657 3748 2875 3811 versati,
2922 3750 2986 3801 ad
3036 3761 3190 3817 suum
3246 3761 3416 3817 usque

1826 3818 2023 3874 fontem
2058 3816 2286 3875 reducto
2328 3821 2541 3886 rivulo,
2572 3820 2641 3875 de
2677 3819 3001 3874 mortalitate
3052 3816 3286 3872 hominis
3332 3816 3415 3874 di-

1824 3891 1989 3945 xerit.

1896 3963 2130 4018 Observa
2154 3965 2333 4029 etiam,
2369 3979 2436 4018 ex
2480 3962 2801 4018 recensione
2846 3975 3089 4015 errorum
3136 3959 3407 4027 leestii,

1823 4035 2119 4101 cujusmodi
2149 4051 2177 4087 a
2201 4037 2497 4089 Mercatore
2526 4035 2659 4088 facta
2681 4041 2781 4088 est.
2812 4032 3007 4100 corrigi
3037 4032 3236 4085 debere
3266 4030 3409 4101 quod

1823 4100 1906 4157 est
1938 4105 1988 4157 in
2023 4107 2198 4160 Gestis
2236 4106 2561 4171 Palmstiuis,
2588 4106 2673 4159 ubi
2713 4102 3019 4156 referuntur
3049 4118 3166 4170 qua:
3196 4117 3261 4156 ex
3292 4100 3415 4155 Cm-

1823 4176 1964 4229 lestii
1994 4176 2235 4229 doctrina
2268 4176 2473 4243 objecta
2503 4186 2624 4229 sunt
2675 4173 2919 4242 Pelagio;
2976 4173 3116 4226 nulla
3150 4174 3291 4226 enim
3334 4173 3412 4228 fa-

1822 4259 1904 4299 ma
1937 4247 2209 4299 mentione
2248 4247 2452 4299 erroris
2488 4247 2554 4299 de
2593 4246 2797 4299 viribus
2848 4244 3003 4298 liberi
3034 4244 3264 4309 arbitrii,
3290 4260 3409 4313 qua:

1821 4317 2179 4384 Suhjiciuntur
2226 4317 2323 4385 ipsi
2380 4317 2720 4385 probationes
2768 4314 2919 4383 duae,
2976 4325 3179 4370 temere
3225 4315 3415 4385 peruti-

1822 4397 2039 4441 scentur
2071 4390 2210 4454 aliis,
2242 4390 2424 4457 sicque
2469 4390 2629 4442 unius
2656 4388 2857 4443 erroris
2890 4389 3127 4457 quinque
3174 4388 3410 4442 rationes

1820 4460 2167 4528 proferuntur
2210 4456 2352 4513 hunc
2394 4461 2443 4513 in
2483 4460 2699 4514 modum
2733 4456 2868 4525 (Lib.
2900 4459 2964 4512 de
3010 4456 3152 4512 Cest.
3189 4457 3407 4515 Paltest.

1823 4547 1867 4583 c.
1902 4532 1989 4600 ll)
2022 4549 2033 4582 :
2066 4533 2230 4584 Adam
2281 4530 2549 4585 mortalem
2604 4532 2817 4602 factum.
2873 4532 2963 4601 qui
3004 4530 3107 4584 sive
3158 4541 3409 4601 peccaret,

1821 4604 1923 4655 sive
1951 4618 2051 4655 non
2075 4612 2323 4673 peccaret,
2356 4604 2638 4656 moriturus
2668 4611 2833 4665 esset;
2876 4604 3117 4673 quoniam
3144 4612 3407 4672 peccatum

1819 4674 1945 4727 Adae
1972 4670 2137 4740 ipsum
2182 4676 2347 4727 solunt
2396 4674 2604 4743 (mserit,
2630 4685 2677 4727 et
2731 4689 2834 4727 non
2884 4670 3044 4744 genus
3088 4670 3409 4744 humanum,-

1818 4745 2059 4811 quoniam
2114 4747 2195 4800 lea:
2231 4746 2305 4799 sic
2351 4746 2517 4798 mittat
2571 4747 2639 4798 ad
2684 4742 2922 4815 regnum,
2979 4742 3409 4815 quemadmodum

1822 4817 2191 4886 Evangelium;
2224 4817 2467 4886 quoniam
2510 4812 2939 4870 ante‘adventum
2977 4812 3169 4868 Christi
3216 4812 3410 4886 fuerint
3466 4866 3470 4871 ,

1818 4883 2045 4940 homines
2069 4889 2177 4941 sine
2200 4883 2439 4958 peccato;
2466 4889 2709 4958 quoniam
2735 4887 2954 4952 infantes
3005 4899 3166 4958 nuper
3206 4883 3315 4958 nati
3355 4884 3411 4939 in

1818 4960 1907 5014 illo
1938 4968 2075 5011 statu
2126 4954 2225 5012 sint
2284 4960 2335 5011 in
2388 4954 2489 5028 quo
2525 4957 2691 5011 Adam
2734 4967 2850 5009 ante
2899 4954 3409 5028 prtevaricationent;

1820 5031 2061 5097 quoniam
2093 5046 2250 5101 neque
2273 5046 2363 5100 per
2389 5024 2601 5101 mortem
2649 5029 2724 5081 vel
2776 5026 3248 5095 pr'tevaricationem
3281 5024 3410 5101 Ade:

1819 5118 1966 5156 omne
1986 5117 2141 5167 genus
2165 5096 2429 5154 hominum
2457 5100 2722 5162 moriatur,
2766 5114 2925 5169 neque
2955 5114 3045 5165 per
3073 5096 3408 5150 resurrectio-

1818 5189 1932 5226 nem
1956 5172 2146 5225 Christi
2186 5188 2331 5226 omne
2358 5186 2515 5243 genus
2546 5169 2808 5243 hominum
2836 5177 3093 5243 resurgat.

1890 5242 2129 5298 Observa
2154 5236 2385 5311 denique
2407 5241 2801 5297 dissertationis
2823 5236 3024 5294 nostrae
3050 5239 3183 5294 duas
3210 5236 3409 5293 debere

1817 5328 1939 5369 esse
1966 5323 2147 5384 partes
2176 5315 2493 5383 praecipuas,
2522 5314 2756 5382 priorem
2776 5312 2843 5365 de
2874 5312 3142 5380 dogmate,
3185 5323 3408 5379 quomo-

1817 5388 1885 5439 do
1907 5402 1971 5440 ex
1987 5388 2128 5439 tenui
2157 5387 2341 5439 radice
2367 5384 2669 5454 prodigiose
2693 5384 3065 5454 excreveritin
3090 5391 3286 5454 tantum
3314 5394 3404 5454 η-

1818 5473 2025 5512 morum
2075 5451 2764 5520 multitudinemfalteram
2811 5453 2879 5508 de
2924 5451 3097 5519 primo
3142 5453 3409 5522 dogmatis

1816 5538 2059 5590 auctore.
2089 5527 2360 5597 quomodo
2388 5528 2651 5581 sententia
2680 5525 2991 5581 Mercatoris
3025 5524 3093 5579 de
3120 5523 3406 5597 Theodoro

1818 5596 2196 5668 Mopsuesteoo
2214 5598 2491 5653 conciliari
2514 5599 2683 5667 possit
2706 5612 2827 5652 cum
2873 5597 3125 5666 opinione
3174 5596 3405 5664 scripto—

1816 5686 1934 5725 rum
1977 5670 2216 5725 ltistoriae
2240 5670 2561 5739 Pelagianae.
2608 5668 2687 5723 llli
2720 5668 2863 5722 enim
2899 5668 3409 5739 Hieronymum_se-

1816 5743 1948 5806 cuti,
1979 5737 2422 5811 Cassianumque,
2454 5749 2508 5796 et
2547 5748 2758 5811 poetam
2814 5741 2904 5808 qui
2937 5737 3265 5808 epitaphium
3300 5737 3411 5790 ha:-

1818 5816 1924 5870 resi
1975 5813 2311 5873 Nestoriaua:
2356 5813 2554 5884 posuit,
2606 5811 2743 5871 alios
2778 5811 2937 5882 longe
2990 5813 3202 5882 plures,
3250 5820 3411 5877 atque
