3882 6284
414 414 578 471 etiam
614 412 978 483 antiquiores,
1024 422 1083 468 ut
1143 411 1364 467 Paulam
1413 410 1846 475 Samosatenum,
1878 405 2001 463 Ori-
2027 408 2081 472 Α
2105 408 2159 463 ni
2189 407 2445 478 peccandi

414 500 626 558 genam,
647 480 958 553 Photinum,
988 484 1354 550 lovinianum,
1386 491 1521 551 etc.,
1551 488 1999 537 commemorant.

1031 573 1259 656 CAPUT
1296 596 1362 655 n.

421 693 538 763 Qua
583 695 785 749 ratione
823 708 886 749 eat
934 707 1035 746 suo
1081 707 1255 745 errore
1298 689 1484 761 reliqui
1527 697 1628 746 tres
1690 687 2002 761 principales

951 763 1203 834 originem
1225 764 1488 817 duxerint.

487 858 833 920 Ostendimus
853 858 1031 927 capite
1063 856 1417 925 prmccdente,
1445 863 1674 924 quatuor
1689 852 1853 909 {uisae
1867 866 2006 923 prte-

417 929 572 1001 cipna
600 932 848 1000 dogmata
878 928 1097 983 haeresis
1121 927 1441 1001 Pelagianae.
1462 927 1734 1001 Originem
1765 928 2001 1001 omnium

419 996 486 1058 ei
514 1018 619 1057 uno
649 996 935 1068 descripsnt
959 996 1270 1069 ingeniose
1296 1000 1547 1069 Prosper,
1595 998 1720 1051 dum
1745 996 2001 1069 “singula,

417 1082 520 1198 ina
558 1075 704 1197 vtelut
736 1071 1002 1216 ὕδρωπιάί
1024 1067 1379 1139 conditione,
1415 1067 1679 1142 disposuit
1706 1067 1905 1142 (Carm.
1941 1068 2006 1121 de

453 1160 579 1216 ngra
605 1185 620 1200 .
655 1159 703 1199 c.
800 1184 813 1197 .

453 1154 620 1216 ngrat.
655 1159 703 1199 c.
736 1154 813 1216 1).

510 1277 696 1342 pegma
721 1277 850 1342 quod
867 1279 1057 1342 antiqui,
1070 1278 1293 1327 satiatum
1316 1275 1433 1326 felle
1456 1275 1701 1342 draconis,

511 1338 761 1391 Pestil'ero
787 1343 968 1389 vomuit
989 1338 1195 1389 coluber
1224 1350 1458 1390 sermone
1479 1338 1755 1387 Britannus.

515 1402 619 1452 Hac
639 1406 818 1463 primos
838 1403 1060 1453 homines
1082 1411 1245 1451 cretus
1271 1402 1459 1452 ditiooe
1483 1399 1694 1463 ferebat,

518 1465 579 1515 Ut
602 1462 693 1515 seu
719 1469 1053 1527 prescriptum
1085 1465 1364 1527 mandatum
1390 1462 1854 1525 transgrederenur

515 1528 633 1590 Sive
659 1525 888 1590 inculpati
910 1535 1106 1576 servata
1125 1525 1242 1590 lege
1264 1532 1543 1590 manerent,

512 1588 718 1653 Mortem
748 1584 886 1638 isiam
913 1602 1127 1653 prorsus,
1154 1584 1248 1651 qua
1274 1596 1471 1637 carnem
1495 1584 1589 1635 vita
1607 1584 1862 1653 relinqtﬂl,

514 1651 868 1715 ()ppptereut;
892 1648 1002 1715 quas
1030 1648 1124 1699 non
1146 1648 1344 1715 peccato
1362 1657 1518 1712 parta,
1542 1648 1631 1715 sed
1655 1649 1761 1712 ipso

520 1711 814 1764 ltistituente
835 1711 941 1764 Deo
957 1724 1122 1764 comes
1146 1711 1281 1762 esset
1306 1711 1397 1758 fixa
1421 1714 1616 1761 creatis.

515 1775 811 1837 Progenitos
833 1778 985 1833 igitur
1010 1776 1192 1823 nullum
1219 1776 1427 1824 traxisse
1451 1782 1643 1823 reatum

518 1836 591 1900 De
612 1833 864 1900 patribus:
892 1850 1056 1900 neque
1071 1837 1331 1886 dissimiles
1355 1849 1481 1900 nunc
1498 1837 1687 1887 nascier
1708 1833 1795 1885 illo

515 1898 640 1962 Drtii
657 1902 940 1962 primorum,
970 1898 1055 1962 qui
1082 1900 1309 1948 libertate
1332 1898 1459 1962 male
1481 1900 1557 1947 usi

516 1960 808 2020 Peccarunt,
828 1963 975 2011 forma
990 1960 1151 2020 nocui,
1172 1976 1267 2010 non
1289 1960 1481 2010 semine
1508 1961 1645 2022 proli.

517 2023 669 2073 Posse
688 2032 853 2073 autem
878 2026 1097 2074 insontes
1115 2037 1286 2072 omnes
1310 2022 1503 2073 virtutis
1528 2023 1576 2071 in
1600 2035 1714 2074 arce

514 2084 674 2149 Vitam
697 2100 871 2149 agere,
897 2088 949 2134 et
968 2088 1120 2134 menti
1142 2087 1413 2146 ingenitum
1435 2092 1639 2149 servare
1662 2085 1895 2135 decorem

522 2144 758 2210 Arbitrio,
781 2144 1005 2210 quoniam
1030 2144 1263 2196 subsistat
1286 2156 1422 2195 reeta
1447 2144 1655 2210 volentis

518 2209 759 2272 Naturalis
784 2209 953 2268 honos,
978 2211 1162 2272 lexque
1188 2211 1328 2272 insita
1352 2209 1573 2257 cordibus
1598 2211 1729 2272 intus

519 2271 624 2334 Hoc
649 2280 861 2330 moneat,
890 2273 1017 2334 quod
1040 2271 1222 2333 scripta
1249 2271 1364 2319 foris
1389 2284 1401 2319 :
1428 2273 1504 2320 cui
1523 2274 1680 2333 gratia
1696 2271 1874 2323 Christi

518 2332 716 2396 Addita,
739 2332 1016 2396 perfugium
1037 2332 1185 2396 lapsis
1208 2335 1514 2395 generaliter
1532 2332 1589 2382 in
1609 2348 1668 2385 se

518 2395 813 2457 Condiderit,
838 2411 981 2447 sacro
1006 2398 1049 2447 si
1077 2395 1264 2446 vellent
1286 2396 1420 2446 fonte
1445 2398 1631 2456 novari,

522 2457 587 2523 ῌι
609 2466 783 2521 sponte
807 2467 1060 2523 attractum
1088 2459 1228 2523 venia
1253 2459 1479 2508 solvente
1513 2466 1728 2523 reatum,

520 2521 707 2583 Sponte
729 2532 815 2569 sna
834 2522 883 2570 in
903 2523 1032 2570 vires
1056 2520 1275 2583 proprias
1299 2529 1466 2583 natura
1492 2520 1700 2571 rediret.

517 2581 725 2646 Quoque
752 2596 840 2645 per
858 2581 1211 2646 erroresiess’et
1241 2581 1440 2646 spoliata
1466 2583 1657 2645 vigore,

516 2642 660 2707 [Iuno
684 2642 887 2694 servare
913 2642 1072 2694 semel
1099 2642 1488 2706 posset'purgata
1513 2642 1719 2707 receptu

518 2702 636 2770 :[am
656 2707 939 2770 dives_Vero
956 2707 1045 2755 hoc
1068 2702 1245 2770 donum
1269 2702 1568 2770 baptismatis
1590 2702 1724 2770 esse,

519 2767 581 2831 Et
602 2776 699 2817 tam
721 2767 870 2818 multa
894 2770 1075 2817 homini
1095 2768 1307 2817 conferri
1327 2767 1515 2818 findere
1540 2772 1588 2818 in
1612 2767 1725 2831 lato,

521 2829 585 2893 Ut
607 2832 787 2893 parvis,
813 2833 959 2880 etiam
985 2834 1202 2893 vitioque
1227 2832 1515 2880 carentibus
1536 2834 1666 2881 omni

520 2891 783 2951 Congruat,
812 2900 867 2941 ut
888 2894 971 2954 qui
994 2891 1284 2954 sunt'geuiti
1308 2894 1460 2953 bene,
1484 2895 1584 2944 sint
1607 2892 1860 2953 meliores,

518 2948 815 3016 ﬁatut-teque
833 2948 1010 3003 bonum
1037 2948 1227 3016 adjécto
1258 2948 1527 3005 illustratur
1552 2957 1758 3004 honore.

520 3013 715 3064 Nullum
737 3013 901 3064 autem
926 3029 988 3064 ex
1015 3013 1205 3064 cunctis
1225 3022 1475 3066 exsortem
1503 3018 1724 3066 muneris
1744 3014 1911 3128 hqus,

523 3074 710 3124 indicio
731 3077 953 3128 genitum
972 3090 1086 3128 esse
1109 3075 1224 3128 Dei.
1248 3080 1337 3127 sed
1365 3091 1613 3128 uuemaue
1637 3088 1803 3128 merer

523 3074 710 3141 (Iudicio
731 3077 953 3137 genitum
972 3075 1224 3141 esseDel,
1248 3080 1337 3127 sed
1365 3091 1613 3141 quemque
1637 3088 1803 3128 merer

482 3138 493 3145 ’
522 3132 771 3187 Libertate
795 3150 901 3201 sua,
929 3145 982 3189 ut
1004 3140 1160 3202 capiat
1183 3132 1414 3200 promissa
1435 3132 1665 3202 vocantis,

521 3202 640 3259 Qtne
662 3204 762 3251 sint
787 3202 973 3251 aversis
994 3201 1227 3263 indebita,
1250 3201 1418 3253 debita
1438 3204 1603 3253 rectis.

500 3328 614 3394 Qua
646 3343 775 3382 vero
806 3329 1017 3383 ratione
1045 3327 1099 3383 id
1147 3327 1291 3398 quod
1319 3328 1515 3383 asserit
1544 3325 1779 3396 Prosper
1806 3342 1865 3385 re
1903 3327 2016 3398 ipsa

428 3400 738 3468 contigerit,
774 3400 1120 3455 manifestum
1149 3400 1285 3455 forte
1309 3414 1375 3455 ex
1412 3401 1496 3454 his
1525 3398 1737 3455 evadet.

500 3468 762 3541 Onntlbus
794 3470 904 3525 fere
934 3473 1268 3537 temporibus
1306 3471 1591 3541 quasitum
1621 3478 1704 3526 est
1735 3469 1875 3526 unde
1906 3487 2018 3527 ma-

432 3539 565 3604 lum,
592 3540 707 3594 sive
732 3541 1085 3625 ani_tni,‘quod
1122 3539 1398 3622 peccatum
1429 3550 1557 3625 est;
1598 3542 1711 3624 sive
1728 3543 2016 3625 corporis,

431 3625 552 3683 quas
576 3623 744 3673 mors,
777 3610 829 3665 id
852 3610 1146 3674 est,’animi
1166 3627 1198 3683 a
1226 3627 1452 3680 corpore
1481 3614 1698 3667 solutio.
1726 3610 1868 3669 Oriri
1894 3630 2021 3683 pec-

432 3681 612 3737 catum
644 3694 674 3736 a
705 3692 893 3736 natura
922 3681 1226 3748 Manicliaei,
1260 3699 1289 3736 a
1322 3684 1598 3739 voluntate
1652 3681 2018 3740 humana'ca-

433 3753 929 3893 tholici)senserunt
958 3753 1112 3826 (Aug.
1138 3753 1284 3808 libris
1324 3754 1388 3808 de
1407 3753 1524 3810 Lib.
1548 3753 1793 3821 Arbitrio,
1823 3766 1871 3810 et
1896 3756 2020 3812 alibi

433 3840 626 3893 passim
657 3862 670 3879 .
1970 3887 1979 3893 .

433 3840 670 3894 passim).
1970 3887 1979 3893 .

503 3896 797 3963 Quaesitum
847 3895 1124 3964 deinceps,
1177 3895 1320 3951 unde
1362 3911 1532 3963 mors,
1587 3911 1684 3952 seu
1726 3899 2019 3955 necessitas

436 3966 699 4022 moriendi
727 3968 1031 4023 communis
1055 3968 1331 4022 hominum
1363 3986 1375 4021 :
1411 3975 1586 4023 utrum
1615 3982 1645 4022 a
1678 3978 1889 4035 natura,
1920 3986 2018 4024 cu-

430 4036 518 4108 jus
534 4038 781 4094 conditor
814 4039 984 4105 Deus;
1012 4048 1187 4092 utrum
1204 4057 1232 4093 a
1253 4052 1493 4108 peccato,
1520 4039 1674 4109 cujus
1696 4054 1889 4109 parens
1919 4057 2018 4096 voc

432 4110 632 4164 lunias.
666 4109 982 4165 Theodorus
1011 4110 1422 4178 Mopsuestenus
1443 4126 1469 4164 a
1501 4122 1686 4165 natura
1713 4119 1885 4166 ortam
1924 4128 2020 4168 vo-

434 4182 556 4246 iuit,
585 4181 833 4236 catholici
862 4198 890 4234 a
921 4192 1139 4251 peccato
1167 4198 1181 4234 :
1208 4182 1577 4251 quamobrem,
1609 4185 1906 4252 quastione
1951 4184 2020 4239 ad

433 4255 664 4322 primum
709 4253 977 4325 hominem
1013 4252 1277 4325 traducta.
1309 4253 1629 4325 Theodorus
1652 4254 1789 4308 dixit
1818 4252 1909 4325 (lu
1931 4271 2021 4310 ea:-

435 4324 618 4395 cerptis
648 4324 788 4389 apud
818 4322 1033 4395 Merui.
1063 4335 1109 4378 et
1135 4324 1187 4377 in
1221 4325 1255 4380 5
1280 4324 1519 4395 synodo),
1549 4323 1714 4378 Adam
1749 4322 2021 4380 mortalem

432 4393 507 4445 ita
521 4394 731 4465 factum,
752 4401 806 4447 ut
829 4393 932 4447 sive
952 4402 1201 4462 peccaret,
1219 4393 1323 4449 sive
1352 4412 1453 4448 nou
1470 4393 1720 4465 peccaret,
1742 4398 2020 4452 moriturus

434 4470 602 4537 esset;
632 4464 880 4537 catholici
920 4475 1130 4524 contra,
1164 4466 1357 4537 factum
1386 4464 1479 4530 ita,
1511 4476 1563 4537 ut
1613 4467 1712 4519 nisi
1740 4478 2017 4537 peccasset,

434 4535 717 4587 moriturus
739 4535 947 4589 omnino
976 4551 1079 4590 non
1106 4536 1287 4607 fuisset
1313 4535 1472 4608 (Aug.
1501 4535 1594 4591 lib.
1623 4535 2017 4609 ide'peccator.

435 4602 612 4658 Merit.
647 4620 762 4673 cap.
794 4607 875 4673 9).

499 4613 612 4658 erit.
647 4620 762 4675 cap.
794 4613 875 4673 2).

507 4675 781 4731 All‘erebat
825 4676 1141 4731 Theodorus
1198 4688 1539 4732 communem
1596 4692 1718 4734 esse
1774 4681 2025 4737 omnibus

433 4748 699 4802 moriendi
750 4748 1144 4812 necessitatem,
1200 4763 1297 4802 nec
1354 4757 1534 4804 tamen
1576 4763 1698 4804 esse
1737 4766 2025 4809 commune

432 4828 732 4888 peccatum,
762 4817 1029 4888 siquidem
1060 4820 1261 4888 parvuli
1283 4834 1431 4889 saepe
1446 4819 1534 4875 vel
1566 4820 1618 4874 in
1646 4822 1774 4889 ipsis
1796 4832 2023 4877 matrum

434 4891 602 4944 meris
632 4892 949 4946 innocentes
999 4891 1317 4946 moriantur.
1378 4891 1722 4959 Esceperuot
1775 4894 2026 4949 catholici

433 4960 568 5016 istos
592 4976 809 5031 quoque
838 4977 1130 5031 paucorum
1162 4963 1368 5016 dierum
1398 4961 1646 5017 homines
1678 4973 1897 5030 peccato
1921 4965 2028 5031 pri-

433 5032 507 5086 mi
537 5035 775 5103 parentis
805 5035 995 5096 teneri,
1033 5046 1131 5087 nec
1184 5033 1408 5102 proinde
1438 5036 1585 5088 nasci
1634 5042 1741 5088 tam
1772 5036 2029 5091 innocen-

434 5112 515 5158 tes
536 5119 697 5175 quam
730 5104 934 5174 primus
962 5104 1123 5157 homo
1147 5104 1390 5158 cotidittvs
1413 5113 1515 5159 est.
1539 5106 1869 5174 Esceperunt
1895 5122 2028 5175 quo-

433 5190 538 5244 que
569 5185 811 5229 naturam
845 5175 1133 5228 humanam
1188 5176 1590 5231 immortalitate
1630 5176 1842 5245 quidem
1870 5192 2024 5232 crea-

432 5246 600 5301 tioois
629 5246 801 5312 initio,
831 5246 1109 5311 donatam,
1138 5245 1233 5300 sed
1258 5248 1355 5301 hac
1406 5248 1542 5314 ipsa,
1595 5247 1647 5300 in
1675 5247 1865 5301 Atiami
1900 5263 2024 5316 pec-

432 5320 639 5371 catoris
694 5327 870 5372 morte
920 5318 1201 5384 privatam,
1256 5317 1311 5372 in
1377 5315 1577 5372 Christi
1630 5315 2026 5374 resurrectione

432 5386 629 5443 iterum
661 5387 991 5443 donandam.

507 5459 591 5513 Ad
622 5459 739 5513 haec
767 5458 1087 5514 Theodorus
1111 5457 1289 5528 (Apud
1317 5457 1533 5513 Marcet.
1562 5459 1616 5512 in
1642 5458 1795 5530 praef.
1822 5458 2027 5515 Sulmo-

433 5529 731 5601 tutionsm),
768 5531 969 5599 primoa
1001 5541 1251 5599 parentes
1301 5532 1569 5585 neminem
1609 5529 2032 5601 snatransgres-

433 5599 593 5654 sione
612 5600 835 5661 laesisse,
859 5601 954 5656 sed
978 5602 1124 5656 solos
1153 5616 1214 5655 se
1244 5600 1435 5657 fecisse
1465 5616 1617 5667 reos;
1651 5599 1901 5657 infantes
1921 5614 2026 5657 tam

434 5668 757 5743 innocentes
780 5672 926 5741 gigni
956 5689 983 5725 a
1006 5672 1318 5739 parentibus
1357 5688 1515 5743 quam
1568 5686 1783 5729 creatus
1834 5687 1865 5728 a
1920 5674 2028 5729 Deo

474 5742 639 5795 rimus
673 5740 968 5808 homocst;
998 5744 1282 5809 Adamnm,
1315 5740 1437 5799 eum
1458 5754 1755 5810 crearetur,
1781 5759 1886 5800 non
1912 5746 2028 5815 plus

433 5754 755 5875 innocentia:
783 5813 1043 5875 habuisse
1067 5830 1229 5875 uuam
1275 5816 1513 5875 infantes
1558 5817 1650 5875 oui
1681 5827 1868 5875 carent
1904 5832 2026 5875 oni-

457 5814 755 5877 nnecetitiao
783 5813 1043 5876 habuisse
1067 5830 1229 5889 quam
1275 5816 1513 5879 infantes
1558 5817 1650 5892 qui
1681 5827 1868 5878 carent
1898 5813 2026 5893 cui-

872 295 966 357 ΔΙ)
993 289 1280 356 PARTE“
1310 292 1573 353 Pﬂllkl
1603 290 1886 351 OPERUI
1915 291 1984 347 ll.
2018 290 2464 351 ﬂEﬂCATORIS
2492 290 2843 350 APPENDIX
2870 292 3215 352 SECUNDA.

2555 408 3070 477 saibilitate;neque
3128 423 3222 478 per
3274 417 3502 464 mortem
3555 409 3686 469 Atla

2106 495 2268 534 omne
2283 494 2452 550 genus
2478 481 2753 536 hominum
2779 481 2937 547 mori,
2965 496 3088 535 cum
3119 494 3294 549 neque
3324 494 3420 548 per
3448 495 3685 550 ηειιιτοτ

2110 544 2345 606 ctioncin
2374 551 2573 607 Christi
2596 567 2758 608 omne
2786 544 2959 622 genus
2985 544 3263 607 hominum
3293 544 3555 622 rcsurgat,
3589 544 3682 610 sed

2105 622 2207 678 soli
2241 622 2351 690 pii;
2382 638 2555 692 neque
2587 622 2840 687 infantes,
2869 626 2912 678 ai
2953 623 3065 678 fato
3114 623 3405 693 fungantur
3457 633 3583 680 ante
3603 623 3683 681 bat

2107 695 2359 765 ptisninm
2388 704 2719 762 perceptum,
2756 695 2957 763 privari
2987 707 3189 750 aeterna
3219 696 3350 751 vita.

2176 764 2530 821 Causantibus
2559 767 2860 839 catholicis,
2889 766 3119 836 primum
3146 765 3383 839 nominis
3408 776 3678 839 peccatum

2109 836 2162 891 in
2194 847 2440 914 pnsteros
2462 839 2668 914 origine
2690 835 2921 901 traduci,
2943 853 3146 914 eosque
3172 835 3375 892 idcirco
3403 835 3521 914 dici
3538 850 3681 914 natu-

2108 924 2164 963 ra
2223 909 2359 962 filios
2399 914 2489 963 ira:
2530 909 2792 977 paternae;
2838 911 3088 977 parvulos
3143 923 3315 977 pinnat
3364 912 3555 965 mortis
3589 910 3680 965 ob-

2111 980 2301 1034 noxios
2325 981 2504 1041 nasci,
2529 983 2650 1049 quia
2681 992 2797 1033 sunt
2834 982 3128 1049 participes
3179 992 3419 1047 paterna-
3473 981 3677 1049 culpat:

2108 1060 2219 1106 tum
2265 1053 2318 1105 in
2349 1062 2589 1120 apertam
2622 1051 2869 1107 haeresim
2910 1066 2941 1106 a
2975 1051 3243 1106 Theodori
3283 1053 3527 1106 sectariis
3560 1052 3677 1107 itum

2106 1132 2189 1205 est
2226 1122 2349 1193 (Ap.
2377 1122 2599 1205 yercat.
2628 1133 2870 1205 excerpta
2953 1139 3015 1177 ea:
3046 1123 3135 1205 (ili.
3180 1124 3405 1205 quinque
3437 1120 3679 1205 Theodori

2106 1192 2429 1267 adversusS.
2464 1195 2847 1267 Augustinum),
2887 1192 3217 1267 jactantibus
3257 1192 3484 1267 scilicet,
3513 1192 3679 1267 [Eccle-

2106 1266 2199 1318 siae
2225 1264 2570 1320 traditionem
2600 1265 2670 1320 de
2709 1264 2957 1334 originali
2984 1275 3227 1335 peccato,
3283 1265 3373 1320 vel
3404 1264 3469 1318 ad
3520 1264 3678 1320 ﬂanic

2108 1335 2244 1391 chici
2277 1337 2535 1391 insaniam
2556 1347 2799 1392 naturam
2819 1338 3047 1393 dicentis
3072 1338 3299 1401 malam;
3325 1336 3411 1390 vel
3428 1335 3492 1390 ad
3512 1336 3680 1407 Orige-

2109 1408 2192 1485 nis
2224 1409 2431 1485 somnia
2463 1409 2533 1463 de
2554 1410 2958 1485 προῦπᾲρξρι-ει
2986 1419 3208 1485 peccato
3237 1407 3536 1485 animorum
3568 1416 3679 1464 ante

2109 1478 2630 1545 incorporationcm';
2657 1482 2746 1535 vel
2771 1478 2842 1535 "ad
2870 1480 3192 1535 Tertulliani
3220 1494 3462 1534 errorem
3485 1478 3553 1532 de
3582 1488 3675 1533 tra-

2110 1549 2246 1604 duce
2264 1551 2562 1604 animorum
2596 1553 2889 1621 pertinere.
2922 1550 3057 1607 Hinc
3110 1560 3220 1606 tres
3274 1561 3409 1604 orta:
3450 1551 3672 1618 quaestio-

2113 1635 2231 1692 nes.
2278 1626 2360 1692 An
2408 1622 2685 1677 Manichaei
2738 1624 2914 1677 forent
2965 1624 3055 1690 qui
3103 1629 3387 1692 peccatum
3436 1622 3678 1690 originale

2114 1690 2429 1748 defendunt.
2446 1698 2525 1747 An
2547 1695 2740 1749 animae
2764 1693 3007 1765 quotidie
3022 1690 3277 1749 creentur
3299 1708 3329 1765 a_
3354 1691 3483 1758 Deo,
3503 1693 3583 1747 vel
3598 1708 3679 1746 an.

2115 1772 2169 1817 te
2198 1765 2685 1833 incorporatimiem
2731 1762 3062 1822 eistiterint.
3114 1768 3196 1819 An
3242 1762 3540 1817 animarum
3569 1778 3678 1832 per-

2113 1835 2236 1889 inde
2265 1852 2327 1889 ac
2356 1851 2642 1906 corporum
2677 1837 2866 1891 tradux
2905 1846 3068 1890 esset.
3098 1834 3206 1892 Sed
3236 1834 3565 1905 quaestiones
3588 1835 3679 1890 illa

2107 1908 2468 1977 exraccidenti
2498 1916 2656 1963 motte
2679 1918 2822 1962 sunt.
2859 1907 2960 1962 Ista
2992 1923 3086 1977 per
3106 1923 3187 1962 se.

2177 1976 2312 2031 Nam
2335 1995 2450 2041 cur,
2483 1979 2701 2034 aiebant
2724 1975 3004 2043 catholici,
3047 1978 3389 2047 baptizantur
3439 1975 3673 2044 infantes,

2105 2047 2152 2103 si
2175 2050 2435 2105 uinculum
2467 2066 2573 2105 non
2600 2050 2847 2104 habent?
2874 2050 2981 2103 Cur
3011 2050 3060 2102 in
3091 2048 3469 2105 remissionem
3509 2062 3677 2111 pecea-

2108 2128 2308 2190 tormn,
2338 2121 2383 2174 si
2405 2122 2565 2175 modo
2595 2122 2906 2176 inuncentes
2930 2121 2954 2174 ἲ
2975 2118 3043 2175 Ut
3071 2135 3136 2175 ex
3184 2121 3363 2183 bonis,
3409 2117 3677 2190 responde-

2103 2189 2235 2246 bant
2262 2193 2519 2258 haeretici,
2554 2194 2805 2247 meliores
2833 2191 2983 2257 iisut,
3016 2202 3072 2245 nt
3119 2191 3446 2259 adoptentur
3487 2190 3575 2244 lilii
3600 2189 3676 2244 hoc

2109 2263 2313 2333 initium
2360 2264 2413 2316 in
2440 2262 2578 2318 filios
2616 2264 2730 2329 Dei,
2756 2271 2816 2317 ut
2838 2265 2983 2333 regni
3016 2264 3276 2317 cmlorum
3306 2260 3549 2316 baeredes
3565 2263 3671 2316 sint.

2107 2331 2290 2402 Neque
2312 2335 2474 2399 enim,
2503 2338 2546 2389 si
2566 2350 2692 2389 ante
2717 2331 3038 2401 baptismum
3064 2340 3172 2388 fato
3194 2348 3294 2388 suo
3318 2333 3675 2402 defungantur,

2108 2404 2216 2458 vita
2247 2416 2445 2459 aeterna
2493 2410 2710 2460 caritnri
2737 2414 2883 2471 sunt,
2937 2405 3031 2459 sed
3087 2414 3295 2459 tantum
3343 2418 3509 2467 regno
3556 2404 3671 2458 Dei:

2108 2477 2231 2545 quia
2265 2476 2389 2530 licet
2418 2477 2522 2531 sint
2554 2479 2796 2531 innocuus
2838 2477 3082 2546 quaedam
3113 2474 3209 2530 Dei
3242 2473 3522 2545 imagines,
3552 2472 3676 2529 ideo-

2109 2561 2214 2613 que
2246 2559 2463 2613 propter
2487 2549 2943 2602 immortalitatem
2974 2549 3299 2612 animarum,
3334 2549 3497 2601 vitam
3541 2554 3677 2600 ater-

2109 2632 2232 2671 nam
2264 2618 2461 2674 habere
2489 2619 2757 2685 debeant;
2807 2619 2928 2673 fidei
2971 2627 3148 2673 tamen
3195 2625 3537 2673 sacramento
3585 2630 3675 2672 non

2108 2697 2234 2742 sunt
2256 2690 2480 2744 instituti
2511 2690 2823 2745 cnhmredes
2845 2690 3071 2758 Christi,
3095 2688 3405 2758 cujusmodi
3439 2686 3562 2744 solis
3594 2686 3675 2742 Pa-

2111 2760 2178 2813 tri
2184 2761 2537 2831 complacuit
2564 2761 2693 2815 dare
2717 2776 2961 2831 regnum.

2181 2820 2460 2886 Tunc'una
2486 2833 2714 2897 quaastio
2740 2820 2805 2887 iii
2814 2834 2997 2903 plures
3042 2831 3401 2899 multiplicata
3445 2838 3547 2894 est,

2111 2915 2301 2956 omnes
2344 2904 2596 2971 paulatim
2637 2900 2951 2959 coaluerunt
2986 2902 3041 2958 in
3079 2905 3326 2967 unicam,
3402 2917 3471 2959 att
3517 2900 3678 2970 posteri

2112 2973 2300 3026 Adumi
2327 2984 2606 3027 nascantur
2644 2975 2739 3043 ﬁlii
2769 2975 2880 3039 irte,
2912 2974 3020 3040 vel,
3050 2982 3107 3028 ut
3143 2972 3381 3040 aiebant,
3412 2989 3478 3043 an
3504 2973 3565 3026 sit
3588 2982 3674 3043 tro-

2112 3044 2220 3096 dua:
2239 3049 2452 3114 peccati.
2475 3040 2827 3100 Affirmabant
2851 3045 3123 3107 catholici,
3143 3046 3414 3114 negabant
3432 3040 3676 3114 haeretici;

2111 3112 2285 3167 ambae
2316 3126 2514 3183 partes,
2546 3118 2696 3181 quasi
2721 3131 2815 3185 pro
2838 3128 3046 3171 summa
3076 3116 3176 3181 rei,
3208 3112 3318 3170 tota
3358 3112 3678 3171 contentione

2033 3187 2080 3251 ε
2113 3185 2433 3250 animorum,
2466 3197 2571 3241 tota
2597 3228 2610 3252 ,
2631 3202 2735 3256 qua
2765 3195 3028 3255 poterant,
3059 3195 3506 3256 argumentorum
3524 3185 3571 3240 vi
3596 3202 3675 3251 pl-

2117 3269 2367 3326 gnarunt.
2393 3254 2840 3328 Argumcntorum
2866 3273 2994 3313 vero
3025 3255 3360 3314 incredibilis
3387 3257 3536 3323 conia
3574 3256 3676 3328 infi-

2121 3330 2259 3382 nitas
2281 3327 2491 3399 quoque
2524 3330 3092 3399 peperitqnarstiones,
3124 3328 3319 3399 versis,
3348 3338 3404 3382 ut
3429 3327 3508 3393 ﬁt,
3543 3329 3591 3382 in
3617 3327 3680 3382 al-

2124 3400 2362 3454 tercandi
2396 3398 2677 3455 materiem
2708 3398 3151 3466 respondentium
3167 3398 3350 3457 dictis.

2193 3468 2308 3524 Duo
2340 3472 2672 3541 potissimum
2698 3473 2958 3540 urgebant
3003 3469 3285 3527 hwrctici:
3338 3468 3564 3526 alterum
3603 3466 3680 3525 ται

2122 3540 2263 3596 mitti
2290 3540 2393 3597 non
2428 3558 2586 3611 posse
2618 3542 2894 3598 traducem
2923 3541 3130 3611 peccati
3154 3542 3270 3596 sine
3296 3542 3678 3611 condemnatio-

2121 3626 2190 3695 με
2214 3608 2550 3683 nuptiarum;
2575 3613 2829 3679 alterum,
2862 3608 2963 3668 etsi
2999 3620 3179 3684 posset
3198 3611 3462 3695 maxime,
3492 3627 3589 3695 non
3610 3608 3682 3668 de-

2121 3683 2254 3738 bere
2284 3678 2488 3749 iamen,
2538 3678 2765 3755 pr0pter
2810 3678 3231 3755 consequentiam
3256 3698 3324 3738 es
3357 3698 3423 3739 ea
3446 3678 3680 3739 inﬁnitam

2120 3755 2563 3881 absurditatem,‘
2592 3756 2760 3811 immo
2822 3766 2878 3812 et
2938 3754 3399 3826 blasphemiarum
3467 3755 3679 3810 multitu-

2161 3840 2325 3881 mem.

2161 3840 2325 3882 metu.

2193 3896 2452 3954 Catholici
2480 3897 2735 3954 continuo
2756 3898 3121 3955 distinxerunt
3149 3912 3302 3952 usum
3342 3894 3637 3966 nuptiarum
3657 3908 3683 3950 a

2122 3967 2368 4037 libidine,
2395 3986 2488 4024 seu
2518 3968 2990 4040 concupiscentia;
3021 3968 3191 4040 illum,
3221 3978 3282 4023 ut
3311 3984 3339 4020 a
3367 3966 3479 4024 Deo
3504 3977 3599 4029 est,
3624 3966 3682 4021 ita

2122 4041 2405 4119 honestum
2453 4056 2594 4105 esse,
2661 4038 2722 4097 ac
2777 4043 3071 4119 naturalem
3124 4038 3359 4119 filiorum
3414 4040 3682 4119 originem;

2121 4110 2302 4179 istam,
2337 4121 2392 4166 ut
2416 4128 2449 4172 a,
2480 4122 2699 4182 peccato
2725 4112 2954 4175 exstitit,
2982 4111 3054 4182 ita
3080 4111 3378 4182 (vitiosam,
3408 4118 3468 4165 et
3511 4110 3682 4182 peccati

2125 4182 2418 4238 traducem.
2449 4180 2698 4239 Haeretici
2723 4193 2932 4249 contra,
2965 4180 3242 4236 libidinem
3282 4196 3378 4236 seu
3425 4180 3682 4251 conjuguni

2121 4254 2489 4322 voluptatem,
2531 4264 2590 4311 ut
2610 4253 2889 4320 dicebant,
2940 4269 3047 4307 non
3072 4262 3280 4307 tantum
3312 4254 3591 4307 honestam
3617 4261 3681 4305 at-

2122 4339 2227 4394 que
2267 4326 2608 4394 laudabilem,
2646 4326 2741 4380 sed
2790 4339 2926 4392 onus
2949 4324 3063 4390 Dei,
3107 4324 3263 4391 cujus
3320 4323 3527 4378 nullum
3571 4335 3684 4390 opus

2123 4411 2232 4450 non
2264 4398 2559 4464 perlectum
2581 4397 2673 4462 sit,
2698 4396 2902 4451 nullum
2939 4395 3009 4449 sit
3036 4395 3468 4450 erubescendum
3511 4413 3525 4448 :
3551 4403 3684 4464 atque

2124 4466 2211 4590 inc
2229 4479 2413 4590 steatus
2444 4468 2668 4524 heresis
2704 4482 2910 4533 ramus,
2961 4465 3225 4520 libidinem
3266 4481 3376 4522 esse
3417 4466 3597 4521 bonum
3619 4479 3684 4517 nc-

2148 4554 2240 4590 ura
2265 4553 2311 4590 ε.

2125 4547 2311 4592 turate.

2043 4576 2100 4638 Β
2125 4576 2462 4665 "Canidia
2491 4608 2557 4663 ad
2587 4608 3015 4664 confirmandam
3045 4608 3205 4664 iidem
3229 4608 3443 4679 peccati
3481 4605 3685 4679 origina-

2129 4679 2217 4745 lis,
2246 4689 2439 4748 praeter
2466 4682 2842 4735 auctoritatem
2878 4680 3195 4749 Scriptura,
3231 4677 3577 4735 traditionem
3601 4677 3685 4734 Pa-

2130 4760 2292 4817 trum,
2308 4766 2650 4805 communem
2676 4751 2928 4804 Et-clesim
2942 4768 3184 4815 sensum,
3199 4760 3259 4807 et
3275 4752 3531 4820 baptismi
3556 4750 3684 4813 ritus,

2128 4836 2195 4876 eo
2243 4823 2541 4887 praesertim
2593 4831 2909 4891 argumento
2962 4823 3287 4887 utebantur,
3321 4821 3470 4889 quod
3524 4829 3685 4873 natura

2130 4894 2184 4947 in
2215 4893 2367 4948 nobis
2400 4908 2507 4948 non
2536 4895 2732 4947 existat
2759 4891 3004 4960 ejusdem
3036 4893 3181 4947 modi
3227 4891 3386 4962 cujus
3431 4894 3482 4946 in
3506 4892 3685 4962 Adamn

2129 4962 2232 5019 fuit
2272 4974 2398 5019 ante
2432 4972 2733 5033 peccatum,
2769 4963 2883 5016 vitii
2913 4978 3134 5030 expers,
3167 4960 3338 5025 recta,
3374 4960 3617 5032 proclivis
3641 4961 3685 5013 in

2132 5033 2356 5099 bunum,
2384 5037 2556 5104 imago
2591 5035 2681 5089 Dei
2708 5034 2937 5102 integra,
2968 5048 3215 5103 opusque
3254 5050 3356 5087 suo
3383 5035 3590 5104 dignum
3616 5045 3689 5084 ara

2135 5106 2310 5171 tilice;
2336 5102 2511 5159 immo
2535 5105 2680 5174 quod
2717 5106 3018 5174 ignorantia
3046 5106 3185 5169 veri,
3218 5104 3355 5160 recti
3400 5102 3684 5174 difﬁcultas,

2135 5179 2347 5231 caecitas
2380 5171 2595 5237 mentis,
2647 5171 2940 5230 voluntatis
2985 5175 3293 5240 inﬁrmitas,
3335 5175 3565 5231 servitus
3604 5171 3690 5226 sub

2135 5255 2400 5315 potestate
2436 5247 2659 5309 diaboli.
2686 5248 2899 5314 aliaque
2940 5246 3065 5300 talia
3113 5247 3404 5315 imaginem
3436 5246 3527 5301 Dei
3555 5241 3689 5313 quasi

2133 5318 2472 5379 decolorent,
2497 5330 2551 5371 et
2580 5326 2888 5385 corruptam
2921 5319 3300 5372 demonstrent
3335 5336 3346 5369 :
3378 5332 3501 5372 cum
3531 5325 3688 5370 tamen

2133 5390 2306 5457 ipsam
2335 5388 2479 5443 aliud
2524 5388 2658 5442 nihil
2701 5402 3053 5457 corrumpere
3082 5386 3344 5457 potuerit,
3374 5399 3564 5457 praeter
3589 5399 3692 5454 pec-

2134 5467 2334 5520 catum,
2368 5458 2511 5529 quod
2550 5458 2634 5513 vel
2661 5460 2711 5511 in
2757 5468 3004 5514 naturam
3047 5458 3453 5525 quodammodo
3497 5469 3691 5513 versum

2134 5530 2313 5596 fuerit,
2347 5530 2428 5585 vel
2458 5540 2606 5585 certe
2633 5530 2887 5584 nascendi
2916 5529 3230 5585 conditione
3254 5539 3600 5600 propagetur.

2207 5595 2306 5657 ilic
2334 5602 2526 5655 iterum
2559 5602 2611 5654 in
2646 5599 2983 5654 manifestam
3032 5595 3285 5655 haeresim
3332 5595 3512 5670 erupit
3552 5595 3695 5667 perti-

2133 5689 2234 5727 nax
2278 5674 2654 5727 haereticorum
2692 5672 2948 5738 superbia
2976 5687 2992 5725 :
3022 5686 3152 5725 ausa
3197 5681 3282 5726 est
3323 5673 3533 5726 scilicet
3560 5682 3693 5723 asse-

2131 5759 2255 5800 rere
2285 5743 2547 5798 Adamnm
2605 5758 2711 5797 non
2761 5741 2865 5796 alia
2902 5743 3216 5797 conditione
3263 5753 3507 5798 creatum
3553 5753 3695 5812 quam

2070 5887 2091 5897 ‘
2132 5829 2278 5877 nunc
2326 5828 2700 5893 procreantur,
2729 5827 2853 5875 cum
2891 5812 3035 5875 idem
3078 5813 3152 5877 sit
3192 5811 3577 5890 utrorumque,
3596 5811 3698 5869 sive
