3882 6284
490 294 599 358 M7

957 297 1054 356 AD
1083 295 1365 354 PARTEM
1392 291 1660 352 PRIMAM
1691 289 1980 352 OPERUM
2011 289 2083 350 Μ.
2115 251 2566 348 MEBCATORIS
2595 286 2946 346 APPENDIX
2975 285 3320 347 SECUNDA.

3670 290 3765 348 ω

491 411 632 484 pulsi
667 416 793 468 sunt
841 409 895 465 in
941 423 1004 484 ea
1035 423 1214 466 causa:
1237 409 1614 484 instrumenta
1651 405 1971 484 diligentius
2002 406 2085 484 i_n-
2109 406 2160 467 Α
2185 402 2279 473 20)
2311 419 2326 457 :
2361 401 2566 472 Filius,
2598 403 2809 484 inquit,
2831 419 2955 484 n_on_
2976 401 3545 484 accipietiniquitatem

493 477 731 556 quirere,
779 496 901 550 quae
931 481 1270 556 aliquatenus
1300 480 1558 545 latebam,
1587 479 1734 534 velut
1760 477 1788 531 a
1816 477 2080 556 pacificis,

493 548 554 610 tit
585 553 663 616 lit.
697 548 1096 622 possessoribus
1125 551 1415 622 neglecta;
1446 563 1701 621 armaque
1749 548 1862 604 suis
1892 563 1924 605 e
1953 548 2084 604 locis

492 621 717 688 eruere,
745 625 938 695 quibus
967 633 1326 696 oppugnatam
1353 621 1523 696 ﬁdem»
1545 631 1843 696 tuerentur.

509 738 515 742 .
564 690 780 752 Tribus'
794 696 952 766 igitur
977 690 1308 766 argumentis
1329 692 1580 766 catiiolici
1608 707 1703 762 pro
1730 700 1951 762 peccato
1971 690 2086 747 ori-

493 768 656 851 ginali
684 763 1020 851 pugnarunt;
1046 763 1378 820 auctoritate
1412 763 1709 851 Scriptura:
1725 778 1932 851 Asacrzej
1944 809 1958 831 ,
1977 777 2082 851 ‘ra-

501 833 645 894 tione
679 833 844 908 petita
875 855 939 893 ex
978 846 1131 908 parte
1168 847 1278 891 tum
1312 836 1691 908 parvulorum,
1725 844 1837 888 tum
1867 833 2085 908 adulto-

496 925 640 979 rum,
671 904 727 964 et
762 904 1084 965 testimoniis
1109 904 1350 968 Patrum.
1380 907 1575 979 quibus
1601 905 1689 979 vel
1726 904 2084 974 perpetuitas,

497 981 581 1036 vel
616 976 990 1035 universalitas
1029 979 1307 1033 sententiae
1347 976 1629 1032 catholica:
1659 976 2084 1032 demonstratur.

569 1050 815 1106 Totidem
868 1058 1234 1120 repugnarunt
1289 1047 1528 1104 haeretici
1573 1064 1586 1100 :
1638 1063 1760 1101 nam
1813 1059 1867 1102 et
1917 1046 2088 1120 sac_ris

499 1123 698 1178 litteris
725 1123 875 1178 abusi
914 1116 1068 1186 sun't,
1101 1130 1156 1175 et
1183 1121 1421 1175 rationes
1458 1129 1877 1188 congesserunt,
1902 1126 1957 1173 et
1987 1116 2090 1170 Pa-

503 1202 644 1248 trum
683 1194 844 1246 verba
870 1207 1020 1246 snam
1063 1192 1114 1246 in
1159 1195 1480 1247 sententiam
1512 1197 1764 1258 torquere
1794 1189 1898 1243 nisi
1935 1197 2082 1242 sunt.

505 1264 586 1318 De
611 1263 837 1332 singulis
877 1263 995 1316 istis
1019 1275 1452 1332 argumentorum
1483 1260 1774 1330 generibus
1801 1258 2086 1315 dicendum

504 1333 762 1397 breviter,
795 1333 890 1388 sed
923 1335 1014 1399 ita,
1051 1342 1106 1388 ut
1131 1335 1220 1388 vix
1259 1334 1591 1401 attingantnr
1611 1346 1731 1400 quae
1760 1342 1877 1400 post
1908 1332 2090 1401 Auguf

504 1406 738 1468 stinum,
773 1404 937 1459 immo
980 1419 1098 1474 quas
1141 1416 1260 1472 post
1301 1399 1500 1458 Zosimi
1548 1399 1868 1458 sententiam
1907 1399 2090 1455 aﬂ’erri

505 1484 824 1541 coeperunt;
887 1491 947 1530 ea
1001 1475 1336 1545 potissimum
1391 1483 1922 1545 commemorentur,
1971 1487 2090 1540 quae

511 1557 636 1618 post
668 1547 815 1600 initia
848 1543 1115 1618 nascentis
1147 1546 1366 1618 haeresis
1397 1554 1448 1618 et
1479 1552 1602 1598 ante
1643 1543 2088 1614 proscriptionem

507 1615 538 1673 ᾗ
566 1617 694 1673 sede
721 1617 1015 1688 apostolica
1046 1615 1240 1672 factam
1269 1615 1507 1671 adhibita
1538 1624 1683 1670 sunt.

504 1740 607 1806 διε
634 1740 821 1800 Quibus
842 1741 1135 1806 testimoniis
1156 1740 1420 1806 scripturas
1446 1745 1713 1806 pugnatum
1751 1738 1863 1788 sita
1884 1736 2093 1788 catholi-

570 1793 670 1866 cis‘;
698 1815 807 1866 qua:
832 1801 985 1866 allatae
1003 1815 1030 1850 a
1050 1793 1328 1865 Pelagianis
1347 1793 1722 1864 respotfsiones;
1750 1813 1862 1863 quae
1885 1815 1948 1850 ex
1974 1813 2094 1850 con-
2123 1793 2170 1852 Β

567 1865 701 1914 ﬂictu
720 1865 1024 1927 quaestiones
1044 1871 1179 1913 ortae.

579 1969 984 2026 Observandum
1016 1977 1097 2024 est
1128 1967 1316 2038 primis
1353 1967 1684 2034 temporibus
1713 1974 1944 2038 quatuor
1976 1974 2090 2038 tan-

511 2050 622 2096 tum
653 2040 940 2108 Scripturae
965 2036 1283 2094 testimoniis
1313 2039 1643 2101 catholicos;
1678 2036 1848 2091 tribus
1879 2036 2093 2101 potissi-

512 2128 658 2167 mum
707 2111 990 2166 hazreticos
1020 2124 1289 2180 pugnasse
1327 2127 1340 2162 :
1376 2110 1463 2163 illa
1501 2109 1810 2180 complexus
1841 2116 1955 2180 est,
1985 2122 2092 2162 uno

510 2183 661 2253 quasi
694 2181 855 2247 fasce,
893 2178 1286 2253 Hieronymus;
1312 2180 1412 2236 ista
1440 2179 1669 2253 Ruﬁnus
1693 2178 2035 2253 Palmstinus.

583 2253 672 2308 Sic
693 2269 822 2324 ergo
852 2249 1208 2324 Hieronymus
1231 2251 1370 2319 (Lib.
1395 2249 1781 2324 xtv_iansech.
1816 2266 1862 2302 c.
1897 2249 2088 2318 xnvn),

512 2340 640 2379 ann.
671 2320 798 2379 410.
835 2324 963 2390 Quis
989 2320 1123 2376 enim
1155 2324 1417 2376 hominum
1451 2320 1666 2391 gloriari
1697 2329 1857 2391 potest
1894 2330 2094 2373 castum

512 2340 640 2379 ann.
671 2340 798 2379 stu.
835 2340 963 2390 uuis
989 2341 1123 2376 enim
1155 2340 1417 2376 hominum
1485 2340 1664 2374 tortari
1697 2340 1857 2391 patest
1894 2340 2093 2373 castum

511 2413 565 2450 se
592 2396 773 2448 habere
803 2410 889 2449 cor
919 2394 1103 2466 (Prov.
1140 2410 1210 2448 xx
1229 2439 1242 2459 ,
1273 2395 1350 2460 9),
1385 2340 1480 2447 re?
1488 2393 1554 2445 ad
1582 2393 1731 2466 cujus
1757 2401 2093 2466 mentemAper

513 2469 782 2520 oculorum
813 2460 1062 2535 fenestras
1090 2481 1226 2518 mors
1254 2460 1679 2535 concupiscentiie
1709 2479 1809 2535 non
1843 2460 2090 2535 introibit,

513 2546 583 2600 et,
614 2546 670 2591 ut
697 2532 879 2604 parum
904 2536 1102 2600 dicam,
1130 2536 1288 2589 animi
1317 2535 1586 2588 titillatio?
1612 2532 1843 2586 Mundus
1871 2533 2003 2585 enim
2041 2533 2094 2585 in

515 2603 739 2677 maligno
763 2608 954 2673 positus
981 2616 1056 2661 est
1082 2608 1124 2678 (l
1152 2605 1311 2660 Joan.
1336 2622 1388 2668 γ,
1419 2605 1654 2678 19),_eta
1675 2603 2092 2678 pueritia‘appo-

515 2673 670 2732 situm
701 2687 774 2732 est
809 2694 897 2731 cor
927 2673 1149 2732 hominis
1172 2679 1238 2730 ad
1268 2679 1461 2730 malum
1488 2673 1696 2742 (Genesi.
1732 2690 1855 2742 vut,
1883 2673 2005 2744 ‘21);
2039 2682 2095 2726 ut

516 2766 580 2803 ne
607 2749 757 2803 unius
785 2750 988 2816 quidem
1020 2751 1153 2816 diei,
1187 2766 1218 2800 a
1249 2749 1536 2801 nativitatis
1568 2761 1672 2800 sua:
1711 2746 1955 2806 exordio,
1987 2745 2096 2798 sine

518 2829 726 2890 peccato
751 2820 816 2874 sit
844 2819 1069 2890 humana
1094 2819 1345 2872 conditio.
1382 2817 1425 2871 U
1432 2818 1529 2870 nde
1553 2828 1600 2890 et
1634 2816 1797 2868 David
1827 2817 2097 2882 conﬁtetur

516 2888 570 2942 in
597 2891 796 2958 psalmo
827 2905 845 2943 :
874 2888 1006 2942 Ecce
1033 2891 1171 2942 enim
1197 2891 1248 2942 in
1276 2889 1637 2959 iniquitatibus
1665 2897 1936 2959 concepius
1957 2903 2093 2959 sum,

519 2968 566 3012 et
596 2955 650 3012 in
678 2959 895 3028 peccatis
930 2962 1160 3024 concepit
1191 2976 1267 3013 me
1300 2955 1460 3012 muter
1485 2974 1595 3011 mea
1627 2957 1746 3024 (Ps.
1778 2973 1830 3015 ι..
1857 2956 1934 3024 7).
1974 2955 2096 3028 Non

516 3028 573 3083 in
596 3027 948 3099 iniquitatibus
978 3032 1157 3084 matris
1179 3045 1304 3084 mete
1324 3075 1335 3095 ,
1366 3028 1442 3083 vel
1472 3038 1605 3099 certe
1629 3028 1751 3080 meis
1769 3067 1782 3091 ,
1806 3029 1892 3079 sed
1917 3028 1970 3079 in
1997 3027 2096 3079 ini-

517 3097 793 3226 qiuitatibus
838 3099 1079 3156 humanis
1123 3102 1447 3154 conditionis.
1500 3097 1648 3154 Unde
1687 3107 1730 3149 et
1778 3099 2050 3179 Apostolus
2077 3112 2096 3151 .'

569 3181 772 3226 eanavtt
799 3187 936 3226 mors
965 3173 1026 3225 ab
1058 3173 1222 3226 Adam
1244 3187 1402 3226 usque
1433 3172 1500 3224 ad
1529 3168 1747 3226 Mosem.
1769 3178 1920 3222 etram
1946 3184 2096 3226 super

2187 450 2532 546 ἦὲᾇιὶίρᾶἱῖἔ
2550 450 3560 546 25555;:'iniqiitZEEJ'kuil'iéiiEZQ
3579 450 3762 547 ἶὶὀέιῖζ

2186 545 2294 618 50)
2329 562 2342 598 :
2378 545 2812 618 rUnumquemque
2856 556 3082 618 vestrum
3127 546 3407 618 secundum
3450 547 3588 601 viam
3633 564 3764 606 nam

2176 614 2432 689 judicabo
2454 614 2596 689 ‘vos',
2655 614 2840 689 domus
2890 614 3090 684 Israel,
3145 617 3271 689 dicit
3325 616 3600 672 Dominus.
3652 619 3761 674 Cura

2187 686 2398 761 diaisset
2442 686 2632 761 Deus_:
2669 686 2798 761 Vivo
2826 704 2952 761 ego,
2984 689 3029 742 si
3046 689 3197 761 ultra
3234 688 3393 758 fuerit
3439 691 3585 744 dicta
3628 708 3759 760 para-

2187 758 2308 818 bole
2352 759 2453 813 ista
2492 761 2548 813 in
2579 755 2770 825 Israel,
2802 755 2977 830 aperte
3018 759 3213 828 docuit,
3234 755 3348 814 'non
3386 776 3469 814 eos
3501 762 3559 815 in
3606 755 3761 816 cadas

2187 830 2534 902 imprudentia
2577 828 2894 902 permanere.
2927 828 3054 884 Post
3081 830 3192 885 haec
3226 831 3388 902 igitur
3416 831 3517 886 Dei
3557 836 3760 889 testimo-

2188 901 2297 973 nia,
2330 901 2590 956 insaniunt
2618 902 2706 972 qui
2745 917 2834 973 per
2872 918 3029 955 unum
3067 901 3321 956 hominem
3363 902 3534 956 Adam
3582 919 3758 959 omnem

2190 972 2359 1025 orbam
2413 980 2672 1026 terrarum
2727 972 3016 1043 iniquitatis
3070 973 3486 1046 ﬂagitiorumque
3538 976 3759 1029 condetu-

2190 1051 2335 1096 nant.

2261 1112 2663 1186 Observandum
2694 1113 2895 1186 pariter
2932 1113 2999 1186 ab
3043 1114 3344 1186 Augustino
3384 1115 3630 1170 adhibita
3657 1125 3757 1172 octo

2191 1184 2294 1256 alia
2342 1183 2831 1254 testimonia,’qu:c
2868 1183 3112 1240 Julianus
3135 1183 3347 1254 'partim
3393 1189 3513 1243 sine
3556 1201 3756 1256 respon-

2191 1255 2342 1310 sione
2385 1256 2634 1324 reliquit,
2689 1257 2881 1326 partim
2937 1256 3264 1326 detorquere
3312 1267 3542 1312 conatus
3592 1255 3668 1312 est
3716 1261 3754 1312 in

2191 1327 2396 1381 alienos
2449 1327 2660 1397 sibique
2715 1326 3030 1380 commodos
3078 1341 3310 1391 sensus;
3361 1327 3605 1383 adhibita
3659 1340 3757 1383 sunt

2191 1399 2355 1450 etiam
2394 1412 2421 1450 a
2447 1396 2660 1452 Juliano
2690 1398 2968 1465 quaedam,
3001 1413 3121 1468 quae
3155 1399 3483 1468 Augustinus
3516 1399 3758 1468 interpre-

2195 1477 2336 1541 tatus
2365 1478 2468 1541 est.
2512 1469 2618 1524 Sed
2646 1483 2820 1541 neque
2861 1468 2976 1541 haec
3005 1468 3237 1541 Juliani,
3269 1484 3444 1541 neque
3473 1470 3575 1523 illa
3606 1473 3757 1540 Augu-

2195 1540 2320 1592 stini
2353 1539 2575 1593 multum
2609 1540 2676 1593 ab
2703 1540 2820 1593 aliis
2851 1539 3050 1609 prioris
3081 1539 3180 1594 τενί
3217 1539 3644 1610 disputatoribus
3670 1539 3758 1595 dis-

2191 1623 2348 1681 cussa
2401 1619 2555 1679 sunt,
2607 1611 2721 1665 sive
2767 1611 2890 1680 quia
2930 1625 3318 1679 spernerentur
3361 1627 3468 1681 pra:
3517 1612 3754 1680 reliquis,

2193 1679 2306 1734 sive
2353 1682 2475 1747 quia
2529 1679 2869 1736 nondutn’in
2930 1692 3164 1736 mentem
3213 1679 3506 1737 venissent.
3567 1679 3755 1739 Pltotius

2195 1759 2343 1806 certe
2374 1752 2426 1806 in
2455 1754 2675 1821 synopsi
2706 1751 2969 1806 librorum
3013 1753 3251 1821 quinque
3286 1752 3565 1810 Theodori
3596 1755 3757 1809 adver-

2198 1821 2669 1894 susAugustitium
2702 1823 2860 1877 unius
2892 1833 3095 1876 tantum
3127 1839 3382 1890 expresse
3411 1825 3680 1894 meminit,
3706 1841 3753 1881 ex

2192 1893 2400 1966 psalmo
2431 1909 2461 1947 ι.
2493 1910 2506 1946 :
2535 1893 2674 1966 Ecce
2711 1895 2848 1948 enim
2882 1894 2935 1946 in
2960 1895 3319 1964 iniquitatibus
3347 1906 3623 1966 conceptus
3643 1913 3752 1960 sunt,

2193 1963 2314 2036 etin
2347 1965 2570 2036 peccatis
2599 1966 2826 2036 concepit
2869 1981 2949 2018 me
2986 1963 3152 2036 mater
3194 1983 3304 2020 mea
3316 1983 3351 2036 ᾖ
3366 1967 3443 2021 sic
3472 1963 3620 2021 enim
3649 1970 3755 2021 scri-

2194 2033 2273 2088 bit
2299 2051 2311 2086 :
2344 2035 2542 2100 Alfene
2571 2033 2886 2089 autemillos
2921 2044 2968 2090 et
2993 2035 3126 2089 illud
3153 2037 3224 2090 ait
3257 2053 3277 2091 :
3306 2035 3441 2092 Ecce
3466 2038 3521 2089 in
3545 2037 3754 2102 iniquita-

2194 2105 2329 2159 tibus
2359 2115 2632 2178 conceptus
2658 2121 2808 2182 sum;
2833 2115 2884 2159 et
2917 2107 2960 2160 si
2975 2122 3100 2182 qua
3121 2119 3254 2182 sunt
3280 2109 3478 2182 generis
3504 2108 3717 2182 ejusdem
3731 2124 3753 2182 ί

2193 2176 2523 2246 quamquam
2553 2176 2840 2247 postremis
2880 2177 3058 2233 verbis
3086 2177 3190 2232 alia
3222 2176 3479 2235 indicavit
3526 2176 3636 2233 ‘non
3675 2176 3752 2232 obl

2195 2261 2372 2302 δραι-θ.

2265 2318 2670 2392 Observandum
2705 2320 2884 2392 tertio,
2913 2321 3156 2392 ignotum
3187 2335 3310 2376 esse
3336 2319 3464 2389 quid
3497 2322 3754 2390 postremis

2197 2386 2490 2462 Scriptura:
2520 2391 2845 2462 testimoniis
2881 2386 2958 2446 ali
2977 2393 3273 2459 Augustino
3303 2386 3480 2446 allatis
3499 2386 3749 2462 Pelagiani

2195 2461 2576 2532 responderint
2615 2479 2628 2514 :
2663 2461 2925 2532 siquidem
2964 2463 3094 2517 nihil
3122 2463 3190 2516 ali
3227 2463 3359 2532 ipsis
3397 2462 3537 2516 hanc
3579 2461 3750 2516 in’rem

2196 2529 2455 2598 scriptum
2504 2529 2794 2596 habemus,
2829 2533 2929 2586 nisi
2959 2533 3098 2602 quod
3141 2529 3386 2588 Julianus
3417 2533 3570 2587 libris
3600 2533 3750 2601 Augu-

2198 2602 2347 2668 5tini,
2381 2603 2463 2657 vel
2492 2603 2668 2657 tribus
2693 2603 2759 2658 ad
2797 2603 3162 2659 Marcellinum
3195 2603 3502 2669 tribunum,
3529 2605 3610 2658 vel
3638 2606 3748 2656 duo.

2198 2671 2298 2727 bus
2326 2673 2392 2727 ad
2414 2673 2689 2754 Valerium
2713 2677 2987 2742 comitem,
3013 2676 3097 2730 vel
3118 2685 3350 2754 quatuor
3367 2675 3432 2728 ad
3455 2673 3750 2754 B_oni_t‘aciutn

2198 2744 3022 2886 ’ἐιέῗέἱῗυιῖι⁰Ῐ¹¹έὲῖεάυίξὲ³ἔῖι¹ἔι¹ἓ¹ιῗτὶ¹ι¹
3039 2747 3200 2873 viil?
3222 2745 3752 2872 οἷῗῖεῗθεὲςῗῗτᾞῗιῖἓ

2200 2883 2358 2940 Siluit
2387 2900 2517 2941 vero
2557 2887 2624 2941 de
2651 2883 2804 2952 aliis,
2834 2889 2995 2942 etiam
3027 2887 3094 2943 de
3134 2889 3311 2957 Opere
3354 2887 3753 2943 elalroratissimo

2200 2957 2637 3029 se‘xulibrorum,
2690 2959 2886 3029 quibus
2931 2960 3261 3029 Augustinus
3311 2968 3548 3028 quatuor
3592 2957 3752 3012 Juliani

2201 3025 2436 3099 refellit,
2484 3025 2790 3099 siveipsos
2840 3025 3129 3099 numquam
3180 3025 3411 3094 viderit,
3463 3029 3604 3099 quod
3643 3029 3755 3083 forte

2202 3098 2459 3172 mentitur
2499 3098 2638 3172 apud
2682 3099 3033 3172 Mercatorem
3073 3098 3162 3172 (In
3199 3101 3349 3172 prtef.
3394 3098 3754 3166 ad’Sulntot.);

569 3173 772 3243 egnavit
799 3187 936 3226 mors
965 3173 1026 3225 ab
1058 3173 1222 3226 Adam
1244 3187 1402 3239 usque
1433 3172 1500 3224 ad
1529 3168 1747 3243 Mosem,
1769 3172 2100 3243 etiam-super
2127 3175 2175 3241 C
2203 3167 2349 3243 sive,
2381 3167 2768 3243 quod’aequius
2813 3170 3058 3243 opinari,
3083 3167 3529 3226 dissimulaverit
3573 3181 3754 3242 prepter

517 3240 622 3305 eos,
655 3245 742 3310 qui
769 3260 869 3297 non
892 3254 1222 3312 peccaverunt
1241 3246 1291 3296 in
1315 3241 1702 3296 similitudinem
1724 3240 2102 3310 prarvaricatio-

517 3313 749 3387 πίε-Δάαι
778 3313 953 3387 (Rom.
984 3329 1036 3378 v,
1072 3315 1183 3380 14).

591 3381 826 3454 ldipsum
858 3387 1147 3454 scripserat
1175 3395 1300 3440 ante
1321 3398 1490 3439 annos
1515 3383 1701 3453 viginti
1723 3381 1815 3436 lib.
1847 3397 1883 3435 ll
1913 3389 2099 3454 contra

519 3453 884 3530 .Iovinianum,
910 3453 1031 3530 cum
1057 3456 1472 3530 haereticiltujus
1499 3453 2102 3530 bampmeimacriter

522 3526 895 3595 impugnaret,
927 3535 984 3580 ut
1021 3527 1145 3581 inde
1175 3527 1411 3596 prudens
1455 3525 1624 3580 lector
1650 3525 1822 3580 obiter
1853 3525 2104 3596 observet

517 3605 717 3666 quanta
747 3597 817 3650 sit
847 3597 1157 3666 utriusque,
1180 3595 1297 3652 sive
1325 3598 1664 3666 quaestionis,
1696 3597 1809 3650 sive
1839 3595 2100 3664 dogmatis

521 3667 590 3723 de
620 3677 839 3736 peccato
869 3668 1125 3738 originali
1145 3677 1198 3722 et
1229 3668 1576 3738 impeccantia
1606 3667 1875 3738 cognatio.

593 3739 818 3793 Rulinus
843 3753 973 3792 vero
1004 3738 1056 3808 in
1091 3737 1236 3808 Fidei
1269 3736 1376 3791 suae
1405 3737 1584 3792 libello
1615 3736 1804 3808 (Num.
1835 3737 1928 3800 37,
1960 3736 2027 3808 58
2052 3746 2100 3790 et

521 3807 646 3934 3:),
683 3819 806 3893 ante
849 3824 976 3864 ann.
1020 3807 1149 3866 400.
1185 3807 1303 3894 Non
1347 3825 1466 3880 ergo
1515 3807 1633 3862 Eva
1666 3817 1874 3890 propter
1919 3807 2101 3862 liberos

521 3897 543 3934 s
603 3882 803 3934 vabttur
826 3897 968 3934 suos.
994 3897 1156 3934 neque
1191 3897 1301 3934 eius
1341 3878 1537 3934 soboles
1561 3892 1737 3932 matris
1770 3895 1924 3931 causa
1951 3877 2101 3930 dam-

519 3877 803 3935 salvabitur
826 3897 968 3944 suos,
994 3897 1156 3949 neque
1191 3883 1301 3948 eius
1341 3877 1537 3934 soboles
1561 3883 1737 3932 matris
1770 3895 1924 3931 causa
1951 3877 2102 3930 dam-

520 3952 745 4012 nabitur,
777 3961 866 4005 aut
895 3951 1058 4023 patris
1089 3952 1275 4016 Adam,
1309 3952 1440 4023 sicut
1462 3951 1861 4022 imprudentium
1879 3950 2102 4023 cestimat

518 4023 784 4088 opinatio;
833 4020 952 4077 nam
1001 4023 1345 4092 unusquisque
1399 4020 1697 4084 hominum,
1749 4022 1896 4085 quasi
1956 4020 2102 4073 liberi

517 4093 720 4148 arbitrii
749 4094 836 4158 sit,
859 4109 922 4147 ea:
951 4091 1163 4148 suorum
1191 4094 1439 4163 qualitate
1459 4103 1732 4163 gestorum,
1759 4101 1858 4163 aut
1875 4091 2098 4163 laudan-

517 4163 614 4218 dus
645 4165 830 4230 nimis,
875 4173 962 4217 aut
1011 4161 1383 4231 vituperandus
1413 4161 1696 4216 habebitur.
1730 4161 1904 4218 Simili
1946 4163 2100 4216 modo

516 4235 670 4308 etiam
698 4236 758 4308 ini
783 4235 863 4287 die
886 4236 1097 4308 iudicii,
1125 4245 1213 4290 aut
1236 4235 1609 4308 justiﬁcandus
1637 4234 1751 4308 erit,
1785 4240 1872 4308 aut
1904 4235 2099 4308 suppli-

517 4305 598 4358 cio
643 4305 1025 4375 subjuqandus,
1077 4308 1204 4360 sicut
1236 4304 1297 4358 ἐι
1346 4306 1523 4359 beatus
1570 4304 1769 4358 Paulus
1817 4304 1981 4365 docet,
2028 4305 2101 4358 ita

517 4375 691 4428 dicens
733 4391 751 4446 ς
788 4377 987 4446 ρηιηεε
1032 4378 1168 4431 enim
1216 4393 1308 4430 nos
1356 4377 1680 4446 manifestari
1731 4384 1930 4441 oportet
1983 4384 2099 4430 ante

517 4445 742 4498 tribunal
773 4443 992 4506 Christi,
1025 4457 1080 4500 ut
1119 4447 1308 4513 referat
1354 4443 1704 4515 unusquisque
1745 4445 1958 4517 propria
1987 4460 2102 4498 cor-

517 4517 680 4586 poris,
712 4525 859 4584 prout
890 4518 1062 4584 qessit,
1095 4519 1198 4571 sive
1229 4518 1432 4581 bonum,
1464 4519 1566 4570 sive
1594 4516 1786 4568 malum
1811 4516 1876 4586 (ll
1897 4516 2018 4570 Cor.
2044 4533 2073 4569 ν

519 4560 628 4656 ἶυ).
664 4560 818 4650 'Q'tmd
843 4560 1009 4639 atZtent
1039 4560 1182 4640 liberi
1213 4603 1312 4641 non
1343 4560 1436 4658 prd
1466 4587 1762 4656 parentibus
1792 4560 2095 4658 puniantur:
2124 4565 2180 4627 D

517 4655 676 4726 neque
708 4669 941 4728 parentes
963 4673 1055 4724 pro
1085 4659 1279 4724 liberis,
1303 4655 1476 4728 aperte
1506 4674 1683 4712 rursus
1710 4655 1910 4711 edocuit
1936 4655 2097 4723 Deus,

515 4725 630 4799 cum
661 4733 727 4780 ad
761 4725 974 4798 Moysen
1009 4733 1308 4799 prophetam
1337 4725 1524 4782 diceret
1555 4728 1730 4799 (Deut.
1769 4743 1896 4782 xxtv
1916 4770 1928 4788 .
1960 4728 2052 4798 16)
2082 4747 2096 4783 :

519 4797 960 4870 Nonrmorientur
997 4797 1167 4869 patres
1212 4815 1306 4866 pro
1336 4799 1488 4868 ﬁliis,
1523 4797 1686 4870 neque
1729 4799 1827 4868 ﬁlii
1873 4815 1965 4870 pro
2007 4797 2100 4867 pa-

514 4869 740 4922 rentibus
797 4867 1156 4940 Unusquisque
1183 4870 1235 4922 in
1274 4881 1480 4940 peccato
1507 4867 1609 4923 suo
1633 4867 1893 4924 morietur.
1929 4869 2098 4926 Porro

513 4949 686 4993 autem
715 4956 931 5007 arguens
958 4939 1098 5010 Deus
1126 4939 1524 5010 imprudentiam
1555 4942 1784 5008 ﬁliorum
1819 4941 2008 5007 Israel,
2038 4959 2098 4997 eo

515 5020 738 5082 tempore
782 5027 882 5081 quo
927 5009 1066 5082 apud
1109 5007 1409 5072 Chaldaos.
1441 5007 1717 5065 secundum
1745 5011 1938 5066 scelera
1966 5029 2092 5080 sua,

514 5081 703 5146 captivi
731 5091 874 5135 erant
893 5121 908 5146 ,
941 5081 987 5134 et
1017 5085 1390 5144 causabantur,
1422 5099 1524 5136 non
1553 5082 1618 5136 de
1656 5099 1710 5136 se
1741 5086 1976 5149 penitus,
2007 5085 2096 5138 sed

514 5151 580 5206 de
623 5155 916 5218 parentibus
952 5154 1096 5214 suis,
1139 5156 1283 5223 quasi
1333 5153 1410 5206 illi
1461 5154 1613 5207 totius
1658 5169 1837 5206 eorum
1882 5155 2097 5223 nefandi

512 5223 716 5277 sceleris
756 5226 972 5292 fuissent
1017 5222 1170 5276 causa
1191 5265 1206 5287 ,
1255 5222 1419 5277 Deum
1449 5225 1510 5277 de
1547 5224 1839 5289 captivitate
1865 5222 1961 5277 sua
1989 5231 2093 5279 cri-

511 5294 842 5348 minabantur
882 5295 1102 5366 injuste,
1145 5311 1259 5347 cum
1297 5296 1518 5349 dicerent
1551 5311 1567 5347 :
1606 5294 1705 5348 Via
1749 5295 1951 5349 Domini
1993 5313 2094 5350 non

512 5374 584 5418 est
628 5374 801 5432 recta,
845 5365 1091 5433 quoniam
1137 5375 1309 5431 patres
1359 5368 1518 5420 nostri
1570 5367 1898 5420 comederunt
1941 5383 2096 5420 uvam

512 5433 778 5505 acerbam,
821 5444 885 5505 get
937 5434 1165 5502 ﬁliorum
1220 5443 1398 5498 dentes
1449 5437 1816 5505 obstupuerunt
1869 5435 2091 5504 (Escch.

511 5504 773 5580 ξγηιι
809 5503 947 5559 Dicit
975 5506 1159 5580 adeas
1188 5523 1281 5580 per
1312 5507 1552 5562 Ezechiel
1580 5503 1885 5580 prophetam
1904 5506 2095 5576 (Ibid.,

511 5573 570 5643 3)
603 5590 616 5625 :
650 5571 784 5650 Yivo
813 5590 924 5650 ego,
954 5576 1085 5650 dicit
1114 5571 1381 5643 Dominus,
1404 5580 1449 5632 si
1477 5571 1615 5633 ultra
1643 5571 1796 5647 luerit
1815 5571 1930 5650 jam
1959 5571 2098 5634 dicta

512 5642 760 5726 parabofa
798 5642 920 5726 ista
947 5646 1002 5699 in
1042 5646 1244 5726 Israel,
1277 5642 1518 5726 quoniam
1547 5642 1732 5726 omnes
1758 5642 1946 5705 animae
1972 5667 2098 5706 meae

513 5723 650 5790 sunt,
676 5717 806 5768 sicut
835 5717 1006 5771 anima
1034 5721 1216 5789 patris,
1249 5721 1324 5774 sic
1353 5731 1400 5774 et
1431 5723 1605 5774 anima
1634 5721 1756 5790 ﬁlii,
1788 5737 1913 5776 mea:
1941 5731 2096 5789 sunt;

513 5785 685 5840 animo
726 5801 838 5855 qua:
878 5785 1072 5856 peccat,
1117 5785 1232 5859 ipsa
1260 5792 1524 5846 morietur.
1556 5785 1643 5846 Εἰ
1672 5785 1858 5848 iterum
1901 5785 2090 5865 (lbid.,

2205 3238 2570 3296 difﬁcultatem
2604 3238 2986 3310 respondendi.

2277 3311 2596 3385 Ambrosius
2623 3313 2783 3385 igitur
2824 3323 2878 3368 et
2909 3313 3297 3385 Hieronymus,
3319 3313 3429 3385 ille
3458 3314 3511 3367 in
3545 3311 3686 3385 libro_
3703 3310 3756 3366 de

2202 3381 2340 3454 Area
2369 3391 2423 3436 et
2445 3381 2588 3446 Noe,
2621 3383 2705 3437 hic
2731 3383 2785 3436 in
2823 3381 3224 3440 Commentario
3268 3383 3335 3438 ad
3378 3393 3542 3454 caput
3564 3381 3757 3454 ιπη-

2201 3452 2416 3520 chielis,
2440 3455 2796 3520 argumentati
2820 3464 2946 3510 sunt
2967 3457 3128 3510 verba
3153 3455 3267 3510 haec
3292 3452 3527 3511 Genesis
3552 3473 3565 3507 :
3598 3453 3757 3507 Videtis

2201 3520 2364 3590 Deus,
2382 3520 2528 3593 quod
2537 3525 2702 3578 multa
2730 3527 2931 3579 malitia
2963 3527 3184 3580 hominis
3199 3536 3326 3580 esset
3346 3527 3403 3580 in
3423 3536 3582 3592 terra,
3603 3535 3644 3578 et
3657 3541 3758 3578 cutt-

2203 3604 2284 3648 cta
2303 3595 2546 3667 cogitatio
2562 3595 2732 3667 cordis
2749 3600 2945 3651 intenta
2962 3607 3086 3652 esset
3104 3598 3157 3651 in
3173 3598 3369 3651 malum
3386 3599 3754 3667 omnitempore,

2203 3673 2309 3720 etc.
2331 3664 2491 3738 (Gen.
2512 3681 2589 3733 vt,
2612 3664 2696 3736 5),
2717 3668 3068 3737 feceruntque
3097 3671 3148 3722 in
3168 3683 3232 3724 eo
3248 3671 3382 3737 vim,
3405 3668 3550 3738 quod
3571 3664 3757 3736 intelligi

2205 3737 2524 3809 non_p_ossi_t
2563 3739 2838 3809 quomodo
2876 3738 3141 3802 hominis,
3190 3755 3353 3809 quem
3404 3737 3549 3795 Deus
3585 3748 3758 3809 rectum

2202 3807 2442 3878 condidit
2467 3807 2535 3863 ab
2560 3807 2736 3874 initio,
2765 3819 2957 3864 cuncta
2987 3807 3246 3878 cogitatio
3274 3810 3460 3866 cordis
3487 3810 3681 3865 intenta
3703 3807 3759 3863 sit

2202 3877 2255 3932 in
2295 3879 2494 3950 malum
2523 3878 2672 3934 omll’i
2704 3888 2974 3950 tempore,
3007 3877 3111 3936 nisi
3151 3893 3342 3937 natura
3376 3881 3542 3937 fuerit
3569 3879 3756 3944 vitiata,

2202 3963 2304 4021 nec
2321 3949 2432 4020 jam
2463 3950 2598 4006 tales
2621 3949 2972 4020 procreentur
3000 3953 3245 4008 homines
3265 3968 3298 4009 e
3320 3953 3636 4017 seminibus,
3654 3965 3757 4021 qna-

2204 4019 2270 4076 lis
2300 4019 2504 4090 primus
2530 4019 2745 4076 creatus
2773 4035 2854 4078 est
2885 4037 2913 4076 a
2946 4023 3053 4079 Deo
3077 4039 3108 4078 e
3137 4024 3287 4079 limo.

2274 4091 2646 4166 Locumbunc
2671 4092 2886 4148 videtur
2919 4093 3023 4166 sibi
3056 4094 3306 4166 Pelagius
3334 4092 3606 4165 obiecisse
3636 4093 3687 4166 in
3712 4091 3758 4146 li-

2203 4161 2414 4236 brogde
2456 4163 2681 4231 Natura,
2719 4180 2840 4219 cum
2891 4165 3151 4220 scriberet
3171 4161 3389 4236 [primo
3408 4161 3496 4221 'de
3522 4165 3760 4236 eodisps-

2203 4234 2421 4288 tandum
2455 4250 2564 4290 esse
2599 4237 2738 4304 quod
2777 4252 2868 4306 per
2897 4246 3162 4306 peccatum
3203 4234 3475 4292 debilitata
3513 4235 3687 4289 dicitur
3721 4242 3759 4287 et

2201 4307 2473 4379 immutata
2501 4316 2848 4379 natura,etc.
2883 4307 3060 4377 (Apud
3083 4308 3314 4379 August.
3347 4307 3389 4365 ι.
3422 4310 3487 4379 de
3515 4307 3758 4379 Naturaet

2203 4372 2391 4430 Gratia
2419 4393 2466 4430 c.
2497 4374 2605 4446 i9).
2640 4378 2848 4448 Objecit
2880 4372 3011 4432 vero
3052 4372 3513 4434 sine'adversarii
3552 4377 3755 4439 nomine,

2203 4457 2422 4521 propter
2451 4450 2828 4521 reverentiam,
2850 4449 3037 4516 credo,
3063 4449 3357 4521 Ambrosii,
3382 4465 3546 4521 quem
3571 4448 3760 4521 laudare

2204 4517 2395 4571 solitus
2424 4527 2574 4585 erat;
2605 4520 2817 4590 negavit
2861 4535 3021 4590 porro
3043 4563 3056 4586 ,
3091 4520 3282 4576 saltem
3330 4517 3611 4589 itn'plicitc,
3644 4519 3760 4572 hunc

2200 4602 2324 4642 esse
2349 4603 2566 4644 sensum
2598 4590 2913 4662 Scripturae,
2940 4590 3031 4660 qtti
3065 4591 3365 4658 dicebatur,
3395 4591 3652 4662 siquidem
3680 4603 3758 4662 na-

2201 4667 2319 4713 tura
2350 4661 2463 4728 ipsa
2492 4661 2735 4730 peccato,
2761 4662 2902 4732 quod
2941 4677 3035 4731 per
3066 4677 3127 4719 se
3161 4673 3310 4718 caret
3333 4661 3652 4727 substantia,
3676 4661 3761 4714 im-

2200 4736 2396 4802 mutari
2425 4747 2530 4784 non
2561 4733 2754 4802 possit.

2276 4799 2473 4855 Verum
2521 4799 2670 4857 locus
2699 4803 2802 4858 iste
2844 4803 3117 4858 Geneseos
3158 4819 3263 4859 non
3293 4803 3510 4860 videtur
3550 4819 3579 4857 a
3606 4803 3762 4860 catho-

2199 4870 2318 4946 licis
2346 4873 2523 4940 magni
2553 4873 2747 4946 factus,
2777 4875 2844 4927 ab
2876 4876 3176 4944 Augustino
3203 4885 3354 4930 certe
3379 4877 3652 4946 neglectus
3673 4881 3762 4929 est.

2201 4941 2327 4996 Inde
2357 4955 2531 4998 tamen
2559 4945 2691 4998 oriri
2734 4947 2913 5016 potuit
2935 4941 3182 5010 qitzestio,
3213 4948 3413 5015 agitata
3458 4941 3761 5016 frequentius

2200 5022 2419 5082 postea,
2449 5027 2625 5068 utrum
2660 5016 2863 5081 peccati
2895 5015 3028 5071 foret
3059 5018 3236 5084 aliqua
3251 5012 3614 5083 substantia,
3639 5012 3762 5086 quod

2197 5086 2530 5158 Augustinus
2545 5128 2573 5158 ,7
2591 5086 2985 5158 Hynognostes,
3011 5087 3212 5155 aliique
3240 5088 3608 5158 disputarunt.

2314 5156 2509 5210 redidit
2552 5156 2879 5228 Augustinus
2925 5159 3144 5228 majoris
3195 5156 3436 5214 esse'ad
3490 5161 3625 5215 hanc
3667 5171 3762 5213 rem

2198 5229 2455 5281 momenti
2497 5229 2806 5283 mandatum
2853 5229 2945 5283 Dei
2989 5229 3058 5284 de
3101 5230 3562 5286 circumcidendis
3596 5239 3762 5285 octavo

2196 5296 2285 5372 die
2313 5299 2548 5367 parvulis
2575 5317 2591 5354 :
2627 5298 2896 5372 Masculus
2917 5340 2932 5365 ,
2958 5302 3107 5372 cujus
3147 5301 3392 5372 prtsputii
3423 5318 3550 5356 caro
3578 5303 3766 5354 circum-

2196 5371 2306 5444 cisa
2335 5386 2436 5424 non
2465 5372 2654 5441 fuerit,
2686 5370 2939 5444 delebitur
2977 5370 3153 5425 anima
3178 5371 3293 5444 illa
3332 5373 3396 5425 de
3430 5374 3619 5444 populo
3659 5384 3764 5444 suo,

2197 5442 2319 5515 quia
2351 5437 2553 5515 pactum
2583 5443 2984 5515 meum_irritu_m
3015 5444 3135 5512 fecit
3165 5441 3322 5515 (Gen.
3356 5437 3634 5515 ινίιξῌ).
3677 5437 3767 5496 Sed

2200 5514 2349 5566 locus
2365 5511 2482 5585 bic,
2507 5527 2606 5567 nec
2628 5528 2661 5585 a
2693 5513 2879 5585 primis
2909 5511 3337 5581 disputatoribus
3360 5511 3652 5585 productus
3669 5518 3764 5585 est;

2199 5597 2299 5636 nec
2329 5583 2397 5637 ab
2419 5581 2714 5652 Augustino
2745 5584 2819 5638 ita
2843 5586 3144 5650 expositus,
3177 5594 3233 5640 ut
3261 5581 3664 5642 consentientes
3690 5581 3768 5634 hac

2199 5651 2350 5726 beret
2377 5651 2534 5722 alios,
2558 5656 2717 5710 etiam
2744 5655 3042 5712 catholicos
3071 5656 3426 5726 interpretes;
3455 5671 3558 5712 nec
3579 5654 3770 5726 {aliane

2192 5715 2346 5780 ~‘visns
2368 5733 2449 5780 est
2471 5715 2825 5809 responsione
2845 5727 3062 5854 dignus,
3087 5715 3423 5784 cum'tamen'
3437 5729 3507 5810 ab
3527 5718 3771 5785 eo'lectus

2198 5807 2366 5854 esset.
2396 5811 2590 5854 quinae
2639 5812 2693 5854 tn
2732 5811 2896 5854 secun
2939 5813 2971 5854 ο
3015 5799 3154 5854 ltbro
3193 5799 3263 5854 de
3291 5798 3506 5854 Nunttts
3549 5796 3729 5854 allatus
3760 5811 3767 5853 ί

2198 5807 2366 5864 esset,
2396 5796 2590 5866 quippe
2639 5799 2693 5854 in
2732 5796 2971 5855 secundo
3015 5799 3154 5856 libro
3193 5799 3263 5856 de
3291 5798 3506 5870 Nuptiis
3549 5796 3729 5854 allatus
3760 5811 3767 5853 ί
