3882 6284
147 286 246 345 ΝΘ

662 285 978 344 ιιι-ειδΕιιτ.
1010 285 1121 341 γιι.
1155 285 1245 342 DE
1272 286 1459 345 ORTU
1494 287 1583 343 ET
1624 286 1700 344 ΙΝ1

1812 286 2097 347 ΞΜΕΝΤΙΒ
2126 289 2444 348 HAERESIS
2471 289 2913 351 PELAGIAN/E.

3314 302 3421 360 650

145 418 303 478 quare
324 414 423 459 nec
447 400 611 457 uliam
638 402 825 475 genuit
850 403 1208 475 quaestionem
1246 402 1315 459 de
1346 402 1719 459 circumcisio-
1742 409 1799 467 Α
1824 412 2105 474 peceatum
2135 418 2422 459 commune
2444 402 2686 478 omnium
2711 407 3021 478 mortalium
3048 424 3113 464 ex
3142 417 3415 473 communi

143 475 223 533 siis
245 475 369 530 ﬁne.

208 546 333 601 Illud
375 559 506 601 vero
548 544 693 612 Jobi,
740 546 883 615 quod
927 546 1077 615 juxta
1134 544 1277 600 LXX
1333 544 1403 601 ita
1454 546 1652 617 legitur
1701 564 1716 602 :

144 620 263 687 Quis
287 617 420 673 enim
449 618 673 672 mundus
712 626 786 671 est
815 634 848 671 a
876 618 1067 671 sorde?
1094 618 1185 670 sed
1215 633 1392 686 nemo,
1440 627 1535 671 ets:
1564 618 1719 673 unius

139 692 235 745 diei
261 690 327 760 sit
340 689 453 760 vita
477 692 593 760 ejus
623 704 779 758 super
807 699 999 743 terram
1030 688 1175 754 (Jobi
1209 689 1424 760 xiv,4),
1456 689 1718 746 adhibue-

138 771 255 816 runt
291 757 653 832 Hieronymus
689 757 743 832 in
786 769 949 829 caput
990 774 1136 832 van
1178 759 1504 832 Ezechielis,
1537 763 1721 832 Augu-

136 836 297 888 stinus
324 832 416 887 lib.
436 830 505 901 ivi
538 830 595 901 in
627 831 1043 901 Julianumeap.
1080 831 1167 893 12.
1201 830 1441 901 alibique
1471 830 1671 899 passim
1698 849 1714 888 :

136 903 223 959 sed
251 902 377 957 illud
426 900 548 956 Jobi
598 916 772 972 neque
817 917 846 956 a
896 900 1197 972 Pelagianis
1244 900 1562 970 responsum
1601 919 1717 960 me-

133 976 299 1030 ruisse
329 980 483 1043 puto,
514 988 691 1043 neque
723 974 894 1043 potuit
918 972 1268 1027 vehementer
1301 984 1427 1029 tunc
1457 976 1715 1042 temporis

133 1044 325 1115 urgeri.
353 1043 621 1115 siquidem
655 1044 919 1115 Ecclesia:
947 1051 1269 1099 tractatores
1310 1045 1422 1100 fere
1462 1058 1712 1100 commu-

132 1114 260 1170 niter
288 1114 628 1180 interpretati
658 1123 788 1169 sunt
813 1114 975 1170 verba
1020 1115 1135 1169 ltazc
1165 1116 1218 1170 in
1262 1116 1427 1169 alium
1468 1129 1710 1171 sensum.

131 1187 272 1243 Unde
296 1184 787 1257 Ambrosius(Lib.
820 1186 933 1257 ide
961 1184 1162 1256 Interp.
1194 1184 1315 1240 Jobi
1342 1203 1388 1241 ο.
1425 1182 1542 1257 vn):
1582 1186 1714 1242 Vere

130 1258 421 1312 miserabilis
450 1256 676 1310 conditio
696 1300 711 1324 ,
746 1265 802 1311 ut
832 1256 987 1311 homo
1022 1258 1217 1326 peccati
1244 1258 1359 1322 sui,
1387 1256 1523 1328 quod
1551 1259 1714 1312 vitare

130 1346 221 1383 non
255 1329 434 1400 possit,
466 1328 717 1382 rationem
743 1338 992 1400 priestare
1021 1337 1256 1400 cogatur,
1282 1329 1475 1382 intrare
1501 1329 1555 1382 in
1581 1346 1709 1383 con-

126 1410 291 1471 spectu
325 1396 573 1471 Domini,
604 1408 653 1452 et
672 1396 937 1470 judicium
965 1396 1138 1453 subire
1162 1398 1539 1467 Omnipotentis
1569 1416 1711 1453 com-

64 1520 65 1523 η
130 1469 361 1537 pellatur,
392 1469 546 1542 edere
576 1486 759 1524 causas
783 1486 1001 1542 suorum
1029 1480 1318 1542 gestorum,
1348 1486 1462 1537 qua:
1491 1479 1563 1523 tot
1593 1473 1709 1525 vita

124 1558 220 1597 sua
244 1541 480 1596 tetatibus
505 1540 832 1611 percurrerit,
867 1557 983 1593 cum
1011 1540 1237 1595 mundus
1263 1559 1295 1595 α
1314 1550 1520 1612 peccato
1542 1543 1708 1611 quivis

124 1629 222 1668 esse
256 1628 358 1666 non
388 1613 570 1684 possit,
604 1618 659 1664 ut
687 1612 758 1684 ab
779 1612 905 1684 ipsis
935 1612 1186 1665 cunabilis
1219 1614 1363 1681 prius
1385 1612 1591 1684 obrepat
1619 1613 1706 1666 in-

127 1684 287 1753 {antite
310 1681 469 1750 culpa
487 1722 502 1747 ,
530 1697 687 1750 quam
714 1682 780 1736 sit
802 1681 949 1737 ullus
976 1698 1153 1737 sensus
1182 1685 1392 1737 erroris.
1437 1681 1705 1753 Quamque

123 1753 244 1808 illud
270 1754 593 1818 miserabile,
624 1762 684 1806 ut
723 1754 885 1807 brevis
927 1755 991 1807 sit
1020 1756 1123 1807 vita
1151 1754 1290 1820 eius,
1320 1754 1485 1807 dulcis
1532 1754 1706 1807 illece-

1828 489 2011 544 pmna,
2043 491 2163 546 quae
2195 489 2342 554 mors
2370 484 2474 542 est,
2506 476 3242 554 concludebatur.‘Quartutn
3275 487 3416 554 pari.

1828 555 1914 601 ter
1941 562 2006 601 ex
2055 562 2139 623 eo.
2170 547 2601 623 petitum,_quod
2650 548 2819 623 simus
2849 549 2980 605 dicti
3012 547 3091 607 ab
3122 547 3413 623 Aposiolo,

1827 626 2012 671 natura
2180 619 2275 696 ira
2313 615 2532 696 (Ephes.
2564 633 2634 686 ιι,
2668 619 2758 690 5),
2794 636 2955 677 nemo
2998 634 3123 696 ante
3163 615 3414 696 Augusti:

1826 704 1954 765 num
1984 688 2261 765 adhibuit;
2312 690 2428 758 ipse
2447 704 2587 765 _v_ero
2628 688 2851 765 eo'usus
2881 703 2999 760 eSt,
3031 688 3315 765 antequavm
3346 698 3412 754 de

1824 756 2022 836 haeresi
2053 756 2659 836 Pelagiana'_quidquam
2690 756 3003 836 audivisset,
3036 764 3089 820 in
3120 756 3296 836 opere
3325 771 3411 823 ni-

1822 831 2020 908 mirum
2051 830 2467 908 quod__necdt_im
2501 832 2781 908 presbyter
2814 835 3076 908 absolvit;
3109 830 3238 894 usus
3278 854 3409 908 quo.

1821 914 1930 969 que
1960 906 2014 955 in
2046 899 2316 968 prioribus
2336 899 2600 959 adversus
2630 899 2881 959 haeresim
2908 899 3408 965 elucu'brationi'bus

1821 971 1966 1050 (_Lib.
1990 987 2053 1050 ιιι
2083 972 2147 1026 de
2172 970 2288 1050 Lib.
2319 972 2444 1026 Arb.
2478 990 2524 1025 c.
2550 974 2641 1043 19)
2667 992 2679 1026 :
2709 990 2876 1050 quare
2906 977 3074 1035 latere
3096 996 3203 1035 non
3234 983 3407 1050 potuit

1819 1041 2107 1121 Pelagium
2122 1085 2165 1121 ,__
2188 1042 2273 1097 cui
2330 1053 2546 1121 constat
2591 1041 2741 1121 visos
2797 1048 2961 1121 fuisse
3012 1050 3181 1106 libros
3224 1041 3405 1121 Angu~

1817 1114 1944 1191 stini
1977 1115 2051 1191 de
2088 1114 2281 1191 Libero
2318 1114 2586 1179 Arbitrio.
2622 1114 2721 1191 hos
2746 1119 2903 1191 _enim
2943 1120 3127 1176 laudat
3166 1114 3401 1191 (Libfde

1820 1182 2090 1264 Natura);
2112 1187 2372 1264 “ignotum
2397 1196 2598 1264 _tamen
2621 1188 2760 1264 quid
2800 1204 3085 1264 expresse,
3120 1182 3204 1247 vel
3250 1195 3398 1264 ipse,

1816 1255 1903 1333 vel
1926 1256 2145 1311 sectarii
2178 1255 2580 1333 responderim.
2613 1255 2944 1333 Quamquam
2973 1255 3237 1333 Pelagius,
3269 1255 3394 1318 cuni

1814 1324 2433 1406 interpretareturhunc
2472 1324 2686 1406 locum,
2717 1324 3207 1406 ApoSIoli_sett§um
3229 1324 3395 1406 longe

1813 1396 1925 1474 alio
1954 1398 2206 1474 abduxi};
2238 1397 2475 1474 aitcnim
2501 1397 2591 1470 (In
2619 1396 2891 1474 comment.
2912 1404 2980 1456 ad
3004 1420 3102 1457 c.u
3133 1404 3299 1474 Epist.
3326 1396 3397 1459 5d

1814 1465 2041 1541 Ephes.)
2064 1487 2095 1541 γε
2130 1468 2354 1541 Quando
2382 1465 2523 1523 mens
2556 1480 2727 1541 nostra
2756 1473 2904 1541 rebus
2950 1477 3162 1530 terrenis
3182 1465 3245 1528 ἐι
3284 1494 3398 1530 car-

1812 1538 2030 1611 natibus
2054 1538 2367 1603 inhwrebat,
2400 1555 2504 1592 non
2529 1540 2699 1593 solum
2728 1540 3144 1599 desiderabamus
3164 1588 3179 1611 ,
3220 1550 3309 1601 sed
3348 1557 3395 1601 et

1814 1610 2132 1686 faciebamus
2178 1625 2513 1686 qutecuntque
2554 1611 2693 1686 mala
2736 1614 2976 1682 cegitatio
3028 1610 3392 1686 suggessisset;

1810 1681 1888 1733 ita
1918 1697 2011 1735 nos
2042 1690 2272 1757 paterna:
2298 1681 2593 1757 traditionis
2618 1681 2947 1757 consuetudo
2990 1681 3304 1757 possederat,
3339 1681 3393 1743 ut

1812 1767 1988 1805 omnes
2016 1754 2083 1804 ad
2114 1752 2493 1805 damnationem
2520 1753 2629 1805 nati
2674 1754 2963 1809 videremur
2990 1752 3015 1809 ':
3042 1756 3181 1813 Deus
3219 1771 3393 1813 autem

122 1798 241 1891 ϊὲἓξ
251 1798 1122 1899 admissurum:suae};
1146 1798 1484 1895 animus?
1513 1798 1701 1899 nais.
1735 1798 1787 1859 Β
1813 1824 2262 1899 mis-uictimae.
2294 1822 2424 1899 Quae
2447 1821 2618 1899 videri
2646 1798 3391 1899 ρριᾷζῖεὲρόηέἶόἶυῖἔῖιὲἶίίί

124 1898 172 1968 in
208 1896 396 1968 exigua
452 1894 804 1968 delectatione
836 1895 1127 1968 amaritudo
1157 1894 1431 1968 perpetua
1490 1894 1619 1968 est._'
1640 1896 1696 1949 In

122 1963 513 2022 Commentario
540 1976 715 2021 tamen
742 1966 808 2020 ad
852 1965 944 2020 illa
971 1963 1286 2020 Psalmistte
1312 1966 1475 2021 verba
1508 1982 1522 2019 :
1563 1963 1700 2021 Ecce

122 2040 171 2091 in
188 2037 852 2109 iniquitatibusrconceptus
881 2054 994 2090 sum
1025 2035 1143 2105 (Ps.
1174 2053 1228 2103 1.,
1268 2036 1357 2107 7);
1388 2037 1698 2109 testimonio

123 2108 232 2163 Jobi
259 2107 448 2172 utitur,
476 2108 591 2172 sed,
620 2117 679 2160 ut
710 2117 833 2162 tune
861 2117 1016 2162 erant
1040 2118 1304 2177 tempora,
1332 2107 1603 2178 implicate
1629 2110 1700 2164 de

126 2194 179 2235 re
207 2181 444 2234 nondum
476 2179 607 2231 satis
633 2180 919 2248 explicata.

180 2249 292 2305 iam
323 2266 455 2306 vero
480 2246 743 2304 famosum
780 2250 911 2305 illud
938 2247 1131 2319 psalmi
1155 2264 1185 2304 ι.
1218 2264 1232 2304 :
1260 2246 1396 2303 Ecce
1424 2248 1478 2304 in
1508 2248 1700 2320 iniqui-

121 2322 295 2375 tatibus
350 2329 623 2390 conceptus
676 2338 813 2388 sum,
872 2330 921 2375 et
977 2321 1030 2373 in
1080 2321 1297 2387 peccatis
1340 2321 1569 2383 concepit
1618 2337 1700 2375 me

121 2400 265 2446 mater
314 2409 428 2446 mea
480 2390 599 2460 (Ps.
630 2407 683 2454 ι,
726 2392 812 2457 7).
860 2392 929 2446 ab
972 2392 1223 2446 omnibus
1264 2392 1378 2445 fere
1415 2391 1699 2446 catholicis

120 2464 427 2531 productum
457 2472 575 2527 est,
612 2464 681 2515 ab
712 2462 913 2517 Hilario
944 2462 997 2516 in
1030 2463 1221 2530 psalm.
1248 2476 1441 2529 cxvut,
1468 2463 1700 2517 Ambro-

118 2532 190 2588 sio
216 2533 309 2588 lib.
355 2533 473 2589 ide
518 2532 809 2587 Pmnitent.
837 2548 954 2603 cap.
986 2532 1055 2596 2,
1105 2533 1432 2603 llierOuymo
1475 2535 1524 2586 in
1573 2548 1701 2598 cap.

116 2617 245 2659 mit
268 2604 495 2670 Ezecb.,
521 2605 823 2672 Augustino
852 2602 945 2659 lib.
970 2618 1007 2657 ιι
1029 2604 1194 2673 Oper.
1218 2602 1436 2670 Imperi.
1462 2617 1584 2672 cap.
1606 2603 1697 2670 75,

116 2686 163 2729 et
191 2676 287 2731 lib.
321 2691 382 2731 ιιι
409 2690 527 2742 cap.
556 2674 643 2728 i2.
675 2673 895 2739 Verum,
922 2689 1044 2729 cum
1079 2680 1228 2727 locus
1264 2675 1368 2727 iste
1399 2673 1577 2728 alferri
1605 2687 1698 2727 so-

115 2743 261 2812 leret,
298 2757 357 2799 ut
385 2762 453 2800 ex
480 2744 769 2799 Theodoro
811 2744 955 2813 apud
995 2744 1250 2814 Ptiotinm
1297 2745 1698 2814 cognoscimus,

117 2831 211 2871 non
260 2824 477 2872 constat
513 2814 641 2887 quid
690 2816 1060 2885 responsionis
1090 2831 1119 2868 a
1168 2813 1472 2885 Pelagianis
1514 2815 1698 2870 datum

116 2888 194 2942 sit.

148 3006 152 3009 Α
178 2957 536 3026 Augustinus,
569 2972 699 3027 cum,
717 2955 844 3014 alibi
872 2969 1035 3027 sarpe,
1064 2964 1173 3011 tum
1204 2956 1437 3013 maxime
1465 2956 1521 3011 in
1552 2965 1701 3012 utro-

120 3043 213 3099 que
240 3032 642 3099 Opereicoutra
678 3026 985 3099 lulianum,
1035 3037 1143 3099 tota
1173 3030 1429 3082 orationis
1458 3028 1511 3081 vi
1539 3043 1700 3098 argu-

120 3095 381 3154 mentatur
429 3098 557 3153 illud
608 3098 975 3169 Ecclesiastici
1030 3114 1042 3149 :
1095 3095 1263 3151 Grave
1303 3101 1497 3169 jugum
1541 3095 1700 3167 super

123 3170 244 3238 ﬁlios
273 3170 443 3225 Adam
468 3188 501 3223 a
522 3170 607 3224 die
625 3168 792 3223 exitus
814 3184 986 3223 eorum
1011 3171 1074 3222 de
1098 3178 1268 3222 ventre
1294 3168 1472 3222 matris
1497 3184 1697 3235 eorum,

124 3256 268 3310 usque
313 3243 369 3296 in
407 3242 541 3295 diem
570 3240 851 3311 sepultura:
890 3241 946 3293 in
987 3249 1201 3293 matrem
1240 3256 1469 3293 omnium
1502 3238 1695 3311 (Eccli.

125 3326 201 3368 ιι..
234 3316 309 3368 1).

186 3312 600 3455 λὲἐίιιιιεηιιιιιιι·
638 3390 693 3437 et
735 3381 877 3455 istud
918 3378 1212 3450 Sapientia:
1243 3398 1257 3434 :
1290 3380 1425 3455 Non
1453 3382 1699 3455 ignorans

127 3453 350 3524 quoniam
380 3470 601 3524 nequam
630 3465 701 3508 est
730 3454 871 3507 natio
897 3467 1097 3519 eorum,
1130 3460 1177 3506 et
1204 3454 1457 3506 naturalis
1497 3453 1699 3507 malitia

128 3526 359 3599 ipsorum,
389 3534 435 3579 et
465 3524 707 3591 quoniam
735 3541 839 3578 non
868 3535 1066 3599 poterat
1094 3524 1283 3577 mutari
1307 3525 1552 3599 cogitatio
1576 3524 1699 3599 illo:-

129 3612 226 3668 rum
261 3598 313 3650 in
345 3604 681 3668 perpetuum;
724 3612 894 3668 semen
930 3596 1069 3668 enim
1110 3606 1218 3668 erat
1248 3596 1588 3668 _matedictum
1630 3596 1696 3649 ab

129 3666 256 3738 initio
293 3665 453 3738 (Sap.
495 3682 599 3732 xtt,
644 3667 751 3737 10).
786 3666 881 3722 Sic
909 3666 1052 3738 enim
1080 3665 1156 3738 ait
1187 3683 1199 3718 :
1233 3665 1435 3731 Neritpe
1474 3667 1538 3719 de
1575 3668 1694 3738 qui-

130 3737 414 3807 buscumque
457 3738 598 3790 dicat
638 3738 768 3800 ista.
816 3739 879 3789 de
918 3737 1206 3791 hominibus
1245 3738 1407 3799 dicit;
1434 3737 1694 3806 quomodo

130 3819 191 3861 est
225 3826 336 3881 ergo
366 3808 637 3881 cujuslibet
667 3808 888 3881 hominis
918 3807 1118 3881 malitia
1144 3808 1421 3881 naturalis,
1450 3816 1495 3861 et
1522 3824 1694 3881 semen

130 3879 436 3934 maledictum
474 3879 537 3932 ab
565 3879 735 3945 initio,
771 3879 869 3934 nisi
912 3881 979 3932 ad
1019 3880 1151 3933 illud
1183 3879 1511 3945 respiciatur,
1553 3879 1694 3947 quod

132 3966 205 4017 per
231 3969 381 4005 unum
413 3950 675 4005 hominem
705 3960 971 4019 peccatum
1001 3950 1209 4003 intravit
1239 3950 1293 4002 in
1337 3949 1609 4013 mundum,
1643 3960 1694 4003 et

133 4036 206 4087 per
231 4033 489 4089 peccatum
518 4038 673 4087 mors,
703 4031 747 4074 et
776 4022 849 4074 ita
879 4021 932 4074 in
963 4036 1136 4074 omnes
1167 4021 1400 4073 homines
1427 4032 1693 4089 pertrans-

133 4092 206 4159 iit,
232 4088 293 4147 in
320 4110 419 4164 quo
468 4108 641 4146 omnes
679 4103 1007 4163 peccaverunt
1049 4090 1202 4164 (Lib.
1248 4106 1285 4145 ιι
1326 4092 1389 4143 de
1432 4088 1599 4158 Nupt.
1644 4098 1693 4144 et

134 4161 331 4216 Concun.
365 4183 413 4216 c.
451 4164 547 4216 8i?

157 4161 339 4220 Ioncuo.
365 4183 413 4219 c.
451 4165 483 4220 8

451 4183 589 4306 (lib.
626 4249 676 4287 tv
707 4233 808 4305 0p.
839 4231 1063 4303 Intpcrf.
1096 4249 1143 4306 ε.
1177 4230 1311 4306 7125)
1351 4241 1693 4306 argumenta:

134 4306 309 4378 titmem
341 4302 626 4378 Augustini
657 4302 1062 4378 vexatacriter,
1092 4304 1386 4378 nititurqne
1417 4318 1484 4357 ex
1507 4317 1568 4356 ea
1591 4302 1693 4378 ipsi

134 4373 459 4434 Manicbtcatﬁ
507 4377 765 4443 attingere
815 4375 1146 4445 impietatem
1195 4373 1263 4428 de
1292 4373 1482 4427 natura
1512 4373 1688 4445 mala;

134 4457 271 4518 negat
308 4465 435 4505 vero
486 4449 609 4504 inde
654 4444 1237 4518 peccatuonriginale
1286 4444 1531 4515 probari,
1562 4444 1687 4514 quia

136 4515 327 4608 peiinde
353 4537 383 4575 a
412 4515 671 4608 Slapiente
698 4518 897 4608 dicitur
926 4515 1351 4608 (iltananteorum.
1373 4530 1544 4608 semen
1582 4531 1694 4568 ma-
1720 4547 1776 4608 Β

137 4587 367 4659 (edictum,
397 4592 471 4646 ab
491 4587 684 4655 initio,
719 4599 882 4659 atque
910 4588 979 4643 ab
1008 4588 1143 4642 Isaia
1162 4587 1493 4659 benedictum
1520 4601 1692 4640 semen

138 4655 651 4734 Israelitarumrusai.
678 4655 810 4734 μή
830 4659 1118 4734 22,_jua:ta
1147 4656 1341 4734 LXX).
1376 4655 1529 4712 Unde
1558 4672 1692 4734 con-

138 4727 281 4787 cludit
305 4727 530 4789 seminis
559 4732 897 4788 conditiones
924 4727 1044 4785 illas
1062 4771 1078 4795 ,
1108 4745 1229 4785 cum
1262 4727 1369 4783 sint
1398 4728 1692 4797 oppositaz,

139 4800 196 4856 ad
236 4812 509 4872 peccatum
552 4802 841 4874 originale,
873 4803 1014 4871 quod
1044 4801 1312 4874 generale
1344 4799 1508 4855 debet
1548 4814 1693 4866 esse,

140 4871 278 4945 atque
310 4890 413 4932 una
459 4875 517 4931 in
562 4871 814 4931 omnibus
859 4888 928 4929 ex
976 4871 1139 4929 causa
1184 4871 1345 4937 oriri,
1378 4884 1486 4925 non
1530 4874 1699 4940 perti-

137 4955 266 5001 nere.

195 5016 357 5088 Atque
382 5018 505 5074 haec
534 5016 648 5073 fere
677 5025 802 5072 sunt
844 5030 967 5088 quia:
995 5014 1062 5071 ad
1094 5013 1253 5070 ﬁdem
1298 5013 1502 5088 peccati
1532 5014 1700 5085 origi-

140 5087 256 5161 nalis
274 5083 722 5161 propugnandam
751 5083 1005 5161 catholici
1033 5094 1097 5161 ex
1131 5094 1314 5141 vetere
1352 5083 1698 5161 Testamento

140 5155 407 5217 aliereban't
452 5155 642 5229 primis
689 5159 796 5229 illis
843 5158 1178 5227 temporibus
1219 5156 1622 5229 :_protulerunt
1666 5171 1699 5212 e

139 5240 259 5284 novo
285 5226 465 5300 (Rom.
492 5246 587 5296 vit,
617 5228 711 5300 17)
742 5229 846 5284 alia
875 5226 1142 5300 quinque,
1177 5226 1275 5300 sed
1306 5241 1533 5295 quorum
1565 5228 1696 5292 duo,

141 5311 243 5364 quae
283 5298 472 5371 partim
521 5316 588 5357 ex
616 5298 907 5357 communi
931 5298 1049 5370 lege
1088 5298 1370 5369 baptismi,
1406 5301 1601 5366 partim
1631 5314 1697 5354 ex

139 5380 335 5436 peccato
377 5372 653 5430 habitante
700 5374 755 5427 in
804 5372 1062 5427 membris
1090 5380 1305 5437 sumpta
1343 5376 1502 5435 sunt,
1534 5374 1700 5440 perti-

141 5451 254 5515 ngre
279 5444 442 5515 magis
481 5443 733 5499 videntur
758 5443 841 5515 (ad
871 5442 1117 5515 rationes
1144 5440 1507 5515 conti_cien_das
1535 5456 1695 5511 quam

140 5508 198 5565 ad
224 5528 329 5569 rem
356 5508 454 5570 s'uo
483 5516 601 5571 solo
631 5513 868 5584 pondere
898 5513 1235 5569 ﬁrmandam.
1267 5511 1509 5584 Tertium
1539 5508 1689 5579 vero,

173 5584 264 5639 uod
307 5584 372 5641 de
414 5597 586 5642 morte
614 5583 854 5640 omnium
886 5584 939 5639 in
980 5584 1222 5650 Adamn,
1261 5583 1610 5650 omniumque
1641 5584 1694 5639 in

180 5653 332 5710 hristo
375 5658 773 5713 resurrectione
802 5666 958 5712 antea
990 5664 1347 5711 memoratum
1384 5664 1467 5709 est
1495 5653 1541 5726 (I
1570 5654 1691 5710 Cor.

142 5736 218 5789 xv,
254 5726 364 5798 ιθ),
396 5744 509 5799 rem
542 5744 636 5799 per
671 5744 731 5785 se
776 5742 885 5783 non
932 5726 1229 5792 efﬁciebat,
1278 5726 1374 5781 sed
1423 5727 1695 5799 ratiocinii

142 5800 329 5856 tantum
356 5798 702 5868 adminiculo,
733 5815 841 5871 quo
871 5813 1059 5867 causa,
1089 5809 1149 5855 ut
1177 5799 1348 5869 aiunt,
1377 5811 1444 5854 ex
1472 5798 1693 5869 ellectu,

403 5894 673 5959 Panum.
711 5897 1000 5981 XLVIII.

1808 1895 1875 1969 ad
1911 1894 2096 1969 locum
2118 1896 2361 1969 Apostoli
2396 1892 2449 1969 in
2479 1891 2634 1969 libris
2662 1895 2728 1949 de
2756 1891 2951 1969 hibero
2990 1891 3229 1969 Arbitrio
3263 1917 3391 1969 pro-

1807 1964 1977 2018 latmn
2010 1982 2023 2016 :
2057 1964 2319 2035 siquidem
2344 1963 2530 2031 scripti
2557 1973 2682 2018 sunt
2701 1980 2730 2019 a
2757 1965 2975 2035 Pelagio
2999 1963 3391 2027 Commen'tarii

1806 2045 1932 2105 post
1959 2037 2120 2089 hosce
2144 2036 2331 2099 libros,
2360 2036 2516 2089 annis
2537 2035 2726 2090 saltem
2753 2038 3055 2094 duodecim.

1881 2105 2192 2176 Pugnatum
2211 2114 2294 2159 est
2314 2106 2475 2175 igitur
2494 2119 2523 2158 a
2547 2106 2828 2161 catholicis
2851 2112 3049 2165 invicte
3079 2111 3391 2167 testimonio

1803 2174 2053 2249 _Apostol'i
2105 2175 2315 2249 :_Sicut
2346 2174 2456 2249 per
2503 2192 2664 2228 unum
2709 2176 2971 2232 hominem
3018 2192 3283 2249 peccatum
3337 2184 3393 2237 in

1803 2246 1946 2318 [tunc
1987 2247 2235 2301 mundum
2270 2248 2507 2310 intravit,
2540 2256 2589 2300 et
2618 2264 2707 2317 per
2733 2246 3211 2318 peccatum‘mors,
3243 2265 3289 2308 et
3319 2254 3394 2308 ita

1803 2317 1860 2371 in
1887 2335 2061 2373 omnes
2085 2318 2314 2393 homines
2346 2317 2906 2393 rnorsApertransiitLin
2935 2336 3035 2387 quo
3065 2338 3237 2378 omnes
3268 2341 3393 2393 pec-

1803 2398 2043 2463 cauerunt
2094 2388 2270 2463 (llom_.
2313 2406 2389 2463 _v,
2444 2387 2569 2457 i2);
2604 2398 2659 2463 et
2697 2407 2707 2441 :
2743 2390 2849 2463 Sed
2886 2394 3114 2463 regnavit
3155 2387 3293 2450 mors
3327 2396 3392 2450 ab

1803 2458 1974 2513 Adam
2002 2458 2163 2536 usque
2192 2458 2534 2536 adullloysem
2554 2500 2569 2525 ,
2594 2460 2747 2512 etiam
2784 2462 2839 2536 in
2868 2458 2986 2536 eos,
3014 2464 3249 2536 quinon_
3275 2483 3393 2536 pec-

1805 2540 2049 2604 caverunt
2079 2528 2136 2604 in
2149 2528 2548 2604 similitudinem
2577 2533 3013 2604 prtevaricationis
3026 2528 3170 2586 ’Λάαν
3192 2528 3361 2604 (Ibid.
3373 2578 3390 2603 ,

1806 2600 1934 2676 _14);
1963 2612 2064 2676 et_:
2099 2599 2243 2676 Sicut
2276 2615 2366 2669 per
2388 2600 2541 2676 unius
2569 2599 2836 2669 delictum,
2866 2603 2916 2676 in
2942 2619 3111 2676 omnes
3134 2599 3390 2676 homines,

1803 2671 1860 2723 in
1900 2671 2533 2744 condemnationemssic
2569 2678 2625 2744 iet
2672 2689 2764 2739 per
2807 2673 2959 2725 unius
2997 2675 3291 2744 justitiam,
3336 2671 3392 2732 in

1805 2756 1981 2796 omnes
2024 2741 2286 2808 homines,
2328 2741 2381 2793 in
2411 2743 2837 2812 justiﬁcationem
2881 2741 3012 2797 vitai
3064 2744 3210 2800 Sicut
3258 2741 3394 2803 enim

1805 2828 1899 2881 per
1926 2812 2321 2866 inobedientiam
2349 2810 2501 2864 unius
2539 2810 2761 2885 nominis
2803 2826 3091 2885 peccatores
3131 2821 3394 2874 constituti

1802 2892 1928 2935 sunt
1958 2885 2109 2937 multi
2122 2902 2152 2957 ;_
2171 2886 2242 2957 ita
2269 2894 2316 2935 et
2344 2882 2639 2957 per__unius_
2664 2882 3004 2957 obeditionem
3031 2889 3168 2957 justi
3202 2893 3394 2944 consti-

1805 2962 2012 3006 tuentur
2043 2954 2216 3021 multi,
2249 2951 2354 3009 etc;
2386 2951 2586 3024 (lbid.,
2621 2954 2687 3007 18
2718 2965 2766 3007 ει
2792 2955 2909 3024 19).
2947 2951 3082 3011 Hinc
3112 2960 3254 3013 enim
3288 2962 3391 3016 tria

1805 3024 2051 3080 coniecta
2092 3036 2217 3078 sunt
2251 3042 2262 3075 :
2294 3024 2557 3092 primum.
2592 3033 2818 3078 mortem
2864 3027 3066 3082 idcirco
3107 3030 3157 3082 in
3201 3046 3392 3088 omnes

1804 3098 2445 3169 pertransisse,_propter
2471 3093 2664 3148 Adami
2700 3107 3012 3167 peccatum,
3045 3100 3167 3169 quia
3202 3115 3392 3169 pecca-

1730 3170 1921 3234 ctum
1963 3165 2304 3243 pertransiit,
2348 3168 2399 3247 id
2429 3173 2543 3247 est2
2580 3179 2931 3247 pr0pagatum
2979 3165 3091 3247 est;
3124 3165 3389 3247 alterum,

1806 3236 2171 3308 pertransisse
2213 3235 2581 3308 peccatumin
2609 3250 2703 3291 eos
2731 3235 2891 3293 etiam
2935 3238 3027 3308 qui
3072 3257 3176 3295 non
3216 3235 3391 3297 imita;

1804 3307 1952 3362 tione
1991 3316 2381 3381 peccaverunt,
2425 3306 2519 3381 sed
2560 3306 2964 3378 prapagatione‘
2990 3312 3138 3376 sola;
3182 3324 3394 3381 postre-

1802 3392 1977 3452 mum,
1998 3378 2332 3452 ’multosgper
2353 3379 2607 3452 delictum
2632 3380 2770 3452 Λαίδι
2800 3381 2851 3452 in
2882 3378 3241 3452 perditionem
3271 3400 3393 3452 per-

1802 3450 2008 3530 venire,
2044 3450 2266 3530 perinde
2295 3464 2358 3504 ac
2394 3449 2550 3503 multi
2591 3463 2687 3518 per
2712 3449 2913 3505 Christi
2953 3451 3221 3520 justitiam
3258 3449 3392 3525 justi

1800 3529 2075 3574 COﬂSlllUll
2108 3530 2254 3574 511111.

1874 3594 2262 3665 Argumentum
2308 3590 2410 3645 hoc
2451 3589 2749 3665 adhibitum
2778 3602 2883 3665 est,
2911 3592 3025 3661 jam
3058 3594 3183 3649 inde
3215 3611 3240 3648 a
3275 3596 3390 3665 pri-

1799 3660 1905 3716 mis
1937 3662 2268 3737 temporibus
2297 3668 2570 3737 nascentis
2597 3662 2838 3731 lueresis,
2874 3660 2924 3737 id
2952 3674 3056 3730 est,
3086 3677 3212 3722 ante
3235 3660 3393 3737 quin-

1801 3744 1916 3809 tum
1950 3735 2263 3809 saeculum;
2324 3732 2534 3809 fuitque
2587 3736 2747 3809 velut
2791 3732 3392 3809 tundamentuquuo

1799 3804 1997 3858 deinde
2023 3805 2270 3859 Ecclesia
2297 3806 2621 3859 sententiam
2645 3805 2968 3860 catholicam
2998 3804 3392 3865 deﬁnitionem-

1799 3890 1905 3950 que
1930 3890 2086 3950 suam
2116 3876 2344 3950 stabiliri
2368 3877 2559 3950 _voluit.
2586 3875 2719 3950 Illud
2749 3890 2898 3950 certe
2917 3876 3233 3950 Milevitana
3262 3896 3390 3950 syn-

1799 3946 1936 3999 odus
1968 3950 2019 3999 in
2054 3947 2248 4000 litteris
2269 3947 2335 3999 ad
2365 3945 2736 4000 Innocentium
2777 3946 2797 3999 I
2832 3964 2845 4011 ;
2892 3947 3019 4000 illud
3046 3945 3309 4004 At'ricana'
3334 3952 3387 4005 in

1800 4030 2007 4087 canone
2036 4018 2092 4080 2,
2126 4019 2455 4071 Arausicana
2488 4019 2725 4070 secunda
2774 4017 2823 4068 in
2857 4033 3067 4072 canone
3115 4020 3299 4074 itidem
3328 4023 3389 4087 2,

1799 4085 2117 4141 Tridentina
2147 4088 2199 4141 in
2233 4088 2477 4141 sessione
2522 4088 2738 4157 quinta.
2774 4087 3022 4143 Zosimus
3056 4090 3303 4146 Pontifex
3334 4085 3386 4145 in

1800 4160 2079 4231 tractoria,
2127 4158 2484 4231 Gelasiusque
2517 4159 2567 4211 in
2601 4158 2831 4225 epistola
2878 4160 3137 4231 decretali
3168 4162 3237 4214 ad
3270 4163 3390 4231 epi-

1798 4242 1996 4352 scopols
2023 4229 2239 4293 Picaini,
2271 4237 2543 4298 tamquam
2574 4238 2821 4298 apertum
2858 4230 2979 4285 lidei
3018 4229 3386 4289 testimonium

1798 4309 1957 4352 nrotu
1982 4312 2043 4352 ιι.

1796 4309 2043 4367 protulit.

1872 4370 1942 4442 Et
1970 4385 2118 4435 vero,
2147 4369 2317 4439 ipsius
2338 4369 2543 4442 vicum
2573 4369 2925 4427 vehementer
2952 4388 3010 4427 se
3039 4373 3209 4442 premi
3236 4374 3393 4429 Pela-

1798 4440 1944 4510 giani
1974 4444 2260 4504 sentirent,
2311 4441 2441 4495 nihil
2492 4455 2596 4495 non
2642 4440 3051 4512 exengitarunt,
3101 4444 3233 4499 nihil
3282 4462 3391 4501 non

1802 4512 2081 4584 dixerunt,
2108 4528 2215 4582 quo
2248 4512 2414 4566 videri
2441 4522 2681 4582 possent,
2706 4524 2762 4567 et
2790 4516 2913 4569 inde
2936 4532 2997 4569 se
3028 4518 3309 4584 expedire,
3335 4528 3395 4573 et

1803 4582 2231 4653 simplicioribus
2260 4584 2529 4638 mentibus
2557 4586 2911 4654 persuadere,
2935 4604 3001 4641 eo
3031 4582 3156 4651 loci,
3184 4582 3393 4642 nonde

1805 4655 2008 4724 peccati
2042 4655 2292 4721 traduce,
2339 4667 2397 4708 ut
2440 4664 2566 4710 tunc
2613 4657 2872 4726 temporis
2918 4657 3165 4725 aiebant,
3199 4658 3294 4712 sed
3327 4661 3396 4714 de

1803 4727 2107 4781 imitatione
2135 4725 2485 4794 quaastionem
2509 4742 2649 4781 esse.

1878 4796 2132 4867 Singulas
2158 4813 2289 4867 ergo
2318 4799 2537 4851 voculas
2559 4800 2856 4854 consectati
2887 4808 3038 4866 sunt,
3073 4797 3396 4869 singulaque

1808 4868 2065 4938 adjuncta
2093 4870 2451 4937 argnmentati
2477 4870 2527 4921 in
2559 4884 2669 4923 rem
2698 4886 2870 4925 suam.
2905 4871 3166 4925 Dixerunt
3194 4868 3392 4937 primo,

1813 4952 2093 5010 peccatum
2132 4939 2327 4994 Adatni
2374 4954 2495 4993 cum
2536 4939 2741 5006 justitia
2784 4940 2979 4995 Christi
3025 4940 3095 4994 ab
3132 4940 3395 5009 Apostolo

1810 5011 2095 5079 componi,
2125 5014 2395 5079 amboque
2425 5011 2626 5077 :equari
2654 5027 2665 5061 :
2691 5027 2860 5079 quare
2889 5011 3082 5065 Adami
3112 5018 3393 5080 peccatum

1808 5084 1863 5137 in
1889 5096 2079 5137 omnes
2124 5096 2229 5135 non
2264 5080 2545 5145 transisse,
2574 5080 2697 5150 quia
2735 5098 2835 5136 nec
2861 5084 3069 5151 justitia
3105 5081 3307 5136 Christi
3337 5082 3393 5137 in

1808 5167 2001 5208 omnes
2048 5154 2290 5215 transiit;
2340 5154 2502 5217 idque
2544 5151 2769 5206 indicari
2813 5155 3068 5209 volebant
3114 5166 3249 5206 voce
3290 5152 3396 5207 hac

1808 5224 1981 5287 multi,
2012 5240 2114 5295 qua
2138 5238 2268 5278 usus
2298 5233 2383 5277 est
2413 5224 2723 5295 Apostolus.
2766 5228 3015 5279 consulto
3047 5223 3329 5295 abstinens
3359 5239 3391 5278 τι

1807 5293 2173 5366 generaliore.
2208 5296 2472 5349 Dixerunt
2501 5293 2721 5358 deinde,
2756 5309 3029 5364 peccatum
3076 5294 3142 5347 ad
3190 5296 3390 5350 multos

1808 5371 1947 5421 istos
1988 5368 2282 5433 transisse,
2318 5381 2423 5419 non
2467 5367 2884 5434 pr0pagatione,
2916 5367 3010 5421 sed
3052 5366 3392 5422 imitatione:

1808 5438 2064 5493 nocuisse
2091 5441 2237 5492 enim
2274 5438 2506 5507 posteris
2532 5437 2819 5503 Adamum,
2846 5440 2985 5492 sicut
3013 5439 3213 5506 profuit
3240 5438 3396 5491 Chri-

1804 5520 1943 5572 stus.
1969 5509 2222 5578 exemplo
2244 5509 2473 5570 scilicet.
2504 5510 2649 5577 quod
2674 5509 2766 5564 ille
2798 5508 2946 5570 mali,
2978 5510 3078 5564 iste
3113 5509 3240 5564 boni
3264 5522 3395 5578 ope-

1803 5586 1883 5637 ris
1916 5582 2166 5649 prsshuit.
2194 5582 2453 5634 Dixerunt
2484 5590 2691 5647 postea,
2718 5580 3060 5651 Apustoluut,
3096 5581 3139 5651 si
3168 5579 3236 5635 de
3263 5596 3392 5647 pro-

1803 5653 2091 5723 pagatione
2133 5652 2279 5721 loqui
2323 5652 2605 5718 voluisset,
2650 5649 3067 5707 non'dicturum
3100 5649 3267 5705 fuisse
3293 5665 3393 5723 per

1805 5721 1966 5780 unius
1983 5725 2239 5779 delictum
2264 5733 2542 5791 peccatum
2573 5724 2825 5789 intrasse,
2845 5740 2966 5778 cum
2986 5721 3389 5793 propagatinuis

1805 5811 1943 5867 opus
1963 5796 2035 5855 sit
2050 5798 2302 5854 duorum.
2325 5794 2450 5852 Haec
2469 5794 2717 5851 Julianus
2737 5797 2965 5867 prolixe,
2989 5796 3126 5851 libro
3148 5794 3389 5852 secundo

2842 5893 2917 5959 21
