3882 6284
404 199 511 257 0δεί

404 328 527 370 esse
567 328 728 382 quam
772 328 1137 375 renoventur,
1189 328 1460 362 blll‘lSlulll
1493 328 1697 370 Illuuu,
1743 328 1987 383 "uvaque

404 383 531 441 facti
558 384 613 440 in
663 383 879 439 Christo
906 388 1172 435 creatura.
1211 377 1354 432 Mors
1394 386 1573 431 autem
1624 376 1713 428 illa
1744 387 1943 442 pracvut
1971 412 1987 436 ,

405 471 515 511 non
541 464 625 511 est
654 455 898 525 proiecto
926 455 1190 525 corporis,
1222 449 1316 504 sed
1348 448 1572 514 animas,
1618 445 1761 516 quod
1795 457 1992 512 pecca-

406 536 554 591 tum;
597 522 695 582 nec
731 526 834 579 alia
862 522 1088 593 cogitari
1134 530 1311 593 potest
1348 529 1627 593 retustas,
1682 531 1842 593 quam
1888 528 1993 583 qua

410 598 506 653 Dei
538 589 712 667 imago
740 589 965 667 homini,
995 607 1115 667 cum
1138 589 1167 643 a
1213 591 1325 667 Deo
1352 589 1668 659 ﬁngeretur,
1703 591 1991 657 impressa,

408 680 463 724 et
488 662 707 735 peccaio
734 663 1219 739 qnasidecolorata
1249 662 1343 739 sit.
1419 731 1509 739 Α,
1758 731 1769 739 ,
1860 727 1890 739 ..
1964 727 1995 739 Α.

481 731 707 805 Quarto,
732 731 854 793 v'cre
879 735 1014 789 dixit
1038 733 1373 805 Apostolus:
1408 731 1727 805 Quicumque
1752 731 1995 805 baptizati

409 801 584 865 sumus
611 814 663 863 in
686 801 886 863 Christo
906 805 936 858 J
945 821 1055 869 esu,
1077 804 1132 857 in
1154 812 1313 857 morte
1336 804 1497 874 ipsius
1521 801 1765 873 baptizati
1794 814 1993 874 sumus,

410 892 457 936 et
484 879 769 948 consepulti
791 892 906 930 cum
933 876 1025 930 illo
1054 889 1144 946 per
1167 869 1473 948 bnptismum
1493 875 1550 948 in
1575 869 1797 948 mortem
1811 869 1991 948 (Rom:

411 967 488 1016 vt,
513 952 593 1022 5).
611 938 740 1004 Cum
759 950 960 1022 ergoin
986 938 1161 1000 morte
1180 938 1381 1022 Christi
1407 944 1668 1014 baptizari
1694 941 1827 1022 nihil
1849 938 1996 1022 aliud

410 1013 483 1077 sit
508 1013 667 1090 quam
716 1013 937 1089 perinde
964 1026 1187 1090 peccato
1217 1017 1357 1090 rnnri
1384 1057 1398 1090 _,
1445 1013 1509 1069 ac
1536 1029 1699 1090 carne
1748 1013 1996 1090 Christus

412 1085 655 1146 mor-tuus
684 1085 786 1153 est,
823 1085 1037 1157 parvuli
1061 1088 1248 1159 procul
1269 1086 1457 1152 dubio,
1488 1101 1611 1159 cum
1634 1085 1996 1159 baptizantur.

413 1168 634 1230 peccato
684 1160 988 1215 moriuntur
1042 1156 1182 1213 {cui
1229 1168 1433 1223 autem,
1466 1157 1744 1227 siquidem
1787 1156 1998 1222 origine

411 1234 615 1288 nullum
646 1232 959 1288 traxerunt?

478 1305 699 1371 Quinto,
730 1300 1019 1358 confitetur
1052 1299 1327 1371 Ecclesia,
1359 1315 1520 1353 unum
1550 1298 1802 1371 baptisma
1823 1296 1891 1371 in_
1910 1312 1995 1371 re:

408 1366 701 1429 missionem
749 1382 1071 1440 peccatorum
1126 1387 1144 1425 :
1193 1370 1327 1425 nulli
1378 1386 1509 1440 ergo
1555 1370 1716 1437 alteri
1761 1366 2000 1440 conferri

409 1455 609 1514 potest,
635 1438 901 1499 nisi‘forte
924 1443 1135 1499 dicatur
1158 1458 1355 1496 vanum
1383 1438 1653 1514 quoddam
1683 1448 1739 1495 et
1766 1438 1998 1493 mendax

409 1513 735 1588 Symbolum,
756 1530 914 1580 quam
941 1514 1245 1588 peccaturi;
1273 1513 1482 1581 parvuli
1504 1527 1634 1582 ergo
1659 1518 1998 1581 peceatores,

411 1585 519 1644 non
553 1588 860 1651 voluntate,
894 1586 989 1640 sed
1019 1585 1246 1652 origine.

480 1659 614 1713 Cum
673 1658 887 1712 tandem
936 1658 990 1712 in
1032 1651 1300 1724 baptismo
1353 1653 1738 1709 exorcizcntnr
1786 1651 1996 1724 parvuli

409 1738 572 1799 atque
603 1727 978 1790 insufllentnr,
1016 1722 1573 1799 aut—vanisuntquos
1617 1725 1856 1799 Ecciesia
1904 1722 1995 1799 Dei

408 1793 545 1874 ritus
573 1799 832 1874 adhibet,
876 1806 965 1851 aut
996 1811 1026 1851 a
1073 1793 1581 1874 parvylisdiabnlus
1608 1796 1864 1864 abigitur,
1896 1793 1997 1874 sub

409 1871 564 1941 enjus
597 1872 853 1924 hactenus
900 1863 1168 1939 potestate
1204 1866 1431 1941 iuerint,
1464 1863 1856 1941 vel_tainqna-m
1899 1863 1994 1941 ﬁlii

408 1935 505 1997 irae
551 1942 780 2005 divin:e,
810 1935 1198 2009 vel'tamquam
1227 1938 1373 1994 servi
1402 1936 1513 2009 sub_
1544 1935 1763 2009 domino
1802 1935 1997 2009 mortis

409 2023 571 2084 atque
625 2012 853 2083 peccati.
906 2006 1070 2066 Unde
1113 2010 1441 2079 Augustinus
1489 2006 1998 2084 Pelagiann§__allo-

410 2075 583 2152 quens
608 2075 640 2148 ,’
678 2098 800 2137 cum
855 2083 956 2136 hoc
999 2075 1685 2152 argumentiumtractaret
1742 2075 1915 2152 (Lib.__
1941 2091 1997 2152 nt

408 2148 608 2225 prioris!
628 2153 809 2222 Operis
831 2166 1009 2206 contra
1028 2148 1143 2225 J_ul.
1172 2166 1219 2205 c.
1251 2152 1310 2225 ’5)
1333 2169 1345 2204 :
1378 2148 1607 2225 Pergite,
1632 2160 1679 2203 et
1707 2148 1847 2225 sicut
1862 2148 1995 2201 dici-

410 2219 476 2279 tis
522 2243 540 2279 :
582 2223 647 2279 In
677 2219 1002 2278 sacramento
1046 2222 1332 2279 Saluatoris
1372 2222 1726 2288 baptizaretur,
1758 2219 1847 2272 sed
1895 2236 1999 2272 non

408 2296 695 2362 salvantur;
723 2297 1066 2360 redimuntur,
1106 2294 1194 2347 scd
1234 2310 1337 2347 non
1386 2291 1697 2356 liberantur;
1728 2290 1994 2354 lavantur,

407 2367 502 2419 sed
530 2377 639 2421 non
658 2366 961 2432 abluuntur;
997 2366 1353 2420 exorcisantur
1381 2373 1429 2416 et
1457 2362 1809 2433 exsuffluntur,
1838 2362 1926 2433 sed
1966 2378 1999 2414 a

409 2447 660 2505 potestate
687 2438 879 2492 diaboli
908 2431 1010 2491 non
1036 2443 1312 2500 eruuntur;
1342 2435 1414 2487 sic
1438 2431 1766 2487 ctiam’dicite
1789 2449 1807 2486 :
1837 2431 2000 2505 Fun-f

407 2502 551 2562 ditur
576 2525 669 2579 pro
700 2509 770 2562 eis
794 2508 1006 2578 sanguis
1031 2509 1082 2560 in
1122 2507 1470 2579 remissionem
1498 2513 1824 2579 peccatorum
1848 2543 1864 2569 ,
1909 2502 1999 2556 sed

406 2573 613 2633 nullius
636 2580 832 2644 peccati
860 2573 1157 2633 remissione
1191 2573 1527 2630 mandantur.
1561 2573 1698 2628 Mira
1728 2585 1846 2627 sunt
1885 2590 1999 2636 qua:

406 2651 614 2717 dicitis;
640 2666 769 2705 nova
799 2660 914 2704 sunt
943 2664 1057 2718 qua:
1084 2648 1292 2713 dicitis;
1334 2645 1470 2718 falsa
1496 2657 1615 2700 sunt
1651 2660 1766 2713 qua:
1803 2646 1998 2718 dicitis.

407 2719 550 2775 Mira
575 2716 859 2789 stupemus,
893 2716 1020 2773 nova
1045 2735 1300 2782 cavemus,
1329 2717 1463 2786 falsa
1492 2717 1859 2771 convincimus.
1892 2716 2000 2770 0b-

406 2806 563 2863 serva
602 2794 875 2863 quomodo
904 2799 1139 2863 sanctus
1183 2791 1374 2843 doctor
1420 2797 1799 2863 argumentum
1844 2803 1999 2863 suum

406 2861 589 2917 ﬁrmet
620 2859 946 2917 'traditionis
997 2860 1234 2929 pondere
1264 2900 1279 2926 ,
1336 2875 1457 2914 cum
1514 2859 1769 2914 novitatis
1824 2860 2001 2928 arguit

406 2931 832 3004 Pelagianorum
846 2944 1177 2987 commenta.

480 2999 762 3059 Postremo
782 3004 1040 3071 denique,
1064 3017 1183 3056 cum
1210 3016 1351 3057 unus
1372 3002 1465 3065 sit,
1491 3000 1605 3055 sive
1626 3000 1716 3069 qui
1740 2999 1996 3068 parvulis,

861 193 956 250 AD
985 190 1272 250 PARTEM
1302 186 1570 246 PRIMAM
1598 183 1827 241 OPERU
1840 184 1885 239 Μ
1918 183 1988 238 Μ.

2111 181 2474 239 LRCATUBIS
2503 181 2854 238 APPENDIX
2884 180 3230 239 SECUNDA.

607 326 728 368 nam
772 317 1100 366 renoventur
1124 351 1137 375 ,
1189 307 1460 362 Christum
1491 304 1697 370 induti,
1743 315 1992 375 novaque
2017 300 2070 360 Α
2096 307 2215 352 sunt
2238 298 2478 375 fidelibus
2502 298 2798 375 procreatit
2812 298 2950 375 sicut
2969 298 3142 375 bentus
3171 297 3372 375 Paulus
3396 300 3577 370 docet,
3611 302 3726 357 hoc

2028 1688 2075 1750 B

3600 184 3730 244 656

2095 377 2250 423 modo
2284 371 2454 424 dicens
2478 385 2497 424 :
2519 370 2729 439 Alioqui
2761 370 2860 438 ﬁlii
2897 372 3049 423 vestri
3075 371 3328 425 immundi
3357 382 3474 426 sunt
3495 415 3509 439 ,
3558 390 3721 430 nm

2095 456 2214 495 vero
2236 445 2398 495 sancti
2420 451 2537 496 sunt
2561 442 2601 512 (l
2631 440 2751 495 Cor.
2784 456 2880 505 vn,
2908 442 3018 512 14).
3054 440 3310 497 Similiter
3335 453 3507 500 autem
3532 447 3718 500 etiam

2101 513 2276 566 beatus
2300 512 2529 567 Joannes
2558 511 2684 566 dicit
2714 515 2778 567 de
2799 515 3134 584 procreandis
3158 514 3285 582 filiis
3305 557 3321 579 ,
3372 518 3492 585 quia
3537 518 3723 572 simul

2095 593 2246 654 atque
2312 594 2595 637 nascuntur
2643 584 3078 638 illumination‘em
3134 584 3569 653 sanctificationis
3646 590 3717 644 ab

2097 654 2364 727 unigenito
2398 654 2563 709 Verbo
2590 655 2905 727 percipiunt,
2932 672 3048 709 cum
3070 654 3195 709 dicit
3228 672 3246 710 :
3289 655 3419 712 Erat
3449 659 3543 713 lux
3586 677 3716 715 cera

2095 740 2212 796 qna:
2237 726 2499 779 illuminat
2529 725 2740 781 omnem
2759 725 3017 781 hominem
3040 727 3325 783 venientem
3358 730 3415 783 in
3445 731 3714 787 mundum

2101 794 2282 867 (Joan.
2314 796 2434 872 t,_9)
2458 796 2732 872 Baptisma
2767 798 2929 872 igitur
2949 798 3178 872 infantes
3207 814 3310 853 non
3343 810 3556 870 propter
3588 819 3714 872 pec-
3762 846 3772 852 .

2097 878 2213 941 cata
2238 869 2555 940 percipiunt,
2584 871 2677 924 sed
2713 878 2768 922 ut
2794 869 3126 941 spiritualem
3159 869 3712 938 procreationem'lsa-
3754 872 3773 932 ἶ

2101 937 2309 1003 bentes,
2345 937 2494 1010 quasi
2538 955 2624 1006 per
2658 937 2915 1009 baptisma
2958 942 3013 994 in
3063 937 3269 996 Christo
3322 955 3562 998 creentur
3587 985 3604 1004 .
3660 955 3711 1000 et
3756 962 3768 1001 ξ

2098 1010 2264 1082 ipsius
2292 1012 2439 1082 regni
2469 1012 2687 1082 ccclesiis
2710 1012 2989 1082 participes
3015 1011 3168 1082 fiant,
3189 1014 3322 1066 sicut
3348 1013 3526 1069 beatus
3554 1013 3712 1069 Past-
3758 1010 3771 1043 τ

2100 1080 2183 1135 lus
2210 1080 2361 1136 docet
2388 1081 2486 1136 hoc
2516 1081 2667 1135 modo
2693 1097 2712 1135 ε
2754 1081 2814 1137 Si
2853 1080 2956 1149 qua
2982 1080 3037 1137 in
3064 1082 3267 1138 Christo
3293 1100 3425 1138 nova
3465 1098 3713 1141 creatura

2102 1152 2168 1224 (I'l
2192 1150 2314 1226 Cor.
2343 1170 2398 1219 v,
2435 1153 2549 1226 17).
2584 1150 2653 1226 ξι
2678 1155 2863 1226 iterum
2889 1169 2908 1207 :
2938 1153 3038 1208 Sin
3062 1164 3234 1226 autem
3256 1154 3357 1226 filii
3377 1166 3425 1210 et
3447 1157 3705 1226 heredes,

2106 1223 2337 1297 htzrcdes
2357 1224 2564 1297 quidem
2590 1223 2690 1297 Dei
2714 1268 2729 1289 ,
2755 1225 3051 1297 (cohorredes
3072 1223 3250 1297 autem
3284 1224 3484 1282 Christi
3516 1223 3703 1297 (Rom;

2101 1308 2223 1367 vttt,
2259 1295 2372 1367 17).
2406 1295 2555 1351 Unde
2574 1293 2845 1351 Cornelius
2870 1295 3009 1366 (Act.
3033 1296 3114 1366 ι),
3148 1297 3236 1366 qui
3262 1293 3558 1353 testimonio
3583 1298 3707 1363 Dei,

2092 1366 2305 1438 justitia
2332 1366 2577 1428 nitebat,
2622 1368 2810 1436 quique
2862 1368 3116 1438 baptisma
3152 1368 3426 1437 Spiritus,
3476 1371 3611 1424 sicut
3659 1382 3709 1426 et

2101 1438 2359 1511 Apostoli,
2392 1447 2710 1511 perceperat,
2742 1447 2788 1491 et
2814 1437 2979 1492 sancti
3005 1437 3236 1508 Spiritus
3264 1444 3527 1511 particeps
3560 1453 3705 1511 aut,

2102 1524 2200 1577 quo
2232 1508 2287 1561 in
2326 1526 2381 1564 se
2409 1510 2763 1574 inltabitaute,
2807 1520 3077 1580 peccatum
3126 1512 3328 1573 penitus
3373 1508 3560 1567 habere
3599 1508 3705 1567 non

2103 1586 2328 1649 poterat,
2373 1582 2661 1635 necessario
2686 1588 2856 1653 tamen
2878 1581 3035 1653 etiam
3072 1580 3168 1635 illo
3201 1580 3538 1653 baptismate,
3562 1585 3705 1653 quod

2102 1666 2195 1721 per
2222 1667 2409 1719 aquam
2437 1654 2682 1716 traditur,
2714 1650 2905 1720 dignus
2932 1650 3139 1706 habitus
3165 1650 3275 1721 est,
3309 1661 3389 1718 ut,
3420 1650 3705 1709 secundum

2103 1719 2310 1794 beatum
2334 1721 2587 1794 Baulunt,
2611 1719 2996 1794 complantatus
3025 1731 3236 1794 propter
3261 1719 3494 1778 'mortem
3521 1725 3702 1780 simili-

2102 1792 2296 1846 tudinis
2336 1791 2529 1864 Christi
2560 1835 2576 1858 ,
2633 1794 2791 1864 etiam
2830 1793 2993 1864 ipsius
3028 1791 3432 1849 resurrectionis
3479 1796 3702 1853 cubares

2100 1864 2335 1917 existeret
2366 1863 2544 1934 (Rom.
2578 1880 2650 1930 vr,
2682 1862 2762 1931 5).

2177 1935 2235 1988 Et
2270 1947 2456 2002 postea
2507 1935 2658 2007 (Cap.
2693 1951 2789 2002 vn,
2814 1951 2958 1992 num.
2985 1935 3080 2007 b8)
3111 1954 3126 1991 :
3163 1935 3264 1991 llis
3290 1937 3380 2004 qui
3410 1938 3624 1992 credunt
3647 1942 3700 1992 in

2100 2004 2270 2080 ipsum
2296 2004 2993 2080 spiritualemadoptionem
3020 2004 3246 2080 largitur
3270 2017 3320 2061 et
3349 2009 3513 2071 dona,
3555 2017 3599 2062 et
3625 2011 3700 2077 ef-

2100 2076 2211 2141 ficit
2249 2079 2394 2149 regni
2430 2080 2516 2149 sui
2551 2077 2764 2132 caelestis
2803 2076 3067 2143 hatrcdes,
3102 2076 3237 2133 sicut
3279 2080 3392 2149 ipse
3451 2079 3701 2135 Dominus

2101 2156 2271 2202 noster
2294 2146 2448 2202 Jesus
2477 2148 2713 2203 Christus
2739 2151 2928 2203 docens
2961 2149 3089 2203 dicit
3120 2166 3140 2203 :
3175 2146 3337 2204 Amen
3356 2191 3374 2216 ,
3402 2167 3554 2204 amen
3586 2151 3695 2205 dico

2101 2218 2221 2281 tibi,
2249 2221 2293 2273 si
2328 2222 2443 2292 quis
2470 2236 2572 2292 n_on
2602 2220 2768 2273 denuo
2799 2229 2959 2292 nat_u_s
2988 2222 3173 2290 fuerit,
3209 2238 3315 2275 non
3345 2231 3512 2292 potest
3538 2223 3700 2277 ridere

2101 2304 2315 2364 regnum
2339 2289 2433 2344 Dei
2461 2290 2645 2360 (Joan.
2676 2306 2755 2356 ιιι,
2784 2292 2861 2360 ⁸5).
2888 2289 3038 2346 Unde
3067 2293 3292 2364 infantes
3329 2289 3420 2360 qui
3440 2294 3494 2347 in
3525 2310 3696 2361 pecca-

2102 2360 2167 2434 tis
2197 2377 2297 2434 non
2314 2370 2473 2434 sunt,
2515 2370 2777 2416 merentur
2800 2372 2968 2434 tamen
2997 2360 3322 2430 baptismatis
3351 2360 3577 2434 gratiam
3595 2408 3609 2431 ,
3645 2372 3699 2418 ut

2099 2430 2404 2506 in_Chri_sto
2442 2448 2575 2506 nova
2603 2433 3161 2506 generationecreati,
3205 2430 3370 2506 etiatn'
3405 2436 3551 2503 regni
3590 2436 3696 2504 ejus

2100 2500 2393 2574 cohwredes
2432 2500 2733 2574 efﬁciantur,
2758 2505 3043 2559 secundum
3071 2507 3274 2560 beatum
3323 2500 3555 2559 Paulum
3587 2500 3621 2559 ε’
3633 2506 3692 2561 Si

2101 2587 2201 2645 qun
2232 2574 2283 2626 in
2308 2573 2511 2630 Christo
2534 2591 2664 2629 nova
2691 2585 2931 2629 creatura
2959 2575 3028 2645 (ll
3057 2575 3180 2630 Cor.
3213 2592 3266 2640 v,
3300 2577 3414 2644 17).

2176 2644 2455 2715 Pelagius,
2499 2663 2623 2701 cum
2661 2646 2860 2700 litteris
2904 2657 3227 2716 quereretur
3255 2648 3401 2714 apud
3460 2656 3691 2702 sanctum

2101 2714 2473 2789 Innocentium
2509 2733 2569 2773 se
2600 2717 2878 2786 infamari},
2906 2714 3048 2786 quod
3093 2727 3318 2789 negaret
3344 2718 3583 2789 parvulis
3609 2719 3693 2773 ba-

2102 2787 2284 2860 ptismi
2317 2798 2714 2844 sacramentum
2732 2829 2747 2850 ,
2772 2798 2829 2842 et
2855 2789 3058 2858 absque
3102 2787 3483 2860 redemptione
3507 2788 3693 2844 Christi

2103 2858 2371 2931 aliquibus
2417 2875 2585 2931 regna
2638 2860 2900 2915 ctelorum
2945 2858 3305 2928 promitteret
3344 2877 3361 2916 :
3406 2858 3696 2928 Numqum

2104 2945 2220 3002 ego,
2257 2930 2451 3001 inquit,
2479 2930 2559 2985 vel
2595 2932 2813 3001 impium
2839 2931 3063 3001 aliquem
3092 2931 3394 2985 haereticum
3419 2931 3592 2984 audivi
3613 2933 3695 3002 qui

2109 3000 2208 3053 hoc
2244 3000 2382 3074 quod
2413 3000 2677 3074 proposui
2699 3002 2763 3055 de
2791 3000 3017 3073 parvulis
3043 3004 3274 3068 diceret;
3298 3002 3416 3073 quis
3463 3003 3595 3055 enim
3626 3000 3699 3057 ita

410 3073 526 3129 sive
580 3076 671 3145 qui
726 3073 1021 3145 majoribus
1063 3071 1341 3145 confertur
1390 3073 1729 3140 baptismus;
1775 3086 2004 3145 cumque
2030 3072 2078 3136 C
2111 3071 2421 3145 euangelicos
2459 3071 2693 3127 lectionis
2717 3071 2929 3145 ignarus
2959 3081 3064 3140 est,
3098 3075 3187 3142 qui
3214 3071 3319 3127 hoc
3339 3074 3596 3145 aﬁrmare
3614 3089 3696 3128 co-

406 3143 609 3201 iisdem‘
643 3144 969 3201 sacramenti
1003 3143 1180 3199 verbis
1210 3144 1261 3198 in
1294 3152 1521 3212 utraque
1564 3150 1725 3196 aetate
1754 3143 2002 3197 celebre-

407 3225 528 3283 tur,
581 3218 826 3272 eamdem
880 3218 1082 3286 pariter
1109 3219 1214 3268 vim
1246 3214 1409 3269 habet
1457 3215 1511 3269 in
1536 3213 1818 3286 utriusque
1851 3213 2000 3268 modi

406 3287 750 3354 hominibus;
773 3284 935 3356 atque
959 3288 1052 3347 ita,
1082 3302 1188 3340 non
1213 3286 1388 3340 minus
1416 3286 1468 3340 in
1493 3284 1731 3355 parvulis
1756 3300 1916 3354 quam
1946 3288 1999 3341 in

407 3359 707 3426 majoribus
754 3355 988 3412 animam
1020 3358 1189 3411 ahluit
1227 3372 1257 3411 a
1297 3357 1503 3411 macula
1556 3356 1804 3426 peccati,
1838 3355 2001 3426 idque

407 3438 668 3500 operatur
692 3430 834 3497 quod
862 3429 1155 3483 ahlntionis
1179 3429 1481 3500 symbolum
1517 3427 1779 3500 loquitur.

483 3499 776 3569 Pelagiani,
807 3516 929 3554 cum
964 3511 1183 3569 propter
1211 3497 1341 3553 haec
1362 3508 1676 3567 argumenta
1695 3540 1710 3564 ,
1733 3499 1845 3565 jam
1876 3497 2000 3553 inde

407 3584 441 3624 a
472 3570 663 3638 primis
695 3568 977 3623 motarum
998 3571 1358 3638 quaestionum
1405 3568 1772 3637 temporibus,
1804 3569 2000 3624 intole-

408 3641 578 3696 randa
616 3640 845 3709 quadam
878 3640 1079 3699 invidia
1106 3641 1427 3709 ﬂagrarent,
1469 3642 1707 3708 ipsorum
1750 3639 1858 3693 vim
1890 3641 2002 3694 suis

408 3712 641 3779 παῖδας,
666 3711 716 3765 id
735 3721 838 3775 est,
862 3711 1320 3771 cavillationibus.
1345 3710 1666 3774 mendaciis,
1688 3720 1741 3764 et
1760 3711 2003 3779 generali

406 3790 602 3837 vocum
655 3781 1005 3852 ambiguitate
1052 3782 1326 3837 declinare
1377 3782 1557 3835 conati
1608 3791 1761 3843 sunt,
1806 3784 2001 3850 partim

408 3853 774 3922 retorquendo
800 3851 924 3906 "sua
955 3854 1008 3907 in
1048 3852 1351 3907 catholicos
1389 3854 1497 3907 tela
1522 3891 1536 3913 ,
1571 3851 1762 3919 partim
1809 3852 2005 3907 distin-

407 3926 648 3989 ctionum
694 3924 993 3980 subtilitate
1040 3923 1381 3993 inlringendo
1410 3939 1530 3995 quae
1556 3927 1860 3994 retorqueri
1893 3940 2002 3981 non

448 4006 651 4051 0886M.

448 4010 520 4049 os.
575 4013 605 4049 n
637 4036 651 4050 .

407 4008 444 4066 Ρ
480 4008 689 4122 Plinius
731 4068 892 4138 igitur
926 4067 1135 4122 erroris
1173 4080 1373 4135 parens
1404 4064 1727 4138 Theodorus
1749 4106 1765 4138 ,
1810 4074 1870 4119 ut
1916 4080 2001 4121 re-

406 4139 701 4207 sponderet
748 4137 1115 4209 quaerentibus
1143 4153 1299 4209 quare
1343 4137 1491 4209 pueri
1517 4137 1856 4209 sanctissimis
1890 4153 2003 4208 my-

407 4206 576 4264 steriis
601 4206 1005 4271 communicant,
1039 4225 1133 4262 cur
1158 4206 1470 4278 baptismate
1500 4206 1646 4279 digni
1676 4206 1999 4275 iudicantur,

405 4280 510 4350 nisi
538 4282 663 4350 quia
690 4288 735 4333 et
770 4282 873 4347 ipsi
907 4282 1124 4347 peccatis
1154 4280 1439 4345 abundant,
1466 4280 1621 4332 insito
1662 4279 1715 4331 in
1763 4289 2001 4350 naturam

406 4349 577 4415 ipsam
602 4360 829 4419 peccato,
872 4351 926 4404 in
966 4358 1290 4416 peccatorum
1319 4350 1453 4403 enim
1499 4350 1606 4404 haec
1649 4349 2001 4405 remissionem

407 4423 776 4486 conferuntur,
825 4440 844 4472 ι
888 4421 1019 4473 duas
1056 4437 1162 4475 esse
1199 4431 1523 4486 peccatorum
1561 4420 1880 4474 remissiones
1917 4438 2002 4474 as-

407 4490 569 4544 seruit
605 4507 625 4545 :
676 4493 892 4546 alteram
932 4491 1138 4560 quidem
1175 4490 1237 4545 de
1278 4492 1595 4554 commissis;
1632 4490 1847 4544 alteram
1882 4507 1999 4546 vero

406 4560 803 4630 intpeccantiam
831 4563 1027 4632 ipsam,
1075 4577 1308 4627 scurnon
1339 4562 1563 4631 amplius
1610 4577 1858 4630 peccare,
1910 4578 1999 4616 ve-

406 4633 648 4703 niamque
687 4635 968 4703 perfectam
992 4674 1006 4695 ,
1038 4640 1085 4686 et
1111 4631 1397 4687 absolutum
1428 4634 1621 4703 peccati
1648 4632 1931 4686 interitum.
1973 4652 1993 4687 s

406 4700 543 4756 Htec
566 4700 736 4775 coepit
775 4700 829 4757 se
856 4703 1188 4771 manifestare
1216 4718 1280 4775 ea:
1321 4700 1437 4773 quo
1461 4701 1697 4775 Christus
1746 4703 1999 4759 Dominus

406 4784 616 4852 carnem
642 4774 829 4852 induit,
858 4783 905 4828 et
934 4775 1079 4828 nobis
1107 4774 1310 4852 clarii»
1336 4774 1630 4852 ἀρῥρςϐῶνος
1662 4776 1838 4852 euasi;
1883 4791 2000 4844 per-

408 4845 539 4917 fecte
562 4861 678 4900 vero
716 4846 892 4909 datur,
924 4854 968 4898 et
1001 4861 1094 4917 pro
1126 4846 1274 4899 bonis
1304 4845 1577 4917 operibus,
1618 4855 1666 4899 et
1702 4848 1757 4899 in
1802 4847 1998 4899 instau-

406 4915 607 4970 ratione
632 4924 747 4985 post
774 4915 1224 4986 resurrectionem,
1255 4932 1355 4985 qua
1382 4924 1439 4969 ut
1469 4916 1746 4986 patiamur,
1787 4924 1836 4970 et
1869 4932 1960 4971 nos
1980 4960 1996 4986 ,

408 4986 705 5059 etin-fontes
737 4989 1059 5059 baptizantur
1095 4985 1276 5059 (Phot.
1309 4987 1423 5040 cod.
1458 4985 1606 5057 177).

482 5057 708 5113 Ruﬁnus
737 5057 1009 5112 Theodori
1048 5058 1346 5127 discipulus
1382 5067 1506 5114 ante
1550 5074 1679 5111 ann.
1726 5057 1855 5114 100.
1901 5057 2000 5114 Sin

407 5141 547 5194 vero,
588 5129 762 5200 inquit
787 5128 880 5198 (In
908 5127 1047 5182 libel.
1090 5126 1247 5181 Fidei
1272 5143 1319 5200 ο.
1345 5128 1551 5200 tinum.
1580 5128 1697 5198 ιθ),
1730 5134 1866 5200 quod
1897 5130 2000 5197 ipsi

406 5210 648 5272 asserunt
693 5199 1077 5272 (adversantes
1123 5198 1431 5272 catholici),
1485 5210 1694 5271 propter
1734 5198 2000 5270 peccatum

406 5270 578 5324 Adam
624 5269 915 5324 moriuntur
958 5270 1217 5339 infantes,
1275 5269 1448 5323 dicunt
1486 5269 1643 5325 nobis
1689 5269 1782 5323 cur
1826 5274 1999 5324 statim

408 5342 910 5408 baptizatimortem
937 5350 1143 5411 gustare
1185 5342 1551 5408 permittuntur
1594 5357 1611 5394 :
1648 5344 1839 5411 quippe
1881 5358 2000 5395 cum

408 5424 607 5475 omnes,
627 5411 714 5478 qui
736 5412 981 5484 baptizati
1003 5420 1143 5474 sunt,
1168 5422 1233 5484 et
1263 5423 1470 5484 propter
1490 5412 1589 5466 hoc
1609 5413 1706 5484 filii
1729 5410 1826 5465 Dei
1851 5414 1998 5484 facti,

408 5483 897 5554 peccatum-habere
944 5498 1047 5536 non
1098 5483 1313 5549 possint.
1359 5482 1443 5536 Et
1494 5483 1747 5554 siquidem
1794 5482 2001 5554 propter

409 5551 864 5625 peccatnm‘Adam
882 5553 1209 5625 baptizantur
1228 5554 1474 5623 infantes,
1502 5551 1593 5624 qui
1618 5570 1681 5607 ea:
1701 5551 2000 5625 parentibus

407 5618 715 5692 Christianis
748 5623 855 5676 nati
900 5632 1019 5677 sunt
1063 5618 1315 5692 baptizari
1369 5618 1574 5678 minime
1622 5618 1904 5692 debebunt,
1949 5635 2001 5679 et

410 5691 571 5759 quasi
587 5694 760 5753 sancti
804 5695 1021 5764 proinde
1062 5693 1404 5764 habebuntur,
1432 5697 1554 5767 quia
1589 5698 1653 5750 de
1706 5698 1999 5768 parentibus

2107 3144 2296 3197 netur?
2342 3145 2498 3198 immo
2528 3145 2617 3213 qui
2645 3144 2725 3198 vel
2763 3144 2941 3198 leviter
2960 3145 3128 3199 dicere
3151 3186 3165 3209 ,
3195 3154 3288 3197 aut
3333 3144 3526 3199 sentire
3552 3146 3695 3199 etiam

2104 3214 2307 3287 possit?
2336 3213 2535 3270 Deinde
2562 3217 2678 3287 quis
2703 3215 3044 3287 tamimpius,
3080 3217 3171 3286 qui
3200 3215 3452 3286 parvulos
3484 3226 3697 3270 exsortes

2106 3286 2252 3355 regni
2302 3287 2544 3340 caelorum
2584 3302 2693 3340 esse
2729 3286 2880 3351 velit,
2925 3294 3107 3340 etnon
3160 3303 3245 3340 eos
3268 3286 3531 3355 baptizari
3575 3296 3620 3340 et
3651 3287 3697 3341 in

2106 3353 2315 3428 Christo
2347 3358 2547 3411 renasci
2566 3368 2733 3428 putet,
2768 3373 2885 3410 cum
2914 3366 3090 3425 aperte
3116 3357 3255 3411 dicat
3284 3353 3525 3412 Christus
3545 3372 3563 3409 :
3589 3356 3697 3411 Nisi

2054 3470 2063 3501 ε
2106 3427 2221 3494 quis
2272 3437 2480 3482 renatus
2520 3427 2678 3497 fuerit
2730 3443 2793 3482 ea:
2821 3444 2973 3501 aqt_ta
3002 3437 3050 3501 et
3109 3428 3314 3499 Spiritu
3341 3440 3568 3501 sancto,
3604 3444 3699 3483 non

2105 3507 2270 3566 potest
2298 3500 2511 3553 introire
2552 3501 2607 3553 in
2631 3514 2845 3571 regnum
2878 3497 2974 3551 Dei
2999 3497 3183 3568 (Joan.
3209 3499 3432 3625 "3‘32?
3473 3499 3595 3565 Quis
3618 3501 3698 3553 ille
3730 3497 3757 3563 ,ἐ

2107 3577 2212 3621 tam
2241 3570 2429 3625 impius
2448 3580 2551 3625 est.
2581 3571 2670 3625 aui
2691 3569 2961 3625 cuiuslibet
2991 3571 3161 3624 artatis
3185 3587 3343 3625 narvu
3371 3587 3403 3623 o
3435 3571 3697 3624 interdicat

2107 3577 2212 3621 tam
2241 3570 2429 3640 impius
2448 3580 2551 3633 est,
2581 3571 2670 3641 qui
2690 3569 2961 3641 cujuslibet
2991 3571 3161 3624 (etatis
3183 3569 3403 3640 parvulo
3435 3571 3697 3624 interdicat

2107 3639 2428 3694 communem
2453 3639 2665 3695 humani
2694 3639 2894 3712 generis
2922 3639 3325 3708 redemptibncm
3357 3649 3408 3695 et
3454 3642 3509 3694 in
3532 3657 3697 3709 perpe-

2107 3719 2246 3832 tqiant
2276 3720 2571 3835 ceqtamque
2608 3713 2763 3766 vitam
2791 3712 2995 3766 renasci
3022 3712 3155 3766 nolit
3187 3728 3302 3766 eum
3333 3714 3430 3784 qui
3459 3719 3611 3766 natus
3636 3712 3697 3766 sit

2107 3796 2141 3833 a
2204 3798 2345 3835 incer
2369 3800 2481 3835 am.

2106 3796 2175 3833 aa
2204 3796 2454 3836 incertam
2470 3796 2481 3838 Ξ

2184 3854 2244 3906 Et
2273 3855 2323 3908 in
2358 3853 2538 3909 libello
2563 3852 2716 3909 Fidei
2744 3851 2929 3926 (Part.
2960 3868 3041 3920 ιιι,
3074 3870 3220 3908 num.
3259 3853 3351 3923 17)
3400 3873 3413 3908 :
3442 3853 3698 3926 Baptisms

2111 3938 2273 3977 unum
2313 3936 2542 3980 tenemus
2559 3966 2574 3990 ,
2611 3923 2768 3994 quod
2798 3923 2982 3978 iisdem
3010 3926 3327 3979 sacramenti
3353 3926 3520 3981 verbis
3543 3926 3596 3979 in
3623 3925 3697 3979 in-

2102 3994 2339 4120 [alntibq’s
2368 3996 2550 4067 quibus
2584 4000 2737 4051 etiam
2772 3997 2830 4050 in
2869 3996 3154 4066 maioribus
3182 3997 3469 4052 asserimus
3498 4012 3601 4052 esse
3626 4012 3699 4053 cc-

2130 4081 2156 4119 e
2191 4082 2281 4120 ran
2324 4084 2430 4120 um.

2130 4081 2430 4121 curandum.

2179 4136 2517 4210 Quinetiam,
2558 4151 2683 4210 cum
2713 4137 3142 4210 interrogaretur
3176 4155 3205 4193 a
3245 4139 3362 4210 piis
3385 4137 3696 4210 quibusdam

2107 4209 2499 4280 catholicisque
2513 4209 2721 4275 amicis,
2751 4207 3032 4279 respondit
3051 4210 3194 4280 (Lib.
3223 4207 3289 4264 de
3319 4207 3480 4265 Grut.
3516 4208 3694 4266 Christ.

2106 4294 2155 4364 ς.
2182 4277 2274 4364 52)
2309 4297 2321 4332 :
2349 4277 2590 4364 Infantes
2617 4281 2670 4334 in
2701 4277 3066 4364 remissionem
3088 4290 3419 4364 peccatorum
3452 4283 3699 4364 percipere

2108 4348 2445 4427 bnptisrnum".
2462 4353 2602 4427 Quae
2631 4366 2753 4427 cum
2785 4354 3061 4427 retulisset
3081 4348 3423 4427 Augustinus
3445 4348 3464 4418 ζ
3490 4348 3700 4423 subiun-

2025 4452 2082 4514 D
2106 4420 2197 4514 gitJ
2212 4438 2227 4475 :
2266 4421 2392 4514 Νοιη
2537 4423 2661 4506 dicit
2687 4424 2743 4506 in
2780 4424 2943 4478 verbis
2979 4423 3295 4508 remissionis
3337 4420 3697 4514 peccatorum,

2107 4492 2197 4546 sed
2224 4508 2311 4547 eos
2341 4494 2591 4565 baptizari
2618 4494 2672 4547 in
2699 4494 2868 4563 ipsam
2913 4496 3268 4551 remissionem
3296 4492 3573 4565 confessus
3597 4500 3701 4561 est;

2107 4571 2157 4617 ct
2178 4572 2368 4638 tamen,
2400 4566 2445 4619 si
2483 4567 2546 4618 ab
2569 4565 2956 4638 corquicrcretis
2982 4567 3111 4636 quid
3148 4566 3345 4638 peccati
3373 4566 3453 4620 eis
3478 4567 3702 4622 credatur

2106 4635 2331 4705 remitti,
2365 4651 2469 4689 non
2491 4651 2578 4689 eos
2600 4637 2801 4703 aliquid
2830 4635 3029 4705 peccati
3056 4635 3246 4692 habere
3280 4638 3640 4694 contenderet.

2178 4704 2467 4761 Ctelestius
2499 4706 2551 4759 in
2580 4706 2767 4761 libello
2791 4704 2973 4774 Fidei,
3006 4723 3128 4763 cum
3163 4707 3396 4764 totidem
3426 4712 3613 4765 verbis
3644 4708 3702 4763 de

2109 4772 2383 4848 baptismo
2424 4777 2622 4848 quibus
2668 4777 2919 4848 Pelagius
2960 4772 3195 4835 dixisset
3234 4778 3449 4837 addidit
3507 4779 3579 4835 de
3615 4794 3700 4835 suo

2113 4844 2303 4920 (Nam.
2334 4848 2424 4918 18)
2452 4865 2464 4900 :
2494 4845 2732 4920 Infantes
2751 4844 2926 4904 autem
2952 4849 3137 4904 debere
3173 4848 3433 4920 baptizari
3462 4852 3517 4904 in
3542 4852 3705 4905 remis-

2106 4918 2306 4989 s_ionem
2356 4918 2680 4989 peccatorum
2703 4960 2719 4981 .
2775 4920 3060 4974 secundum
3110 4918 3349 4989 regulam
3408 4921 3705 4976 universalis

2107 4986 2396 5064 Ecclesiat,
2437 4999 2495 5064 et_
2508 4991 2788 5064 secundum
2821 4989 3096 5064 Euangelii
3121 4986 3435 5064 sententiam
3457 5032 3474 5056 ,
3510 4992 3706 5064 conﬁtej

2108 5075 2246 5132 mur,
2293 5060 2417 5131 quia
2456 5059 2713 5115 Dominus
2754 5063 2937 5116 statuit
2964 5059 3182 5132 regnum
3210 5063 3468 5116 caelorum
3510 5059 3706 5118 nonnisi

2108 5130 2376 5203 baptizatis
2397 5148 2545 5203 posse
2568 5133 2796 5203 conferri
2829 5148 2848 5185 :
2875 5130 3174 5202 quodquid
3210 5134 3348 5187 vires
3375 5143 3589 5190 natura:
3612 5150 3706 5188 non

2107 5202 2315 5266 habent,
2352 5202 2572 5274 conferri
2605 5202 2809 5258 necesse
2846 5212 2920 5258 est
2948 5218 3040 5274 per
3067 5205 3253 5274 gratia:
3287 5204 3617 5274 largitatem.
3649 5203 3706 5257 In

2106 5275 2454 5359 remissionem
2469 5283 2645 5329 autem
2666 5282 2998 5344 peccatorum
3010 5274 3352 5359 baptinat‘dqs
3366 5275 3601 5359 infantes
3612 5291 3704 5359 non

2107 5344 2300 5399 idcirco
2320 5345 2562 5411 dicimus,
2593 5353 2651 5398 ut
2673 5354 2937 5414 peccatum
2958 5359 3023 5399 ea:
3050 5344 3268 5400 traduci:
3298 5344 3519 5415 firmare
3544 5348 3707 5401 uidea-

2108 5430 2244 5482 mur,
2291 5416 2433 5486 quod
2462 5418 2613 5489 longe
2640 5433 2673 5470 a
2700 5414 2970 5489 catholico
3006 5432 3163 5489 sensu
3192 5414 3459 5489 alienum'
3485 5428 3561 5472 est
3593 5416 3707 5488 quia

2108 5498 2374 5554 peccatum
2400 5504 2503 5541 non
2544 5486 2663 5541 cum
2689 5486 2895 5542 homine
2920 5488 3170 5551 nascitur,
3208 5488 3350 5557 quod
3379 5486 3706 5557 postmodum

2108 5569 2370 5612 exercetur
2396 5561 2459 5613 ab
2481 5558 2686 5613 homine
2704 5560 2825 5627 quia
2846 5575 2953 5612 non
2978 5568 3186 5613 natura!
3215 5558 3470 5613 delictum
3491 5570 3569 5614 est
3586 5603 3599 5621 ,
3625 5561 3706 5613 sed

2107 5628 2384 5682 voluntatis
2425 5646 2530 5685 esse
2570 5630 2970 5703 demonstratur.
3005 5627 3083 5703 ‘Et
3123 5628 3259 5703 illud
3300 5644 3427 5703 ergo
3460 5630 3707 5703 conﬁteri

2109 5712 2390 5769 congruunt
2412 5712 2508 5769 est,
2532 5719 2596 5757 ne
2637 5702 2840 5758 diversa
2874 5700 3201 5772 baptismatis
3225 5700 3412 5771 genera
3445 5700 3618 5770 facere
3640 5700 3705 5756 Ii-
