3882 6284
151 340 243 399 551
655 325 968 386 DISSERT.
1001 327 1113 384 VH.
1147 328 1235 384 DE
1266 327 1452 386 ORTU
1488 329 1574 386 ET
1605 328 2075 391 INCREMENTIS
2105 333 2429 391 ΗΕΒεὸιὸ
2457 335 2901 393 ΡΕιΑοιΑΜι.

3302 347 3410 403 058

151 463 376 519 deamur;
402 460 467 531 'e_t
494 453 588 506 hoc
629 450 938 531 prtemunire
964 450 1330 531 necessarium,
1370 468 1439 531 ne_
1473 467 1562 518 per
1606 467 1720 521 τηυ-
1747 452 1800 512 Α
1825 449 1880 531 i__n
1909 454 2236 531 contrariam
2261 463 2500 531 partem:
2535 471 2726 531 neeeo
2752 459 3149 531 tantummodo
3170 475 3278 531 quo
3302 463 3412 520 Ru-

149 529 276 589 sterii
296 525 630 587 occasionem,
655 526 722 575 ad
747 522 1002 576 Creatoris
1031 522 1716 594 injuriam,rmalum,ante-

149 597 397 674 quantﬁat
421 594 484 674 ab
504 595 724 674 homine,
750 594 887 674 trudi
909 592 1111 674 dicatur
1129 592 1324 646 homini
1347 610 1434 674 per
1445 604 1715 674 naturam.

207 662 441 728 Julianus
474 667 526 718 in
559 665 747 721 libello
780 663 931 719 Fidei
960 662 1144 734 (Parte
1175 678 1191 717 ι
1236 679 1380 716 num.
1409 662 1498 732 15)
1535 682 1546 717 :
1577 662 1718 734 Bap-

148 748 302 805 tisma,
325 737 604 790 secundum
622 735 911 805 eaentplum
933 735 1178 789 Ecclesire
1195 744 1240 787 et
1260 745 1572 804 prasceptum
1597 735 1714 800 Dei,

144 829 288 869 unum
316 813 557 880 fatemur,
588 809 728 877 quod
756 807 988 880 omnibus
1013 806 1169 859 simul
1203 807 1440 860 aztatibus
1475 822 1713 880 necessa—

147 889 267 940 riunt
287 880 552 944 veraciter,
587 889 637 934 et
661 879 914 932 tradimus
943 888 988 932 et
1017 886 1274 943 tenemus;
1304 886 1351 929 et
1375 879 1568 931 veniam
1597 895 1716 947 pec-

143 966 356 1009 catorum
386 951 453 1004 ad
495 949 990 1022 regnutnctelorum
1028 947 1248 1022 dicimus
1295 949 1521 1002 invenire
1555 950 1718 1002 nerui-

142 1044 238 1082 nem
263 1038 435 1094 posse,
469 1020 568 1094 nisi
596 1022 682 1089 qui
709 1021 1025 1094 baptismum
1046 1020 1546 1094 fuerit_consecutus.

205 1090 466 1162 ln'priore
506 1091 684 1160 Opere
708 1091 971 1146 adversus
1003 1090 1394 1160 Augustinum,
1431 1103 1713 1161 postquam

140 1165 442 1240 gravissime
482 1162 1142 1240 questus_cst__baptismi
1197 1164 1555 1240 quaestionem
1603 1176 1715 1216 suae

142 1231 267 1308 parti
292 1234 440 1308 apud
482 1231 697 1308 ignaros
728 1231 1048 1308 ipvidiosam
1081 1231 1385 1308 mendaciis
1419 1232 1716 1308 adversan-

142 1303 256 1366 tium
284 1307 478 1360 factam
507 1303 693 1361 fuisse.
725 1304 982 1369 Gratiam,
1012 1303 1206 1370 inquit,
1230 1303 1552 1371 baptismatis
1581 1305 1716 1357 dici-

139 1397 257 1449 mus,
290 1393 392 1430 non
427 1393 518 1442 pro
556 1377 728 1430 causis
757 1392 866 1430 esse
891 1376 1223 1449 mutandam,
1246 1375 1383 1442 quod
1416 1373 1715 1449 ipsadona

139 1469 220 1506 sua
246 1446 332 1518 pro
378 1449 730 1502 accedentium
768 1449 1058 1516 capacitate
1083 1486 1098 1507 ,
1145 1446 1456 1513 dispensat:
1503 1447 1717 1514 ideoque

141 1523 375 1582 Christus,
407 1519 497 1588 qui
517 1528 589 1572 est
612 1519 778 1590 operis
799 1519 889 1590 sui
908 1518 1398 1590 redemptor,gauget
1419 1518 1555 1571 circa
1582 1518 1715 1571 inta-

139 1597 289 1660 ginem
313 1587 460 1643 suam
489 1587 734 1644 continua
762 1589 1000 1660 largitate
1030 1587 1308 1654 beneficia;
1339 1598 1385 1641 et
1419 1604 1548 1658 quos
1577 1591 1714 1660 fece-

138 1653 208 1718 iat
251 1661 515 1715 condendo
563 1661 721 1715 bonos
748 1703 762 1722 ,
805 1653 928 1730 focit
959 1653 1273 1730 rinnovando
1320 1653 1716 1730 adoptandoque

142 1733 380 1788 meliores.
413 1731 496 1786 Ad
526 1731 641 1787 lucc
670 1729 857 1793 verba,
885 1729 1007 1785 vide
1043 1729 1171 1800 quid
1209 1729 1538 1798 Augustin-us
1570 1729 1710 1798 (Lib.

139 1821 188 1860 ιιι
216 1801 529 1874 contralul.
564 1819 611 1874 c.
660 1801 741 1873 3),
782 1811 944 1874 atque
986 1802 1149 1856 etiam
1182 1801 1448 1856 Mercator
1473 1801 1526 1856 in
1574 1802 1715 1859 Sub-

141 1873 495 1930 notationibus
533 1873 741 1929 afferat.
860 1873 869 1874 “
1336 1899 1358 1917 ο

201 1946 251 2000 ln
310 1946 612 2013 posteriore
656 1945 831 2013 Opere
862 1945 1006 1999 hunc
1051 1943 1227 2002 ipsum
1275 1943 1476 2013 prioris
1521 1942 1716 2012 Operis

139 2017 297 2070 locum
320 2022 642 2086 retractans,
668 2017 745 2071 ait
767 2015 904 2086 (Lib.
932 2033 973 2079 ι,
996 2031 1043 2068 c.
1067 2013 1180 2077 55):
1205 2013 1333 2069 Cum
1353 2015 1600 2068 dixissem
1621 2032 1717 2068 an.

138 2095 310 2142 storem
338 2085 505 2141 Deum
531 2089 643 2141 cmli
669 2099 716 2142 et
745 2089 1254 2156 terrw,omniumque
1272 2101 1387 2156 qua:
1407 2087 1458 2139 in
1482 2086 1551 2140 eis
1571 2097 1712 2152 sunt,

136 2176 189 2220 ac
216 2174 301 2227 per
349 2159 445 2211 hoc
475 2168 521 2212 et
565 2158 864 2222 hominum,
913 2167 1122 2227 prapter
1171 2172 1298 2226 quos
1351 2165 1535 2210 cuncta
1579 2159 1715 2223 facta

135 2241 274 2294 smn;
319 2246 421 2283 non
453 2239 624 2283 autem
652 2246 731 2284 me
772 2231 926 2300 fugit,
954 2229 1148 2294 inquio,
1176 2243 1294 2281 cum
1337 2228 1444 2282 ha’c
1473 2228 1713 2300 dicimus,

136 2300 254 2370 illud
279 2300 343 2353 de
369 2301 511 2355 nobis
531 2297 973 2356 disseminandum
993 2315 1121 2360 esse,
1139 2300 1260 2366 quia
1285 2301 1506 2370 gratiam
1525 2297 1717 2370 Christi

139 2369 338 2424 Domini
365 2373 703 2426 necessariam
728 2371 958 2438 paruulis
989 2387 1092 2424 non
1125 2369 1382 2435 putemus,
1407 2370 1543 2439 quod
1568 2369 1717 2424 Chri-

134 2442 314 2495 stianos
353 2443 570 2512 populos
598 2443 928 2498 laudabiliter
965 2451 1012 2494 et
1057 2442 1375 2495 vehementer
1405 2440 1637 2508 offendit,
1672 2444 1716 2496 si

133 2522 290 2565 tamen
322 2515 447 2583 dicti
475 2530 563 2582 per
593 2531 646 2569 se
694 2515 882 2583 nefarii
913 2528 1015 2566 non
1058 2512 1569 2583 nosrarbitrarentur
1623 2529 1718 2566 au-

130 2592 307 2638 ctores.
336 2581 417 2637 Eo
445 2586 580 2637 enim
609 2581 769 2638 modo
787 2601 878 2638 nec
919 2583 981 2636 de
1020 2582 1266 2654 fratribus
1297 2583 1404 2636 suis
1434 2581 1570 2650 falsa
1609 2598 1719 2635 cre-

130 2654 290 2706 dendo
316 2656 508 2707 crimen
530 2656 873 2718 incurrerent,
897 2663 941 2707 et
969 2654 1228 2707 studiosos
1256 2669 1308 2705 se
1331 2654 1467 2706 circa
1489 2670 1716 2706 amorem

127 2724 242 2790 fidei
265 2728 681 2794 comprobarent.
710 2724 999 2779 Munienda
1023 2724 1182 2794 igitur
1205 2723 1347 2776 nobis
1371 2725 1468 2776 ista
1490 2740 1612 2793 pars
1643 2735 1717 2778 est

125 2805 300 2848 contra
329 2796 575 2865 impetum
600 2798 862 2857 vanitatis,
887 2807 936 2850 et
966 2794 1286 2864 confessione
1331 2795 1464 2847 brevi
1497 2810 1552 2848 os
1575 2794 1718 2849 oblo-

125 2867 391 2938 quentium
416 2869 788 2938 consuendum.
821 2866 933 2922 Nos
973 2868 1140 2938 igitur
1160 2866 1214 2918 in
1248 2873 1450 2938 tantum
1493 2868 1716 2934 gratiam

127 2936 451 3005 baptismatis
504 2938 738 2992 omnibus
775 2937 953 2992 utilem
982 2935 1217 2991 [statibus
1255 2935 1562 3005 confitemur
1587 2979 1601 3000 ,
1661 2948 1717 2992 ut

129 3017 356 3070 cunctos,
383 3008 472 3074 qui
500 3007 644 3062 illam
667 3026 767 3063 non
790 3009 1152 3071 necessariam,
1180 3007 1334 3061 etiam
1360 3008 1588 3072 parvulis
1617 3025 1715 3072 pu-

132 3086 260 3143 tant,
293 3087 486 3130 rcteruo
518 3080 763 3147 feriamus
789 3079 1134 3133 anathemate.
1160 3078 1276 3148 Sed
1318 3079 1450 3130 hanc
1494 3080 1716 3148 gratiam

133 3148 427 3215 locupletem
477 3151 828 3219 spiritualibus
875 3150 1022 3203 donis
1051 3147 1340 3215 credimus,
1394 3164 1511 3216 quae
1539 3149 1716 3203 multis

1743 1839 1790 1900 B

1825 525 1986 588 linus,
2022 525 2116 579 sed
2147 525 2250 602 isto
2279 527 2441 582 etiam
2472 544 2580 602 quo
2605 527 2916 585 Caelestius.
2943 528 3004 584 Si
3035 525 3269 600 peccator
3297 551 3412 602 pee-

1821 603 2060 674 catorem-
2086 598 2282 666 genuit,
2312 609 2367 674 ut
2396 598 2615 674 paruulo
2645 603 2758 673 ejus
2785 598 3045 672 peccatum
3077 598 3328 674 originale
3357 609 3411 661 in

1823 664 2426 748 baptismi-susceptione
2450 664 2683 748 solvatur
2700 689 2720 738 ;
2741 664 2920 748 justus
2966 664 3306 748 ergo‘ju'stum
3334 679 3413 748 gi-

1820 752 1974 807 gnere
1997 737 2188 791 debuit.
2221 739 2320 794 Et:
2354 740 2416 796 Si
2443 737 2723 813 baptismus
2742 737 2955 798 inundat
2985 737 3254 814 antiquum
3276 737 3412 803 illud

1819 817 2234 884 veternosumque
2251 823 2533 884 peccatu-tn,
2567 815 2655 884 qui
2685 815 2748 868 de
2773 815 2970 869 duobus
3001 815 3413 884 baptizatis‘nati

1821 881 2012 957 fuerint
2059 881 2239 934 debent
2265 883 2360 935 hoc
2377 898 2561 957 carere
2579 881 2840 957 ipeccato;
2870 903 2974 940 non
3012 881 3148 940 enim
3173 898 3413 957 poterunt

1820 950 1888 1027 ad
1915 960 2142 1027 posteros
2174 953 2518 1027 transmittere
2543 950 2681 1027 quod
2725 950 2827 1027 ipsi
2864 958 3072 1010 minime
3114 950 3409 1014 habuerint.

1819 1018 2002 1101 Yariis
2053 1018 2658 1101 ig_it_ur.elocutionibus_
2687 1018 3137 1101 unanrdixerttnt
3186 1038 3411 1085 senten-

1821 1093 1982 1168 tiam;
2012 1095 2110 1168 sed
2142 1093 2278 1168 inde
2294 1109 2539 1168 magnam
2597 1099 2700 1152 sibi
2743 1097 3052 1154 conﬂarunt
3102 1099 3365 1156 invidiam
3390 1143 3408 1168 ,

1819 1166 1970 1231 quasi
2003 1162 2148 1218 filios
2181 1165 2281 1232 ipsi
2310 1162 2548 1242 fidelium
2576 1178 2890 1242 assererem
2912 1184 3018 1242 non
3051 1184 3212 1238 egere
3236 1162 3411 1242 bapti;

1819 1248 1974 1300 smn;
2019 1250 2125 1304 qua
2155 1244 2336 1290 tamen
2370 1238 2605 1292 vicissim
2655 1240 2852 1294 invidia
2883 1241 3182 1296 catholicos
3213 1238 3410 1298 onera-

1819 1314 1968 1373 runt,
1998 1306 2226 1379 perinde
2257 1322 2319 1379 ac
2348 1307 2397 1362 si
2422 1324 2486 1379 ea
2519 1310 2768 1378 dogmate
2801 1311 2927 1366 fidei
2957 1323 3278 1379 sequeretur
3299 1329 3407 1370 non

1819 1389 1981 1451 egere
1999 1377 2270 1451 baptismo
2288 1377 2427 1432 filios
2451 1377 2712 1436 ﬁdelium.
2727 1382 2904 1448 Quare
2923 1377 3201 1451 reciproca
3217 1385 3409 1441 isthaec

1818 1447 2104 1501 altercatio
2153 1449 2290 1521 visa_
2327 1457 2414 1504 est
2461 1452 2747 1506 conti-nere
2805 1455 2970 1507 totius
3023 1447 3408 1521 diSputationis

1818 1531 2106 1594 summam,
2138 1520 2233 1574 sed
2266 1519 2568 1594 Pelagianis
2604 1523 2902 1594 adversam
2931 1541 2942 1575 :
2995 1519 3156 1594 atque
3201 1525 3405 1582 ideirco

1819 1585 2168 1665 Innocentius
2199 1585 2556 1665 constiti-ﬁsse
2586 1593 2804 1665 dicitur,
2837 1585 3096 1649 adversus
3131 1595 3408 1665 Pelagium

1818 1667 1874 1738 et
1899 1659 2221 1738 (imlestium
2252 1659 2342 1738 (In
2374 1663 2465 1716 lib.
2499 1662 2773 1738 Ponti/ie.)
2800 1703 2816 1730 ,
2851 1676 2904 1718 ut
2930 1666 3017 1735 qui
3058 1676 3209 1738 natus
3249 1659 3408 1738 fuerit

1819 1729 1883 1805 de
1913 1727 2413 1805 Christianadenuo
2457 1737 2598 1788 nasci
2628 1727 2810 1788 debeat
2827 1751 2915 1804 per
2940 1727 3285 1805 baptismum.
3320 1739 3408 1795 ld-

1819 1801 1966 1876 c_irco
2019 1802 2181 1876 etiam
2215 1803 2464 1859 Julianus
2509 1801 2836 1861 exsecratur
2879 1801 3139 1876 eum'qui
3184 1810 3407 1863 dicitde

1823 1870 2022 1926 duobus
2069 1874 2339 1945 baptizatis
2391 1885 2588 1939 natum,
2644 1877 2720 1930 vel
2772 1878 2835 1930 de
2881 1870 3096 1930 muliere
3147 1878 3404 1945 baptizata

1820 1951 2117 2018 pronatum,
2149 1947 2470 2018 baptismatis
2499 1948 2663 2018 gratia
2685 1964 2786 2000 non
2818 1963 2963 2017 egere
2985 1945 3076 2017 (In
3105 1945 3274 2004 libello
3307 1949 3404 2005 Fi-

1819 2013 1923 2090 dei,
1940 2025 2084 2090 parte
2106 2013 2348 2090 ut).Qua
2375 2013 2754 2072 exsecratione
2774 2013 3006 2074 conatus
3027 2029 3108 2074 est
3132 2019 3402 2090 objectum

1818 2085 1921 2158 sibi
1941 2086 2161 2158 crimen
2193 2089 2244 2140 in
2275 2097 2528 2143 auctores
2555 2103 2829 2158 regerere.

1889 2155 2296 2212 Observandum
2349 2160 2578 2228 pariter,
2621 2155 2947 2229 Pelagianos
2995 2159 3282 2215 catholicis
3321 2161 3407 2217 in-

1819 2229 2224 2300 terrogantibus
2253 2244 2352 2284 cur
2385 2230 2638 2292 infantes,
2680 2230 2725 2284 si
2749 2242 2969 2285 careant
3001 2232 3251 2300 originali
3291 2248 3405 2287 ma-

1817 2298 1958 2363 cula,
1992 2310 2185 2368 egeant
2233 2300 2444 2372 lavacro
2494 2301 2746 2369 baptismi
2775 2341 2789 2364 ,
2824 2298 3124 2372 magnaque
3153 2306 3204 2356 vi
3229 2307 3400 2358 ratio-

1819 2384 1947 2440 num
1977 2371 2365 2438 pugnautibus,
2389 2373 2849 2440 respondisseita,
2879 2383 2937 2426 ut
2961 2371 3405 2430 dislinctionibus

1817 2439 2116 2509 infringere
2143 2451 2415 2496 tentarent
2436 2439 2542 2496 vim
2574 2444 2843 2504 rationum
2870 2458 2884 2502 ;
2909 2443 3002 2497 sed
3030 2444 3403 2499 distinctiones

1821 2510 1992 2562 Vltlt‘l‘l
2023 2512 2229 2584 vellent
2255 2527 2325 2566 ex
2359 2512 2580 2566 homilia
2603 2512 2979 2584 Chrysostomi
3003 2512 3403 2584 adineophytos

1819 2593 2058 2643 Sumere,
2087 2582 2178 2635 ubi
2213 2597 2456 2650 pugnans
2488 2584 2579 2637 ille
2610 2583 2875 2636 adversus
2923 2583 3187 2653 quosdam
3237 2582 3406 2640 coele-

1819 2659 1954 2704 stem
1973 2653 2203 2720 gratiam
2224 2654 2474 2721 baptismi
2491 2653 2545 2707 in
2569 2655 2683 2708 sola
2710 2662 3058 2720 peccatorum
3079 2654 3402 2712 remissione

1820 2726 2242 2793 constituentes,
2263 2737 2382 2790 post
2402 2724 2640 2780 honores
2656 2725 2791 2778 alios
2806 2725 2992 2779 decem
3025 2733 3400 2793 computatos:

1821 2790 1940 2865 Hac
1967 2795 2029 2845 de
2051 2809 2226 2859 causa,
2258 2795 2452 2864 inquit,
2484 2795 2766 2865 infantulos
2789 2795 3130 2862 baptizamus,
3151 2790 3267 2848 cum
3298 2813 3403 2850 non

1817 2863 1921 2937 sint
1952 2865 2265 2934 coinquinati
2292 2863 2548 2937 peccatis,
2570 2877 2622 2919 ut
2664 2867 2734 2920 eis
2779 2867 3003 2937 addatur
3025 2867 3292 2931 sanctitas,
3309 2868 3405 2937 ju-

1819 2935 1980 3009 stitia,
2030 2937 2264 3009 adoptio,
2307 2936 2934 3009 hrereditas,_fraternlta_s
2961 2936 3173 3009 Christi,
3202 2947 3258 2990 ut
3286 2935 3401 3009 ejus

1822 3006 2049 3078 membra
2075 3007 2197 3068 sint,
2225 3015 2272 3059 et
2311 3008 2516 3076 spiritus
2548 3007 2855 3078 inhabitatio
2882 3007 3028 3077 fiant.
3065 3007 3214 3061 Hanc
3238 3006 3405 3078 porro

1817 3073 2240 3145 Chrysostomus
2272 3073 2548 3133 humilium
2571 3077 2709 3132 dixit
2731 3073 3055 3141 Antiochiae,
3077 3073 3402 3145 atqtte'adeo

1818 3155 1942 3218 ante
1973 3163 2091 3199 anu.
2123 3149 2248 3212 598,
2281 3163 2387 3216 quo
2415 3151 2481 3202 ad
2509 3149 2763 3204 Ecclesia:
2791 3149 3402 3218 Constantinopolitanre

135 3221 295 3292 opima
327 3216 642 3292 muneribus,
675 3238 734 3275 ac
757 3220 1034 3276 reverenda
1063 3219 1334 3273 virtutibus
1357 3257 1373 3282 ,
1415 3235 1508 3292 pro
1557 3221 1710 3288 infir-
1741 3218 1786 3282 C
1819 3216 2073 3292 thronum
2103 3220 2352 3292 accessit.
2384 3219 2475 3275 Usi
2505 3229 2632 3274 sunt
2673 3230 2855 3292 autem
2896 3219 3113 3292 ipsiuiet
3150 3216 3400 3292 Chrysa:

138 3290 355 3342 mitatum
383 3291 651 3358 generibus
670 3335 686 3359 ,
719 3305 763 3346 et
787 3294 1130 3346 humanorum
1157 3298 1380 3345 statuum
1408 3290 1715 3346 dit'ersitati-

139 3360 238 3424 bus,
270 3376 374 3412 una
400 3371 498 3415 tam
529 3364 869 3417 remediorum
892 3363 1229 3416 consolatrice
1250 3377 1406 3431 quam
1442 3377 1710 3417 munerum

139 3431 306 3502 virtute
342 3433 646 3487 medicatur.
684 3434 814 3502 Qua?
847 3450 963 3488 cum
988 3435 1313 3497 admonetur,
1351 3449 1456 3486 non
1499 3441 1571 3485 est
1602 3452 1715 3487 nut-

146 3501 288 3578 tanda
317 3517 412 3572 pro
463 3506 629 3578 causis
672 3501 827 3578 :jam
852 3506 984 3558 enim
1013 3505 1130 3578 ipsa
1156 3503 1292 3578 dona
1320 3520 1416 3556 sua
1446 3519 1538 3573 pro
1567 3521 1714 3559 acce-

146 3570 333 3624 dentum
364 3577 648 3647 capacitate
687 3570 964 3647 dispensat.
1011 3570 1156 3629 Sicut
1182 3576 1317 3626 enim
1345 3570 1480 3628 artes
1509 3589 1709 3642 omnes,

145 3657 233 3714 non
260 3659 351 3712 pro
380 3646 677 3701 diversitate
705 3646 1061 3713 materiarum,
1106 3661 1233 3714 quas
1262 3647 1516 3714 arripiunt
1560 3661 1712 3699 exeo.

145 3711 323 3787 lendas,
349 3716 478 3784 ipsa:
505 3734 722 3787 quoque,
749 3727 838 3770 aut
863 3711 1186 3782 detrimenta,
1211 3727 1298 3770 aut
1322 3711 1592 3787 augmenta
1621 3735 1713 3786 pa-

147 3782 346 3858 tiuntur,
370 3782 466 3858 sed
494 3782 669 3841 eodem
689 3782 886 3858 semper
904 3796 1050 3853 atque
1077 3802 1180 3841 uno
1202 3787 1351 3840 modo
1371 3782 1427 3858 se
1448 3782 1709 3858 habentes,

142 3855 394 3926 multiplici
427 3859 736 3913 decorantur
759 3855 974 3926 effectu;
1017 3858 1089 3910 ita
1131 3867 1207 3922 et,
1241 3857 1521 3911 secundum
1565 3855 1708 3926 Αροὲ

142 3923 333 3998 stolum,
378 3944 487 3982 una
517 3931 667 3998 ﬁdes,
700 3923 855 3984 unum
877 3923 1150 3998 baptisma,
1182 3940 1230 3983 et
1274 3923 1707 3998 multiplicantur,

142 4001 183 4046 st
206 3997 488 4052 dilatantur
516 3997 568 4053 in
595 4003 762 4067 donis,
793 4015 882 4054 nec
907 3997 1073 4053 tamen
1100 4001 1155 4052 in
1194 3997 1550 4070 mysteriorum
1600 4015 1714 4052 mu-

143 4073 298 4142 tantur
321 4070 610 4124 ordinibus.
641 4071 746 4126 Sed
775 4070 884 4125 hac
911 4071 1206 4142 gratiainon
1243 4069 1537 4142 adversatur
1555 4070 1712 4137 justi-

144 4135 232 4212 liat,
263 4155 372 4207 qute
402 4142 638 4195 maculas
666 4143 792 4196 eluit
832 4135 1164 4212 iniquitatis;
1196 4156 1286 4212 nec
1319 4139 1440 4212 facit
1472 4135 1709 4212 peccata,

144 4208 219 4257 sed
245 4222 454 4279 purgat;
495 4227 610 4279 qua:
634 4213 851 4267 absolvit
871 4208 1005 4277 re'os,
1040 4227 1142 4265 non
1187 4209 1537 4262 calumniatur
1562 4210 1714 4262 inno-

144 4291 248 4331 cuos
277 4295 292 4330 :
319 4279 556 4353 Christus
576 4325 590 4346 ,
641 4285 813 4351 enim,
843 4284 930 4353 qui
956 4291 1026 4336 est
1069 4282 1151 4334 sui
1189 4282 1369 4353 operis,
1399 4279 1711 4353 redemptor,

143 4358 273 4426 auget
299 4352 435 4407 circa
468 4355 744 4426 imaginem
781 4351 925 4426 suum
966 4353 1209 4426 continua
1239 4352 1480 4426 largitate
1525 4351 1713 4426 beneﬁ-

145 4417 243 4496 le';
265 4429 314 4474 el
353 4441 485 4496 quos
515 4417 704 4496 fecerat
734 4424 1000 4479 condendo
1041 4422 1220 4488 bonos,
1252 4417 1377 4492 faoit
1423 4417 1712 4476 innovando

144 4489 525 4566 adoptandoquo
550 4496 804 4552 meliores.

247 4569 264 4614 ι
292 4561 452 4632 paulo
487 4576 608 4638 post
635 4566 785 4638 (Cap.
817 4567 939 4635 54):
990 4564 1124 4638 Ecce
1155 4572 1346 4635 quanta
1375 4561 1710 4638 confessionis

146 4626 241 4709 luce
258 4626 306 4685 ei
325 4650 411 4689 eos
437 4626 528 4706 qui
550 4626 800 4709 baptisma
823 4626 1047 4706 parvulis
1076 4626 1407 4709 denegarem,
1437 4626 1485 4688 et
1511 4651 1596 4688 vos
1625 4637 1710 4705 qui

145 4699 240 4780 fjus
258 4699 561 4777 prtejudicia
578 4699 842 4780 justitiam
870 4709 966 4761 Dei
994 4699 1503 4780 audetis'macularc,
1537 4699 1712 4780 repro-

146 4768 268 4836 θαυῖξ
297 4768 754 4842 ρτὸιεειαιιεάιὶιιά
797 4795 876 4834 me
902 4794 1003 4832 non
1055 4787 1223 4832 tenere
1273 4792 1426 4846 quam
1479 4768 1712 4831 instituta

147 4847 361 4910 mysteria
408 4850 594 4904 iisdem
647 4850 830 4918 quibus
882 4849 1073 4903 tradita
1121 4858 1238 4901 sunt
1277 4847 1440 4900 verbis
1486 4848 1540 4902 in
1575 4849 1715 4902 omni

149 4925 334 4989 Prorsus
359 4929 518 4974 astate
546 4937 654 4974 esse
681 4921 972 4986 tractanda,
1005 4935 1097 4973 nec
1117 4935 1210 4989 pro
1239 4933 1512 4971 causarum
1549 4919 1714 4972 varie-

150 4987 435 5060 tate‘debere
483 4993 712 5045 mutari:
752 5006 927 5044 verum
972 4990 1083 5060 ﬁeri
1117 4987 1448 5060 peccatoremf
1482 5005 1543 5042 ex
1574 4990 1712 5060 malo

149 5055 343 5122 perfecte
373 5062 561 5114 bonum
586 5079 605 5126 ;
633 5063 951 5115 innocentem
972 5055 1173 5127 autem,
1213 5061 1301 5128 qui
1330 5059 1534 5113 nullum
1560 5059 1714 5115 habet

149 5127 323 5180 malum
357 5133 586 5201 propriae
613 5133 910 5197 voluntatis,
934 5147 998 5185 ex
1025 5132 1155 5201 bona
1200 5131 1315 5199 ﬁeri
1342 5131 1624 5195 meliorem,
1655 5131 1713 5184 id

147 5203 224 5254 est,
240 5199 502 5268 Optimum,
523 5211 579 5256 ut
602 5203 750 5258 ambo
769 5203 970 5272 quidem
997 5202 1048 5256 in
1072 5199 1266 5256 Christi
1293 5201 1519 5254 membra
1544 5211 1713 5255 trans-

149 5275 249 5343 εφη
292 5275 601 5343 consecrati,
652 5275 740 5328 sed
785 5290 918 5328 unus
942 5272 1286 5343 deprehensus
1315 5273 1370 5325 in
1398 5273 1536 5326 mala
1577 5273 1708 5338 vita,

149 5336 258 5388 alter
285 5341 333 5393 in
373 5345 504 5396 bona
535 5336 742 5399 natura.
774 5343 879 5399 Ille
915 5336 1053 5399 enim
1097 5345 1436 5407 innocentem,
1469 5359 1619 5413 quam
1649 5336 1712 5397 ea:

150 5413 258 5486 ortu
275 5424 555 5486 acceperat,
581 5431 740 5486 prava
785 5417 984 5486 actione
1024 5414 1298 5486 corrupit_;
1326 5413 1413 5486 hic
1433 5430 1572 5486 vero,
1599 5415 1711 5468 sine

150 5470 301 5554 laude,
332 5470 440 5538 sine
474 5470 684 5541 crimine
725 5485 1023 5547 voluntatis,
1066 5487 1160 5538 hoc
1182 5470 1358 5538 solum
1393 5470 1706 5554 habet'quod

149 5558 182 5626 ﬁ
201 5545 300 5626 ζ)εο
320 5555 582 5626 conditore
610 5557 828 5624 suscepit
853 5573 871 5623 ;
893 5558 980 5626 qui
1007 5545 1239 5622 infucata
1267 5545 1600 5620 primtevitate
1624 5557 1706 5626 fe-

149 5610 302 5702 ίίτξρν,
334 5610 886 5702 bonunrsimplicitatis
905 5610 1019 5702 'sute
1044 5610 1221 5702 vitiare
1243 5610 1343 5680 non
1371 5627 1558 5702 potuit.

179 5690 349 5766 ,βῆναι
382 5695 496 5751 haee
526 5690 902 5753 hazreticorum
932 5698 1099 5761 dicta,
1129 5690 1529 5752 observandum
1571 5697 1704 5752 mihi

147 5757 342 5839 ridetur
385 5769 576 5834 primo,
623 5770 937 5839 Pelagianos
970 5757 1347 5839 argumentum
1375 5785 1404 5824 a
1435 5770 1708 5838 baptismo

146 5835 355 5898 petitum
387 5852 486 5906 pro
511 5849 730 5908 peccato
754 5835 1007 5912 originali
1037 5835 1356 5908 astruendo,
1386 5835 1707 5898 adhibuisse

1817 3289 1976 3360 stomi
2024 3290 2203 3342 verbis
2247 3290 2551 3360 Pelagiani,
2604 3298 2660 3344 et
2702 3290 2969 3358 imprimis
2995 3289 3403 3357 Rufinus,'sed

1815 3357 2063 3430 Julianus
2084 3360 2339 3426 tnaxime,
2366 3357 2454 3430 «ξω
2482 3362 2535 3416 in
2557 3357 2810 3416 omnibus
2832 3363 2946 3416 suis
2967 3361 3234 3430 Operibus
3259 3361 3404 3416 hanc

1815 3429 2052 3484 obtrudit
2087 3431 2382 3485 homiliam.

1886 3499 2298 3555 Observandum
2325 3502 2514 3569 etiam,
2548 3502 2773 3558 eosdem
2821 3501 3134 3566 haereticos,
3164 3510 3226 3556 ut
3253 3516 3407 3557 com-

1814 3585 2033 3624 munem
2087 3572 2325 3626 fidelium
2375 3576 2620 3628 omnium
2661 3574 3016 3628 effetisionem
3065 3572 3400 3642 effugerent,

1815 3643 1975 3710 longe
2005 3643 2236 3709 plurima
2267 3645 2320 3699 in
2347 3645 2583 3712 Speciem
2606 3644 2870 3698 catholica
2900 3643 3223 3698 admisisse:
3251 3659 3402 3698 com-

1815 3728 2034 3784 Inunetn
2069 3712 2321 3770 videlicet
2348 3720 2587 3770 omnium
2612 3758 2625 3781 ,
2670 3715 2833 3769 etiam
2869 3715 3220 3784 parvulorum
3246 3755 3263 3781 ,
3311 3730 3402 3770 re-

1814 3782 2184 3857 demptionem
2208 3800 2238 3838 a
2262 3786 2502 3851 Christo,
2536 3785 2756 3857 Pelag.;
2789 3782 2890 3854 pro
2915 3785 3152 3854 parvulis
3166 3799 3401 3857 quoque

1813 3853 2090 3925 Christum
2134 3871 2256 3911 esse
2304 3867 2616 3920 mortuum,
2670 3853 2734 3911 ac
2786 3853 3106 3925 Sanguinem
3157 3853 3397 3923 fudisse,

1813 3923 2060 3991 Julian.;
2089 3927 2309 3996 eosdem
2343 3939 2436 3996 per
2467 3927 2791 3994 baptismum
2819 3923 3150 3996 regenerari,
3182 3925 3400 3994 Ruﬁn.;

1816 3996 2053 4068 renasci,
2104 3995 2288 4068 Pelag.
2308 3995 2410 4063 ;et
2441 4012 2638 4052 novam
2688 3997 2803 4051 lieri
2836 3995 2902 4068 in
2923 3995 3139 4050 Christo
3170 4004 3404 4068 _creatu-

1816 4081 1952 4128 ram,
2001 4063 2504 4135 lluﬁn.;'omnihus
2554 4081 2691 4136 opus
2720 4083 2844 4122 esse
2895 4067 3109 4120 lavacro
3158 4063 3399 4130 Christi,

1816 4152 2023 4199 omnes;
2051 4140 2214 4192 etiam
2244 4137 2426 4206 justis,
2460 4148 2518 4192 ut
2549 4135 2840 4204 Cornelio;
2866 4136 3085 4203 Rufin.;
3115 4136 3280 4190 etiam
3305 4151 3404 4192 na-

1818 4207 1886 4260 tis
1909 4222 1976 4260 ex
2001 4207 2276 4273 fidelibus,
2293 4207 2496 4264 Julian.
2517 4226 2536 4274 ;
2563 4208 2888 4274 baptismum
2915 4207 3133 4260 unicum
3161 4221 3260 4276 pro
3282 4221 3402 4262 ma.

1810 4276 2024 4351 joribus
2068 4278 2449 4351 et_inl'antibus
2473 4295 2507 4351 7a
2538 4278 2758 4351 Christo
2798 4277 3106 4351 institutum
3129 4275 3400 4351 ,7Pelag.,

1817 4349 2019 4403 (Σαίρει.
2048 4389 2062 4414 ,
2114 4346 2352 4415 Julian.;
2395 4350 2484 4418 qui
2533 4348 2726 4404 iisdem
2773 4350 2958 4404 verbis
3002 4349 3301 4418 ritibusque
3322 4346 3400 4404 ἰιι

1817 4428 2042 4488 utraque
2072 4429 2230 4474 :etate
2284 4421 2553 4476 celebrari
2599 4420 2815 4484 debeat,
2849 4419 3070 4490 Pelagii;
3116 4421 3316 4490 quique
3346 4421 3401 4476 in

1815 4491 2194 4544 remissionem
2230 4503 2574 4559 peccatorum
2605 4493 2936 4561 suscipiatur
2958 4489 3203 4553 ,Theod.
3223 4531 3238 4554 ,
3285 4490 3402 4545 Cae-

1737 4593 1788 4655 D
1815 4563 2251 4655 Inest.
2272 4562 2742 4655 lieril‘seculndum
2774 4561 3036 4618 Ecclesia:
3072 4561 3319 4632 regulam
3348 4570 3406 4617 et

1815 4633 2098 4701 Evangelii
2127 4631 2376 4699 formam,
2405 4635 2602 4688 Ccelcst.

1885 4701 2294 4757 Observandum
2345 4717 2706 4773 posma,,cum
2756 4704 3100 4774 postularent
3150 4702 3404 4759 catholici

1815 4789 1919 4844 qua
1953 4775 2169 4828 tandem
2198 4776 2267 4828 de
2296 4789 2455 4830 causa
2485 4775 2757 4844 Pelagiani
2786 4783 3099 4830 assererent
3122 4787 3258 4844 opus
3283 4787 3406 4844 esse

1816 4842 2084 4916 baptismo
2133 4846 2409 4916 parvulis,
2458 4861 2571 4900 non
2618 4842 2750 4900 aliis
2807 4842 3185 4916 respondisse:
3222 4842 3404 4916 verbis

1816 4913 1977 4987 quam
2000 4913 2399 4987 Chrisostomi,
2423 4926 2481 4987 ut
2501 4919 2587 4987 cis
2607 4919 2839 4970 addatur
2867 4913 3401 4987 sanctitas_,just_itia,

1817 4986 2061 5056 adoptio,
2097 4984 2407 5041 fraternitas
2453 4985 2652 5041 Christi
2681 5004 2696 5052 ;
2730 4998 2790 5040 ut
2835 4986 2954 5053 ejus
2986 4984 3408 5056 meinbraJliant

1817 5067 1873 5112 et
1903 5053 2074 5113 sancti
2107 5056 2341 5128 Spiritus
2375 5058 2610 5128 templa;
2642 5069 2697 5110 ut
2728 5057 2973 5111 lueredes
3002 5055 3094 5110 Dei
3122 5065 3177 5108 et
3203 5053 3406 5128 Christi

1816 5131 2082 5199 populus;
2118 5124 2178 5183 ut
2209 5145 2436 5197 regnum
2477 5124 2739 5199 caelorum
2771 5135 3210 5199 consequantur,
3261 5124 3407 5194 quod

1816 5197 1944 5270 Quia
1971 5211 2179 5254 natura:
2205 5202 2347 5254 vires
2377 5216 2488 5254 non
2525 5198 2747 5270 habent,
2800 5197 3038 5270 conferri
3070 5209 3296 5270 necesse
3319 5205 3408 5270 est

1815 5265 1913 5340 per
1939 5271 2128 5341 gratiae
2156 5271 2456 5341 largitatem
2480 5288 2495 5336 ;
2530 5268 2582 5323 id
2614 5277 2717 5334 est,
2753 5268 2901 5341 quod
2922 5268 3080 5341 aiunt
3100 5267 3157 5320 in
3183 5265 3406 5334 scholis,

1815 5336 1874 5396 ut
1903 5336 1970 5396 ei
1999 5336 2400 5396 naturali'statu
2432 5341 2485 5412 in
2521 5336 2998 5412 supernaturalem
3031 5336 3332 5412 eleventur.

1887 5413 2300 5490 Observandum
2329 5408 2934 5490 d_enique,'versipe|les
2967 5408 3256 5490 haereticos
3286 5420 3412 5490 con-

1814 5492 1895 5537 tra
1921 5483 2164 5539 rationes
2192 5478 2586 5538 catholicorum
2631 5496 2726 5538 sex
2761 5480 3066 5552 praesertim
3105 5478 3412 5535 distinctio-

1811 5555 1970 5610 nibus
1995 5569 2053 5609 se
2080 5554 2406 5610 defendisse.

1882 5625 2080 5680 Contra
2127 5626 2355 5692 primam
2399 5623 2768 5680 meminerunt
2811 5621 3052 5692 gemina}
3069 5620 3414 5692 redemptio-

1812 5697 1928 5762 nis;
1958 5691 2218 5759 alterius,
2248 5711 2351 5765 qua
2379 5696 2602 5765 proprie
2642 5691 2984 5765 redimantur
3010 5693 3240 5765 captivi;
3273 5691 3412 5765 alte-

1811 5760 1951 5832 rius,
1983 5782 2087 5836 qua
2121 5760 2504 5837 quid'pro'p-rie
2543 5767 2761 5822 dicatur
2788 5764 2915 5831 emi,
2961 5772 3023 5820 ut
3059 5760 3412 5837 inhabitanda

1813 5833 2032 5896 domus.
2064 5833 2346 5895 Christum
2373 5833 2596 5894 aiebant
2617 5853 2717 5894 suo
2751 5837 3016 5908 sanguine
3037 5833 3339 5892 redemisse
3359 5839 3413 5896 et,
