3964 6280
235 248 324 301 0ίὸ

756 237 1065 301 DlSSEllT.
1102 240 1214 298 vn.
1252 242 1341 297 DE
1376 238 1562 298 ouTU
1595 236 1683 297 ET
1716 236 2188 298 lNCItENENTIS
2220 225 2539 296 tI/Enssts'
2570 228 3007 296 PELAGIANAs.

3405 244 3511 299 bbG

229 366 308 422 il'
351 382 419 419 an
452 364 898 435 concupiscentia
927 380 993 419 eo
1031 366 1171 421 mala
1201 366 1642 431 demonstretur,
1670 365 1813 437 quod
1842 370 1894 426 Α
1922 374 2061 437 statu
2092 374 2382 432 utcumque
2431 362 2749 437 tolerabilis,
2793 364 2953 419 modo
2985 378 3052 418 ne
3072 362 3395 437 defensores
3443 381 3506 423 se

226 447 402 493 contra
454 439 633 505 ipsam
667 438 737 505 pii
777 438 975 507 quique
1031 448 1303 507 pugnent:
1340 438 1436 492 {2°
1466 454 1586 507 quae
1614 439 1683 491 sit
1724 438 1811 491 illa

230 509 416 580 peccati
444 510 560 575 lex,
576 524 698 577 quae
720 508 921 580 habitat
942 509 993 561 in
1021 511 1277 580 membris
1291 509 1452 563 etiam
1475 519 1808 576 sanctorum,

229 578 591 649 repugnatque
604 580 705 649 legi
736 579 961 650 mentis;
988 578 1082 633 15°
1102 580 1373 648 quomodo
1392 580 1695 650 nuptiarum
1709 580 1812 632 ἠο-

228 668 340 706 num
372 666 403 704 a
438 652 580 704 vitio
611 651 847 705 discerni
889 649 1102 716 debeat,
1148 650 1445 706 fecunditas
1469 649 1521 705 7a
1566 650 1808 715 libidine,

227 722 675 791 concupiscentia:
703 730 887 775 reatus
925 720 994 774 ab
1023 733 1144 775 actu
1171 738 1187 787 ;
1231 720 1327 777 M0
1361 732 1537 777 utrum
1564 721 1812 776 Christus

228 795 439 849 macula:
464 793 776 847 communis
805 807 973 862 purus
1001 791 1181 858 fuerit,
1227 794 1349 863 quia
1402 803 1554 847 natus
1585 807 1653 848 ex
1705 793 1813 847 vir-

226 865 353 935 gine.
385 879 497 919 non
527 864 801 919 communi
832 874 983 932 partu
1007 878 1022 921 ;
1050 864 1145 918 15°
1179 876 1359 917 utrum
1394 865 1636 933 quisquis
1662 878 1813 918 com-

230 936 480 990 mixtione
512 936 616 990 viri
669 946 723 991 et
773 935 985 991 femine
1039 935 1297 1005 gignitur,
1348 951 1482 1005 reus
1534 943 1810 990 nascatur.

228 1009 342 1061 Haec
361 1017 415 1061 et
442 1007 551 1061 alia
584 1007 858 1076 disputata
879 1016 1004 1059 sunt
1036 1004 1162 1061 hinc
1192 1016 1246 1060 et
1269 1004 1394 1061 inde
1427 1016 1571 1060 tanta
1600 1008 1813 1059 animo-

225 1095 333 1132 rum
352 1079 731 1143 contentione,
772 1086 827 1131 ut
857 1076 1151 1141 diSputatio
1178 1092 1322 1144 stupe
1351 1078 1585 1131 evaserit
1616 1078 1667 1131 in
1718 1076 1811 1131 de-

227 1150 626 1215 clamationem,
677 1149 792 1203 sive
846 1146 1176 1202 laudantium
1233 1149 1339 1201 vim
1389 1149 1810 1215 procreatricem

229 1221 404 1290 prolis,
437 1221 560 1276 sive
584 1218 987 1275 criminantium
1013 1221 1191 1273 carnis
1224 1217 1522 1290 libidinem.

288 1290 526 1346 Tertiam
559 1290 916 1361 quaestionem
947 1290 1278 1359 Augustinus
1316 1288 1387 1342 ita
1419 1288 1602 1350 solvit.
1646 1298 1704 1344 ut
1731 1289 1812 1343 fa-

226 1371 443 1429 teretur,
473 1374 755 1430 peccatum
785 1376 944 1417 omne
987 1376 1017 1414 a
1057 1361 1338 1415 voluntate
1368 1370 1632 1414 creaturae
1661 1374 1804 1422 esse,

227 1434 418 1488 nullum
446 1448 477 1487 a
502 1443 715 1499 natura,
738 1431 891 1501 cujus
915 1440 1103 1485 auctor
1132 1432 1301 1485 Deus:
1334 1447 1436 1501 qua
1463 1432 1809 1487 confessione

225 1520 335 1559 cum
366 1520 394 1557 a
445 1504 760 1559 Manichznis
810 1502 1002 1556 mirum
1052 1514 1311 1571 quantum
1367 1503 1693 1565 discederet,
1751 1512 1809 1557 ut

225 1577 529 1631 ostenderet
558 1584 763 1638 tamen,
791 1588 820 1627 a
847 1574 1123 1627 voluntate
1151 1573 1296 1626 aliud
1340 1573 1497 1627 aliter
1527 1583 1806 1642 peccatum

226 1648 365 1713 oriri,
393 1646 505 1701 duo
544 1647 717 1714 ipsius
762 1659 961 1714 genera
1001 1643 1283 1708 distinxit;
1329 1659 1489 1697 unum
1522 1646 1663 1713 quod
1708 1657 1803 1698 sua

226 1721 439 1812 quisque
468 1719 749 1798 voluntate
770 1716 1167 1779 committeret;
1195 1714 1447 1777 alterum,
1468 1714 1607 1783 quod
1631 1715 1804 1769 aliena
1836 1752 1886 1812 Β

225 1788 584 1853 contraheret,
628 1788 954 1858 quicumque
1010 1794 1323 1839 nasceretur
1371 1801 1442 1858 ex
1498 1794 1800 1858 peccatore.

229 1859 503 1913 Peccatum
554 1855 842 1929 originale,
867 1855 985 1926 ’qua
1035 1865 1189 1926 parte
1240 1856 1461 1922 respicit
1513 1855 1805 1929 Adamuin,

228 1932 375 2000 primi
402 1930 622 2000 generis
646 1926 793 1984 'esse
832 1929 1039 1991 aiebat;
1076 1942 1180 1996 qua
1214 1938 1480 2000 posteros,
1542 1926 1806 2000 secundi;

228 1998 461 2071 posteros
489 2010 671 2056 tamen
700 2001 755 2055 in
782 2015 847 2054 eo
869 2014 992 2054 esse
1013 2013 1159 2071 reos,
1190 1998 1331 2066 quod
1346 2006 1530 2052 essent
1556 1999 1809 2071 unusille

229 2068 396 2133 homo.
428 2074 522 2143 qui
554 2073 762 2142 primus
790 2071 1052 2141 peccavit,
1081 2070 1133 2124 in
1165 2084 1337 2141 eoque
1367 2078 1580 2138 pactum
1611 2068 1707 2125 Dei
1736 2068 1803 2124 ir-

227 2146 374 2198 ritum
404 2144 681 2199 fecissent.

288 2216 395 2270 Hac
428 2215 724 2270 occasione
750 2212 1002 2267 subtilius
1019 2211 1277 2267 ventilata
1301 2220 1387 2266 est
1408 2210 1653 2265 definitio
1681 2226 1807 2281 pec-

228 2288 322 2340 cati
348 2288 470 2340 olim
495 2287 565 2340 ab
597 2288 893 2353 Augustino
918 2283 1099 2347 allata,
1128 2284 1365 2336 uoluntas
1395 2283 1702 2336 admittenda
1728 2284 1807 2337 vel

228 2358 485 2421 retinendi,
514 2358 654 2424 quod
669 2356 876 2427 justitia
898 2364 1053 2416 uetat,
1086 2362 1132 2406 et
1154 2356 1287 2427 unde
1308 2353 1523 2427 liberum
1548 2362 1622 2406 est
1642 2353 1806 2427 absti-

230 2444 374 2494 nere;
404 2424 715 2498 qumsituui,
745 2442 865 2496 qua:
891 2427 1030 2479 foret
1057 2424 1293 2498 omnium
1336 2426 1612 2498 mentibus
1659 2425 1807 2498 notio

229 2495 432 2567 peccati
453 2500 719 2567 impressa
747 2495 776 2555 ί
794 2498 1123 2565 disputatum
1161 2497 1227 2549 de
1252 2496 1465 2567 iustitia
1490 2496 1579 2567 Dei
1598 2495 1807 2567 volun-

234 2565 387 2624 tatum
412 2565 596 2639 judice
628 2585 642 2623 :
669 2569 941 2622 discussus
992 2568 1277 2636 diligenter
1332 2565 1801 2639 Manichmismus;

228 2638 447 2695 essentia
480 2642 686 2708 peccati
719 2641 983 2708 exposita,
1017 2646 1156 2701 etc.;
1187 2639 1352 2692 immo
1379 2646 1437 2693 et
1458 2652 1487 2690 a
1535 2638 1805 2708 nonnullis

235 2714 413 2779 agitata
444 2706 676 2781 quaestio
706 2710 773 2763 de
795 2706 1328 2781 origine‘animarum
1359 2722 1529 2781 :una:
1554 2706 1601 2781 si
1630 2707 1805 2763 forent

230 2778 287 2837 ex
325 2778 559 2846 traduce,
609 2782 909 2836 molliretur
938 2778 1226 2833 difficuhas
1258 2778 1613 2849 intelligendi,
1665 2795 1804 2845 quo-

232 2853 382 2907 modo
417 2870 539 2908 cuin
564 2852 863 2907 seminibus
896 2859 1173 2920 peceatum
1200 2850 1481 2904 transiret:
1517 2850 1598 2903 sin
1625 2866 1654 2903 a
1688 2849 1799 2903 Deo

235 2934 470 2979 creentur
498 2923 745 2994 qumidie
774 2923 824 2976 in
850 2923 1192 2994 corporibus,
1217 2920 1560 2994 autahunde
1582 2922 1804 2974 mittan-

232 3004 329 3061 tur,
385 2990 577 3067 ingens
631 2995 699 3048 sit
745 2994 895 3048 labor
952 2993 1006 3047 in
1056 2991 1371 3061 reperienda
1402 2990 1623 3047 traduce
1674 3006 1803 3060 pec-

234 3068 349 3121 cati.

1920 436 2066 511 ipsos
2087 438 2476 511 ἀναμαρτήτως
2493 436 2790 511 jactarent;
2818 438 2866 511 in
2886 435 3123 511 secundo
3144 435 3347 511 nefaria
3365 452 3511 506 qua-

1918 508 2040 560 dam
2071 505 2374 570 contentio;
2426 509 2476 560 in
2512 506 2673 561 tertio
2702 506 3045 561 anathemate
3072 505 3229 576 digna
3261 505 3510 566 haeres”.

1918 576 2291 632 Consulcndus
2313 586 2396 631 est
2412 587 2632 632 sanctus
2648 578 2735 631 ille
2752 578 2964 641 doctor,
2989 592 3110 632 cum
3134 577 3262 631 alibi
3288 579 3509 647 passim,

1920 657 2031 701 tum
2062 648 2294 702 maxime
2324 650 2423 703 sub
2446 650 2608 703 linem
2640 648 2763 702 libri
2798 648 2865 703 de
2898 649 3235 703 Perfectione
3259 648 3504 716 iustitiae,

1916 718 2009 772 ubi
2041 730 2165 773 sunt
2190 720 2310 791 haec
2331 720 2448 787 ejus
2479 720 2670 773 verba:
2702 718 2972 773 Postremo
3003 719 3069 782 si,
3102 732 3315 789 excepto
3344 722 3511 791 capite

1918 799 2093 843 nostra
2118 790 2200 861 sui
2225 791 2459 858 corporis
2489 791 2765 851 salvatore.
2796 804 3097 843 asseruntur
3124 791 3202 861 uel
3228 790 3415 861 fuisse,
3434 792 3510 846 cel

1917 875 2025 933 esse
2045 861 2098 914 in
2118 860 2214 913 hac
2235 864 2339 912 vita
2356 860 2520 931 aliqui
2545 862 2792 933 homines
2798 861 2932 933 justi
2952 862 3063 933 sine
3081 859 3255 930 aliqua
3281 872 3507 932 peccato,

1916 932 2021 984 sive
2048 947 2332 1003 numquam
2360 932 2727 1003 consentiendo
2759 931 3038 1003 desideriis
3083 935 3225 1003 ejus,
3255 931 3359 985 sive
3386 934 3510 1000 quia

1916 1018 2011 1071 pro
2037 1001 2739 1074 nullopeccatohabendum
2772 1012 2866 1068 est,
2900 1001 3039 1073 quod
3071 1001 3270 1074 tantum
3320 1003 3399 1074 [Id
3426 1012 3510 1059 est

1918 1070 2196 1141 tantillum]
2222 1082 2317 1133 cst,
2346 1084 2398 1125 ut
2422 1071 2519 1125 hoc
2544 1074 2720 1143 pietati
2741 1090 2843 1144 non
2864 1070 3075 1144 imputet
3094 1070 3233 1126 Deus
3255 1070 3511 1143 (quamvis

1916 1145 2066 1197 aliter
2092 1144 2159 1197 sit
2187 1143 2357 1196 beatus
2386 1144 2494 1196 sine
2538 1153 2769 1211 peccato,
2794 1143 2945 1198 aliter
2974 1154 3146 1197 autem
3179 1145 3376 1210 beatus,
3425 1145 3508 1199 cui

1916 1229 2020 1268 non
2058 1214 2274 1285 imputat
2324 1213 2573 1285 Dominus
2613 1214 2926 1284 peccatum),
2957 1231 3061 1269 non
3090 1215 3243 1268 nimis
3267 1216 3506 1269 existimo

1914 1283 2300 1338 reluctandum.
2332 1283 2456 1339 Scio
2494 1284 2628 1337 enim
2656 1285 2960 1355 quibusdam
3006 1301 3115 1339 esse
3142 1286 3328 1355 visum,
3374 1302 3507 1355 quo-

1915 1371 2033 1407 rum
2072 1356 2135 1410 de
2170 1356 2268 1407 hac
2308 1372 2363 1409 re
2402 1354 2705 1409 sententiam
2750 1372 2851 1409 non
2882 1356 3048 1409 audeo
3095 1354 3505 1423 reprehendere,

1914 1442 2232 1495 quamquant
2257 1442 2349 1479 nec
2372 1425 2648 1497 defendere
2676 1427 2890 1480 valeam.
2925 1426 3031 1481 Sed
3078 1426 3231 1497 plane
3270 1426 3504 1497 quisquis

1915 1506 2089 1566 negat,
2126 1512 2218 1550 nos
2243 1512 2393 1550 orare
2433 1496 2640 1559 debere,
2679 1513 2742 1552 uc
2786 1497 3039 1551 intremus
3084 1500 3136 1551 in
3176 1496 3505 1553 tentationem

1914 1567 2089 1639 (negat
2118 1577 2286 1621 autent
2312 1568 2400 1637 qui
2431 1568 2687 1639 contendit
2719 1567 2786 1621 ad
2813 1584 2914 1620 non
2965 1568 3280 1637 peccandum
3325 1570 3505 1637 gratia:

1914 1636 2019 1691 Dei
2038 1638 2355 1706 adiutorium
2384 1653 2485 1690 non
2516 1654 2625 1692 esse
2653 1637 2849 1691 homini
2876 1639 3239 1704 necessarium,
3278 1636 3369 1693 sed
3389 1642 3503 1694 sola

1914 1708 2027 1779 lege
2061 1720 2273 1776 accepta
2300 1707 2581 1761 humanam
2616 1709 2842 1778 suﬁicere
2868 1708 3205 1778 voluntatem)
3233 1727 3244 1761 :
3273 1710 3335 1763 ab
3361 1711 3504 1765 auri-

1917 1777 2009 1833 bus
2039 1781 2265 1833 omnium
2292 1780 2673 1845 removendum,
2693 1777 2698 1778 7
2720 1789 2770 1832 et
2796 1796 2882 1833 ore
2905 1780 3132 1833 omnium
3157 1777 3501 1835 anathemati-

1915 1850 2164 1915 sanciunt,
2196 1866 2298 1903 non
2343 1849 2541 1903 dubito.

1986 1922 2676 1995 Adversusévapapniemv
2704 1920 2902 1995 Pelagii
2936 1930 3227 1995 pugnatum
3266 1923 3503 1995 estqui-

1916 1993 2039 2047 dem
2062 1991 2130 2045 ab
2160 1991 2416 2046 Ecclesia:
2460 1991 2845 2046 'tractatoribus
2873 1992 3146 2047 nonnullis
3177 1991 3499 2057 rationibus,

1914 2078 2050 2132 quas
2097 2062 2455 2133 Hieronymus
2509 2063 2842 2132 Orosiusque
2894 2074 3194 2132 exponunt,
3225 2064 3502 2119 nonnullis

1914 2147 2131 2203 quoque
2160 2132 2454 2202 Scriptura:
2483 2133 2825 2195 testimoniis,
2870 2137 2967 2189 sed
3007 2132 3325 2189 decretoriis
3375 2136 3505 2189 duo-

1916 2206 2035 2257 bus.
2068 2205 2130 2259 Si
2160 2205 2443 2258 dixerimus
2489 2205 2610 2273 quia
2654 2212 2920 2269 peccatum
2971 2222 3074 2258 non
3110 2204 3377 2270 habemus,
3409 2222 3503 2259 nos

1912 2276 2050 2346 ipsos
2080 2276 2394 2346 seducimus,
2425 2284 2473 2329 et
2500 2278 2683 2328 veritas
2714 2276 2768 2328 in
2798 2276 2941 2328 nobis
2968 2284 3169 2346 nonest
3198 2274 3242 2345 (l
3267 2273 3426 2329 Joan.
3457 2291 3499 2343 ι,

1914 2344 1994 2414 8),
2027 2355 2102 2407 et,
2132 2345 2350 2417 Dimitte
2394 2346 2535 2399 nobis
2582 2346 2753 2400 debita
2798 2356 2975 2401 nostra
3018 2344 3237 2413 (Matth.
3275 2362 3347 2411 vt,
3380 2347 3495 2417 η),

1912 2431 2101 2470 omnes
2127 2418 2267 2470 enim
2288 2415 2604 2485 Apostolus,
2631 2431 2820 2471 omnes
2841 2419 3084 2471 Christus
3099 2415 3457 2473 conveniebat
3479 2434 3494 2472 :

1911 2488 2003 2542 ille
2025 2487 2270 2541 fiduciam
2304 2488 2356 2541 in
2387 2485 2661 2541 Christum
2706 2488 3088 2553 mediatorem;
3123 2489 3224 2541 iste
3250 2500 3498 2543 commu-

1910 2574 2035 2614 nem
2066 2558 2254 2612 orandi
2286 2559 2501 2611 modum
2532 2557 2755 2612 docens.

1982 2629 2063 2683 Ad
2093 2628 2209 2683 haec
2233 2628 2532 2697 Pelagiani:
2567 2628 2855 2694 Utriusque
2877 2628 2977 2683 loci
2999 2644 3179 2696 voces,
3204 2630 3309 2684 alio
3332 2644 3497 2685 sensu

1908 2715 1938 2753 a
1975 2700 2135 2769 vulgo
2158 2699 2412 2761 fidelium,
2440 2700 2546 2752 alio
2572 2714 2601 2752 a
2634 2698 2881 2768 perlectis
2922 2700 3063 2755 dici:
3095 2701 3164 2755 ab
3203 2701 3311 2755 illis
3342 2715 3497 2756 vera-

1908 2771 2045 2825 citer
2074 2781 2127 2824 et
2156 2785 2253 2840 pro
2282 2770 2506 2839 seipsis;
2549 2772 2616 2824 ab
2645 2771 2762 2824 istis
2794 2770 3089 2842 humiliter,
3139 2780 3195 2828 et
3225 2784 3321 2842 pro
3348 2771 3492 2839 aliis,

1908 2843 2006 2912 qui
2032 2842 2085 2895 in
2111 2856 2207 2896 suo
2234 2842 2429 2911 populo
2457 2851 2766 2909 peccatores
2788 2841 2916 2895 sint.
3077 2841 3081 2842 “
3229 2841 3236 2842 “
3552 2897 3555 2899 ι

1980 2911 2390 2967 Cavillationein
2422 2913 2710 2982 ejusmodi,
2754 2928 2862 2966 non
2893 2921 3096 2966 tantum
3130 2913 3309 2968 allatis
3342 2912 3494 2967 Scri-

1906 2991 2080 3052 ptura:
2128 2980 2469 3048 testimoniis,
2505 2991 2595 3047 ut,
2633 2980 2700 3035 In
2751 2984 2927 3037 multis
2968 2984 3274 3051 offendimus
3321 2999 3493 3037 omnes

1906 3052 2050 3125 (Jac.
2094 3069 2173 3117 Ill,
2214 3052 2299 3123 2);
2334 3064 2409 3125 et,
2466 3055 2587 3108 Non
2616 3054 2984 3119 iustiﬁcabitur
3012 3056 3064 3107 in
3096 3064 3368 3121 conspectu
3403 3064 3491 3107 tuo

293 3137 585 3204 Quaestioni
618 3143 843 3206 quartae,
895 3135 963 3189 de
991 3134 1249 3202 peccandi
1294 3135 1613 3188 necessitate
1653 3150 1803 3190 com-
1828 3128 1876 3190 C
1912 3128 2076 3178 υηιηῐε
2100 3124 2728 3206 υῐυεγιξμξριηικοιιιι.
2751 3126 2844 3206 ?);
2871 3134 2949 3190 ει.
2986 3125 3108 3179 Non
3139 3134 3211 3206 (εξ
3237 3126 3495 3206 humana}

233 3216 450 3265 muniter
476 3210 545 3262 ab
572 3208 846 3272 omnibus,
896 3217 1016 3276 post
1063 3207 1300 3259 vitiatam
1353 3213 1620 3267 naturam,
1675 3222 1807 3260 con-

234 3289 409 3348 tracta,
445 3282 645 3334 factum
673 3280 805 3333 satis
831 3277 1046 3345 quidem
1090 3293 1117 3329 a
1145 3276 1450 3342 catholicis,
1480 3277 1572 3329 sed
1604 3280 1673 3329 ita
1724 3288 1807 3330 ta-

233 3366 363 3415 men,
394 3361 450 3404 ut
480 3352 730 3421 ingentes
754 3348 871 3404 alia:
900 3349 1021 3402 dua:
1056 3348 1387 3416 quaestiones
1418 3358 1802 3421 iuoverentur:

231 3422 384 3475 altera
412 3423 681 3476 delibero
724 3421 970 3485 arbitrio,
1015 3428 1193 3474 utrum
1228 3426 1447 3485 peCcato
1490 3420 1578 3470 illo
1615 3420 1805 3485 grandi

235 3492 442 3561 perierit
468 3494 536 3547 de
572 3493 808 3546 humano
845 3505 1074 3559 genere;
1118 3491 1286 3543 altera
1314 3487 1382 3543 de
1411 3491 1802 3561 ὼαμαρτησίᾳ,

230 3560 292 3615 an
319 3565 486 3634 possit
516 3564 681 3617 homo
723 3562 823 3615 hac
850 3563 903 3615 in
936 3562 1046 3634 vita
1078 3575 1199 3634 esse
1234 3560 1352 3613 sine
1380 3572 1599 3634 peccato
1623 3576 1637 3615 :
1664 3560 1809 3634 otia-_-

230 3631 334 3701 que'
367 3635 639 3703 pepererit
686 3634 920 3688 minores
969 3632 1104 3684 alias
1155 3632 1312 3698 longe
1366 3632 1655 3703 plurimas,
1707 3631 1806 3684 sed

230 3701 391 3757 ambae
437 3701 769 3774 conjunctim
822 3718 982 3757 unam
1014 3703 1253 3755 omnium
1310 3701 1708 3774 gravissimam,
1740 3704 1808 3756 de

234 3772 555 3831 necessitate
596 3775 847 3846 adjutorii
877 3774 1061 3843 gratim
1117 3774 1335 3846 divinae,
1381 3772 1447 3825 ad
1501 3774 1806 3846 priestanda

232 3847 431 3912 pictatis
463 3842 738 3915 cperafet
770 3842 1065 3900 vincendas
1091 3842 1446 3907 tentationes,
1482 3844 1551 3896 de
1594 3859 1697 3912 qua
1726 3859 1809 3898 ca-

232 3918 333 3983 pite
378 3921 649 3989 sequenti.
690 3917 882 3989 Prima
931 3916 1125 3989 genuit
1176 3928 1278 3989 per
1319 3928 1379 3967 se
1410 3928 1646 3981 paucas,
1677 3917 1809 3968 istas

232 3984 572 4058 neutrum—qua
599 3987 811 4043 ratione
837 3987 943 4041 dici
976 3984 1153 4058 possit
1177 3985 1370 4058 amissa
1403 3999 1499 4058 per
1527 3994 1807 4058 peccatum

230 4059 431 4113 arbitrii
466 4055 684 4114 libertas
713 4068 768 4112 et
789 4057 1099 4126 quomodo,“
1115 4057 1158 4109 si
1190 4055 1386 4109 amissa
1412 4057 1484 4109 sit
1509 4055 1713 4109 arbitrii
1748 4055 1810 4109 li-

234 4126 429 4208 bertas,
453 4130 659 4199 juStitia
692 4130 787 4184 Dei
810 4128 1025 4183 delendi
1056 4138 1238 4198 queat,
1272 4141 1393 4181 cum
1447 4126 1665 4196 puniat,
1687 4141 1808 4197 quae

230 4204 374 4256 silari
408 4217 516 4255 non
545 4209 792 4272 possunt,
821 4209 926 4272 etc.

298 4272 491 4326 Genuit
519 4266 984 4339 secunda'plures,
1018 4269 1085 4324 de
1130 4268 1332 4334 quibus
1374 4266 1664 4339 sigillatim_
1690 4267 1809 4339 lon-

222 4354 346 4406 igum
376 4352 463 4397 est
488 4341 687 4398 dicere.
716 4337 848 4396 llinc
874 4352 1021 4395 certe
1043 4338 1482 4394 ratiocinationes
1503 4337 1807 4407 quindecim

222 4412 489 4478 'tjaalestii,
522 4414 649 4467 hinc
678 4413 814 4467 liber
845 4412 1041 4478 Pelagii
1072 4412 1139 4465 de
1168 4409 1367 4464 Natura
1395 4419 1548 4463 ortus
1569 4416 1671 4462 est.
1700 4409 1810 4463 Illis

236 4484 553 4552 Augustinus
584 4493 695 4538 toto
725 4484 863 4538 libro
884 4482 950 4537 de
970 4480 1311 4552 Perfectione
1331 4480 1555 4552 justitia:
1583 4494 1810 4546 respon-

223 4549 332 4625 καῆιῖ
361 4557 506 4609 hunc
541 4553 1154 4625 llieronymusepistola
1210 4549 1275 4625 ad
1315 4550 1812 4625 _thsiphonteinct

222 4624 454 4695 «dialogis
484 4626 682 4689 tribus;
704 4619 1036 4693 Augustinus
1063 4622 1287 4695 libro‘de
1314 4619 1511 4695 Natura
1526 4620 1805 4695 etGratia,

224 4692 455 4765 aliisque
481 4698 725 4760 scriptis,
760 4692 1012 4749 Africana
1052 4692 1290 4764 synodus
1335 4692 1505 4745 tribus
1537 4692 1806 4761 posterio-

226 4766 369 4819 zribns
388 4768 687 4820 canonibus
708 4766 921 4820 refellit.

294 4837 849 4891 Animadvertendum
880 4849 1038 4904 porro
1063 4842 1167 4902 est,
1217 4833 1569 4903 qumstionem
1610 4833 1677 4888 de
1705 4834 1807 4888 im-

237 4908 498 4972 peccant'ra
552 4917 660 4962 tres
692 4907 944 4961 habuisse
992 4906 1144 4975 quasi
1198 4914 1408 4969 zelotes,
1453 4914 1547 4958 aut
1592 4914 1804 4958 status:

224 4979 530 5044 apertinebat
559 4979 699 5032 enim
733 4978 960 5046 primum
992 4975 1060 5030 ad
1101 4990 1278 5030 mores
1308 4984 1535 5041 tantum,
1583 4982 1808 5045 eratque

238 5051 441 5112 clhica;
495 5049 691 5104 deinde
738 5048 909 5104 evasit
963 5048 1015 5101 in
1070 5046 1470 5117 dogmaticam;
1531 5056 1811 5116 postremo

232 5121 500 5190 utriusque
520 5121 734 5188 generis
760 5119 878 5174 fuit.
912 5117 971 5173 In
1002 5117 1176 5188 primo
1205 5125 1349 5171 statu
1370 5127 1523 5190 erat,
1543 5128 1667 5171 ante
1696 5132 1813 5171 mo-

221 5197 306 5241 ;tas
333 5188 662 5245 dc'traduce
692 5191 899 5259 peccati
949 5198 1005 5244 et
1054 5196 1258 5259 natura:
1288 5188 1635 5259 corruptione
1673 5202 1809 5241 cun-

222 5263 516 5332 ftrovcrsias
537 5303 553 5327 ,
582 5258 854 5332 sive’cumi
878 5258 1426 5332 EvagriusPonticus
1450 5258 1647 5332 :diique
1688 5263 1810 5332 περὶ

220 5328 515 5394 “exciting,
548 5334 666 5386 sive
695 5347 815 5387 cum
844 5328 1095 5399 Pelagius
1123 5331 1318 5384 librum
1350 5329 1418 5384 de
1461 5328 1810 5384 Testimoniis

220 5402 505 5457 ascribe-cet.
538 5403 591 5457 In
635 5403 871 5457 secundo
899 5402 1023 5466 fuit,
1076 5413 1202 5455 tunc
1231 5415 1352 5455 cum
1381 5400 1551 5469 coepit
1592 5410 1811 5467 promer

223 5473 504 5528 traducem
545 5473 749 5543 peccati
779 5474 993 5543 agitari.
1030 5472 1085 5527 lu
1132 5482 1408 5541 postremo
1438 5471 1670 5539 denique
1697 5471 1813 5525 exi-

222 5544 424 5607 stebat,
453 5559 555 5613 quo
583 5556 826 5611 tempore
870 5545 1078 5599 conditi
1130 5552 1257 5597 sunt
1285 5543 1520 5597 Africani
1547 5556 1807 5613 canones,

218 5627 441 5685 quoque
470 5612 731 5671 canonum
761 5617 993 5684 scriptor
1030 5616 1363 5685 Augustinus
1409 5614 1669 5668 adversus
1714 5612 1807 5685 lle-

212 5682 424 5748 Jagium
449 5686 638 5753 partim
667 5682 933 5756 epistolis,
966 5682 1165 5757 partim
1196 5686 1348 5741 libris
1374 5686 1664 5755 pugnabat.
1708 5683 1809 5757 Est

215 5765 397 5811 autem
436 5759 734 5829 Augustino
762 5758 911 5814 visus
937 5756 1091 5813 error
1120 5758 1240 5822 iste,
1277 5757 1328 5811 in
1380 5759 1552 5825 primo
1591 5756 1807 5825 quidem

1843 4509 1888 4568 Ι)

1914 3212 2016 3250 non
2050 3204 2216 3265 peccet
2244 3193 2431 3263 (Eccli.
2462 3196 2592 3265 vn);
2624 3206 2698 3262 et,
2747 3194 2815 3248 In
2866 3212 3020 3248 manu
3063 3198 3228 3249 omnis
3270 3193 3494 3265 hominis

1912 3264 2104 3337 signat,
2138 3276 2194 3319 ut
2233 3269 2360 3319 sciat
2386 3264 2550 3320 omnis
2589 3266 2741 3337 homo
2787 3268 3136 3332 inﬁmitatem
3164 3282 3311 3337 suam
3342 3264 3490 3325 (Job.

1913 3352 2115 3402 xxrvn,
2144 3338 2233 3407 7);
2258 3338 2349 3391 sed
2376 3338 2540 3393 etiam
2564 3336 3123 3407 anathematel’atres
3168 3336 3493 3392 refutarunt.

1984 3409 2065 3462 Ad
2097 3406 2354 3470 rationes.
2401 3424 2534 3477 quas
2585 3407 2824 3462 haeretici
2852 3406 3167 3472 alfcrebant,
3228 3408 3497 3475 pertinent

1912 3478 2173 3533 invidiosa
2207 3479 2454 3547 quaedam
2484 3481 2837 3542 consectaria,
2869 3493 2987 3546 qua:
3026 3494 3091 3533 ex
3123 3478 3341 3533 traduce
3373 3491 3498 3545 pec-

1911 3550 2015 3603 cati
2049 3549 2233 3603 inferri
2259 3550 2673 3605 contendebant.
2708 3549 2840 3603 Nam
2872 3550 2999 3604 dum
3031 3547 3281 3603 catholici
3311 3547 3496 3602 tradu-

1912 3636 2030 3674 cetn
2082 3622 2218 3675 hanc
2251 3636 2315 3675 ex
2346 3636 2411 3675 eo
2438 3621 2691 3691 probant,
2746 3620 2889 3690 quod
2946 3630 3136 3674 natura
3190 3620 3373 3691 vitiata
3401 3620 3494 3684 sit,

1915 3701 2014 3744 tria
2045 3692 2317 3757 dixerunt,
2346 3689 2540 3761 quibus
2563 3691 2751 3745 ollensi
2771 3689 2774 3690 ⁷
2795 3693 3198 3760 impugnatores
3229 3689 3374 3752 lidei,
3405 3702 3498 3744 ca-

1913 3762 2132 3816 lumnite
2174 3767 2373 3831 pariter
2426 3771 2586 3831 atque
2616 3762 3097 3831 argumentationis
3152 3761 3497 3831 occasionem

1914 3829 2579 3903 arripueruiitzcatholici
2627 3829 2930 3887 faiebantur
2976 3848 3042 3885 ex
3093 3832 3179 3903 illa
3246 3844 3342 3903 sua
3393 3829 3495 3883 doc

1912 3899 2085 3957 ctrina
2116 3919 2236 3958 esse
2257 3915 2693 3969 consequens,ut
2711 3915 2933 3969 peccato
2964 3901 3119 3970 primi
3144 3899 3375 3955 hominis
3403 3914 3500 3952 na-

1916 3983 2032 4028 tura
2064 3973 2202 4028 facta
2232 3977 2302 4027 sit
2331 3986 2383 4027 ct
2423 3971 2713 4042 peccatrix,
2747 3982 2800 4025 et
2833 3969 3173 4042 peccatorum
3224 3969 3494 4039 genitrix;

1916 4053 2020 4097 uta
2050 4045 2282 4114 posteris
2311 4040 2583 4098 contracta
2610 4042 2701 4104 sit,
2736 4052 2953 4111 propter
2982 4040 3168 4095 Adami
3197 4050 3495 4108 peccatum,

1914 4113 2171 4169 nonnulla
2203 4116 2496 4169 necessitas
2534 4113 2826 4183 peccandi;
2861 4123 2917 4167 ut
2947 4114 3273 4181 quicumque
3290 4125 3374 4183 ex
3394 4126 3496 4183 nu-

1916 4186 2039 4255 ptiis
2070 4194 2381 4250 nascuntur,
2414 4180 2617 4238 tamdiu
2654 4185 2762 4255 sint
2806 4185 2915 4255 sub,
2960 4180 3227 4251 potestate
3270 4180 3497 4248 diaboli,

1912 4252 2167 4327 quamdiu
2191 4272 2295 4309 non
2328 4263 2683 4327 renascuntur
2710 4252 3026 4327 in_Chri_sto.

1985 4327 2286 4381 lutulerunt
2342 4325 2466 4380 inde
2517 4324 2873 4380 communiter
2925 4324 3185 4392 haeretici,
3219 4322 3497 4379 traducem

1915 4399 2118 4467 peccati
2154 4412 2259 4451 non
2285 4396 2505 4467 differre
2532 4411 2560 4449 a
2590 4395 2866 4450 Manichtci
2900 4410 3089 4467 errore
3110 4394 3310 4467 _malam
3341 4404 3502 4450 natu-

1917 4454 2028 4523 iam
2060 4468 2352 4537 opinantis,
2384 4454 2735 4537 fieceruntque
2763 4467 3043 4521 catholicis
3079 4465 3499 4521 Manicha'orum

1919 4550 1974 4595 et
1998 4540 2453 4594 Traducianorum
2498 4553 2716 4603 nomen,
2767 4553 2874 4608 quo
2922 4538 3127 4592 nullutn
3180 4537 3502 4592 intolerabi-

1919 4612 2026 4689 lius
2050 4610 2351 4689 Augustino
2375 4612 2546 4689 visum
2584 4617 2686 4689 est,
2720 4625 2818 4664 nec
2860 4609 3147 4689 immerito,
3178 4623 3297 4663 cum
3327 4608 3503 4689 suspi-

1920 4684 2029 4737 cari
2062 4677 2215 4736 facile
2255 4692 2475 4751 possent
2524 4680 2791 4739 homines.
2824 4680 3015 4735 saltem
3057 4677 3501 4751 minus_erti_diti,

1921 4762 2069 4808 tanto
2097 4748 2305 4807 doctori
2336 4753 2522 4807 nescio
2535 4750 2661 4819 quid
2695 4751 2904 4821 pristini
2937 4751 3138 4805 erroris
3166 4748 3501 4821 adhaesisse,

1918 4841 2025 4893 quo
2068 4825 2395 4894 implicatum
2445 4838 2504 4877 se
2533 4818 2710 4876 fuisse
2724 4822 2927 4894 scripto
2956 4822 3129 4894 palam
3158 4818 3502 4894 fassus_erat.

1921 4890 2051 4949 Eam
2075 4890 2285 4949 ob—rem
2317 4904 2424 4948 tota
2457 4894 2506 4946 vi
2531 4895 2646 4947 sive
2675 4892 2872 4956 ingenii
2915 4895 3032 4944 sive
3082 4890 3407 4958 eloquentia:
3437 4901 3502 4942 ac

1919 4967 2181 5021 doctrina:
2208 4965 2375 5019 tribus
2399 4964 2632 5018 maxime
2657 4962 2711 5015 in
2734 4962 2989 5031 operibus
3028 4957 3288 5029 flagitium
3321 4957 3428 5013 hoc
3449 4967 3505 5013 et

1918 5036 2270 5101 acatbolicis,
2304 5048 2358 5090 et
2389 5051 2418 5088 a
2447 5050 2506 5088 se
2538 5033 2755 5102 repulit.

1992 5108 2170 5162 Intulit
2200 5098 2515 5161 Theodorus
2548 5098 2688 5156 haec
2739 5102 2974 5170 quinque
3025 5098 3505 5171 (ApudiPhotium

1920 5180 2230 5247 cod.177):
2291 5179 2536 5252 homines
2587 5181 2776 5227 natura
2828 5170 3357 5252 factosgimprobos,
3411 5171 3506 5238 qui

1920 5260 2076 5305 antea
2111 5260 2297 5303 natura
2333 5249 2453 5300 boni
2481 5257 2687 5307 essent,
2719 5253 2883 5313 atque
2932 5250 3120 5296 natura
3147 5249 3260 5310 jam
3300 5251 3355 5295 et
3395 5255 3505 5295 non

1922 5322 2200 5375 voluntate
2236 5332 2501 5387 peccare;
2557 5316 2787 5370 infantes
2838 5314 3052 5387 tametsi
3096 5324 3295 5387 _receus
3323 5321 3504 5387 natos,

1923 5391 2129 5460 peccati
2170 5383 2436 5445 immunes
2466 5402 2572 5460 non
2604 5400 2745 5450 esse,
2780 5399 2901 5439 cmn
2934 5384 3004 5438 ob
3029 5384 3159 5437 Atla:
3187 5383 3510 5460 prtcvarica-

1915 5454 2114 5517 tionem
2134 5463 2200 5515 ad
2228 5474 2420 5514 omnes
2444 5457 2561 5525 ejus
2588 5466 2835 5526 posteros
2864 5467 3052 5509 natura
3084 5454 3354 5523 peccatrix
3383 5469 3505 5523 pro-

1917 5542 2170 5603 pagetur;
2202 5525 2820 5603 iieniin-emiimrtalium
2875 5540 2997 5579 esse
3046 5525 3283 5603 justum,
3334 5534 3390 5580 et
3437 5540 3508 5580 ne

1914 5596 2187 5659 Christum
2219 5600 2434 5671 quidem
2462 5600 2649 5663 Deum,
2676 5606 2952 5671 assumpta
2971 5596 3266 5666 peccatrice
3287 5606 3508 5671 natura,

1912 5676 2134 5732 sceleris
2164 5666 2352 5742 purum
2386 5685 2507 5724 esse
2534 5685 2548 5725 :
2584 5666 3015 5742 matrimonium,
3037 5677 3129 5722 aut
3156 5674 3305 5722 certe
3335 5666 3507 5737 ipsius

1918 5762 2093 5813 usum,
2127 5740 2249 5799 esse
2278 5757 2416 5814 opus
2444 5754 2710 5814 perverse
2742 5749 2974 5810 naturae,
3006 5740 3057 5794 iu
3090 5753 3249 5811 quam
3281 5745 3509 5812 peccato
