3964 6280
470 287 574 352 671
607 346 620 359 ,

943 290 1036 349 AD
1064 286 1354 347 PARTEM
1383 287 1652 346 PRIMAM
1682 286 1966 344 OPERUM
1998 287 2068 342 Μ.
2102 283 2549 342 MERCATORIS
2579 285 2928 343 APPENDIX
2955 285 3275 344 SECUNDA

3653 287 3763 346 δη

468 411 736 479 fecerunt,
769 409 991 479 originis
1039 410 1224 480 utique
1265 408 1508 464 ordinem
1565 406 1736 480 secuti
1782 425 1795 461 :
1834 407 1879 462 si
1909 406 2053 462 enim
2081 409 2133 471 Α
2159 406 2342 480 minor
2369 405 2834 480 fuitquaestioﬁe
2858 408 3160 480 posteriore
3183 406 3374 477 major,
3397 407 3540 478 quod
3564 419 3758 466 osten-

468 484 631 538 a-lium
661 495 1057 553 quemcumque
1094 479 1411 553 voluissent,
1442 481 1600 550 longe
1634 479 1846 553 diversa
1875 481 2054 534 fuerat

469 551 698 611 tenenda
722 554 1063 608 tractationis
1089 554 1198 615 via,
1227 552 1373 622 quod
1399 567 1560 606 nemo
1591 567 1698 606 non
1731 551 1900 606 videt.

539 626 925 711 Hypognpstes‘
967 625 1142 711 igitur.
1168 623 1576 711 Pelagianorum
1623 637 1888 711 errorem,
1946 637 2052 692 quo

468 695 721 754 hominem
746 697 926 750 dicunt
954 713 1045 768 per
1083 695 1297 768 liberum
1343 695 1637 768 arbitrium“
1665 704 1924 762 tamquam
1963 711 2053 768 per

466 787 522 825 se
567 770 666 825 sibi
708 764 1040 839 suﬁicientem
1080 766 1320 834 implere,
1353 765 1492 839 quod
1541 765 1680 835 uelit,
1728 769 1942 839 tertium
1995 764 2050 819 in

469 837 794 911 praefatione
817 849 1084 904 numerat,
1118 839 1390 911 tertioque
1421 837 1584 904 libro,
1612 844 1735 907 post
1755 837 1892 893 alios
1913 837 2051 892 duos

467 910 740 983 prioribus
761 910 915 966 libris
944 912 1196 979 rejectos,
1214 910 1522 983 impugnat.

541 984 826 1048 Mercator,
855 989 979 1052 post
1015 981 1283 1052 recensita
1312 979 1561 1052 dogmata
1592 979 1908 1052 mortalitati
1957 995 2052 1034 na-

469 1055 627 1108 turali
671 1050 939 1123 connexa,
981 1068 1102 1122 quae
1136 1050 1424 1107 Caelestius
1453 1050 1790 1117 defenderet,
1837 1052 2048 1123 adjecit,

468 1125 641 1194 inquit
658 1122 747 1196 (In
763 1127 914 1196 prevf.
926 1121 1212 1196 _Subnot.),
1232 1138 1380 1192 posse
1401 1138 1510 1176 esse
1532 1123 1785 1196 hominem
1801 1121 1914 1196 sine
1933 1138 2052 1193 pec-

467 1192 602 1258 cato,
635 1192 680 1250 et
717 1192 881 1266 facile
914 1193 1012 1248 Dei
1052 1195 1300 1266 mandata
1330 1208 1532 1266 servare
1561 1194 1607 1246 si
1637 1193 1777 1258 velit,
1809 1192 2050 1266 duaSque

465 1266 669 1321 erroris
693 1265 844 1320 iStius
867 1280 1057 1320 causas
1082 1265 1341 1320 reddidit:
1371 1265 1610 1332 quoniant
1630 1274 1750 1319 ante
1773 1265 2049 1318 adventum

465 1337 656 1391 Christi
701 1337 908 1407 {uerunt
944 1335 1174 1390 homines
1202 1338 1311 1390 sine
1346 1345 1585 1407 peccato;
1615 1345 1672 1390 et
1703 1337 1951 1407 quoniam
1977 1336 2050 1407 sic

465 1407 550 1462 lea:
575 1405 726 1462 mittit
746 1410 815 1462 ad
839 1424 1052 1478 regnum
1080 1408 1344 1473 caelorum,
1375 1409 1504 1478 sicut
1546 1405 1904 1478 Evangelium.
1931 1405 2049 1462 Sita

464 1490 546 1533 est
573 1479 656 1534 vis
680 1477 1013 1544 probatiOnis
1043 1479 1095 1532 in
1126 1493 1194 1532 eo
1225 1478 1367 1546 quod
1390 1479 1434 1531 si
1464 1477 1548 1533 lex
1586 1477 1714 1532 olim
1747 1477 1920 1546 potuit
1953 1480 2049 1531 ho-

465 1552 640 1605 mines
669 1559 721 1605 et
743 1550 922 1620 justos
949 1548 1189 1614 efficere,
1219 1557 1274 1604 et
1303 1551 1356 1604 in
1383 1563 1604 1616 regnum
1635 1549 1899 1605 caelorum
1925 1549 2051 1620 mit-

464 1629 602 1687 tere,
638 1621 690 1676 id
721 1619 1016 1676 etiamnum
1052 1621 1263 1685 valeat;
1313 1629 1474 1686 atque
1505 1620 1576 1674 ita
1619 1636 1723 1674 non
1757 1619 2048 1675 admodum

463 1693 535 1747 sit
562 1707 696 1761 opus
742 1693 1000 1747 interiore
1039 1691 1332 1746 voluntatis
1379 1692 1553 1760 gratia
1601 1707 1697 1761 per
1742 1690 2044 1757 Christum,

461 1778 583 1834 qua:
609 1772 738 1819 tunc
761 1779 868 1818 una
900 1762 1014 1818 fere
1042 1763 1096 1834 in
1121 1763 1485 1834 quiestionem
1500 1765 1773 1817 veniebat.
1853 1810 1866 1826 ,

533 1835 784 1904 Prosper,
820 1844 942 1903 post
963 1801 1184 1888 eosde‘iu
1217 1848 1436 1888 errores
1456 1832 1594 1888 duos
1619 1834 1688 1889 de
1717 1810 2049 1890 mortalitate
2077 1801 2125 1862 Β

465 1905 681 1960 humani
706 1905 940 1976 generis,
965 1905 1102 1959 etde
1127 1904 1348 1976 traduce
1375 1905 1577 1972 peccati
1602 1905 1901 1976 expositos,
1925 1920 2050 1976 per-

463 1977 540 2047 git
568 1976 623 2031 in
654 1974 767 2032 huic
790 1977 950 2032 verba
983 1975 1183 2047 (Carm.
1216 1977 1279 2030 de
1307 1974 1516 2046 Ingrat.
1543 1992 1658 2048 cap.
1685 1975 1738 2048 1)
1767 1995 1778 2028 :

556 2090 710 2140 Posse
736 2095 898 2139 autem
920 2091 1141 2139 insontes
1163 2102 1335 2138 omnes
1365 2089 1563 2140 virtutis
1580 2090 1630 2138 in
1653 2099 1766 2138 arce

560 2152 718 2203 Vitam
737 2164 908 2212 agere,
930 2159 982 2200 et
997 2153 1148 2200 menti
1181 2153 1454 2213 ingenitum
1473 2163 1677 2214 servare
1701 2151 1953 2214 decorem,

562 2215 778 2276 Arbitrio
796 2216 1022 2276 quoniam
1045 2212 1277 2263 subsistat
1295 2221 1433 2264 recta
1455 2212 1666 2262 volentis

557 2275 799 2325 Naturalis
818 2275 993 2338 honos,
1021 2275 1205 2338 lexque
1223 2277 1364 2338 insita
1389 2276 1617 2325 cordibus
1639 2276 1770 2325 intus

473 2368 475 2370 -
556 2338 662 2389 Hoc
677 2345 892 2402 moueat,
912 2336 1041 2401 quoa
1060 2336 1242 2401 scripta
1262 2336 1396 2401 foris,
1425 2345 1522 2389 etc.

534 2462 785 2518 Africana
815 2463 1077 2533 synodus,
1121 2477 1243 2518 cum
1275 2462 1547 2532 prioribus
1586 2462 1799 2518 duobus
1827 2466 2052 2519 canoni-

462 2535 563 2594 bus
605 2537 877 2590 sanxisset
909 2534 1067 2590 ﬁdem
1109 2535 1432 2589 catholicam
1471 2534 1538 2589 de
1583 2535 1914 2589 mortalitate
1949 2535 2052 2590 hu-

462 2607 605 2660 mani
635 2605 849 2677 generis
878 2614 934 2660 et
955 2615 1176 2676 peccato
1203 2606 1476 2677 originali,
1507 2620 1632 2660 mox
1656 2608 2050 2677 canone‘tertio

463 2693 584 2732 eum
609 2674 964 2732 anathemate
979 2677 1219 2747 percellit
1237 2695 1248 2730 :
1269 2676 1372 2747 Qui
1393 2678 1581 2730 dixerit
1603 2678 1828 2747 gratiam
1850 2674 1968 2741 Dei,
1993 2679 2048 2732 in

461 2765 560 2818 qua
593 2749 944 2819 justiﬁcamur
982 2745 1079 2818 iper
1112 2745 1290 2802 Iesum
1335 2745 1906 2819 Christum'Domin‘um
1957 2765 2051 2802 no-

461 2817 646 2888 strum,
676 2817 744 2874 ad
783 2820 955 2874 solam
990 2817 1344 2874 remissionem
1385 2829 1713 2881 peccatorum
1738 2817 1907 2871 valere
1934 2836 2051 2888 qui:

456 2891 568 2960 jam
594 2893 866 2944 commissa
894 2900 1034 2956 sunt,
1081 2907 1184 2944 non
1227 2891 1380 2944 etiam
1406 2889 1474 2942 ad
1499 2888 1818 2960 adjutorium
1862 2899 1918 2943 ut
1946 2907 2048 2944 non

461 2962 870 3016 committantur.

532 3032 861 3087 Arausicaua
890 3030 1150 3103 synodus,
1167 3029 1506 3103 Africanam,
1530 3040 1746 3085 centum
1775 3040 1830 3087 et
1857 3031 2047 3102 viginti

462 3116 584 3174 p08t
604 3103 758 3174 annis
780 3102 988 3167 secuta,
1012 3103 1081 3157 de
1102 3102 1450 3174 corruptione
1474 3109 1702 3174 naturae,
1729 3103 1904 3172 quoad
1928 3120 2049 3159 cor-

2159 477 2259 550 dit,
2285 478 2388 531 nisi
2421 477 2781 550 fallorLclare
2810 478 3088 547 qurerendi
3118 493 3299 543 causa,
3325 477 3608 550 corruptio
3649 488 3756 538 sci-

2158 549 2286 603 licet
2324 557 2559 603 naturaa.
2602 549 2898 617 Utramque
2941 550 3155 606 videtur
3199 549 3512 608 confudisse
3555 553 3757 610 Hiero-

2157 635 2372 692 nymus,
2421 629 2482 674 ut
2525 628 2581 692 et
2625 620 2852 676 Orosius
2906 621 3106 692 aliique
3160 622 3301 678 forte
3353 634 3603 690 veteres;
3654 626 3754 682 sed

2161 691 2386 746 alteram
2418 692 2487 763 ab
2511 691 2682 746 altera
2710 692 2984 748 subtiliter
3012 691 3345 763 Augustinus
3380 695 3666 761 discrevit,
3701 705 3754 753 et

2156 763 2226 836 de
2279 763 2390 818 sola
2442 761 2558 836 fere
2607 763 2718 836 Dei
2756 765 2924 834 gratia
2977 779 3076 832 per
3104 761 3387 836 Christum
3433 767 3755 836 disputavit.

2157 833 2319 910 Nam,
2353 832 2494 910 quod
2536 832 2887 910 πηοτιμίιήοη
2913 835 3096 910 semel
3146 835 3288 903 (Lib.
3321 838 3384 890 de
3410 832 3566 892 Pace.
3599 838 3753 910 Orig.

2156 921 2205 959 ι.
2232 905 2354 977 Ξιῦ),
2383 905 2438 977 in
2465 920 2622 958 causa
2650 906 2872 960 duorum
2903 906 3189 972 hominum,
3227 925 3441 977 quorum
3466 927 3557 974 per
3589 905 3757 965 unum

2154 976 2430 1030 venundati
2450 992 2628 1030 sumus
2658 977 2754 1031 sub
2774 989 3002 1048 peccato,
3029 995 3118 1044 per
3137 976 3357 1032 alterum
3385 981 3693 1034 redimimur
3721 999 3758 1035 α

2156 1049 2376 1121 peccatis
2391 1063 2545 1121 ἦρεν
2573 1063 2726 1101 unum
2754 1050 3063 1121 pracipitati
3089 1065 3264 1104 sumus
3289 1051 3343 1104 in
3373 1060 3611 1116 mortem,
3659 1069 3758 1121 per

2156 1067 2412 1115 peccatts,‘
2456 1067 2545 1114 per
2573 1067 2726 1101 unum
2790 1067 3062 1118 ractpuau
3089 1067 3264 1104 sumus
3289 1067 3343 1104 tn
3373 1067 3611 1116 mortem,
3659 1069 3757 1121 per

2156 1118 2374 1191 alterum
2401 1117 2676 1191 liberamur
2696 1067 2787 1172 at!)
2787 1121 2943 1173 vitam
2968 1136 2986 1173 :
3005 1137 3221 1189 quorum
3243 1121 3332 1174 ille
3352 1137 3443 1176 nos
3467 1122 3520 1175 in
3546 1139 3605 1176 se
3630 1140 3757 1191 per-

2154 1189 2552 1264 diditfaciendo
2578 1190 2895 1264 voluntatem
2919 1206 3087 1264 suam,
3117 1208 3219 1264 non
3248 1193 3357 1264 ejus
3382 1209 3415 1246 a
3443 1209 3542 1264 quo
3572 1189 3754 1264 factus

2154 1267 2260 1325 est;
2284 1261 2378 1313 iste
2405 1276 2498 1313 nos
2521 1261 2576 1313 in
2597 1277 2649 1314 se
2674 1262 2842 1315 salvos
2869 1261 3008 1329 fecit,
3037 1279 3138 1315 non
3165 1262 3402 1331 faciendo
3428 1261 3754 1320 voluntatem

2152 1346 2320 1407 suam,
2349 1339 2438 1407 sed
2471 1333 2582 1402 ejus
2610 1349 2642 1386 a
2666 1348 2765 1398 quo
2796 1333 3114 1407 missus_e_st,°
3144 1335 3196 1407 in
3218 1334 3423 1407 horum
3466 1353 3590 1407 ergo
3618 1337 3756 1391 duo-

2152 1417 2265 1474 rum
2287 1401 2550 1455 hominum
2569 1419 2725 1474 causa
2745 1405 2950 1474 praprie
2968 1403 3095 1472 ﬁdes
3119 1404 3394 1459 christiana
3416 1401 3670 1461 consistit.

2222 1469 2330 1526 Cur
2359 1481 2538 1549 autem
2565 1473 2724 1528 aliter
2747 1469 3114 1549 Hieronymus
3145 1475 3343 1544 egerit,
3371 1477 3527 1549 aliter
3554 1481 3752 1549 Augu-

2152 1544 2350 1618 stinus,
2378 1545 2433 1597 in
2466 1554 2718 1616 promptu
2749 1544 2972 1618 videtur
2991 1559 3112 1601 esse
3153 1561 3336 1600 causa.
3377 1544 3754 1618 Hieronymus

2151 1615 2512 1685 quaesriouem
2544 1617 2794 1670 tractavit
2815 1617 2962 1671 velut
2979 1626 3094 1671 orta
3117 1625 3201 1672 est
3226 1632 3292 1672 ex
3310 1615 3617 1676 assertione
3643 1622 3752 1676 im-

2152 1687 2486 1761 peccantiat;
2515 1688 2849 1761 Augustinus
2863 1688 3290 1761 velut‘factaex
3331 1689 3449 1745 loco
3489 1691 3750 1761 Apostoli

2151 1772 2312 1826 quem
2355 1756 2614 1812 diximus.
2656 1760 2816 1827 Atqui
2863 1758 3150 1827 Pelagiana
3199 1756 3574 1828 impeccantia,
3628 1765 3750 1820 suis

2153 1829 2397 1903 superba
2425 1829 2653 1903 viribus,
2698 1829 2978 1903 quodlibet
3025 1830 3116 1884 Dei
3146 1829 3470 1898 adjtttorium
3513 1848 3754 1903 sperne-

2155 1899 2279 1963 bat;
2305 1900 2400 1954 sed
2428 1899 2580 1955 locus
2610 1899 2852 1969 Apostoli
2880 1901 3150 1956 Adamum
3180 1916 3374 1957 novum
3401 1917 3524 1959 cum
3547 1899 3750 1962 vetere

2154 1971 2226 2047 ita
2257 1969 2587 2047 conferebat,
2637 1980 2696 2026 ut
2736 1972 2862 2027 novi
2889 1972 3116 2042 gratiam
3143 1974 3341 2030 veteris
3376 1985 3605 2044 peccato
3631 1991 3744 2047 po-

2154 2042 2347 2096 tiorem
2373 2042 2704 2097 ostenderet.

2225 2114 2401 2188 Atque
2451 2113 2577 2167 inde
2607 2113 2837 2188 quisque
2885 2121 3062 2188 potest
3108 2115 3268 2188 facile
3306 2117 3636 2188 intelligere,
3686 2128 3750 2176 et

2154 2183 2412 2258 quamob
2440 2183 2910 2258 rem_sc_rip_torum
2938 2187 3028 2258 alii
3068 2187 3190 2242 aliis
3219 2183 3550 2258 argumeniis
3580 2183 3749 2245 uian-

2157 2265 2242 2308 tur
2272 2256 2531 2332 adversus
2562 2255 2899 2325 Pelagianos,
2930 2256 3138 2332 diversa
3170 2255 3314 2332 enim
3363 2259 3561 2315 diversi
3606 2261 3751 2332 dog-

2153 2335 2295 2401 mata
2344 2327 2783 2401 impugnant;_et
2830 2343 2933 2396 qua
2979 2327 3192 2401 ratione
3234 2330 3569 2400 Augustinus
3618 2327 3748 2401 ipse

2153 2397 2314 2451 aliter
2343 2396 2396 2452 in
2431 2398 2568 2451 libro
2593 2397 2661 2451 de
2685 2396 2883 2453 Natura
2913 2409 2970 2452 et
2997 2398 3204 2463 Gratia,
3234 2396 3391 2457 alit—er
3414 2401 3468 2456 in
3496 2396 3748 2460 libro'de

2153 2468 2336 2542 Gratia
2366 2467 2569 2542 Christi
2591 2468 2967 2542 disputaverit.
2999 2469 3285 2542 lllicrenim
3312 2483 3498 2527 contra
3524 2472 3747 2542 impec-

2152 2539 2410 2664 gattttiam,
2442 2539 2529 2594 hic
2569 2555 2666 2610 pro
2695 2539 2963 2596 beneficio
3008 2541 3208 2597 Christi
3238 2543 3524 2599 salvatoris
3551 2539 3746 2602 certa-

2190 2625 2218 2663 a
2251 2650 2264 2664 .

2190 2618 2264 2664 at.

2225 2681 2565 2757 Sediterum
2591 2683 2654 2757 in
2685 2683 2853 2752 gratia
2882 2683 2975 2738 Dei
3005 2698 3103 2754 per
3129 2682 3405 2740 Christum
3435 2686 3536 2741 tria
3581 2702 3746 2757 qua:-

2153 2751 2539 2827 dam_discerui
2571 2751 2792 2827 debent,
2826 2751 3023 2827 nempe
3047 2757 3190 2824 quod
3223 2772 3318 2824 per
3338 2751 3615 2812 Christum
3641 2760 3745 2827 sit,

2153 2823 2292 2895 quod
2320 2826 2764 2894 Supernaturalis,
2797 2838 2849 2881 et
2880 2825 3021 2895 quod
3050 2823 3283 2895 gratuita
3313 2846 3325 2880 :
3357 2843 3481 2883 nam
3520 2840 3574 2884 et
3600 2823 3744 2884 con;

2151 2894 2322 2949 fertur
2343 2906 2564 2965 pr0pter
2586 2894 2938 2951 mediatorem
2965 2894 3068 2952 Dei
3085 2909 3142 2952 et
3170 2900 3473 2964 hominum,
3499 2912 3555 2955 et
3573 2910 3746 2955 natu-

2151 2979 2226 3019 ra:
2253 2966 2396 3041 vires
2425 2970 2653 3022 amissas
2681 2969 2934 3041 restituit.
2954 2976 3010 3022 et
3027 2969 3259 3024 liberum
3284 2970 3568 3041 arbitrium
3593 2978 3747 3041 pra:-

2150 3037 2324 3111 venit,
2359 3037 2461 3092 hoc
2507 3047 2611 3105 est,
2646 3038 2806 3111 nullis
2850 3038 3012 3092 datur
3039 3055 3103 3094 ex
3147 3040 3375 3095 meritis.
3425 3041 3540 3107 Qua
3580 3037 3746 3111 parte

2150 3107 2430 3180 confertur
2471 3117 2694 3179 propter
2731 3106 3030 3175 Christum,
3067 3111 3239 3180 gratia
3272 3106 3470 3166 sanans
3499 3106 3741 3180 dicitur;

462 3173 563 3243 pus
589 3173 930 3253 et_anir_nam,
962 3187 1171 3253 canone
1195 3173 1413 3253 primo;
1442 3175 1510 3227 de
1543 3173 1764 3253 traduce
1799 3176 2040 3253 peccati,
2072 3186 2117 3250 ρ
2147 3193 2262 3253 qua
2278 3178 2422 3234 vires
2452 3173 2693 3253 praestat,
2723 3173 3179 3249 supernatat-alis;
3213 3197 3316 3249 qua
3350 3184 3542 3237 merita
3586 3173 3742 3253 prta;

462 3245 732 3317 secundo;
765 3247 833 3300 de
852 3246 1050 3314 gratia,
1084 3245 1247 3317 tertio
1268 3252 1323 3298 ct
1348 3245 1804 3317 consequentibus
1824 3249 2044 3317 reliquis

461 3316 762 3372 doctrinam
791 3317 1051 3372 Ecclesia:
1079 3315 1270 3370 ordine
1299 3315 1541 3370 tradidit.

531 3389 860 3457 Augustinus
898 3387 1066 3458 probe
1115 3387 1421 3456 intelligens
1469 3402 1685 3442 causam
1735 3387 2043 3457 disputandi

462 3458 531 3514 de
559 3460 730 3528 gratia
773 3459 867 3514 Dci
902 3457 1027 3513 cum
1076 3457 1377 3528 Pelagianis
1423 3459 1700 3513 exstitisse
1731 3460 1922 3526 partim
1976 3476 2042 3514 ex

462 3530 707 3599 Apostoli
727 3530 848 3584 loco
874 3528 1051 3599 (Rom.
1078 3529 1134 3600 ν)
1165 3530 1252 3583 ubi
1284 3529 1418 3583 duos
1451 3531 1591 3584 inter
1620 3539 1823 3583 natura:
1855 3530 2043 3584 huma-

464 3615 548 3654 na:
597 3601 884 3668 principes,
934 3600 1199 3654 Adamum
1248 3610 1616 3667 corruptorem
1670 3611 1723 3653 ct
1764 3601 2041 3656 Christum

467 3672 904 3734 iustauratorem,
936 3671 1272 3742 comparatio
1304 3671 1620 3742 instituitur,
1654 3680 1708 3725 et
1739 3673 1880 3725 unde
1919 3688 2040 3742 pec-

466 3751 644 3796 catum
692 3742 952 3809 originale
997 3741 1350 3795 invictissime
1398 3741 1689 3809 probatur;
1736 3741 1932 3811 partim
1974 3760 2039 3798 ex

464 3813 815 3885 itnpeccantia
857 3829 887 3867 a
919 3812 1221 3885 Pelagianis
1247 3811 1610 3885 depraedicata
1639 3829 1652 3867 :
1686 3815 1783 3868 hac
1815 3824 2043 3885 utraque

464 3883 748 3955 occasione
775 3884 842 3940 de
871 3887 1046 3955 gratia
1077 3884 1315 3937 scribere
1356 3883 1595 3955 ittcmpit,
1647 3893 1757 3937 tum
1792 3887 1842 3938 in
1890 3883 2042 3939 libris

462 3954 531 4007 de
557 3953 902 4010 Peccatorum
932 3955 1154 4020 Meritis,
1196 3963 1250 4008 ct
1280 3955 1330 4006 in
1363 3953 1539 4019 Opere
1579 3966 1945 4022 consequente
1973 3956 2043 4011 de

462 4025 663 4092 Spiritu
695 4036 748 4079 et
777 4027 1004 4089 Littera,
1036 4025 1278 4093 libroque
1303 4024 1369 4079 de
1395 4024 1592 4081 Natura
1620 4035 1676 4082 et
1695 4025 1904 4094 Gratia,
1927 4035 2040 4081 tum

461 4096 514 4150 itt
542 4095 680 4151 libro
705 4097 771 4152 de
795 4098 975 4152 Gratia
1005 4095 1228 4162 Cltristi,
1252 4104 1360 4150 etc.

533 4167 766 4236 ldipsum
796 4169 1043 4238 Palagius
1066 4167 1125 4220 in
1146 4167 1288 4222 libro
1311 4167 1378 4221 de
1398 4165 1594 4222 Natura
1621 4166 1894 4235 indicavit,
1915 4182 2038 4222 cum

461 4237 742 4310 scriberet,
766 4237 940 4308 primo
967 4239 1027 4292 de
1059 4255 1115 4292 eo
1159 4238 1525 4308 disputandum
1551 4240 1689 4308 quod
1723 4255 1814 4310 per
1859 4255 2042 4310 pecca-

462 4319 569 4379 tum
598 4309 859 4363 debilitata
888 4311 1078 4364 dict‘tur
1107 4318 1151 4379 et
1182 4311 1452 4363 immutata
1481 4320 1684 4364 natura.
1718 4309 1923 4376 Primo,
1954 4309 2039 4364 itt-

461 4378 598 4445 quit.
630 4379 680 4434 id
705 4389 788 4435 est
813 4391 1100 4449 antequam
1129 4380 1196 4434 de
1221 4380 1486 4449 adjutorio
1514 4381 1701 4449 gratia:
1736 4379 1802 4434 ad
1842 4394 2040 4435 sanan-

462 4449 585 4502 dam
627 4458 870 4505 naturam
920 4450 1289 4506 controversia
1338 4461 1634 4506 moveatur.
1669 4450 1787 4518 Quo
1832 4451 1883 4504 iu
1920 4452 2039 4507 loco

463 4518 686 4593 legenda
721 4521 1002 4593 Augustini
1043 4523 1438 4591 argumentatio
1479 4520 1617 4593 (Lib.
1661 4523 1724 4574 de
1761 4520 1966 4576 Natura
1994 4531 2041 4576 et

459 4588 610 4662 Grai.
643 4608 688 4644 c.
716 4588 830 4662 l9),
863 4588 1266 4661 corruptionem
1307 4601 1363 4647 et
1393 4588 1639 4646 morbum
1684 4607 1752 4646 ex
1799 4593 2039 4648 remedio

454 4661 849 4717 concludentis.
902 4664 1041 4731 Quid
1071 4672 1302 4727 sanatur,
1343 4664 1387 4717 si
1415 4663 1545 4716 nihil
1585 4671 1657 4718 est
1693 4661 2038 4731 uulneratum,

459 4731 592 4805 nihil
607 4736 914 4804 sauciatam,
928 4735 1058 4788 nihil
1080 4735 1400 4788 debilitatum
1419 4744 1569 4805 atque
1583 4735 1853 4805 vitiatum?
1873 4734 2039 4789 Porro

459 4803 504 4876 s_i
531 4813 603 4856 est
631 4807 770 4876 quod
799 4803 1028 4869 sanetur,
1061 4815 1134 4859 est
1163 4806 1301 4860 unde
1333 4803 1566 4858 vitiatum
1594 4806 1682 4859 sit.
1718 4804 1879 4859 Audis
1920 4822 2042 4860 con-

458 4874 706 4942 fitentem,
742 4878 866 4946 quid
908 4877 1168 4930 desideras
1203 4876 1595 4946 disputantem?
1634 4876 1800 4941 Sana,
1851 4878 2038 4943 inquit,

458 4945 684 5000 animam
709 4945 868 5001 meam
895 4947 1069 5019 (Psal.
1095 4963 1188 5012 XL,
1207 4945 1286 5017 5).
1316 4946 1511 5019 Αθξιιο
1539 4963 1709 5019 qurere
1733 4947 1870 5019 unde
1887 4949 2041 5002 vitia-

457 5024 561 5088 tum
587 5019 653 5071 sit
679 5020 815 5088 quod
843 5018 1020 5072 sanari
1035 5028 1204 5088 rogat,
1225 5027 1272 5072 et
1302 5018 1426 5072 audi
1453 5018 1591 5088 quod
1611 5018 1839 5086 sequitur
1862 5036 1880 5073 :
1905 5019 2043 5085 Quo-

457 5086 592 5139 niam
619 5086 821 5156 peecavi
852 5089 960 5144 tibi.

531 5157 828 5214 Videndum
860 5168 1006 5215 esset
1035 5160 1292 5229 deinceps
1314 5159 1510 5230 quibus
1528 5161 1861 5230 argumentis
1881 5161 2039 5230 fides,

455 5227 572 5302 sive
600 5245 630 5284 a
672 5230 955 5286 catholicis
1003 5227 1342 5302 propugnata’
1383 5232 1472 5298 sit,
1501 5227 1616 5287 sive
1656 5232 1725 5286 ab
1768 5227 2042 5288 haereticis

456 5299 813 5374 impugnata:
848 5299 1039 5374 verum
1064 5299 1120 5358 id
1159 5299 1330 5374 totum
1357 5313 1410 5358 et
1437 5317 1466 5356 a
1493 5303 1650 5358 nobis
1689 5302 1754 5357 ad
1798 5305 2044 5374 proposi-

456 5379 566 5425 tum
612 5373 949 5446 sufﬁcienter
980 5373 1133 5446 (Cap.
1164 5374 1199 5427 2
1229 5373 1387 5445 hujus
1416 5374 1672 5444 dissert.),
1713 5383 1770 5429 et
1807 5375 1876 5430 ab
1902 5373 2040 5431 aliis

454 5445 794 5499 abundanter
846 5446 911 5499 ad
954 5446 1318 5500 eruditionem
1363 5454 1647 5500 tractaturo
1701 5455 1803 5499 est.
1863 5447 2041 5512 Quare

453 5515 711 5586 nonnulla
741 5526 948 5570 tantum
975 5517 1310 5572 observanda
1341 5531 1485 5582 reor,
1521 5518 1832 5586 priusquam
1865 5516 1932 5570 ad
1954 5531 2041 5573 se-

453 5585 682 5657 cundam
717 5597 925 5654 partem
957 5587 1362 5642 dissertationis
1384 5587 1584 5657 gradus
1620 5585 1729 5642 fiat.

526 5649 632 5709 Sed
658 5649 798 5712 inter
826 5658 1052 5728 gratiam
1079 5659 1194 5723 Dei,
1219 5674 1336 5728 quae
1353 5649 1674 5725 simpliciter
1699 5657 1796 5713 Dei
1817 5657 2037 5727 dic-itur,

456 5731 510 5777 et
536 5739 655 5794 qua:
678 5742 772 5796 per
800 5729 1100 5798 (Christum,
1135 5732 1261 5798 poni
1291 5729 1454 5784 debet
1497 5729 1818 5784 nonnullum
1851 5729 2043 5784 discri-

456 5806 604 5868 men,
635 5797 814 5870 quoad
847 5797 1161 5856 historicum
1187 5801 1329 5856 hunc
1358 5800 1536 5855 locum
1563 5815 1578 5852 :
1601 5799 1670 5855 de
1696 5800 1878 5872 priore
1894 5801 2036 5875 enim

2147 3250 2312 3322 cedit,
2337 3251 2565 3322 gratuita
2590 3261 2646 3305 et
2678 3253 3034 3320 praeveniens.
3067 3253 3141 3307 De
3161 3256 3333 3322 gratia
3356 3250 3746 3312 sanante'sunt

2148 3319 2262 3377 fere
2291 3336 2480 3376 omnes
2509 3319 2794 3391 Augustini
2822 3321 2942 3377 libri
2977 3319 3240 3377 adversus
3271 3324 3740 3392 Pelagianosised

2149 3392 2241 3446 ille
2282 3395 2536 3456 maxime,
2576 3393 2667 3462 qui
2708 3392 2778 3447 de
2815 3392 3000 3448 Gratia
3043 3392 3244 3449 Christi
3283 3395 3636 3461 inscribitur;
3671 3398 3746 3454 de

2146 3463 2456 3531 adjuvante,
2487 3473 2614 3518 sunt
2643 3463 2871 3532 priores,
2903 3464 2950 3518 si
2994 3465 3155 3520 modo
3191 3465 3439 3533 epistola:
3483 3468 3744 3535 quaedam

2145 3535 2514 3607 excipiantur;
2563 3535 2629 3607 ad
2677 3535 3003 3607 excitantem
3051 3538 3385 3604 posteriores
3434 3540 3737 3607 pertinent.

2147 3605 2508 3674 Hieronymus
2545 3605 2611 3659 de
2638 3606 2926 3675 adjuvante
2954 3612 3172 3673 copiose
3202 3605 3447 3676 scripsiti
3481 3608 3549 3662 de
3582 3611 3744 3665 exci-

2145 3685 2292 3753 tante
2330 3678 2416 3730 vix
2459 3675 2948 3753 quidquatneffatu
2979 3677 3236 3745 dignum;
3279 3675 3445 3735 immo
3473 3692 3600 3734 sunt
3644 3682 3745 3753 qui

2147 3745 2246 3801 hac
2269 3750 2320 3800 iu
2353 3745 2505 3817 parte
2529 3757 2725 3817 negent
2750 3747 3023 3817 inculpate
3046 3760 3340 3805 versatum.

2142 3863 2169 3925 ς
2193 3861 2228 3911 ῐ.
2267 3861 2384 3921 Quze
2409 3868 2463 3912 et
2483 3861 2726 3928 quomodo
2743 3864 3041 3928 quaestiones
3065 3871 3190 3928 naue
3214 3865 3311 3914 sint
3329 3864 3394 3913 de
3435 3866 3592 3926 gratia
3611 3865 3740 3928 Dei,

2206 3934 2450 3987 quatenus
2469 3923 2547 3974 est
2565 3937 2652 3987 per
2673 3923 2937 3984 Christum,
2959 3933 3010 3974 et
3032 3926 3244 3975 vitiatam
3269 3923 3488 3977 naturain
3512 3937 3678 3979 sanat.

2214 4031 2624 4087 Observandum
2651 4031 2825 4100 primo
2848 4030 3174 4100 Ecclesiam,
3203 4041 3326 4087 tunc
3347 4048 3468 4087 cum
3492 4048 3745 4091 canones

2142 4101 2385 4157 Africani
2431 4103 2817 4169 conderentur,
2873 4101 2942 4156 de
2985 4103 3162 4171 gratia
3214 4104 3306 4157 Dei
3339 4118 3436 4172 per
3460 4103 3743 4162 Christum

2143 4184 2330 4229 contra
2359 4174 2677 4243 Pelagianos
2722 4174 2827 4227 tria
2859 4172 3198 4242 potissimum
3246 4174 3574 4230 defendisse.
3618 4175 3745 4231 Pri-

2143 4259 2312 4315 mum,
2359 4246 2580 4315 gratiam
2630 4243 2746 4307 Dei,
2787 4244 2841 4297 in
2888 4259 2991 4312 qua
3027 4243 3382 4315 justificamur
3426 4261 3515 4314 per
3551 4243 3742 4300 Iesum

2142 4313 2396 4368 Christum
2424 4313 2698 4368 Dominum
2737 4323 2991 4379 nostrum,
3030 4313 3133 4368 non
3167 4317 3234 4367 ad
3278 4313 3440 4368 solam
3469 4316 3741 4370 remissio-

2142 4402 2258 4439 nem
2301 4395 2621 4456 peccatorum
2648 4387 2831 4457 (ualere
2871 4401 2984 4452 quae
3021 4389 3138 4457 jam
3176 4387 3446 4440 commissa
3471 4397 3614 4451 sunt,
3647 4388 3745 4441 sed

2143 4455 2401 4509 etiamad
2429 4455 2740 4527 adjutorium
2781 4465 2838 4508 ut
2874 4469 2975 4527 non
3001 4455 3406 4510 committantur.
3454 4458 3742 4527 Alterum,

2143 4528 2370 4581 eamdem
2413 4523 2510 4581 Dei
2548 4527 2765 4595 gratiam
2797 4542 2888 4597 per
2925 4523 3103 4580 Iesum
3145 4527 3402 4580 Christum
3447 4523 3745 4582 Dominum

2145 4609 2396 4662 nostrum,
2428 4613 2529 4650 non
2557 4605 2767 4668 propter
2791 4604 2886 4670 hoc
2909 4607 3104 4670 tantum
3139 4614 3231 4651 nos
3267 4599 3512 4670 adjuvare
3534 4597 3604 4650 ad
3633 4615 3749 4653 non

2146 4671 2482 4736 peccandum,
2513 4670 2633 4737 quia
2665 4684 2754 4733 per
2783 4668 2948 4737 ipsam
2975 4668 3118 4721 nobis
3149 4668 3403 4722 revelatur
3421 4677 3469 4722 et
3497 4670 3743 4739 aperitur

2143 4739 2484 4809 intelligentia
2523 4739 2906 4803 mandatorum,
2948 4747 3003 4792 ut
3045 4739 3268 4792 sciamus
3307 4739 3428 4808 quid
3467 4746 3744 4808 appetere,

2144 4811 2266 4878 quid
2286 4813 2446 4864 vitare
2474 4810 2768 4873 debeamus,
2799 4810 2886 4862 sed
2917 4810 3069 4863 etiam
3099 4826 3189 4879 per
3233 4811 3376 4864 illam
3415 4809 3560 4863 nobis
3599 4825 3748 4878 pra:-

2143 4882 2269 4935 stari
2313 4889 2365 4933 ut
2411 4881 2546 4951 quod
2591 4880 2881 4948 [sciendum
2923 4881 3332 4951 cognoverimus,
3365 4884 3517 4935 etiam
3563 4881 3747 4950 facere

2145 4950 2428 5024 diligamus
2448 4950 2910 5024 atquepaleamus.‘
2936 4950 3298 5024 Postremum.
3328 4952 3548 5020 gratiam
3569 4953 3750 5024 justi-

2146 5020 2405 5092 ﬁcationis
2435 5020 2538 5074 non
2559 5022 2672 5092 ideo
2703 5021 2847 5074 nobis
2877 5021 3012 5085 dari,
3043 5032 3098 5074 ut
3126 5022 3262 5085 quod
3301 5025 3468 5090 facere
3491 5020 3581 5092 per
3608 5020 3749 5075 libe-

2146 5090 2259 5147 rum
2280 5092 2524 5164 jubemttr
2559 5090 2843 5164 arbitrium
2855 5092 3061 5164 [acilius
3097 5093 3346 5164 possimus
3391 5091 3603 5162 implere
3645 5109 3748 5160 per

2144 5162 2413 5234 gratiam;
2431 5173 2693 5231 tamquam
2721 5170 2770 5214 et
2798 5162 2844 5215 si
2883 5163 3053 5234 gratia
3083 5178 3182 5215 non
3201 5163 3440 5234 daretur,
3482 5177 3586 5234 non
3612 5164 3746 5234 qui-

2145 5232 2261 5288 dem
2290 5233 2463 5305 facile,
2497 5234 2587 5286 sed
2616 5240 2785 5286 tamen
2815 5232 3094 5305 possimus,
3138 5233 3297 5286 etiam
3328 5234 3437 5285 sine
3475 5232 3590 5298 illa,
3633 5232 3748 5285 im-

2145 5301 2489 5376 plere'divina
2526 5301 2821 5376 prazcepta.
2851 5301 3002 5357 Unde
3023 5317 3364 5376 cognoscere
3391 5311 3558 5376 estea
3593 5310 3748 5376 tem-

2145 5372 2356 5446 pestate
2378 5372 2709 5444 disputatum
2733 5389 2838 5428 non
2861 5387 2980 5446 esse
3003 5374 3072 5429 de
3102 5373 3372 5446 adjutorio
3400 5372 3518 5438 Dei,
3537 5372 3745 5430 saltem

2145 5443 2352 5520 άυρίως,
2389 5443 2495 5515 qua
2542 5453 2695 5520 parte
2732 5443 3024 5520 gratuitum
3070 5454 3172 5520 est,
3207 5445 3303 5498 sed
3333 5457 3438 5513 qua
3464 5458 3748 5520 superna-

2144 5513 2322 5573 tttrale
2348 5513 2574 5582 tantum,
2597 5515 2699 5570 hoc
2719 5523 2823 5579 est,
2849 5514 3223 5584 impotentiam
3248 5524 3455 5569 natura:
3471 5513 3538 5568 ad
3563 5528 3746 5584 opem

2144 5590 2363 5656 pictatis
2385 5588 2536 5656 juvat
2559 5603 2573 5641 :
2607 5586 2748 5640 unde
2773 5584 2932 5639 etiam
2957 5585 3469 5656 constatepistolam
3494 5585 3596 5656 107
3622 5599 3748 5641 mn

2144 5655 2310 5714 fuisse
2336 5659 2589 5726 scriptam
2624 5658 2723 5711 nisi
2768 5664 2888 5724 post
2917 5667 3162 5727 tempora
3202 5655 3396 5727 synodi
3435 5655 3745 5724 Africana,

2143 5730 2296 5800 cujus
2322 5743 2559 5800 canones
2582 5728 2884 5800 attulimus.

2215 5795 2626 5856 Observandum
2653 5797 2915 5876 secundo,
2953 5798 3244 5856 occasione
3289 5796 3396 5855 loci
3422 5795 3748 5875 apostolici,
