3882 6284
145 215 239 272 6Ἱό

642 208 950 265 DISSE'RJ‘.
985 207 1091 263 ιλιι.
1128 206 1219 263 ΗΕ
1249 206 1435 263 ORTU
1471 207 1555 261 ΕΤ
1586 205 2047 265 INCREMENTIS
2076 207 2396 267 HERESIS
2424 208 2867 267 PELAGIANiE.

3290 214 3398 271 674

144 343 238 402 quo
265 333 486 402 uterque
516 324 682 402 Adam
713 323 1075 402 componitur,
1103 322 1477 402 gravissimam
1503 321 1705 402 Catho—
1731 330 1787 386 Α
1810 333 2057 402 quartam
2091 327 2328 402 exempli
2358 342 2385 380 a
2410 326 2627 402 Christo
2655 327 2790 402 dati,
2827 343 2946 402 quae
2974 329 3237 402 rationem
3267 334 3398 390 vitae

144 395 264 456 licos
300 400 437 451 inter
466 404 521 449 et
562 395 880 460 Pelagianos
918 395 1344 449 controversiam
1380 395 1656 448 exstitisse
1687 412 1698 446 :

144 487 226 528 cur
252 467 497 523 Christus
526 469 734 522 venerit
764 466 817 519 in
862 466 1001 519 hunc
1042 465 1297 519 mundum
1321 504 1336 529 ,
1374 480 1471 519 cur
1514 480 1703 534 passus

143 555 189 599 et
213 549 447 596 mortuus
468 539 559 601 sit,
584 536 854 603 quomodo
881 534 1143 605 profuerit
1164 536 1493 600 hominibus,
1510 537 1702 607 quibus

144 624 190 669 et
210 610 770 682 quantumprofuerit,
797 623 898 682 qua
930 609 1136 682 ratione
1166 624 1265 663 nos
1296 608 1382 664 vel
1410 623 1440 662 a
1463 609 1703 678 peccatis

144 679 265 739 vela
291 680 578 735 maledicto
599 682 735 751 legis
764 679 1071 734 redemerit.

201 754 358 809 Nemo
389 750 795 817 Pelagianorum
825 758 1064 805 mentem
1096 766 1245 806 suam
1272 766 1378 805 non
1420 750 1655 819 prodidit
1684 768 1697 804 :

141 825 400 905 obscurius
420 822 975 905 quidgmn'l‘heodorus
996 821 1047 905 in
1069 822 1698 905 symbolo‘hﬁubji‘neml;

141 897 358 966 apertius
379 892 516 966 vero
547 892 777 966 Rufinus
801 894 971 963 Syrus
998 895 1049 948 in
1076 892 1436 966 libelloiFidei
1468 892 1618 962 (Cap.
1644 892 1697 959 7,

139 964 184 1022 n.
208 966 341 1037 46);,
377 965 629 1034 Pelagius
678 965 729 1037 in
760 964 1301 1037 Gomtnentariisiad
1335 965 1510 1020 locum
1556 969 1699 1037 ᾼβθ-

138 1040 245 1093 stuli
277 1035 478 1105 '(l’arte
506 1051 544 1097 ι,
573 1053 621 1089 n.
656 1035 744 1105 7);
790 1035 1038 1090 Julianus
1087 1036 1140 1090 in
1183 1036 1364 1091 libello
1406 1051 1518 1091 suae
1549 1036 1699 1091 Fidei

284 1123 342 1175 ιι,
373 1123 430 1161 ιιι
457 1117 504 1160 et
530 1105 638 1178 ιν),
672 1118 726 1162 et
753 1107 805 1161 in
839 1106 1081 1176 pluribus
1109 1107 1240 1181 locis
1265 1107 1459 1178 Operis
1494 1107 1701 1178 Imper-

156 1182 265 1236 'ecti.

195 1249 502 1306 Theodorus
530 1267 541 1303 :
582 1248 734 1304 Venit
760 1252 1017 1304 secundus
1042 1248 1234 1316 Adam,
1264 1259 1320 1303 ut
1350 1248 1581 1319 futurum
1605 1267 1700 1303 uo-

136 1324 198 1377 bis
225 1322 626 1375 immortalitatis
670 1332 863 1375 statum
892 1322 1268 1392 manifestam,
1300 1330 1349 1377 α
1380 1337 1472 1374 nos
1516 1321 1584 1374 ad
1615 1322 1697 1375 sui

134 1395 446 1447 imitationem
473 1392 773 1448 adduceret.

197 1465 417 1519 Rufinus
441 1464 613 1534 Syrus
638 1481 649 1515 ε
686 1463 861 1529 Venit,
889 1472 943 1517 ut
968 1479 1139 1517 omnes
1161 1464 1317 1517 etiam
1342 1463 1569 1518 caelestes
1595 1466 1698 1518 vir-

132 1546 239 1589 tates
283 1534 629 1589 humilitatem
676 1534 901 1600 doceret,
947 1544 1002 1587 ut
1050 1551 1203 1588 suum
1244 1536 1534 1589 ostenderet
1577 1552 1697 1605 erga

137 1608 349 1661 homines
396 1621 641 1670 amorem,
694 1615 749 1658 ut
790 1622 882 1675 pro
914 1606 1131 1675 peccatis
1169 1615 1475 1673 moreretur,
1508 1616 1562 1659 ut
1598 1607 1695 1661 sibi

132 1678 432 1731 credentibus
470 1676 800 1744 adoptionem
844 1676 1120 1745 largiretur
1166 1678 1411 1746 regnique
1451 1676 1694 1732 caelorum

131 1724 499 1813 Mittens,"
510 1724 910 1817 exissent;
928 1724 1147 1800 "satis
1166 1724 1589 1801 satanas";
1610 1724 1694 1802 ἱξέ
1722 1724 1772 1784 Β

131 1820 254 1873 tandi
280 1821 479 1884 peccati
509 1817 776 1889 praeberet,
803 1828 859 1871 ut
887 1828 1013 1871 esset
1048 1818 1298 1871 mediator
1331 1817 1424 1871 Dei
1453 1829 1501 1871 et
1527 1820 1695 1873 homi-

82 1932 92 1942 .
132 1907 258 1956 num,
299 1891 540 1960 ipsosque
586 1890 728 1957 pacis
756 1889 962 1942 vinculo
992 1889 1045 1941 in
1073 1899 1374 1959 perpetuum
1402 1890 1691 1960 colligaret.

189 1959 463 2029 Pelagius:
487 1959 666 2024 Venit,
691 1968 749 2013 ut
772 1970 820 2013 et
849 1968 1009 2013 morte
1038 1976 1133 2013 sua
1159 1970 1368 2031 peccata
1393 1959 1690 2031 dimitteret,

128 2043 167 2086 et
183 2033 437 2105 jasiitiam
464 2033 628 2105 daret,
662 2042 709 2085 et
736 2046 827 2084 nos
866 2030 1323 2105 doceretpiodum
1371 2030 1690 2097 dilectionis,

129 2100 216 2171 qua
253 2103 421 2158 Deum
458 2100 815 2172 Christumque
860 2103 1032 2171 ipsum
1060 2102 1427 2172 diligeremus:
1470 2111 1526 2155 ut
1568 2104 1694 2173 quid

130 2175 249 2228 enim
282 2174 514 2228 Christus
543 2174 765 2227 indebite
788 2189 880 2243 pro
927 2173 1072 2227 nobis
1113 2182 1343 2227 mortuus
1385 2184 1481 2239 est,
1512 2175 1611 2228 nisi
1639 2184 1695 2229 ut

130 2245 473 2317 manifestareti
490 2261 634 2299 suam
660 2246 982 2317 charitatem,
1027 2260 1145 2297 cum
1174 2245 1341 2317 adhuc
1367 2256 1695 2317 peccatorum

130 2328 167 2370 ct
192 2317 435 2371 scelerum
457 2316 790 2387 languoribus
819 2316 1203 2387 premeremur?
1223 2315 1331 2387 Pro
1355 2315 1527 2384 impiis
1555 2332 1693 2371 mor-

130 2398 232 2441 tuus
257 2396 354 2452 est,
390 2398 445 2441 ut
474 2386 558 2441 ex,
579 2386 939 2456 beneﬁciorum
978 2386 1406 2458 contemplatione
1436 2389 1548 2458 ejus
1576 2404 1696 2458 gra»

129 2459 242 2511 tiam
265 2458 668 2522 commendaret,
696 2468 742 2511 et
770 2458 825 2510 in
853 2466 1073 2511 mercato
1102 2456 1272 2510 delicti
1309 2456 1555 2527 quantum
1578 2456 1697 2512 eum

128 2530 389 2589 debeamus
427 2530 641 2599 diligere
669 2528 1067 2594 demonstraret,
1088 2537 1146 2599 et
1176 2536 1320 2581 tanto
1364 2529 1609 2594 beneﬁcio
1650 2538 1697 2583 et

127 2612 288 2655 sancto
313 2618 382 2654 an
405 2598 601 2669 aliquid
628 2600 1029 2666 praeponendum
1051 2598 1118 2651 sit
1140 2599 1445 2662 videremus,
1473 2615 1587 2652 cum
1609 2599 1699 2654 ille

126 2670 253 2725 nobis
278 2673 451 2739 impiis
482 2687 573 2725 nec
601 2672 760 2723 vitam
778 2685 927 2722 suam
954 2671 1314 2740 praposuerit,
1348 2686 1439 2725 nec
1466 2686 1699 2724 necessa-

124 2744 242 2795 riam
273 2744 421 2796 nobis
448 2743 719 2812 denegaret
741 2748 974 2812 mortem.

176 2814 461 2867 Julianus:
481 2809 649 2865 Natus
677 2817 750 2864 est
778 2809 1011 2865 Christus
1041 2821 1093 2863 ut
1116 2811 1410 2865 universum
1446 2813 1699 2867 mundum

125 2900 149 2935 a
174 2884 401 2952 peccatis
427 2894 475 2937 et
496 2882 726 2952 exemplo
752 2892 1033 2943 revocaret,
1056 2891 1103 2934 et
1127 2883 1371 2951 patiendo
1395 2884 1697 2950 redimeret;

126 2955 235 3006 dum
270 2964 555 3025 peccatum,
604 2966 651 3005 et
695 2952 1031 3025 quasi‘Deus
1066 2953 1381 3025 ignoscendo
1408 2954 1601 3021 aufert,
1648 2966 1698 3008 et

128 3026 255 3093 quasi
271 3022 450 3087 homo,
482 3040 571 3091 per
598 3032 797 3076 natura:
824 3022 1234 3094 similitudinem,
1266 3025 1698 3094 quemadmodum

1810 395 1971 463 digne
1986 395 2295 453 Christiano
2318 400 2537 455 nomine
2558 400 2804 470 agendae,
2825 395 2973 454 velut
2990 401 3040 453 in
3061 404 3285 468 speculo
3301 405 3396 461 de-

1810 477 2108 526 monstret:
2140 471 2381 539 quintam
2411 471 2842 536 ilhiminationis,
2871 486 2975 540 qua
3003 471 3236 540 Spiritus
3262 490 3392 530 san-

1807 540 2022 613 ctus__in
2062 542 2296 613 animam
2328 542 2552 611 illapsus
2601 543 2781 598 cordis
2829 542 3017 597 oculos
3060 544 3286 613 aperiat,
3335 555 3392 603 et

1807 608 2677 686 intelligentiamsubministrat;
2730 622 2969 686 sextam,
3009 608 3110 684 qua
3158 608 3392 686 Spiritus

1805 690 2027 755 sanctus
2057 681 2118 755 in
2147 684 2279 752 ipsis
2309 700 2521 755 quoque
2551 683 2918 740 voluntatibus
2949 681 3224 754 operetur.
3257 687 3392 746 Tres

1807 751 2019 828 priores
2074 751 2291 809 aiebant
2328 751 2560 810 omnino
2607 756 2938 828 necessarias
2976 751 3056 828 ad
3117 758 3386 828 agendum

1805 821 1972 898 bene;
2000 828 2330 898 posteriores
2353 837 2559 881 tantum
2582 828 2777 892 utiles;
2800 826 2878 881 sic
2898 827 3042 882 enim
3067 821 3193 885 sua's
3219 829 3389 886 videri

1806 896 2033 966 possunt
2060 896 2199 966 apud
2227 912 2286 952 se
2315 900 2551 953 rationes
2578 899 2922 953 subduxisse.
3428 926 3451 961 si

1875 964 2057 1031 Nemo,
2071 964 2250 1040 potest
2269 971 2481 1038 operari
2505 969 2796 1039 quidquam
2826 968 3045 1040 dignum
3078 985 3247 1039 regno
3275 986 3389 1028 cm-
3428 972 3435 976 “

1804 1035 2005 1112 lorum,
2040 1035 2156 1112 qua:
2203 1035 2489 1112 haereditas
2523 1035 2667 1095 't-iliis'
2697 1050 2752 1096 et
2792 1035 3001 1096 merces
3033 1035 3234 1097 sanctis
3263 1059 3388 1112 pro-

1803 1107 1992 1172 missa,
2028 1109 2130 1162 nisi
2163 1119 2216 1163 et
2246 1109 2387 1165 filius
2412 1111 2500 1177 sit,
2531 1120 2585 1165 et
2614 1114 2819 1166 amicus
2854 1112 2973 1176 Dei,
3003 1119 3059 1167 et
3104 1107 3386 1171 mandato-
3426 1114 3436 1129 ⁸

1801 1193 1920 1255 rum
1944 1180 2120 1235 sciens
2150 1198 2162 1233 :
2186 1193 2312 1255 sunt
2334 1190 2512 1255 autem
2536 1185 2741 1249 Operati
2763 1182 2903 1237 bene
2930 1183 3195 1254 digneque
3218 1201 3385 1255 regno
3425 1194 3436 1208 ‘

1800 1250 2066 1327 geniorum
2127 1253 2328 1327 veteris
2390 1253 2719 1327 Testamenti
2782 1250 3009 1322 patres,
3071 1250 3380 1327 priusquam
3429 1256 3437 1273 ‘

1800 1321 2049 1395 Christ-us
2089 1324 2395 1395 exemplum
2426 1325 2745 1392 prmbuisset
2764 1321 3120 1395 sanctumque
3146 1321 3385 1384 dedisset

1798 1390 2091 1465 Spiritum;
2119 1390 2279 1465 igitur
2305 1411 2404 1450 nee
2429 1390 2628 1449 Christi
2657 1395 2986 1464 exemplum,
3011 1390 3110 1451 nec
3135 1401 3383 1465 operatio

1800 1462 2038 1531 Spiritus
2076 1481 2105 1518 a
2135 1464 2352 1521 Christo
2379 1466 2489 1520 dati
2519 1467 2584 1520 ad
2615 1467 2749 1520 bene
2779 1462 3043 1534 agendum
3076 1462 3382 1524 necessaria

1799 1544 1902 1597 est,
1944 1538 2040 1590 sed
2077 1537 2440 1592 conducibilis
2473 1546 2698 1591 tantum.
2747 1535 2866 1590 Jam
2898 1551 3024 1591 vero
3067 1554 3227 1594 nemo
3275 1540 3385 1596 dici

1801 1614 1979 1681 potest
2022 1606 2273 1681 libertate
2300 1607 2538 1681 arbitrii_
2560 1609 2878 1681 instructus,
2924 1606 3016 1675 qui
3046 1624 3152 1663 non
3182 1625 3383 1681 cogno-

1798 1676 1938 1749 verit
1966 1678 2095 1747 quid
2124 1680 2228 1734 sibi
2265 1680 2337 1734 sit
2371 1679 2657 1749 agendum,
2692 1678 2896 1749 quique,
2924 1692 3031 1732 non
3062 1676 3298 1747 potuerit
3327 1692 3383 1738 et

1797 1748 1939 1821 velle
1968 1760 2022 1803 et
2052 1760 2310 1817 prazstare
2336 1748 2478 1821 quod
2511 1751 2831 1817 imperatur.
2855 1748 3119 1821 siquidem
3154 1752 3379 1808 liberum

1798 1818 2081 1892 arbitrium
2108 1821 2180 1874 sit
2210 1818 2450 1892 potestas
2478 1820 2705 1876 faciendi
2739 1821 2938 1874 bonum
2968 1820 3110 1892 quod
3137 1821 3379 1892 jubetur,

1799 1898 1855 1942 et
1883 1891 2185 1964 declinandi
2207 1890 2237 1947 ὁ
2270 1892 2415 1947 malo
2439 1893 2579 1964 quod
2606 1892 2939 1964 prohibetur.
2967 1890 3268 1964 lmiper'atur
3288 1910 3384 1950 au-

1801 1968 1909 2033 tem
1941 1961 2180 2017 ﬁdelium
2211 1961 2545 2031 cuilibet,‘ut
2567 1971 2823 2033 operetur
2849 1961 3011 2031 digne
3033 1962 3168 2031 Deo,
3192 1975 3249 2019 et
3271 1966 3382 2022 hie-

1798 2031 2032 2088 reditate
2062 2035 2293 2089 filiorum
2325 2035 2439 2089 Dei.

1870 2103 2274 2160 Observandum
2306 2105 2467 2175 igitur
2510 2112 2727 2175 quarto,
2756 2103 3014 2173 quidquid
3052 2114 3136 2160 est
3169 2106 3378 2162 benefl-

1798 2172 1919 2245 ciia
1943 2174 2052 2231 Deo
2077 2192 2170 2245 per
2190 2172 2464 2231 Christum
2494 2172 2805 2231 hominibus
2829 2172 3104 2239 collatum,
3137 2179 3382 2235 revocari

1797 2260 1828 2297 ιι
1858 2244 2094 2317 Juliano,
2125 2257 2471 2313 ceterorum,
2506 2249 2719 2317 opinor,
2754 2256 2999 2317 mentem
3022 2263 3181 2316 quam
3212 2265 3380 2305 nove-

1798 2324 1883 2387 rat
1931 2316 2341 2387 interpretante,
2386 2320 2453 2374 ad
2510 2316 2697 2374 decem
2753 2319 2949 2387 capita.
2981 2316 3073 2372 Sic
3115 2322 3256 2373 enim
3305 2323 3381 2375 ait

1800 2386 1940 2461 (liib.
1971 2404 1988 2442 ι
2020 2386 2122 2458 0p.
2156 2386 2523 2461 Imperfscap.
2551 2390 2643 2460 94)
2670 2405 2683 2442 :
2713 2386 2947 2444 Gratiam
2979 2388 3173 2443 Christi
3203 2392 3381 2444 multi-

1799 2457 1982 2532 plicem
2012 2457 2343 2532 can/itemitr.
2366 2457 2483 2514 Hoc
2512 2457 2735 2532 primum
2764 2475 2947 2512 munus
2977 2462 3088 2532 ejus
3117 2471 3211 2523 est,
3241 2464 3381 2531 quod

1801 2530 1926 2598 facti
1968 2546 2029 2583 ea:
2060 2530 2225 2584 nihilo
2267 2547 2443 2585 sumus
2463 2548 2480 2594 ;
2514 2530 2827 2593 secundum,
2856 2531 2991 2598 quod
3022 2539 3077 2583 ut
3103 2530 3382 2587 viventibus

1798 2614 1968 2661 sensu,
1988 2604 2062 2654 ita
2081 2602 2412 2657 sentientibus
2432 2602 2632 2655 ratione
2655 2602 2975 2669 priestamus,
3000 2616 3112 2669 quae
3133 2604 3380 2668 impressa

1799 2678 1873 2723 est
1914 2671 2106 2735 animo,
2140 2682 2194 2725 ut
2241 2674 2521 2727 conditoris
2572 2674 2743 2743 imago
2790 2671 3076 2743 diceretur;
3123 2672 3193 2725 ad
3229 2675 3380 2741 cujus

1798 2755 1938 2808 teque
1960 2744 2165 2810 respicit
2191 2743 2491 2813 dignitatem
2514 2742 2714 2796 arbitrii
2741 2758 2977 2795 concessa
3007 2742 3253 2810 libertas;
3279 2746 3381 2811 ipsi

1798 2813 1951 2865 etiam
1977 2816 2159 2881 gratice
2191 2813 2552 2881 beneﬁciorum
2578 2830 2692 2883 qua:
2714 2813 2860 2866 nobis
2884 2823 3126 2882 prwstare
3154 2831 3254 2867 non
3299 2816 3384 2870 de-

1800 2883 1922 2956 sinit
1943 2894 2219 2954 augmenta
2245 2895 2578 2956 reputemus;
2612 2885 2724 2955 ipsa
2748 2886 2931 2956 gratia
2949 2886 3106 2954 legem
3136 2884 3190 2937 in
3219 2885 3380 2950 adiu-

1800 2955 1988 3026 torium
2014 2957 2169 3025 misit,
2194 2954 2313 3025 quia
2335 2955 2404 3009 ad
2432 2958 2543 3026 ejus
2565 2954 2822 3025 spectabat
2852 2954 3072 3023 oﬂicium
3094 2994 3107 3015 .
3138 2963 3193 3009 ut
3220 2956 3384 3009 ratio-

1801 3024 1880 3077 nis
1928 3028 2122 3089 lumen,
2169 3024 2311 3095 quod
2367 3024 2632 3097 pravitatis
2680 3025 2919 3097 exempla
2954 3026 3270 3097 hebetabant
3332 3035 3382 3080 et

129 3097 184 3171 de
212 3110 396 3171 cretero
425 3095 556 3171 vinci
585 3095 745 3171 possit
775 3093 1016 3171 ostendit.
1052 3093 1368 3171 pcipi-ense
1389 3095 1700 3171 baptismate
1721 3101 1767 3165 C
1798 3098 2110 3171 consuetudo
2139 3093 2398 3171 vitiorum,
2430 3096 2747 3171 multimodis
2774 3093 3148 3171 eruditionibus
3177 3098 3377 3171 excita-

129 3165 332 3220 Joannis
364 3182 465 3235 quo
497 3164 784 3237 baptizatus
810 3172 903 3229 est,
931 3164 1092 3218 dandi
1118 3164 1339 3234 exempli
1364 3167 1553 3237 gratia,
1586 3182 1693 3221 non

131 3239 218 3299 sui,
240 3234 609 3307 sicut'quidam
641 3234 835 3307 volunt,
869 3251 1023 3289 causa
1044 3238 1262 3306 peccati,
1306 3234 1441 3290 sicut
1480 3238 1587 3305 ipse
1618 3240 1691 3291 ait

131 3310 186 3359 ad
208 3305 460 3361 Joannem
483 3324 501 3361 :
527 3307 652 3377 Sine
670 3305 842 3372 modo,
872 3307 948 3359 sic
968 3305 1102 3360 enim
1125 3318 1322 3376 aportet
1347 3308 1562 3377 implere
1583 3325 1694 3362 om-

131 3395 229 3432 nem
263 3379 524 3451 justitiam
569 3376 781 3451 (Matth.
826 3391 905 3451 ιιι,
938 3377 1070 3451 15),
1105 3379 1321 3451 subjecit
1366 3394 1433 3451 se,
1459 3382 1691 3434 omnibus

133 3449 435 3520 passionibus
462 3449 652 3509 carnis.
692 3450 902 3519 ferendo
932 3450 1174 3520 esuriem,
1214 3450 1375 3517 sitiat,
1418 3450 1689 3520 lassitudi-

133 3518 246 3582 nem,
277 3520 529 3585 dolorem,
559 3518 797 3580 mortem,
825 3528 871 3572 et
909 3529 1093 3574 creterra
1122 3518 1423 3591 hujusmodi
1447 3538 1468 3575 :
1496 3518 1692 3576 Factus

133 3591 345 3661 obediens
402 3608 562 3661 usque
608 3591 676 3644 ad
720 3597 974 3655 mortem,
1035 3599 1251 3645 mortem
1299 3601 1474 3645 autem
1523 3594 1692 3647 crucis

133 3660 331 3733 (Philip.
367 3678 429 3727 ιι,
459 3660 539 3733 8).
588 3661 889 3733 Secundum
933 3662 1072 3732 quod
1126 3678 1221 3715 nos
1276 3664 1453 3716 beatus
1502 3661 1690 3717 Petrus

134 3733 308 3787 edocuit
332 3732 510 3787 dicens
537 3750 555 3787 :
589 3732 821 3787 Christus
870 3749 1055 3802 passus
1088 3743 1163 3785 est
1193 3749 1287 3801 pro
1333 3732 1495 3797 nobis,
1548 3734 1690 3787 vobis

132 3805 399 3873 relinquens
428 3805 738 3875 exemplum,
788 3811 864 3875 ut_
887 3804 1172 3875 sequamini
1196 3805 1408 3874 vestigia
1435 3812 1569 3875 ejus,
1599 3806 1691 3875 qui

133 3872 366 3947 pgcgatum
394 3892 500 3929 non
527 3872 683 3947 fecit,
712 3872 981 3947 necdolus
1021 3874 1257 3929 inventus
1283 3872 1355 3929 est
1382 3876 1434 3928 in
1455 3872 1550 3929 ore
1575 3872 1690 3947 ejus

134 3944 178 4011 (Ι
199 3944 332 4001 Petr.
364 3962 422 4013 ιι,
450 3945 567 4018 9.1).
621 3945 779 3999 Hunc
800 3944 958 4014 igitur
985 3946 1055 4018 ob
1090 3956 1319 3999 nostram
1362 3947 1580 4018 salutem
1595 3944 1692 4000 ἐε-

134 4018 330 4070 cundum
358 4016 570 4071 carnem
597 4032 809 4087 passum
843 4026 891 4067 et
913 4016 1188 4087 sepultum,
1223 4018 1375 4070 tertia
1405 4016 1489 4069 die
1516 4032 1690 4069 resur-

132 4089 315 4153 rexisse,
359 4098 405 4143 et
452 4098 508 4141 ut
536 4097 747 4141 mortent
778 4086 1078 4153 destrueret,
1110 4097 1157 4142 et
1184 4094 1239 4141 ut
1266 4087 1411 4141 nobis
1440 4088 1574 4140 viam
1600 4103 1683 4141 re-

133 4161 431 4231 surrectionis
459 4160 699 4231 aperiret.

188 4226 560 4285 Animadverte
596 4244 780 4299 porro,
830 4229 1071 4284 studiose
1114 4228 1303 4296 lector,
1350 4228 1486 4283 nihil
1535 4226 1686 4281 Ruti-

133 4312 238 4354 uum
275 4302 497 4363 dixisse,
530 4301 664 4355 nihil
694 4300 989 4371 Pelagium,
1032 4300 1428 4371 ιιιίἱιιιιιιιιιιιυᾳ
1446 4299 1689 4365 pluribus

132 4372 285 4426 verbis
306 4389 467 4441 quam
495 4373 636 4438 quod
656 4373 999 4441 paucioribus
1021 4370 1362 4425 Theodorus.
1387 4370 1519 4423 Nam
1541 4372 1687 4439 quod

133 4454 358 4506 prmerea
380 4444 660 4498 Christum
684 4444 1002 4513 scripserint
1024 4457 1122 4511 pro
1146 4441 1519 4509 peccatoribus
1542 4457 1629 4495 mo

133 4585 336 4640 versioni
365 4602 476 4641 non
508 4582 822 4655 praajndicat
846 4602 859 4637 :
889 4582 1157 4653 siquidem
1183 4582 1328 4637 aliud
1351 4582 1692 4655 nihilvolue-

134 4664 237 4727 runt
258 4658 482 4713 vocibus
504 4654 625 4711 tam
642 4658 941 4727 magnificis
973 4656 1231 4727 indicare,
1258 4663 1318 4709 ut
1346 4669 1421 4727 ex,
1441 4654 1690 4711 adductis

136 4726 424 4783 testimoniis
456 4736 691 4791 constat,
721 4724 879 4795 quam
913 4726 1054 4797 quod
1082 4724 1332 4797 Christus
1360 4726 1426 4779 ad
1454 4736 1686 4782 mortem

136 4808 280 4863 usque
302 4814 397 4853 nos
425 4799 703 4861 dilexerit,
726 4813 901 4868 eoque
927 4796 1180 4865 exemplo
1204 4796 1271 4851 ad
1293 4812 1351 4851 se
1382 4797 1499 4868 pari
1525 4797 1688 4853 modo

136 4868 491 4925 redavmandum
530 4871 862 4934 incitaverit,
908 4869 1142 4923 voluerit
1192 4883 1405 4938 quoque
1450 4868 1688 4924 indebite

136 4940 361 5007 moriens,
387 4950 445 4996 ut
474 4941 709 5011 loquitur
740 4941 1006 5009 Pelagius.
1036 4940 1372 5009 triumphare
1398 4938 1468 4995 de
1486 4949 1681 5007 morte,

135 5012 346 5077 atquein
378 5028 437 5068 se
466 5012 778 5074 osrendere,
829 5022 884 5066 et
927 5027 1032 5081 qua
1081 5011 1293 5065 ratione
1341 5026 1489 5065 mors
1541 5012 1685 5066 vinci

136 5091 312 5158 posset,
339 5093 394 5158 et
436 5082 744 5158 cujusmodi
779 5093 961 5138 nostra
1002 5096 1216 5152 quoque
1254 5084 1587 5139 resurrectio
1618 5082 1687 5137 ad

136 5154 571 5209 immortalitatem
602 5154 779 5208 futura
806 5163 971 5209 esset.

193 5221 583 5295 Observandum
638 5228 816 5290 tertio,
864 5224 1182 5295 Pelagianos
1235 5225 1421 5295 gratiae
1469 5223 1687 5294 quidem

137 5294 328 5368 nomine
371 5298 673 5368 appellasse
704 5306 948 5350 naturam
995 5294 1050 5350 et
1096 5294 1324 5368 liberum
1378 5296 1681 5368 arbitrium,

136 5366 257 5428 quod
295 5382 324 5420 a
352 5366 598 5422 creatore
639 5367 748 5421 Deo
790 5381 1111 5423 concessum
1161 5375 1244 5421 est
1285 5366 1512 5435 homini,
1565 5383 1686 5422 cum

137 5436 456 5507 conderetur,
495 5439 592 5493 sed
624 5440 908 5507 agnovisse
937 5448 1200 5507 prmterea
1239 5440 1465 5507 gratiam
1509 5450 1690 5493 sextu-

137 5504 275 5580 plicis
309 5510 521 5578 generis
552 5527 565 5561 :
602 5504 759 5563 unam
792 5504 999 5565 scilicet
1028 5504 1355 5578 adoptionis,
1388 5526 1507 5580 qua:
1551 5526 1685 5565 con-

134 5573 410 5633 fer-atur'in
449 5581 745 5648 baptismo;
795 5582 1018 5634 alteram
1064 5573 1689 5651 remissionis'peccato-

136 5661 424 5722 r_um,_qua:
475 5651 857 5718 penitentibus
914 5651 1102 5717 detur;
1178 5655 1391 5706 tertiam
1447 5655 1580 5722 legis
1637 5663 1691 5709 et

135 5718 368 5777 doctrina:
417 5725 733 5790 exterioris,
789 5738 911 5792 quae
962 5722 1105 5778 viam
1167 5723 1357 5780 salutis
1406 5718 1689 5795 ostendat;

1795 3176 1892 3233 ret,
1920 3176 2069 3235 atque
2089 3169 2309 3222 invitatu
2334 3184 2431 3223 suo
2460 3171 2669 3237 foveret.
2703 3167 2782 3220 Ad
2824 3168 2970 3219 istius
3009 3182 3129 3237 ergo
3176 3168 3376 3237 gratias,

1797 3238 1852 3289 id
1878 3247 1970 3301 est,
2004 3240 2191 3293 divina:
2236 3239 2614 3301 benevolentiae,
2659 3253 2775 3307 quis
2800 3237 2945 3290 rebus
2977 3254 3185 3291 causam
3214 3238 3379 3306 dedit,

1797 3307 2169 3377 plenitudinem
2191 3312 2451 3380 spectavit,
2474 3319 2531 3363 ut
2563 3307 2805 3380 Verbum_
2821 3324 2939 3361 caro
2972 3309 3115 3380 ﬁeret
3141 3320 3189 3361 et
3227 3311 3377 3362 habi-

1797 3389 1927 3433 taret
1966 3381 2019 3434 in
2062 3378 2239 3448 nobis;
2285 3398 2554 3451 reposcens
2591 3381 2725 3434 enim
2768 3378 2914 3451 Deus
2936 3379 2999 3431 ab
3027 3381 3248 3450 imagine
3287 3397 3380 3434 sua

1795 3452 1988 3504 amoris
2010 3453 2187 3512 vicem.
2220 3450 2392 3521 palam
2438 3452 2578 3521 fecit,
2609 3458 2860 3520 quantum
2898 3450 2950 3503 in
2983 3466 3075 3503 nos
3100 3452 3383 3504 inrestima-

1797 3522 1887 3575 bili
1916 3522 2100 3593 egisset
2125 3522 2338 3591 affectu,
2368 3533 2423 3576 ut
2449 3522 2529 3576 vel
2558 3537 2670 3575 sero
2706 3522 3085 3593 redamaremus
3120 3536 3256 3585 eum,
3290 3522 3380 3591 qui

1794 3590 2156 3647 commendans
2185 3590 2492 3649 charitatem
2522 3608 2673 3647 suam
2712 3591 2877 3656 nobis,
2907 3590 3019 3663 ﬁlio
3038 3607 3132 3645 suo
3161 3608 3261 3646 non
3293 3590 3383 3663 pe-

1796 3666 1978 3731 percit,
2017 3666 2105 3718 sed
2147 3682 2238 3730 pro
2286 3664 2430 3718 nobis
2475 3664 2628 3717 illum
2668 3662 2882 3715 tradidit
2928 3662 3105 3733 (Rom.
3134 3678 3252 3726 vm,
3286 3662 3377 3730 3);

1793 3734 2042 3803 pollicens
2087 3737 2212 3806 quia
2245 3738 2289 3789 si
2338 3736 2672 3789 voluissemus
2713 3734 2946 3802 deinceps
2980 3733 3233 3806 voluntati
3261 3736 3380 3806 eius

1797 3805 2016 3870 obedire,
2043 3803 2289 3877 unigeniti
2306 3807 2383 3861 sui
2404 3814 2670 3875 praestaret
2684 3820 2776 3858 nos
2790 3818 2907 3877 esse
2919 3804 3225 3859 cohteredes.
3247 3803 3381 3859 Hrce

1794 3894 1914 3948 ergo
1941 3874 2276 3948 gratia,'qute
2300 3880 2360 3948 in
2379 3874 2680 3948 baptismate
2704 3892 2802 3948 non
2827 3874 2994 3948 solum
3023 3884 3232 3948 peccata
3254 3892 3375 3929 con-

1794 3944 1976 4011 danai,
2016 3948 2108 4001 sed
2151 3944 2303 4001 etiam
2342 3947 2601 4000 hominem
2644 3944 2979 4014 indulgentia:
3027 3946 3289 4013 beneﬁcio,
3332 3955 3382 3999 et

1792 4018 2046 4087 provehit,
2076 4026 2124 4071 et
2154 4020 2390 4086 adoptat,
2423 4027 2470 4070 et
2507 4026 2786 4087 consecrat,
2806 4024 2922 4087 ielc.

1868 4089 1997 4141 Post
2022 4097 2128 4141 tam
2162 4090 2422 4156 prolixam
2452 4086 2651 4142 Juliani
2687 4086 3103 4149 confessionem,
3135 4086 3380 4153 queritur

1792 4158 2145 4229 Augustinus,
2175 4175 2337 4213 unum
2366 4157 2620 4227 quiddam
2656 4156 3077 4229 praetermissum
3098 4196 3112 4218 ,
3141 4172 3246 4225 quo
3275 4173 3375 4227 po-

1795 4226 1938 4283 terat
1988 4229 2257 4284 confessio
2306 4226 2600 4298 prObabilis
2651 4227 2788 4280 fieri.
2842 4226 3128 4295 Subjungit
3180 4226 3325 4283 enim
3366 4248 3380 4283 :

1793 4300 1967 4354 Homo
1998 4299 2302 4370 Pelagiane,
2336 4300 2562 4353 charitas
2598 4300 2707 4370 vul-t
2739 4298 2945 4362 bonum,
2974 4306 3021 4353 ct
3051 4299 3277 4354 charitas
3318 4316 3383 4355 etc

1792 4370 1906 4425 Deo
1934 4382 2037 4442 est,
2066 4382 2111 4425 et
2136 4369 2242 4424 non
2285 4388 2374 4441 per
2418 4370 2544 4443 legis
2586 4369 2844 4437 litteram,
2873 4372 2961 4424 sed
3010 4387 3100 4441 per
3140 4372 3379 4439 spiritum

1635 4457 1687 4514 r-
1714 4460 1766 4514 ἡ
1791 4444 1994 4514 gratim,
2019 4452 2123 4498 etc.

134 4485 277 4579 iuuni,
292 4485 602 4584 Christique
625 4485 1132 4584 titorterredemptos
1146 4485 1424 4584 rhomines,
1449 4513 1688 4566 animad-
1714 4485 1767 4547 D

1867 4514 1984 4583 Quo
2028 4513 2278 4584 equidem
2325 4515 2444 4569 loco
2477 4528 2582 4567 non
2630 4512 3003 4577 dissimulabo,
3028 4513 3186 4581 'quod
3234 4529 3381 4584 saepe

1795 4587 1927 4640 mihi
1966 4583 2112 4641 venit
2141 4586 2193 4640 in
2226 4597 2491 4650 mentem,
2519 4585 2835 4655 Pelagianos
2856 4586 2990 4638 olim
3030 4583 3162 4639 nihil
3193 4583 3377 4640 diver-

1760 4661 1915 4711 ‘sum
1961 4672 1990 4711 a
2024 4655 2351 4713 Calvinianis
2399 4665 2705 4711 nostrorum
2748 4667 3048 4725 temporum
3104 4655 3375 4724 sensisse,

1794 4728 1972 4798 quoad
2020 4742 2271 4794 causam,
2310 4738 2364 4781 ut
2408 4727 2587 4793 aiunt,
2621 4728 2900 4798 formalem
2954 4725 3378 4795 iustificationis.

1793 4796 1927 4854 Nam
1959 4809 2012 4854 et
2057 4800 2132 4854 illi
2170 4809 2225 4854 et
2261 4800 2350 4854 isti
2390 4799 2771 4868 consentiunt,
2814 4796 3042 4851 homines
3063 4798 3380 4868 justiﬁcari,

1792 4871 1872 4925 vel
1899 4871 2009 4925 sola
2037 4871 2368 4943 imputatione
2390 4869 2607 4943 justitia:
2631 4866 2852 4943 Christi,
2880 4869 2959 4943 vel
2988 4866 3101 4943 sola
3148 4880 3382 4943 peccato-

1792 4958 1910 4995 rum
1955 4937 2281 5007 remissione,
2314 4937 2521 5010 exclusa
2567 4940 2733 5010 gratia
2777 4946 2825 4990 et
2865 4937 3289 5010 charitate,qua:
3328 4941 3383 4994 in

1791 5012 2029 5067 cordibus
2080 5029 2255 5067 eorum
2301 5028 2390 5081 per
2433 5008 2687 5081 Spiritum
2743 5017 2982 5081 sanctum
3033 5008 3380 5077 di/Tundatur,

1790 5094 1942 5154 atque
1969 5084 2073 5139 illis
2114 5080 2520 5154 inhrereat;iaut
2559 5080 3001 5154 etiam‘gratiam,
3045 5097 3147 5150 qua
3167 5151 3178 5154 Α
3182 5082 3385 5154 Ῑιιδῄβ-

1791 5149 1993 5220 cantur,
2020 5172 2130 5210 esse
2161 5164 2362 5208 tantum
2393 5153 2619 5223 favorem
2650 5149 2765 5223 Dei.
2813 5149 2966 5217 Quod
2998 5149 3218 5223 cumid’e
3258 5149 3386 5207 Cal-

1790 5227 2031 5281 vinianis
2079 5235 2293 5282 constet
2338 5225 2516 5279 allatis
2564 5222 2864 5278 Tridentini
2933 5222 3154 5276 concilii
3201 5224 3383 5280 verbis

1796 5296 1963 5368 (Sess.
1986 5297 2042 5363 6,
2069 5314 2185 5352 can.
2217 5297 2333 5367 H),
2362 5296 2430 5350 de
2456 5291 2758 5366 Pelagianis
2807 5292 3001 5368 exinde
3030 5302 3206 5368 patet,
3238 5296 3385 5365 quod

1794 5362 1895 5423 ista
1923 5362 2159 5440 quinque
2186 5362 2565 5440 admitterent,
2590 5362 2725 5440 qua:
2755 5376 2881 5440 sunt
2909 5362 3385 5440 Caiviuiante'opi-

1794 5435 1973 5495 nioni's
2019 5435 2175 5510 quasi
2232 5439 2536 5509 principia:
2573 5435 2638 5510 td
2669 5438 2915 5510 homines
2957 5435 3384 5510 fierihmetubra

1793 5511 1993 5567 Christi
2024 5506 2121 5580 per
2150 5506 2509 5580 baptismum,
2554 5507 2908 5580 ad0ptarique
2944 5507 3010 5580 in
3047 5506 3198 5580 filios
3249 5508 3382 5578 Dei,

1796 5592 1958 5653 atque
2006 5578 2078 5638 ita
2129 5578 2442 5653 coheredes
2497 5579 2697 5636 Christi
2751 5578 3209 5653 institui,_imruo
3267 5581 3383 5636 fieri

1798 5650 2019 5723 templa.
2043 5669 2352 5725 organaque
2379 5652 2611 5725 Spiritus
2635 5651 2846 5725 sancti,
2863 5665 2986 5704 cum
3018 5650 3382 5725 baptizantur,

1795 5722 1971 5783 Julyin
2005 5722 2149 5783 libel.
2170 5724 2321 5782 Fidei
2345 5724 2519 5797 (Part.
2545 5739 2621 5793 vl,
2649 5740 2741 5777 nu.
2764 5722 2882 5793 ﬂ),
2907 5730 2963 5779 et
2987 5722 3130 5793 apud
3156 5726 3384 5794 August.
