3904 6272
194 376 295 431 τοι
686 350 1055 432 ramulo
1092 375 1158 432 lN
1196 374 1563 433 SECUNDAM
1606 373 1736 431 PAR

1922 375 2202 434 oennuu
2242 375 2436 433 MAitll
2474 352 2933 436 MERCATOBIS.
3342 387 3446 445 702

178 491 272 554 do,
296 486 390 543 sed
415 488 579 543 etiam
602 488 860 545 doctrinae
888 491 1317 561 eloquentiaeque
1328 492 1596 561 opinione
1633 492 1974 559 celebribus;
2005 498 2060 550 et
2086 492 2367 549 Nestorius
2399 502 2477 550 tot
2504 495 2645 551 inter
2673 496 2908 566 insignes
2932 497 3099 565 viros,
3129 507 3221 555 acut
3251 504 3447 561 merito

177 579 483 652 praestabat,
514 586 607 633 aut
632 586 781 636 certe
809 582 1071 652 majorem
1096 584 1214 640 aliis
1239 584 1432 638 famam
1456 583 1765 651 collegerat.

249 670 379 727 Erat
406 671 494 725 ille
522 669 855 729 Germanicia
894 676 1150 731 oriundus
1189 676 1443 747 oppidulo
1474 675 1659 748 Syrim,
1699 691 2022 745 quamquam
2062 678 2402 734 Marcellinus
2441 678 2737 735 Antiochiae
2775 687 2959 735 natum
2988 682 3236 750 prodidit.
3284 684 3447 742 Addit

172 760 462 818 Cassianus
478 764 535 847 in
565 765 753 820 eadem
776 766 907 821 urbe
928 766 1248 832 institutum,
1276 769 1715 838 baptizatumque
1735 769 1920 823 adhuc
1948 768 2204 825 infantem
2234 790 2249 825 ς
2277 771 2461 827 scribit
2482 771 2739 845 Evagrius
2758 774 3108 830 monasticam
3137 777 3301 832 vitam
3324 794 3447 850 pro-

172 858 373 915 fessum
401 856 456 910 in
478 846 650 912 Laura
679 860 849 914 sancti
877 859 1131 931 Euprepii
1154 877 1321 931 prope
1351 856 1721 928 Antiochiam;
1753 877 1983 931 cumque
2009 861 2100 917 diu
2128 877 2187 917 se
2214 863 2560 931 exercuisset,
2589 863 2795 921 Joanne
2828 873 2883 919 et
2909 865 3249 922 Theodoreto
3263 846 3442 938 sociis,

174 941 375 999 factum
404 962 472 1000 ex
498 950 763 1005 monacho
791 952 1165 1023 presbyterum
1187 968 1217 1006 a
1246 952 1525 1008 Theodoto
1555 953 1829 1023 episcopo.
1862 953 2041 1024 Ipsum
2072 953 2160 1008 alii
2191 954 2425 1021 tradunt,
2457 955 2547 1010 ubi
2573 956 2802 1026 primum
2830 956 3000 1013 factus
3039 965 3123 1013 est
3141 960 3442 1033 presbyter,

173 1040 521 1108 praepositum
542 1040 707 1098 fuisse
734 1046 1031 1111 catechesi,
1064 1044 1328 1116 ﬁdemque
1366 1047 1419 1101 in
1467 1045 1707 1101 Ecclesia
1734 1062 1843 1102 non
1872 1054 2081 1102 tantum
2114 1046 2547 1119 competentibus
2576 1051 2913 1120 exposuisse,
2938 1050 3031 1107 sed
3063 1046 3225 1108 etiam
3257 1054 3446 1110 adver-

169 1147 261 1186 sus
290 1132 573 1189 hzcreticos
601 1135 903 1192 defendisse
927 1156 940 1191 :
968 1153 1088 1207 quze
1113 1138 1221 1194 duo
1250 1147 1405 1193 erant
1434 1139 1732 1212 presbyteri
1759 1140 2106 1195 cathechistte
2128 1138 2321 1195 cilicia.

240 1222 440 1279 Habuit
468 1227 717 1283 animum
743 1246 776 1285 a
803 1238 996 1286 natura
1036 1234 1355 1303 superbum,
1387 1233 1689 1287 etbonoris
1736 1232 1984 1298 avidum,
2028 1243 2265 1290 mentem
2304 1234 2622 1304 opiniosam,
2655 1240 2709 1288 et
2742 1234 3014 1304 ingenium
3055 1235 3335 1292 tractabile
3388 1238 3445 1295 in

168 1316 439 1385 quaslibet
464 1320 749 1375 simulandi
786 1329 947 1377 artes.
998 1323 1157 1379 Fovit
1194 1325 1311 1381 haec
1338 1325 1592 1380 vitiorum
1620 1326 1825 1380 semina
1853 1327 2105 1395 solitudo,
2138 1328 2343 1405 homini
2366 1343 2465 1399 per
2501 1343 2560 1384 se
2585 1328 2875 1384 vanissimo
2913 1328 3115 1385 faciens
3158 1329 3241 1385 sui
3280 1326 3447 1400 ipsius

169 1407 404 1476 pretium
430 1416 485 1463 et
511 1424 768 1466 amorem.
803 1410 928 1468 Haec
954 1412 1143 1468 eadem
1171 1415 1365 1469 mirum
1386 1414 1441 1468 in
1469 1414 1687 1468 modum
1716 1415 1866 1470 auxit
1894 1415 2165 1471 Theodori
2193 1414 2557 1487 Mopsuesteni
2581 1408 2862 1487 disciplina
2880 1456 2896 1482 ,
2937 1431 3044 1487 quo
3068 1418 3323 1486 magistro
3353 1417 3438 1471 di-

169 1497 320 1565 dicit,
356 1503 585 1571 primum
614 1506 755 1560 male
782 1507 982 1577 sentire
1002 1506 1068 1561 de
1089 1508 1459 1563 incarnatione
1486 1507 1669 1573 Verbi,
1696 1516 1810 1563 tum
1836 1508 2168 1564 orthodoxos
2196 1509 2653 1588 despicereyquasi
2676 1509 2861 1585 rudes,
2880 1518 2935 1564 et
2960 1510 3178 1565 tandem
3198 1510 3444 1565 haeresim

167 1592 385 1663 populis
412 1593 641 1650 incautis
665 1596 893 1652 facunde
908 1597 1178 1652 insinuare
1206 1614 1304 1668 pro
1333 1606 1575 1670 tempore
1603 1606 1658 1653 et
1682 1598 1802 1655 loco
1832 1616 1846 1652 :
1872 1598 2105 1653 nativam
2134 1599 2279 1653 enim
2307 1584 2642 1664 facundiam,
2668 1598 2987 1668 dicendique
3014 1598 3436 1670 extemporalem

168 1682 485 1743 facilitatem
514 1690 779 1744 convertit
806 1690 859 1744 in
884 1688 1120 1747 nefarios
1149 1708 1296 1746 usus.
2618 1764 2619 1767 η

234 1776 519 1847 Ejusmodi
548 1780 727 1837 indole
747 1781 1135 1853 disciplinaque
1162 1783 1501 1847 informatus,
1532 1782 1802 1838 affectavit
1843 1783 1896 1839 in
1927 1785 2113 1855 primis
2160 1783 2458 1839 sanctitatis
2488 1783 2724 1854 speciem
2748 1824 2762 1849 ,
2795 1784 2882 1839 cui
2912 1783 3069 1838 fidem
3091 1780 3251 1838 etiam
3302 1780 3443 1853 apud

166 1885 276 1925 non
306 1870 825 1941 imprudentissimos
855 1874 1083 1931 iaciebat
1107 1876 1463 1945 infrequentia
1502 1876 1718 1946 publici,
1750 1891 1993 1932 secessus
2026 1877 2167 1931 inter
2195 1876 2379 1940 libros,
2409 1862 2555 1947 pulla
2574 1876 2740 1931 vestis
2761 1916 2777 1943 ,
2809 1876 2981 1955 pallor
3010 1876 3215 1943 vultus,
3249 1875 3439 1931 inediae

166 1961 618 2033 continentiaeque
646 1964 824 2029 index,
841 1968 1199 2034 cogitabunda
1226 1967 1418 2023 frontis
1441 1967 1761 2038 gravitas,et
1783 1968 2026 2024 modesta
2053 1968 2300 2038 quaedam
2321 1968 2557 2034 tristitia,
2588 1968 2785 2038 aliique
2813 1968 2949 2035 fuci,
2981 1970 3175 2039 quibus
3202 1969 3442 2039 nequitia

166 2054 305 2110 solet
332 2056 545 2110 mentiri
577 2057 847 2111 virtutem.
2239 2134 2246 2140 ε

234 2147 415 2203 Illusis
446 2166 606 2219 porro
634 2150 777 2213 hunc
800 2152 855 2206 in
878 2153 1095 2208 modum
1119 2155 1289 2209 oculis
1317 2154 1691 2224 mentibusque
1719 2153 2015 2219 heminum,
2040 2154 2173 2209 alias
2196 2154 2440 2209 adhibuit
2468 2162 2639 2222 artes,
2672 2163 2726 2210 et
2744 2170 2882 2225 pene
2909 2156 3225 2225 praestigias,
3247 2157 3443 2225 quibus

166 2239 474 2297 voluntates
500 2244 745 2299 omnium
770 2246 1017 2300 ordinum
1038 2246 1139 2301 sibi
1167 2246 1497 2301 conciliaret.
1530 2245 1597 2300 Et
1626 2246 1855 2316 primum
1896 2246 2145 2315 quidem,
2179 2247 2341 2301 etiam
2383 2262 2505 2301 cum
2548 2247 2844 2302 Antiochia:
2866 2257 3189 2314 versaretur,
3221 2249 3447 2319 praebuit

166 2346 222 2387 se
252 2332 629 2405 Chrysoetomi
657 2353 766 2392 non
792 2337 1172 2393 admiratorem
1202 2346 1428 2405 tantum,
1456 2338 1554 2393 sed
1582 2339 1745 2393 etiam
1774 2338 2114 2403 imitatorem,
2148 2339 2326 2407 quoad
2347 2353 2516 2408 genus
2545 2338 2675 2394 illud
2710 2339 2921 2395 dicendi
2956 2337 3291 2405 Asiaticum,
3335 2353 3444 2408 quo

166 2425 375 2481 nullum
397 2430 595 2498 populo
623 2431 826 2499 gratius
855 2439 954 2486 est.
982 2430 1176 2487 Postea
1202 2440 1260 2486 ut
1287 2432 1477 2502 optimi
1500 2430 1758 2499 cujusque
1780 2432 2112 2501 studiosique
2142 2430 2265 2509 ﬁdei
2290 2434 2723 2488 benevolentiam
2752 2440 3172 2503 promereretur,
3190 2431 3446 2487 adversus

164 2519 469 2585 hmreticos,
503 2524 594 2591 qui
623 2524 857 2579 maxime
887 2532 1015 2579 tunc
1045 2532 1201 2579 erant
1230 2524 1404 2590 invisi,
1434 2522 2142 2594 ApollinaristaWianos,
2172 2522 2518 2592 Origeuistas,
2543 2524 2784 2593 aliosque
2810 2523 2990 2579 odium
3026 2522 3256 2595 capitale
3288 2537 3446 2576 exer-

163 2613 295 2667 cuit.
326 2613 583 2682 Denique,
615 2623 901 2683 postquam
932 2616 1077 2669 venit
1100 2613 1642 2683 Constantinopolim,
1675 2613 1729 2667 in
1758 2620 2066 2679 magnatum
2095 2613 2574 2677 existimationem,
2599 2614 2872 2681 ipsiusque
2898 2608 3239 2681 imperatoris
3277 2618 3332 2664 et
3358 2623 3444 2663 re-

163 2706 424 2772 ginarum
446 2706 706 2774 virginum
732 2707 978 2774 gratiam,
1013 2705 1377 2760 conciliatrice
1405 2704 1565 2768 fama,
1598 2704 1860 2772 obrepere
1889 2717 2050 2757 ausus
2078 2710 2178 2757 est.
2212 2703 2395 2772 Neque
2424 2704 2711 2759 audentem
2739 2717 2859 2773 spes
2888 2700 3074 2755 fefellit
3096 2723 3121 2765 ,-
3140 2698 3336 2767 magno
3366 2697 3444 2752 rei

161 2796 478 2849 christianm
498 2797 639 2851 malo
664 2814 676 2850 :
703 2812 827 2852 nam
856 2804 1047 2851 cuncta
1072 2797 1393 2852 moliebatur
1412 2812 1477 2852 eo
1500 2802 1708 2851 tantum
1736 2796 1979 2863 consilio,
2006 2803 2065 2851 ut
2091 2796 2337 2851 haeresim
2366 2804 2547 2853 mente
2572 2805 2888 2866 conceptam
2929 2803 3042 2849 tum
3077 2792 3293 2848 demum
3312 2806 3443 2862 pro-

158 2886 353 2951 deret,
382 2903 509 2943 cum
536 2903 654 2942 eam
682 2896 866 2958 posset
893 2890 1213 2945 auctoritate
1251 2898 1573 2946 sustentare.
1964 2886 1968 2891 ’
2084 2964 2087 2967 γ

235 2976 606 3034 Molitionibus
633 2981 864 3035 hominis
895 2988 1004 3035 tam
1032 2981 1401 3036 fraudulenter
1438 2982 1670 3052 improbi
1714 2981 1928 3036 favebat
1961 2981 2199 3038 conditio
2226 2990 2552 3051 temporum,
2599 2981 2732 3035 aulae
2760 2987 2968 3045 status,
3006 2986 3060 3034 et
3098 2976 3442 3057 imperatoris

165 3068 460 3124 Theodosii
495 3071 700 3126 indoles
728 3089 741 3125 :
768 3080 885 3126 erat
925 3073 1068 3127 enim
1097 3074 1303 3143 optimo
1329 3074 1558 3144 principi
1598 3074 1740 3128 mitis
1764 3073 1994 3141 animus,
2022 3074 2278 3151 pacisque
2307 3081 2363 3129 et
2404 3074 2677 3144 religionis
2719 3088 2903 3127 amans
2923 3112 2939 3138 ,
2980 3071 3073 3126 sed
3114 3070 3285 3126 facilis
3318 3068 3441 3140 capi

164 3161 384 3231 pietatis
406 3162 581 3231 specie
605 3203 619 3227 ,
652 3169 706 3217 et
735 3164 1116 3233 occupantium
1139 3164 1479 3233 praeiudiciis.
1510 3165 1609 3220 Diu
1637 3166 1847 3221 vixerat
1885 3168 1985 3221 sub
2014 3166 2309 3222 Pulcherite
2332 3167 2533 3223 sororis
2550 3207 2565 3232 ,
2598 3174 2795 3222 sancta:
2822 3165 3040 3236 quidem
3064 3165 3304 3235 virginis,
3341 3164 3438 3220 sed

169 3253 475 3325 imperiosa:
500 3256 776 3326 regimine,
809 3270 914 3325 qua
937 3257 1085 3311 velut
1112 3271 1179 3311 ex
1208 3258 1484 3323 servitute,
1514 3267 1571 3312 ut
1592 3274 1651 3313 se
1679 3259 1965 3329 aliquando
1990 3260 2043 3314 in
2066 3259 2369 3316 libertatem
2405 3268 2690 3323 assereret,
2722 3276 2811 3315 res
2844 3276 2942 3332 per
2961 3276 3020 3315 se
3047 3275 3235 3329 gerere
3257 3257 3429 3314 videri

170 3349 419 3417 volebat;
449 3355 712 3407 servnebat
754 3359 935 3407 tamen
967 3350 1262 3409 aulicorum
1301 3350 1561 3415 consiliis,
1592 3351 1786 3421 quibus
1826 3367 2033 3407 summa
2078 3361 2197 3409 erat
2223 3354 2454 3410 audendi
2479 3354 2739 3424 quidlibet
2782 3354 2882 3411 sub
2926 3355 3144 3411 nomine
3170 3352 3434 3426 principis

170 3437 405 3497 licentia.

1543 3532 1679 3573 ANNO
1718 3532 2027 3573 CCGCXXVIII.

235 3642 519 3700 Nestorius
551 3644 715 3714 igitur
740 3661 771 3701 a
802 3647 1107 3704 Theodosio
1131 3652 1391 3705 evocatus
1431 3654 1555 3719 post
1595 3648 1866 3704 trimestre
1897 3648 2132 3719 spatium
2154 3648 2397 3704 vacantis
2430 3647 2610 3715 sedis,
2641 3647 3163 3719 Constantinopolim
3190 3648 3427 3714 advenit,

174 3733 346 3793 Tauro
374 3745 430 3794 et
454 3737 632 3795 Feiice
654 3742 818 3806 cess,
848 3742 1140 3811 secumque
1168 3739 1452 3797 Antiochia
1489 3740 1832 3796 Anastasium
1865 3740 2241 3812 presbyterum
2273 3739 2524 3805 adduxit,
2553 3750 2871 3797 arcanorum
2898 3742 3138 3796 omnium
3171 3741 3424 3797 consilio-

170 3842 395 3900 rumque
412 3834 639 3900 socium,
662 3846 770 3903 quo
798 3836 1140 3904 postmodum
1160 3850 1287 3892 usus
1314 3844 1427 3901 est,
1452 3837 1599 3892 velut
1624 3837 1938 3891 administro
1967 3834 2258 3906 impietatis
2282 3842 2341 3890 et
2367 3836 2595 3905 professi
2632 3836 2687 3891 in
2716 3835 2999 3906 Deiparam
3028 3835 3159 3892 odii.

231 3922 517 3981 Ordinatus
545 3940 597 3981 ιν
624 3926 741 3981 idus
763 3926 958 3996 Aprilis
982 3938 1177 3997 magno
1205 3937 1319 3984 tum
1343 3930 1740 4000 episcoporum,
1768 3937 1883 3984 tum
1906 3928 2242 3993 clericorum,
2271 3927 2511 3997 aulaeque
2533 3934 2588 3982 et
2615 3927 2786 3997 plebis
2825 3926 3029 3981 fat/ore.
3058 3945 3076 3978 ε
3114 3926 3417 3996 Extemplo,

170 4015 325 4085 inquit
356 4014 615 4080 Socrates,
648 4024 768 4071 cum
798 4019 1096 4073 orationem
1124 4019 1266 4088 apud
1285 4020 1664 4087 imperatorem
1693 4020 1935 4082 haberet,
1970 4020 2109 4072 hanc
2137 4018 2476 4083 sententiam,-
2501 4032 2623 4087 qum
2650 4018 2837 4072 multis
2876 4018 2929 4072 in
2957 4034 3053 4073 ore
3084 4027 3167 4073 est
3186 4059 3200 4083 ,
3229 4034 3412 4074 coram

172 4106 420 4161 universo
456 4108 651 4176 populo
673 4109 933 4177 protulit:
966 4107 1151 4164 Tribue
1174 4110 1320 4172 mihi,
1350 4112 1644 4179 imperator,
1687 4119 1875 4163 terram
1909 4110 2163 4163 hatreticis
2203 4118 2492 4180 purgatam,
2516 4118 2566 4162 et
2591 4124 2685 4179 ego
2721 4108 2813 4163 tibi
2851 4109 3029 4163 citium
3072 4109 3308 4164 tribuam.
3345 4111 3417 4164 Τί(

174 4201 287 4254 mihi
305 4202 367 4255 ita
401 4201 739 4274 proﬂigatum
760 4202 1012 4257 heretici:
1036 4201 1264 4268 subveni,
1286 4212 1337 4255 et
1363 4219 1455 4273 ego
1481 4202 1571 4255 tibi
1590 4203 1646 4255 in
1668 4201 2012 4272 proﬂigandis
2032 4200 2209 4255 Persis
2230 4200 2541 4255 subveniunt.
2574 4199 2689 4266 Qua
2718 4216 2850 4257 voce
2878 4202 3021 4257 visus
3057 4210 3139 4257 est
3167 4219 3273 4257 non
3313 4212 3418 4258 tam

175 4292 342 4351 zelum
364 4292 487 4351 fidei
508 4306 673 4366 quam
702 4297 866 4351 animi
887 4297 1317 4367 intempestiVam
1340 4296 1615 4351 audaciam
1642 4302 1696 4350 et
1724 4296 1898 4352 inanis
1925 4296 2110 4365 gloriae
2130 4296 2479 4366 cupiditatem
2507 4296 2806 4367 prodidisse
2832 4296 2973 4367 (Lib.
2997 4314 3089 4362 vn,
3122 4310 3238 4369 cap.
3270 4298 3413 4371 ‘29).»

230 4386 432 4455 Quinto
459 4398 582 4461 post
607 4391 721 4457 die,
760 4388 1079 4445 Arianorum
1108 4388 1391 4445 ecclesiam
1419 4389 1812 4444 demoliendam
1857 4390 2096 4456 curavit;
2144 4389 2238 4445 sed
2271 4389 2512 4459 ipsismet
2550 4388 2779 4455 Anapis,
2810 4399 2920 4461 prin
2942 4392 3255 4462 impotentia
3300 4395 3414 4459 irae,

170 4480 303 4540 faces
322 4486 381 4540 in
400 4486 586 4557 templi
613 4487 695 4542 sui
722 4490 923 4542 tectum
952 4486 1329 4556 injiCieritibus,
1356 4486 1492 4554 ignis
1517 4485 1777 4554 corripuit
1797 4485 2001 4539 vicinas
2028 4484 2187 4553 aedes,
2220 4485 2578 4555 incendioque
2606 4485 2862 4542 {adesset
2900 4488 3108 4550 urbem,
3142 4487 3245 4541 nisi
3274 4487 3416 4542 Deus

172 4576 421 4643 impetum
450 4578 677 4636 flammae
703 4581 1047 4651 repressisset
1077 4598 1090 4633 :
1130 4578 1271 4634 unde
1297 4585 1598 4634 commotus
1620 4577 1848 4647 populus
1877 4576 2145 4644 Nestorio,
2170 4578 2322 4647 quasi
2347 4576 2665 4644 vaticinans,
2697 4578 2823 4634 nscit
2856 4577 3169 4634 incendiarii
3198 4593 3413 4633 nomen.

231 4669 341 4727 Nec
372 4672 599 4728 Arianos
627 4682 831 4728 tantum
880 4672 1152 4727 insecutus
1191 4678 1306 4735 est,
1356 4669 1450 4725 sed
1492 4664 1907 4724 Macedonianos
1952 4684 2169 4738 quoque
2198 4678 2253 4724 et
2274 4669 2604 4725 Novatiauos
2628 4708 2643 4735 ,
2676 4676 2839 4738 atque
2878 4667 3413 4735 Quartadecimanos,

172 4762 321 4819 immo
352 4773 407 4819 et
434 4765 817 4831 Caelestianos;
849 4764 943 4819 sed
972 4765 1104 4819 istos
1128 4762 1425 4828 remissius,
1456 4762 1591 4817 alios
1619 4770 1727 4815 tam
1755 4762 1969 4827 acriter,
1999 4770 2057 4814 ut
2086 4762 2153 4815 de
2192 4760 2355 4817 modo
2383 4761 2650 4817 servando
2678 4761 2885 4817 moneri
2925 4760 3172 4816 debuerit
3210 4759 3277 4813 ab
3317 4759 3416 4811 im-

174 4865 411 4925 peratore
443 4876 454 4912 :
479 4858 570 4926 qui
598 4862 779 4912 tamen
804 4857 970 4927 ipsius
999 4855 1230 4925 impulsu
1256 4854 1324 4909 ad
1350 4853 1684 4910 Florentium
1725 4851 1785 4907 P.
1818 4851 1876 4905 P.
1902 4852 2160 4906 adversus
2201 4868 2388 4907 omnes
2414 4852 2695 4908 iuereticos
2721 4852 2897 4921 legem
2924 4849 3072 4905 dedit
3104 4847 3415 4904 Constanti-

173 4950 340 5017 nopoli
369 4956 425 5004 ru
454 4950 559 5004 kal.
591 4948 751 5014 Junii,
782 4947 962 5003 Felice
1002 4953 1058 5001 et
1085 4943 1263 4999 Tauro
1290 4956 1430 5001 coss.
1487 4942 1736 5014 (Socrat.
1772 4942 1861 4995 tib.
1889 4958 1959 4997 vu
2006 4959 2119 5012 cap.
2169 4939 2240 4996 29
2267 4942 2306 5013 ).
2352 4942 2607 4997 Poterant
2652 4942 2768 4997 haec
2793 4940 2963 4996 videri
3008 4938 3183 4995 ofﬁcia
3225 4938 3414 5008 optimi

171 5043 411 5112 episcopi,
437 5043 557 5108 nisi,
590 5041 736 5111 quod
764 5036 839 5095 ait
864 5039 1177 5095 Vincentius
1205 5036 1513 5103 Lirinensis,
1543 5038 1601 5089 ut
1617 5036 1707 5088 uni
1727 5040 1836 5090 suta
1855 5035 2037 5089 hwresi
2060 5033 2256 5087 aditum
2284 5034 2634 5104 patefateret,
2673 5040 2973 5086 cunctarum
3003 5031 3263 5086 krereseon
3307 5028 3413 5083 bia-

174 5135 410 5202 sphemias
437 5137 715 5190 insectatus
736 5141 866 5188 esset
895 5129 1234 5204 (Commonit.
1265 5144 1320 5184 η.
1350 5128 1460 5201 Η).

230 5223 361 5290 Quin
385 5227 548 5281 etiam
574 5224 943 5297 Chrysostomi
970 5233 1164 5279 nomen
1186 5223 1297 5292 jam
1317 5221 1548 5276 relatum
1571 5220 1638 5275 ab
1660 5219 1835 5275 Attico
1864 5216 1918 5274 in
1940 5233 2093 5275 sacra
2122 5218 2395 5290 diptyeba,
2426 5217 2521 5273 sed
2546 5217 2720 5273 adhuc
2748 5217 2975 5273 invisum
3007 5216 3158 5281 aulae,
3192 5222 3412 5286 propter

169 5326 362 5374 veteres
405 5328 690 5390 parentum
729 5317 1016 5373 Theodosii
1055 5314 1388 5381 inimicitias,
1412 5313 1708 5381 gratiosum
1735 5312 1912 5368 effecit
1941 5312 2191 5367 omnibus
2222 5330 2235 5365 :
2265 5319 2531 5381 tantaeque
2570 5311 2719 5381 pacis
2756 5318 3036 5379 sequester
3055 5350 3070 5375 ,
3099 5326 3206 5367 non
3234 5310 3408 5365 solum

172 5410 354 5466 aulicos
381 5411 481 5466 sibi
509 5410 766 5477 devinxit,
798 5409 893 5465 sed
918 5408 1129 5479 plebem
1156 5407 1340 5473 etiam,
1372 5410 1429 5459 et
1456 5420 1550 5461 eos
1570 5406 1820 5473 maxime,
1853 5405 1966 5473 qui,
1996 5406 2251 5473 quoniam
2276 5404 2344 5461 ab
2372 5405 2491 5460 aliis
2526 5411 2749 5475 propter
2775 5402 3037 5459 Joannem
3081 5401 3407 5476 Chrysosto-

174 5510 298 5556 mum
323 5504 523 5574 ingenti
550 5517 774 5559 numero
815 5502 1197 5559 discessionem
1225 5498 1490 5567 fecerant,
1516 5498 1780 5554 Joannita:
1810 5498 2145 5554 dicebantur.

229 5594 354 5653 Cum
383 5606 671 5670 occuparet
689 5600 790 5655 hac
818 5605 932 5654 arte
955 5599 1193 5653 omnium
1219 5595 1552 5651 Saecularium
1581 5594 1807 5657 animos,
1840 5590 2095 5646 tendebat
2134 5590 2292 5644 simul
2316 5590 2535 5648 insidias
2564 5590 2776 5660 utrique
2803 5590 2958 5645 alteri
2990 5590 3182 5657 ordini,
3207 5597 3265 5645 ut
3285 5606 3405 5650 cum

172 5688 394 5749 hmresim
414 5694 769 5766 propalasset,
800 5692 1022 5749 clericos
1042 5691 1473 5759 monachosque,
1507 5694 1561 5747 et
1589 5690 1976 5761 coepiscopos,
2013 5699 2150 5760 quos
2183 5688 2373 5761 procul
2411 5688 2574 5747 dubio
2603 5688 2997 5759 repugnaturos
3033 5686 3392 5760 intelligebat.

167 5787 348 5847 partim
370 5787 504 5843 aulae
522 5788 782 5856 potentia,
812 5787 1004 5856 partim
1026 5784 1381 5843 multitudinis
1403 5785 1661 5842 violentia
1693 5789 1942 5843 terreret.
