3964 6280
456 291 564 352 τοὸ
951 241 1322 354 ΡΒΒΐΑτῐό
1358 292 1427 352 ΙΝ
1463 292 1835 355 SECUNDAM
1879 291 2010 348 PAR

2193 293 2483 352 OPERUM
2520 293 2737 354 MAR!"
2772 293 3240 355 HERCATORIS.
3625 298 3733 356 70L

526 411 707 468 Rebus
731 415 805 468 ita
835 415 1181 486 comparatis,
1212 415 1437 472 credidit
1461 431 1521 472 se
1546 413 1657 486 jam
1685 423 1801 470 tuto
1830 428 1990 485 posse
2017 413 2262 469 haeresim
2291 415 2586 481 insinuare,
2619 414 2714 471 sed
2754 413 2944 472 dolose
2980 417 3159 472 adhuc
3179 422 3234 472 et
3268 428 3369 487 per
3397 413 3542 472 ﬁdos
3571 413 3728 472 dum-

453 511 604 558 taxat
635 505 927 568 ministros,
951 507 1236 576 alienaque
1256 523 1487 578 persona
1511 550 1527 573 ,
1564 516 1624 562 ut
1661 508 1706 564 si
1735 507 1985 563 secundis
2027 506 2245 561 auribus
2285 506 2666 577 exciperentur
2711 508 3078 564 ministrorum
3121 507 3296 575 dicta,
3339 515 3585 563 uteretur
3613 508 3731 576 ipse

453 598 698 668 populari
730 615 859 653 aura
887 599 953 654 ad
981 599 1306 655 tendendum
1329 615 1525 671 porro;
1547 601 1630 655 sin
1661 607 1850 656 contra
1878 606 2355 654 commoverentur
2381 599 2564 664 animi,
2594 600 2914 656 subduceret
2943 617 3063 656 sese
3092 600 3305 656 invidia:
3325 643 3343 668 ,
3384 609 3441 656 et
3465 615 3630 657 voces
3659 601 3730 654 ab

452 689 571 746 aliis
601 692 652 748 in
684 692 872 761 vulgus
899 709 1114 764 sparsas
1141 703 1444 765 opportuna
1473 695 1833 764 explicatione
1861 692 2156 748 inﬂecteret
2187 693 2238 746 in
2268 693 2567 748 molliorem
2603 709 2840 748 sensum.

525 781 759 839 Primum
791 785 920 840 illud
949 785 1146 841 factum
1173 786 1262 840 alii
1289 787 1449 841 aliter
1477 793 1715 841 narrant.
1750 786 1825 840 lta
1854 785 2083 858 Cyrillus
2115 803 2128 838 :
2161 783 2295 840 Erat
2333 786 2603 855 episcopus
2631 785 2860 858 quidam,
2893 783 3183 841 Dorotheus
3205 785 3443 852 nomine,
3466 781 3732 839 Constan-

454 878 670 945 tinopoli
698 879 974 951 eademque
1002 877 1276 934 Nestorius
1296 881 1521 951 sapiens,
1554 882 1630 935 vir
1649 891 1870 953 quaestus
1891 895 2048 933 causa
2078 877 2368 932 adulationi
2408 877 2630 956 deditus,
2667 878 2946 950 linguaque
2969 878 3039 931 ad
3079 881 3412 933 temeritatem
3441 885 3728 949 promptus.

454 969 557 1024 Hic
579 970 700 1025 dum
729 974 964 1044 frequens
991 984 1122 1028 esset
1140 975 1192 1028 in
1215 975 1429 1029 ecclesia
1457 978 1695 1046 populus,
1731 974 1976 1029 Nestorio
1998 975 2051 1027 in
2091 973 2334 1027 cathedra
2359 971 2950 1044 Constantinopolitante
2976 973 3206 1029 ecclesia:
3233 974 3459 1033 sedente,
3481 975 3730 1033 surrexit,

453 1071 502 1114 et
528 1078 718 1132 magna
748 1079 866 1118 voce
901 1064 1194 1119 inclamare
1231 1083 1384 1121 ausus
1405 1076 1520 1121 est:
1541 1065 1598 1123 St
1623 1083 1742 1132 atus
1771 1066 1984 1121 Manu!
2016 1066 2018 1084 ‘

2170 1081 2291 1120 iniu
2321 1080 2442 1119 esse
2474 1077 2710 1130 DIXEBIT,
2735 1081 3024 1121 ΑυΑτιιειιι
3054 1081 3155 1121 srr.
3187 1065 3316 1121 Mox
3341 1067 3524 1138 ingene
3557 1063 3735 1136 populi

453 1153 668 1219 clamor,
692 1165 741 1208 et
761 1155 1006 1212 discessio
1036 1167 1308 1212 consecuta
1328 1170 1430 1222 est,
1463 1167 1567 1214 etc.
1597 1157 1799 1229 (Epist.
1827 1157 1897 1210 ad
1919 1157 2163 1210 Acacium
2198 1155 2436 1211 Beroens.
2459 1156 2497 1225 ).

526 1245 696 1300 Aliter
722 1245 993 1303 Socrates.
1035 1246 1225 1314 Causa,
1260 1249 1452 1320 inquit,
1481 1250 1593 1322 ejus
1611 1251 1813 1322 generis
1839 1250 1954 1320 fuit.
1996 1249 2302 1303 Anastasius
2323 1249 2605 1320 presbyter,
2636 1250 2722 1321 qui
2749 1266 2855 1304 una
2878 1267 2994 1305 cum
3020 1267 3082 1306 eo
3109 1250 3386 1305 Antiochia
3411 1250 3539 1306 illuc
3576 1265 3735 1304 vene-

452 1347 554 1399 rat,
579 1339 786 1410 ejusque
805 1340 1168 1394 consuetudine
1194 1357 1393 1412 semper
1420 1358 1541 1396 usus
1563 1352 1692 1407 erat,
1723 1352 1773 1396 et
1795 1343 1846 1395 in
1871 1357 2060 1412 magno
2090 1340 2282 1393 honore
2313 1340 2376 1393 ub
2406 1340 2498 1394 illo
2530 1339 2762 1404 habitus,
2797 1342 2944 1413 eique
2978 1342 3032 1396 in
3057 1341 3204 1396 rebus
3225 1341 3462 1413 gerendis
3484 1341 3739 1396 consilia-

452 1431 577 1495 rius,
603 1432 823 1503 quodam
846 1443 1070 1504 tempore
1096 1434 1148 1486 in
1189 1433 1406 1489 ecclesia
1442 1435 1646 1498 docuit,
1691 1433 1904 1488 Msauu
1929 1451 1959 1487 Α
1989 1447 2184 1486 usurae
2227 1432 2496 1487 οειρλκλκ
2538 1449 2725 1490 νοελκι
2755 1450 2993 1500 nassae;
3026 1451 3132 1490 un
3163 1449 3287 1490 sum
3317 1451 3552 1491 ηοκικειι
3584 1451 3736 1501 esse,

453 1541 522 1581 ετ
553 1543 616 1580 AB
647 1544 841 1583 trouth
873 1528 1026 1584 Dsuu
1055 1545 1155 1583 non
1182 1545 1339 1585 POSSE
1370 1545 1537 1586 inscr.
1581 1527 1712 1585 Htec
1757 1532 1907 1584 verba
1935 1530 2160 1584 omnium
2202 1529 2404 1583 animos
2423 1569 2438 1594 ,
2473 1537 2576 1582 tam
2602 1528 2903 1582 clericorum
2925 1543 3079 1599 quam
3108 1525 3358 1582 [uicorum
3377 1565 3390 1588 ,
3423 1542 3742 1598 magnOpere

451 1618 822 1671 conturbarunt
845 1619 984 1690 (Lib.
1017 1635 1108 1685 vn,
1139 1637 1255 1692 cap.
1280 1619 1388 1690 5‘2).

504 1709 873 1780 Quocumque
897 1711 1113 1767 tandem
1144 1711 1304 1768 modo
1330 1728 1417 1768 res
1444 1708 1731 1779 acciderit,
1763 1713 1876 1769 sive
1905 1728 1971 1768 eo
1995 1755 2011 1780 ,
2051 1728 2212 1784 quem
2240 1713 2406 1770 refert
2441 1713 2690 1786 Cyrillus,
2723 1715 2838 1770 sive
2865 1713 3038 1770 altero
3060 1753 3076 1777 ,
3106 1728 3266 1783 quem
3301 1712 3552 1770 Socrates
3574 1755 3591 1778 ,
3624 1714 3742 1770 sive

452 1802 614 1857 etiam
643 1812 890 1871 utroque,
921 1803 1067 1872 quod
1094 1806 1264 1874 magis
1292 1821 1446 1873 reor;
1475 1807 1759 1863 Anastasio
1780 1808 1987 1864 scilicet
2014 1810 2245 1879 primum
2273 1808 2599 1878 disputante,
2634 1807 2908 1862 Dorolheo
2931 1807 3159 1877 primum
3181 1806 3467 1860 anathema
3497 1805 3737 1874 dicente,

453 1893 712 1947 adversus
733 1896 1003 1958 Θεοτὸκονς
1035 1892 1313 1954 Nestorius
1332 1905 1480 1953 certe
1510 1898 1684 1973 neutri
1708 1897 1924 1961 restitit,
1948 1899 2041 1954 sed
2071 1897 2319 1954 oratione
2340 1899 2520 1969 potius
2541 1897 2687 1952 favit.
2710 1897 2839 1952 Nam
2861 1914 2983 1954 cum
3016 1897 3331 1951 Anastasius
3358 1911 3456 1952 suo
3483 1911 3743 1951 sern‘one

459 1983 742 2038 tumultum
787 1986 838 2039 in
881 1986 1109 2042 ecclesia
1131 1989 1457 2044 concitasset
1492 2007 1505 2042 :
1538 1986 1833 2055 Nestorius,
1868 1992 2041 2060 inquit
2069 1989 2338 2056 Socrates,
2381 1990 2689 2044 sententiam
2723 1989 2986 2044 Anastasii
3009 1989 3322 2060 conﬁrmare
3341 1989 3552 2044 studens
3590 1990 3742 2059 (nam

456 2092 590 2140 eum,
615 2093 763 2148 quem
785 2079 912 2132 tanti
943 2078 1182 2149 faciebat,
1211 2096 1315 2135 non
1344 2091 1401 2136 ut
1421 2081 1764 2152 blasphemias
1797 2083 1850 2135 in
1872 2081 2130 2136 Christum
2143 2082 2421 2154 jacientem
2449 2082 2661 2153 coargui
2682 2082 2885 2148 voluit),
2913 2083 3197 2152 saepissime
3218 2080 3280 2135 de
3301 2098 3362 2135 ea
3387 2082 3744 2136 controversia

456 2168 511 2220 in
539 2168 754 2223 ecclesia
788 2187 881 2240 pro
901 2173 1144 2227 concione
1168 2172 1448 2239 disseruit;
1479 2175 1640 2248 deque
1661 2176 1839 2230 eadem
1877 2178 2181 2246 pugnaciter
2207 2179 2510 2250 questiones
2536 2179 2724 2247 posuit,
2755 2187 2804 2230 et
2824 2192 2992 2230 vocem
3023 2175 3296 2230 Durum
3326 2175 3534 2228 omnino
3557 2174 3744 2244 rejecit

461 2257 658 2331 (ibid.).
704 2260 1031 2317 Dorolheum
1072 2265 1277 2335 pariter
1303 2266 1384 2320 sin
1425 2267 1604 2322 minus
1643 2266 1880 2336 impulit,
1913 2266 2057 2336 quod
2099 2277 2280 2324 tamen
2308 2268 2536 2322 similius
2565 2283 2713 2329 vero,
2745 2267 2950 2330 saltem,
2976 2275 3034 2320 ut
3063 2266 3250 2321 scribit
3276 2263 3528 2336 Cyrillus,
3552 2278 3744 2333 passus

457 2360 532 2405 est
552 2352 726 2422 palam
757 2355 811 2408 in
853 2354 1091 2421 ecclesia,
1125 2356 1246 2411 dum
1264 2374 1416 2412 sacra
1445 2367 1829 2430 peragerentur,
1863 2360 2133 2414 temerario
2163 2376 2290 2415 ausu
2318 2359 2554 2430 e/futire:
2579 2358 2636 2416 St
2663 2375 2781 2424 ours
2810 2358 3023 2414 Mantus
3043 2357 3321 2413 DEIPABAII
3352 2371 3474 2412 Esse
3496 2372 3743 2423 υιιειιιτ,

455 2461 741 2500 annuens
771 2461 854 2502 srr
882 2443 1076 2518 (Epist.
1102 2447 1172 2502 ad
1192 2449 1436 2504 Acacium
1468 2448 1814 2520 Beroensem).

526 2536 635 2594 Nec
657 2546 862 2593 tantum
885 2539 1156 2609 patienter
1195 2540 1316 2596 tulit
1357 2542 1701 2596 Anastasium
1731 2541 2172 2612 Dorotheumque
2213 2541 2376 2614 impie
2412 2543 2645 2598 locutos.
2689 2541 2796 2598 Sed
2824 2557 2946 2597 cum
2969 2540 3297 2596 decrevisset
3323 2547 3646 2610 conceptum
3676 2553 3746 2596 ex

455 2625 617 2696 longo
644 2630 792 2685 virus
831 2646 930 2701 per
972 2646 1031 2687 se
1077 2631 1290 2688 tandem
1341 2648 1614 2697 evomere,
1666 2634 1718 2688 in
1749 2648 1942 2703 magna
1973 2633 2219 2701 ecclesia,
2255 2636 2343 2690 ubi
2370 2635 2622 2705 frequens
2651 2643 2766 2690 erat
2794 2635 3033 2690 omnium
3063 2632 3310 2688 ordinum
3337 2633 3746 2704 exspectatione

460 2721 806 2791 pendentium
834 2739 1139 2791 consessus,
1173 2740 1478 2781 sermonem
1509 2727 1695 2781 habuit
1719 2725 1787 2780 de
1817 2726 2188 2781 incarnatione
2219 2727 2515 2789 Dominica,
2547 2726 2633 2781 vel
2662 2725 2731 2781 de
2754 2727 2994 2795 virgineo
3015 2733 3190 2795 partu.
3222 2738 3382 2793 quem
3409 2739 3516 2778 non
3547 2724 3746 2780 imme-

454 2815 561 2870 rito
587 2816 1063 2887 insipientissimum
1094 2827 1370 2872 tractatum
1400 2817 1598 2874 Marius
1634 2817 1901 2874 Mercator
1933 2817 2025 2888 (In
2054 2819 2290 2873 contrad.
2327 2819 2385 2872 li
2422 2820 2734 2886 anathem.),
2760 2819 3060 2888 pestiferum
3083 2813 3374 2869 Cassianus
3404 2811 3541 2886 (Lib.
3573 2829 3650 2869 vn
3681 2815 3746 2869 de

465 2901 681 2960 Incarn.
717 2923 832 2976 cap.
859 2906 936 2978 6),
968 2909 1300 2980 blasphemia:
1328 2911 1495 2964 omnis
1517 2910 1871 2980 compendium
1894 2909 2125 2982 Cyrillus
2152 2923 2308 2967 vocat
2328 2930 2342 2978 ;
2363 2921 2531 2967 totum
2562 2912 2704 2966 enim
2734 2911 2977 2966 continet
3002 2924 3270 2963 venenum
3299 2907 3587 2978 impietatis
3611 2917 3746 2965 tunc

459 2995 692 3073 primum
714 3011 745 3049 a
774 2995 1022 3052 Nestorio
1054 2999 1372 3068 propalalce;
1406 3007 1460 3052 et
1481 2999 1593 3054 haec
1623 3001 1917 3069 przesertim
1947 3002 2135 3066 verba,
2161 3017 2281 3071 qua:
2314 3003 2383 3058 ab
2409 3003 2659 3059 omnibus
2688 2999 2801 3056 fere
2829 3000 3185 3070 scriptoribus
3213 3016 3333 3053 cum
3364 3000 3746 3055 exsecratione

455 3084 800 3142 referuntur:
836 3087 1007 3144 Habet
1036 3101 1251 3146 matrem
1279 3091 1452 3148 Deus:
1474 3110 1596 3164 ergo
1635 3095 1945 3150 excusabilis
1964 3097 2228 3168 gentilitas
2256 3108 2472 3153 matrem
2503 3099 2603 3154 diis
2623 3097 3066 3153 subintroducens.
3105 3095 3247 3162 Non,
3280 3100 3355 3151 rir
3374 3100 3582 3169 optime,
3618 3096 3745 3153 lla-

454 3183 540 3237 ria
556 3184 752 3254 peperit
778 3182 963 3249 Deum,
996 3194 1123 3250 etc.,
1155 3188 1354 3257 peperit
1380 3187 1637 3242 hominem
1660 3187 1882 3244 Deitatis
1910 3191 2324 3255 instrumentum,
2357 3190 2613 3244 hominem
2641 3190 2904 3264 Θιοφὸρον,
2929 3197 3032 3244 etc.
3073 3187 3350 3244 Sermonis
3371 3190 3601 3256 initium,
3630 3199 3742 3246 etc.

451 3273 707 3330 Doctrina
726 3277 931 3346 pietatis
951 3286 1029 3331 est
1054 3287 1378 3332 sensatorum
1399 3280 1453 3332 in
1482 3279 1699 3334 ecclesia
1738 3282 1959 3335 intentio
1984 3298 2002 3344 ;
2033 3281 2238 3350 pietatis
2269 3290 2438 3334 autem
2467 3281 2706 3334 doctrina
2731 3279 3064 3348 pror-identite
3084 3281 3308 3352 cognitio
3335 3289 3431 3344 est,
3463 3288 3566 3335 etc.

525 3364 606 3419 Ad
629 3374 831 3420 tantam
853 3366 1240 3437 blasphemiam
1271 3369 1778 3424 cohorrescentibus
1809 3370 2077 3432 omnibus,
2103 3384 2165 3423 ea
2192 3367 2288 3422 fuit
2313 3369 2614 3423 auditorum
2639 3367 2952 3432 indignatio,
2981 3383 3152 3436 eaque
3176 3367 3405 3422 fidelium
3430 3368 3744 3425 animorum

451 3458 776 3522 commotio,
809 3465 867 3511 ut
893 3473 999 3512 non
1028 3457 1296 3513 defuerint
1321 3459 1413 3527 qui
1443 3460 1493 3513 in
1525 3460 1859 3516 sanctissima
1889 3459 2119 3515 ecclesia
2150 3473 2333 3514 coram
2365 3459 2456 3513 illo
2485 3458 2875 3520 reclamarent;
2908 3458 3106 3512 factum
3149 3457 3291 3511 enim
3321 3466 3407 3512 est
3433 3459 3629 3514 eodem
3650 3460 3744 3516 die

452 3563 562 3618 quo
589 3564 769 3604 sermo
796 3550 863 3604 de
911 3550 1280 3606 incarnatione
1321 3553 1498 3608 dictus
1525 3561 1645 3618 est,
1679 3564 1734 3606 ut
1761 3553 1980 3624 simplex
2001 3551 2209 3624 quidam
2233 3553 2544 3613 monachus,
2576 3551 2750 3604 statim
2773 3549 2949 3602 habita
2971 3550 3234 3613 concione,
3267 3565 3380 3603 cum
3409 3549 3531 3620 ﬁdei
3559 3551 3741 3606 studio

451 3645 673 3709 arderet,
698 3645 752 3698 in
781 3645 1003 3699 medium
1027 3647 1257 3702 ecclesite
1284 3663 1603 3718 progressus,
1629 3663 1742 3701 cum
1763 3649 1976 3717 synaxis
2000 3646 2362 3709 celebraretur,
2395 3646 2672 3716 impietatis
2706 3657 3016 3716 praconem,
3039 3642 3174 3714 quod
3195 3642 3465 3697 hereticus
3483 3652 3637 3709 esset,
3671 3643 3740 3698 ab

447 3742 684 3808 ingressu
702 3738 970 3808 prohibere
999 3748 1213 3792 conatus
1234 3740 1319 3792 sit.
1364 3737 1472 3793 Sed
1499 3739 1632 3792 hunc
1661 3739 1749 3792 ille
1771 3737 2093 3810 (Nestorius)
2125 3755 2312 3794 cwsum
2338 3737 2631 3808 magniﬁcis
2661 3735 2966 3807 prasidibus
2991 3735 3231 3800 tradidit,
3260 3735 3541 3806 ﬁagrisque
3562 3736 3738 3792 denuo

450 3831 744 3896 dissectum,
775 3841 824 3884 et
854 3830 1053 3901 publice
1079 3847 1266 3886 ca'sum
1289 3872 1303 3896 ,
1335 3847 1572 3902 prcecone
1601 3847 1704 3885 non
1733 3832 1922 3903 absque
1950 3833 2173 3886 clamore
2201 3839 2490 3903 prweunte,
2522 3829 2576 3881 in
2605 3828 2846 3881 exsilium
2873 3825 3090 3893 expulit.
3132 3822 3312 3896 Neque
3342 3826 3589 3897 tragcedia
3617 3827 3739 3883 hec

447 3925 588 3978 hisce
612 3922 804 3995 ﬁnibus
827 3925 1087 3987 constitit;
1119 3925 1306 3977 etenim
1335 3924 1421 3994 qui
1451 3931 1622 3994 partes
1643 3923 1984 3994 sequebantur
2011 3925 2186 3977 omnia
2206 3939 2295 3992 per
2323 3922 2423 3974 vim
2459 3919 2679 3990 agentis,
2705 3926 2820 3986 post
2839 3916 3053 3986 impiam
3086 3915 3226 3968 illius
3265 3915 3560 3970 concionem
3577 3956 3592 3981 ,
3626 3919 3739 3972 nisi

448 4019 587 4074 Deus
616 4019 978 4088 prohibuisset,
1019 4019 1073 4072 in
1104 4019 1321 4088 ipsamet
1352 4026 1686 4071 sacrosancta
1717 4015 1814 4070 Dei
1852 4017 2066 4070 ecclesia
2108 4015 2298 4070 aedem
2325 4013 2512 4068 edituri
2539 4019 2707 4066 erant.
2749 4008 2827 4062 ita
2856 4008 3108 4068 monachi
3147 4005 3737 4078 Constantinopolitani

415 4118 418 4121 '
447 4110 500 4164 in
525 4111 917 4182 supplicatione
944 4109 1255 4180 imperatori
1286 4108 1466 4164 oblata
1498 4109 1538 4178 (ι
1567 4119 1703 4180 part.
1729 4123 1874 4162 conc.
1905 4106 2097 4178 Ephes.
2135 4125 2179 4160 c.
2214 4106 2322 4174 30).

517 4201 738 4260 Factum
759 4219 994 4274 quoque,
1023 4202 1166 4273 quod
1192 4202 1379 4258 scribit
1405 4201 1654 4274 Cyrillus,
1678 4211 1736 4255 ut
1758 4201 1898 4272 plebs
1920 4199 2494 4270 Constantinopolitano
2512 4239 2527 4262 ,
2578 4195 2768 4250 levibus
2800 4193 3106 4267 quibusdam
3134 4194 3374 4265 vanisque
3411 4192 3731 4261 hominibus,

443 4309 493 4356 et
530 4299 594 4352 iis
622 4299 709 4369 qui
739 4295 982 4352 Nestorio
1011 4295 1380 4361 adulabantur,
1411 4297 1655 4366 exceptis,
1700 4313 1732 4348 τι
1760 4295 1948 4365 synaxi
1981 4293 2290 4355 abstineret;
2319 4291 2634 4344 abstinerent
2659 4286 2723 4340 ab
2745 4304 2806 4341 ea
2835 4302 3034 4358 quoque
3059 4285 3232 4339 omnia
3262 4287 3368 4356 fere
3387 4288 3729 4354 monasteria,

445 4407 720 4461 eorumque
746 4389 1186 4454 archimandritar,
1216 4391 1372 4442 immo
1401 4397 1450 4442 et
1479 4404 1668 4459 magna
1702 4401 1825 4457 pars
1853 4396 2096 4441 senatus:
2128 4392 2355 4438 verentes
2398 4399 2460 4436 ne
2484 4382 2702 4452 ipsomet
2741 4380 3011 4450 episcopo,
3036 4387 3087 4432 et
3123 4377 3226 4431 illis
3254 4380 3438 4442 etiam,
3469 4394 3593 4450 quos
3614 4379 3733 4432 An-

448 4479 636 4534 tiochia
659 4479 922 4533 discedens
951 4479 1071 4532 inde
1097 4495 1268 4533 secum
1288 4477 1602 4542 abduxerat,
1633 4475 1832 4548 quidvis
1859 4491 2151 4546 perversum
2171 4471 2534 4535 evomentibus,
2559 4470 2767 4543 aliquod
2802 4470 2858 4524 in
2899 4470 3004 4541 ﬁde
3044 4469 3401 4524 detrimentum
3431 4470 3734 4540 acciperent

446 4575 488 4644 (ι
509 4581 647 4643 part.
679 4586 822 4625 conc.
849 4569 1132 4641 Eph.-cap.
1165 4567 1276 4638 14).

1865 4651 2002 4691 ANNO
2026 4651 2305 4691 CCCCXXIX.

515 4757 793 4812 Nestorius
820 4753 1016 4826 partim
1047 4751 1123 4807 ira
1151 4751 1352 4817 furens,
1383 4751 1576 4822 partim
1601 4749 1769 4806 fretus
1789 4749 1924 4805 auhe
1953 4751 2215 4820 potentia,
2246 4748 2410 4820 paulo
2437 4755 2562 4819 post
2585 4748 2815 4803 alterum
2841 4761 3148 4803 sermonem
3171 4747 3316 4812 fecit,
3351 4746 3496 4802 velut
3525 4745 3731 4804 adver-

440 4867 530 4907 sus
577 4848 806 4905 Arianos
845 4856 900 4904 et
939 4846 1385 4912 Macedonianos,
1429 4847 1604 4916 reipsa
1642 4861 1772 4900 vero
1814 4844 2070 4900 adversus
2103 4843 2434 4906 catholicos,
2461 4858 2571 4913 quo
2599 4851 2655 4898 et
2686 4843 2921 4914 priorem
2950 4843 3273 4897 conlirmare
3299 4842 3445 4896 visus
3471 4850 3573 4906 est,
3606 4845 3732 4900 sive

438 4945 707 5002 calumnia
747 4941 1025 4996 catholicis
1056 4941 1262 5004 inusta,
1303 4940 1417 4994 sive
1455 4939 1685 5012 symboli
1728 4937 1927 4995 Nicmni
1971 4939 2293 4995 auctoritate
2333 4953 2461 4994 suos
2503 4939 2555 4992 in
2584 4953 2775 4993 sensus
2802 4936 3036 4993 detorta.
3079 4937 3198 5004 Quo
3227 4946 3468 5007 tempore
3495 4939 3732 4993 contLit

440 5037 686 5091 mirabile
711 5035 984 5105 quiddam,
1016 5043 1177 5102 atque
1202 5033 1376 5090 audax
1407 5032 1628 5099 facinus,
1660 5033 1804 5103 quod
1836 5041 2018 5088 narrat
2041 5031 2270 5106 Cyrilius
2298 5033 2365 5088 de
2398 5031 2664 5097 Eusebio,
2697 5031 2787 5102 qui
2817 5039 3041 5102 propter
3067 5031 3392 5099 singularem
3419 5031 3728 5086 doctrinam

437 5133 491 5179 et
540 5125 793 5194 pietatem
843 5123 1053 5180 Doriltei
1084 5125 1370 5195 episcopus
1408 5121 1526 5178 fuit.
1567 5121 1659 5178 Ille
1699 5139 1818 5179 cum
1863 5124 2003 5180 inter
2035 5124 2201 5180 laicos
2240 5132 2369 5180 tunc
2413 5123 2673 5195 temporis
2719 5129 3044 5188 versaretur,
3089 5123 3252 5194 impie
3301 5122 3568 5178 dicentem
3618 5140 3729 5196 pro

439 5219 702 5274 concione
731 5219 1041 5288 episcOpum
1071 5233 1232 5272 ausus
1259 5225 1343 5272 est
1369 5215 1533 5272 verbo
1560 5215 1739 5287 palam
1781 5231 2042 5286 arguere,
2092 5231 2308 5287 suaeque
2350 5214 2506 5281 iidei,
2543 5222 2705 5285 atque
2737 5213 2990 5270 animosa:
3032 5213 3086 5268 in
3124 5215 3360 5270 haereses
3388 5213 3727 5271 fortitudinis

437 5309 709 5377 specimen
736 5307 990 5362 eximium
1018 5305 1185 5361 dedit.
3409 5322 3411 5324 ·

513 5397 663 5452 Fecit
682 5407 737 5452 et
765 5395 1002 5461 tertium,
1035 5397 1184 5452 brevi
1208 5405 1330 5467 post
1354 5405 1617 5468 tempore,
1648 5397 1793 5453 velut
1822 5398 1876 5452 in
1904 5397 2332 5468 Apollinaristas,
2363 5397 2431 5453 de
2459 5396 2711 5466 dogmate
2737 5412 2836 5454 seu
2862 5399 3175 5473 Θιογνωσίᾳ,
3216 5397 3270 5453 id
3299 5407 3400 5463 est,
3438 5398 3504 5454 de
3527 5399 3729 5456 incon-

441 5488 558 5543 fusa
587 5489 811 5544 duarum
841 5492 892 5545 in
923 5489 1136 5546 Christo
1163 5496 1471 5542 naturarum
1501 5489 1910 5559 conjunctione,
1941 5497 1996 5543 et
2022 5489 2296 5558 reciproca
2321 5487 2597 5542 nominum
2629 5487 3038 5550 communione;
3072 5487 3123 5541 in
3150 5501 3258 5556 quo
3289 5502 3552 5542 venenum
3581 5491 3728 5544 texit

443 5582 606 5653 paulo
653 5581 1020 5648 artificiosius,
1071 5591 1332 5653 tantoque
1371 5583 1654 5638 nocentius
1699 5582 1915 5655 populis
1960 5580 2192 5646 infudit,
2233 5579 2381 5650 quod
2428 5580 2696 5636 videretur
2724 5581 2778 5634 in
2820 5579 3248 5649 Apollinaristas,
3289 5581 3379 5649 qui
3411 5589 3631 5648 naturas
3663 5582 3724 5640 in

440 5673 659 5732 Christo
681 5676 1099 5742 eontundebant,
1140 5676 1369 5731 invisum
1398 5675 1678 5732 catholicis
1705 5691 1768 5731 ea
1798 5681 2118 5746 tempestate
2139 5687 2355 5738 nomen,
2380 5673 2560 5728 invehi
2586 5691 2598 5727 :
2620 5687 2946 5744 quamquam
2966 5672 3212 5729 δίει-θείω
3232 5687 3386 5730 suam
3403 5673 3473 5732 de
3493 5671 3725 5732 Christo

437 5784 578 5836 puro
604 5769 844 5836 homine,
871 5778 928 5828 et
953 5770 1070 5828 sola
1095 5772 1406 5844 prastantia
1432 5787 1465 5828 a
1491 5771 1696 5829 sanctis
1722 5770 1948 5843 aliisque
1973 5767 2280 5832 hominibus
2305 5767 2542 5840 diverso,
2572 5779 2756 5830 tacere
2775 5785 2886 5829 non
2911 5769 3107 5844 potuit.
