3904 6272
163 306 260 367 705
645 305 1013 366 PREFATIO
1048 305 1119 365 IN
1153 310 1521 370 SECUNDAM
1560 310 1705 369 PAR‘

1881 309 2168 372 OPERUM
2204 310 2400 372 MAR"
2435 308 2898 372 MEBCATORIS.
3307 313 3413 372 706

225 419 298 475 Ita
336 417 532 476 furenti
575 420 628 476 in
673 419 940 477 Christum
975 423 1227 485 haretico
1267 424 1448 496 plures
1487 427 1692 494 magnis
1733 427 1925 482 animis
1960 428 2304 490 restiterunt;
2335 426 2457 490 sed,
2496 425 2639 496 quod
2671 421 3024 479 admiratione
3048 421 3266 490 dignum
3305 431 3408 486 est,

164 513 273 569 laici
300 512 528 583 primum
550 553 566 577 ,
616 521 672 568 et
717 514 999 578 monachi,
1032 514 1226 570 deinde
1253 516 1593 588 presbyteri,
1643 515 1857 571 demum
1897 518 2158 589 episcopi.
2200 518 2383 588 Neque
2428 533 2557 573 vero
2586 531 2698 571 rem
2727 516 2985 583 agendam
3013 512 3181 567 verbo
3209 521 3414 568 tantum

163 612 406 678 putarunt
451 607 773 675 magnanimi
823 605 1134 664 defensores
1181 607 1330 673 fidei,
1374 607 1470 664 sed
1504 608 1724 680 scriptis
1761 617 1820 664 et
1857 610 1998 682 style
2033 624 2281 682 quoque,
2314 617 2374 680 ut
2413 609 2482 666 ad
2520 609 2701 682 plures
2727 607 3022 680 pertineret
3049 621 3226 663 causa:
3253 613 3416 662 tantae

165 705 368 764 tamque
395 696 658 764 religiosa:
679 697 934 765 cognitio.

225 785 431 844 Primus
476 790 713 843 omnium
742 788 1032 856 Eusebius,
1062 789 1244 846 divino
1282 791 1470 861 spiritu
1512 792 1781 848 incensus,
1813 787 2229 843 obtestationem
2259 788 2314 842 in
2341 787 2645 843 Nestorium
2671 769 2887 859 publice
2908 787 3209 858 proposuit,
3239 801 3414 857 eoque

161 881 294 936 facto
347 882 585 942 omnium
640 883 849 939 animos
890 883 1235 939 inﬂammavit
1281 877 1402 934 fidei
1446 879 1624 935 studio
1671 880 1930 936 adversus
1968 880 2280 951 episcopum
2325 881 2574 936 haeretica
2627 881 2774 936 Pauli
2803 880 3141 936 Samosateni
3164 881 3412 948 dogmata

162 982 517 1034 renovantom.
556 968 856 1021 Ohtestatio
881 969 958 1023 sic
987 984 1044 1023 se
1065 969 1226 1024 habet
1250 987 1262 1021 :
1296 967 1610 1042 Quicumque
1629 970 1870 1025 schedam
1892 971 2026 1024 hanc
2046 972 2306 1042 accepturi
2325 981 2464 1036 sunt,
2487 989 2572 1027 eos
2593 990 2684 1044 per
2704 981 3089 1027 sacrosanctam
3112 970 3416 1026 Trinitatem

161 1060 355 1131 adjuro,
384 1058 722 1132 obtestorque,
753 1070 809 1114 ut
828 1061 1007 1116 cadent
1033 1063 1284 1133 episcopis
1303 1103 1319 1127 ,
1350 1062 1656 1134 presbyteris
1675 1105 1690 1128 ,
1716 1064 1950 1118 diaconis
1968 1104 1982 1128 ,
2015 1062 2288 1118 lectoribus
2306 1101 2322 1125 ,
2365 1080 2561 1118 necnon
2588 1074 2637 1119 et
2664 1064 2812 1119 laicis
2836 1081 3031 1136 quoque
3052 1063 3418 1118 Constantino-

160 1151 254 1220 poli
275 1147 621 1206 habitantibus
653 1151 948 1217 ostendant,
988 1152 1314 1226 ejusdemque
1346 1153 1635 1224 exemplum
1663 1154 1732 1207 ad
1757 1153 2038 1208 evidentem
2069 1153 2296 1208 liwretici
2337 1150 2389 1205 Ν
2393 1153 2569 1206 estorii
2616 1153 2968 1222 confusionem
3009 1151 3186 1205 iisdem
3222 1151 3416 1220 imper-

164 1243 376 1306 tiuntur;
432 1253 488 1298 ut
538 1245 624 1316 qui
661 1244 838 1300 eadt‘m
879 1261 1089 1316 prorsus
1128 1247 1463 1318 sentiatque:
1485 1243 1682 1300 Paulus
1716 1245 2085 1301 Samosatenus
2108 1286 2122 1311 ,
2172 1255 2294 1299 ante
2331 1255 2527 1300 centum
2567 1247 2840 1317 sexaginta
2877 1260 3041 1299 annos
3081 1262 3112 1297 a
3150 1244 3418 1300 catholicis

160 1333 401 1402 episcopis
431 1335 755 1388 anathemate
782 1335 1148 1390 condemnatus
1171 1333 1438 1405 (Leontius
1468 1336 1555 1389 lib.
1583 1353 1636 1391 ιιι
1657 1346 1838 1409 contra
1857 1335 2077 1407 Eutych.
2101 1346 2151 1390 et
2173 1334 2556 1405 Nestorianos).

222 1421 369 1478 Tunc
391 1427 666 1496 temporis,
691 1436 748 1482 ut
775 1428 904 1482 mihi
933 1428 1151 1497 quidem
1175 1429 1402 1494 videtur,
1427 1428 1626 1484 Marius
1655 1428 1920 1486 Mercator
1945 1431 2159 1500 scripsit
2186 1430 2470 1500 epistolam
2500 1430 2741 1499 ejusdem
2779 1445 2898 1486 cum
2924 1429 3140 1484 Eusebii
3169 1431 3410 1485 obtesta-

163 1515 298 1570 tione
343 1519 661 1586 argumenti,
711 1527 768 1574 et
802 1518 1044 1588 ejusdem
1084 1519 1194 1576 fere
1236 1521 1400 1584 modi,
1451 1521 1700 1575 nimirum
1737 1521 1806 1577 de
1842 1522 2150 1578 discrimine
2179 1523 2318 1577 inter
2343 1522 2585 1576 haeresim
2610 1521 2860 1584 Nestorii,
2891 1531 2946 1578 et
2973 1522 3220 1591 dogmata
3264 1522 3416 1578 Pauli

160 1606 507 1671 Samosaleni,
533 1610 770 1676 Ebionis,
796 1613 1029 1680 Photini,
1050 1623 1107 1672 et
1127 1615 1360 1672 Marcelli
1381 1615 1615 1681 Galatm;
1641 1615 1882 1673 fervebat
1900 1618 2043 1672 enim
2067 1618 2208 1672 inter
2227 1632 2415 1674 omnes
2432 1618 2678 1687 qumstio,
2698 1633 2764 1670 an
2788 1617 3059 1671 Nestorius
3078 1633 3198 1672 cum
3220 1616 3414 1672 Samo-

159 1708 341 1758 sateno
360 1705 611 1772 sentiret;
641 1715 772 1762 etut
798 1708 1046 1778 quisque,
1095 1718 1187 1766 aut
1229 1710 1535 1780 ingeniosus
1577 1710 1677 1766 sibi
1717 1711 2018 1776 videbatur,
2051 1719 2143 1766 aut
2172 1711 2432 1773 eruditus,
2463 1709 2785 1766 sententiam
2818 1707 3058 1763 ferebat:
3093 1710 3232 1764 unde
3256 1723 3412 1763 suum

158 1808 366 1863 quoque
386 1794 654 1860 Socrates,
687 1807 1173 1870 quantumcumque
1203 1802 1386 1865 laicus,
1413 1809 1468 1856 et
1499 1817 1677 1855 rerum
1704 1801 2127 1872 theologicarum
2155 1803 2377 1871 peritus,
2411 1809 2470 1855 ut
2497 1801 2660 1855 homo
2689 1799 2756 1854 de
2788 1800 2928 1864 aula,
2958 1799 3216 1868 judicium
3250 1801 3416 1854 inter-

160 1900 356 1988 ponere
377 1889 582 1988 voluitf
600 1889 715 1945 Lib.
741 1908 828 1954 vn,
853 1908 968 1964 cap.
994 1893 1054 1948 51
1073 1894 1114 1965 ).
1141 1893 1313 1950 liabet
1327 1911 1453 1950 vero
1477 1895 1792 1952 Mercatoris
1816 1897 2046 1968 epistola
2067 1897 2172 1953 hoc
2199 1897 2408 1952 initium
2435 1915 2449 1950 :
2475 1895 2801 1952 Samosateni
2831 1894 2987 1950 Pauli
3009 1906 3160 1960 atque
3181 1893 3234 1950 Ν
3239 1896 3412 1951 estorii

158 1986 228 2030 est
244 1982 348 2030 ista
374 1995 476 2033 non
499 1982 666 2036 minus
696 1983 854 2054 impia
872 2000 1025 2056 quam
1057 2002 1188 2040 vana
1216 1987 1472 2051 doctrina,
1504 1996 1610 2043 etc.

221 2069 372 2126 Tunc
391 2072 591 2141 pariter
617 2075 864 2144 exemplo
890 2075 1145 2132 laicorum
1175 2077 1378 2133 incensi
1406 2080 1724 2152 presbyteri,
1750 2096 1872 2136 cum
1903 2081 1954 2135 in
1979 2081 2207 2138 ecclesia
2237 2095 2355 2148 qua:
2371 2079 2523 2135 [rene
2546 2080 2810 2132 maritima
2834 2078 3178 2134 dicebaturin
3195 2095 3417 2150 pravum

159 2161 345 2231 dogma
372 2163 566 2218 invecti
596 2175 794 2232 essent,
824 2169 1081 2224 continuo
1111 2169 1268 2224 tninis
1295 2179 1350 2225 et
1374 2172 1697 2226 auctoritate
1727 2170 2027 2227 frondentis
2059 2171 2302 2241 episcopi
2331 2171 2490 2225 silere
2520 2167 2656 2237 jussi
2688 2177 2847 2221 sunt:
2873 2169 3011 2222 unde
3031 2169 3218 2222 accidit
3240 2177 3295 2221 ut
3327 2186 3420 2238 po-

159 2252 299 2322 pulus
330 2256 572 2311 usitatam
599 2257 720 2328 ﬁdei
741 2261 1160 2329 praedicationem
1181 2263 1441 2334 requirens
1463 2263 1698 2333 publicei

1879 2273 1985 2318 aret
2007 2281 2025 2319 .'
2058 2280 2434 2320 IMPERATOREI
2459 2279 2718 2328 ιιηειιυε,
2747 2276 3033 2317 EPISCOPUI
3057 2277 3156 2316 NON
3182 2276 3421 2317 ιιιωειιυε

165 2342 255 2414 (In
281 2348 501 2418 supplic.
535 2347 735 2414 Basilii,
762 2367 778 2406 ι
806 2363 942 2422 part.
967 2369 1112 2408 conc.
1143 2351 1280 2424 Eph.
1305 2371 1422 2426 cap.
1453 2355 1575 2420 50).

225 2438 408 2510 Neque
437 2450 641 2499 tantum
661 2447 895 2514 querelis
918 2448 1144 2517 populus
1166 2464 1280 2504 rem
1302 2450 1429 2518 egit,
1457 2450 1552 2505 sed
1584 2451 1742 2507 minis
1773 2465 1991 2521 quoque
2025 2461 2078 2508 et
2108 2452 2318 2522 publica
2353 2453 2774 2522 exprobratione
2810 2449 3072 2508 scelerum
3100 2465 3218 2518 quae
3246 2449 3424 2518 specie

161 2533 371 2602 pietatis
400 2533 674 2590 Nestorius
716 2545 951 2607 tegeret;
982 2539 1180 2608 ohjecit
1213 2541 1354 2595 enim
1384 2540 1723 2611 indigentium
1765 2543 2147 2613 negligentiam,
2181 2543 2550 2613 facultatesque
2579 2559 2860 2613 pauperum
2901 2540 3098 2608 cupidis
3138 2537 3425 2595 hominibus

157 2637 430 2697 erogatus;
464 2636 574 2683 tum
621 2630 857 2685 minatus
883 2639 966 2686 est
1009 2633 1378 2702 projectionem
1425 2634 1478 2686 in
1520 2650 1682 2699 mare,
1739 2642 1791 2688 et
1835 2635 2058 2705 pastoris
2093 2635 2148 2689 in
2186 2634 2360 2705 lupum
2413 2637 2543 2690 versi
2585 2651 2758 2690 necem
2807 2632 3024 2705 (Cyrill.
3074 2634 3128 2687 in
3173 2630 3424 2688 Encomio

164 2718 395 2791 Virginis
417 2721 458 2789 ).

224 2809 398 2864 Minas
437 2811 769 2880 excepissent
797 2810 954 2875 facta,
989 2812 1089 2867 nisi
1136 2813 1543 2882 magistratuum
1573 2814 1836 2885 potentia,
1869 2814 2146 2886 ipsiusque
2192 2814 2534 2885 imperatoris
2565 2814 2817 2871 Nestorio
2859 2813 3086 2869 faventis
3121 2813 3427 2868 retinuisset

151 2913 355 2957 metus.
391 2900 683 2972 Utrumque
711 2903 876 2959 libera
915 2905 1256 2976 simplicitate
1295 2907 1544 2962 monachi
1575 2907 1786 2977 ipsimet
1813 2906 2117 2974 Theodosio
2157 2906 2490 2976 objeccrunt.
2535 2905 2826 2976 Postquam
2872 2907 3016 2961 enim
3063 2904 3428 2974 impotentiam

154 2994 411 3056 Nestorii,
443 3003 498 3050 et
544 2994 748 3050 furendi
789 2996 1045 3052 adversus
1071 2999 1363 3068 quemlibet
1392 2999 1662 3055 licentiam
1703 3009 2066 3070 exposuerunt
2093 3017 2107 3052 :
2140 2999 2415 3070 Superbia,
2467 2999 2734 3068 inquiunt,
2765 3015 2866 3072 qua
2893 3014 3067 3052 omnes
3089 2997 3428 3068 parvipendit,

159 3087 344 3150 elatus,
361 3087 687 3159 pecuniisque
705 3098 755 3142 et
789 3099 1142 3160 corruptorum
1169 3091 1506 3163 quorumdam
1535 3093 1797 3148 hominum
1821 3095 2050 3166 potentia
2073 3096 2254 3165 fretus,
2283 3103 2333 3147 et
2359 3102 2415 3146 ut
2442 3091 2599 3147 libere
2624 3091 2762 3164 quod
2788 3109 2868 3148 res
2894 3101 2972 3148 est
2989 3092 3241 3157 dicamus,
3264 3102 3430 3148 vestra

160 3199 358 3255 quoque
375 3183 723 3238 dominatione
752 3186 932 3255 fretus,
957 3185 1066 3240 lucc
1087 3187 1217 3257 facit
1238 3191 1255 3257 (
1277 3185 1341 3240 In
1371 3189 1590 3258 supplic.
1622 3197 1796 3258 tpart.
1823 3206 1969 3244 conc.
1991 3187 2129 3260 Eph.
2151 3205 2268 3260 cap.
2302 3188 2426 3260 50).

231 3272 367 3328 Dum
388 3281 581 3328 cuncta
607 3273 873 3329 ferverent
892 3275 1048 3337 odiis,
1078 3275 1205 3331 hinc
1233 3285 1288 3331 et
1315 3276 1439 3332 inde
1475 3277 1690 3345 quidem
1720 3277 1946 3342 infestis,
1998 3294 2105 3334 non
2136 3287 2312 3333 tamen
2344 3277 2547 3348 pariter
2581 3279 2708 3334 hinc
2735 3287 2790 3334 et
2838 3277 2960 3333 inde
2983 3277 3158 3346 justis,
3191 3277 3430 3344 Proclus,

168 3368 253 3438 qui
282 3384 313 3422 a
334 3365 568 3424 Sisinnio
598 3367 874 3424 ordinatus
902 3367 1076 3423 fuerat
1088 3367 1489 3442 Cyzycenornm
1511 3369 1816 3440 episcopus,
1849 3371 2104 3441 per-gebat
2132 3369 2412 3439 pristinum
2439 3369 2672 3426 ollicium
2702 3369 2926 3440 implere
2945 3367 3430 3437 ConstantinOpoli,

169 3466 220 3514 et
246 3459 298 3514 in
327 3458 551 3515 ecclesia
576 3461 832 3530 populum
858 3460 1072 3517 docere.
1095 3459 1230 3517 Cum
1251 3469 1432 3516 autem
1462 3461 1687 3517 moleste
1707 3461 1870 3519 ferret
1898 3462 2099 3517 zizania
2121 3463 2300 3532 spargi
2329 3478 2426 3534 pro
2455 3463 2596 3518 bona
2634 3469 2878 3519 semente
2907 3462 2960 3517 in
2998 3475 3183 3530 agrum
3211 3461 3430 3526 Christi,

169 3565 322 3622 quem
343 3552 696 3609 excolendum
717 3562 1042 3624 susceperat,
1065 3554 1190 3609 dum
1217 3553 1367 3610 ﬂeret
1392 3553 1717 3624 aniplissima
1738 3553 1978 3624 quzcdam
1999 3554 2235 3626 synaxis,
2255 3563 2478 3623 urgente
2497 3562 2688 3626 pectus
2707 3568 2833 3609 vere
2861 3552 3216 3622 apostolicum
3235 3550 3433 3608 Christi

173 3642 446 3708 cbaritate,
478 3645 662 3700 habuit
692 3646 745 3701 in
775 3647 1007 3700 maximo
1038 3647 1275 3702 omnium
1297 3645 1544 3700 ordinum
1574 3654 1715 3701 cestu
1745 3661 1844 3716 pro
1873 3645 2098 3716 Deipara
2119 3646 2326 3717 virgine
2343 3655 2531 3702 contra
2561 3646 2864 3702 Nestorium
2886 3645 3184 3702 orationem
3208 3658 3434 3714 panegy-

172 3735 352 3799 ricam,
386 3737 441 3792 in
461 3753 585 3807 qua,
619 3739 742 3794 licet
769 3738 1057 3794 adversarii
1091 3755 1284 3794 nomen
1321 3739 1565 3802 tacuerit,
1600 3738 1974 3808 praesidentem
2013 3740 2324 3810 episcopum
2373 3741 2656 3803 reveritus,
2701 3740 2950 3795 bmresim
2979 3749 3157 3793 tamen
3188 3737 3433 3790 omnibus

177 3834 368 3892 notam,
421 3843 630 3882 summo
670 3843 738 3882 an
757 3828 968 3883 litorum
1008 3828 1229 3897 plausu,
1260 3827 1470 3883 refellit.
1504 3826 1721 3883 Factum
1761 3835 1983 3882 narrant
2013 3827 2368 3900 Theophanes
2411 3838 2459 3886 et
2489 3828 2764 3884 Cedrenus
2791 3829 2872 3883 his
2911 3829 3125 3883 verbis:
3157 3827 3236 3882 Ἐν
3262 3833 3355 3897 μ.ιᾷ
3379 3825 3432 3882 δε

173 3927 405 3993 κυριακῇ.
447 3921 874 3997 προκαθεζομένου
914 3923 1208 3994 Nee-topici).
1259 3923 1595 3997 προτραπεὶς,
1626 3919 1715 3995 ῠρὲ

1891 3928 1962 3976 τοῦ
2002 3922 2347 3995 ἕξηγήσασθαι
2368 3919 2522 3978 εἶπεν·
2552 3921 2755 3994 Ὀμιλία
2781 3925 2852 3983 εἰς
2873 3927 2964 3981 τήν
2992 3921 3240 3977 Θιοτὸκον
3259 3964 3271 3979 ,
3308 3918 3365 3980 ἧς
3403 3923 3433 3979 ri

174 4011 328 4082 ἆρχὴ.
352 4015 616 4086 Παρθενική
643 4016 922 4090 πανήγυρις
940 4017 1179 4084 σήμερον.
1212 4010 1428 4085 ἀδελφοὶ,
1463 4021 1569 4066 etc.
1600 4009 1699 4064 Die

1906 4011 2231 4074 solemniore,
2265 4012 2571 4082 prouidente
2601 4011 2864 4076 Nestorio,
2897 4027 3168 4065 conversus
3207 4009 3278 4062 ad
3305 4026 3429 4063 con-

175 4101 477 4158 cionandum
500 4104 713 4159 Proclus
742 4105 911 4158 dixit:
945 4102 1174 4158 llomilia
1203 4105 1255 4156 in
1291 4103 1585 4172 Deiparam,
1619 4103 1764 4173 cujus
1800 4103 2005 4157 initium
2037 4112 2134 4168 est,
2165 4101 2472 4158 VIRGINALIS
2498 4118 2802 4157 couvsmus
2830 4119 3006 4160 ιιοωε,
3038 4116 3296 4163 ιηιιιιτιιεε,
3325 4107 3431 4154 etc.

175 4191 478 4251 Vincentius
526 4195 798 4254 Ricardus.
834 4213 900 4249 ex
927 4203 1107 4250 vetere
1139 4193 1496 4262 Chronologia
1527 4193 1711 4250 Grmca
1734 4195 2120 4264 manuscripta,
2148 4194 2305 4264 paulo
2337 4193 2494 4247 aliter
2521 4192 2719 4248 factum
2746 4191 2926 4247 refert.
2952 4196 3079 4248 Μίαν
3109 4191 3162 4248 δέ
3187 4197 3432 4264 κυριακήν

176 4290 343 4364 ὥρισεν
368 4291 640 4366 Νεστὸριος
664 4297 736 4361 τῷ
763 4289 978 4365 Πρόκλῳ,
1007 4289 1092 4342 ἶνα
1112 4285 1307 4359 διδάξῃ.
1343 4289 1431 4339 καὶ
1457 4287 1596 4346 εὐθὺς
1626 4282 1762 4342 εἶπεν
1791 4287 1818 4343 ὁ
1844 4287 2062 4365 Πρόκλος
2085 4285 2276 4360 μεγάλῃ
2293 4293 2445 4361 φωνῇ’
2464 4286 2662 4356 Ὀμιλία
2683 4288 2756 4346 sic
2775 4290 2865 4345 τήν
2885 4283 3153 4340 δᾶσποιναν
3173 4284 3427 4340 Θιοτόκον.

175 4385 457 4460 Παρθυικὴ,
473 4391 575 4436 etc.
601 4381 944 4436 Constituerat
966 4377 1019 4432 Ν
1021 4381 1237 4434 estorius
1259 4380 1444 4449 festum
1463 4378 1739 4433 solemnius
1760 4378 1967 4446 Proclo,
1991 4395 2089 4451 quo
2111 4378 2315 4433 doceret
2336 4377 2613 4448 populum;
2637 4376 2855 4433 Proclus
2879 4395 2993 4432 vero
3016 4388 3218 4448 repente
3239 4394 3430 4448 magna

174 4491 282 4532 voce
306 4477 482 4531 dixit:
514 4473 744 4529 Homilia
772 4475 827 4528 in
849 4473 1112 4528 dominam
1134 4471 1433 4542 Deiparam,
1471 4470 1788 4535 VIRGINALIS,
1815 4479 1916 4526 etc.

237 4569 429 4626 Habita
450 4576 533 4624 est
559 4566 776 4635 insignis
804 4566 893 4622 illa
921 4565 1266 4632 omniumque
1297 4563 1540 4618 laudibus
1567 4563 1836 4618 celebrata
1865 4561 2084 4617 homilia
2112 4576 2256 4618 anno
2274 4557 2472 4616 Christi
2511 4558 2635 4626 429,
2675 4560 2765 4627 qui
2800 4561 3006 4630 primus
3048 4558 3146 4615 fuit
3178 4559 3428 4621 Nesto:-ii,

174 4661 252 4718 die
276 4661 414 4718 festo
445 4661 786 4723 solemniore,
811 4667 904 4714 aut
920 4657 1137 4720 Christi,
1162 4657 1437 4710 autbeatte
1456 4655 1708 4725 Virginis.
1725 4655 1892 4710 Erant
1919 4655 2060 4710 enim
2088 4652 2349 4723 ejusmodi
2375 4653 2545 4724 ἔορταί
2571 4655 2826 4731 neptuni.
2852 4651 3097 4707 l-labitam
3117 4665 3246 4717 ergo
3278 4667 3430 4718 opor-

175 4759 260 4815 tet,
290 4753 373 4808 vel
402 4753 460 4806 in
479 4755 770 4827 essentia,
800 4749 887 4805 die
914 4749 948 4803 6
983 4748 1242 4811 Januarii,
1272 4747 1415 4818 quod
1444 4747 1619 4802 minus
1647 4762 1798 4813 reor;
1844 4747 1928 4802 vel
1959 4749 2010 4802 ἓν
2036 4756 2110 4823 τῷ
2136 4744 2484 4819 Εὖαγιλισμῷ,
2509 4759 2669 4814 quam
2691 4743 3158 4799 Annuntiatinnem
3185 4744 3378 4797 «'ieima
3397 4774 3425 4805 ι,

174 4839 250 4897 die
269 4841 338 4896 25
364 4844 560 4908 Martii,
591 4851 648 4897 ut
673 4843 844 4911 ipsum
859 4841 1016 4896 docet
1035 4839 1292 4895 orationis
1311 4845 1702 4908 argumentum,
1719 4845 1881 4906 atque
1910 4837 2022 4907 ipse
2050 4844 2356 4893 contextus.

238 4935 443 4992 Dicenti
467 4944 645 4990 tantus
666 4937 734 4990 ab
753 4933 1002 4989 erunibus
1020 4932 1175 4988 datus
1195 4939 1270 4986 est
1294 4930 1536 5001 plausus,
1559 4937 1819 4998 quantum
1845 4929 2021 4984 facere
2041 4929 2216 4998 potuit
2237 4927 2526 4982 maximum
2542 4967 2556 4991 ,
2578 4941 2684 4980 non
2706 4925 2877 4978 solum
2899 4923 3087 4977 cratim
3113 4923 3156 4976 is
3177 4923 3424 4989 dignitas,

176 5027 260 5081 sed
288 5028 589 5083 auditorum
617 5028 778 5082 etiam
807 5040 926 5080 cum
957 5024 1127 5094 pietas
1165 5022 1216 5077 in
1250 5021 1550 5091 Deiparam,
1584 5029 1695 5074 tum
1725 5019 1905 5074 odium
1938 5020 1990 5073 in
2020 5017 2324 5073 Nestorium
2352 5035 2366 5071 :
2402 5033 2563 5072 ausus
2596 5024 2677 5070 est
2705 5015 2818 5083 ipse
2849 5023 3023 5067 tamrn
3047 5012 3300 5066 continuo
3331 5029 3428 5079 pro

178 5133 314 5174 more
341 5119 598 5190 populum
624 5117 793 5176 all‘ari,
823 5129 1134 5184 summaque
1163 5113 1488 5184 impudentia
1511 5127 1574 5167 ac
1604 5110 1898 5180 impietate,
1925 5108 2099 5165 Procli
2127 5109 2390 5179 prtecipua
2414 5121 2638 5178 qumque
2661 5105 2800 5160 dicta
2832 5103 3240 5174 reprehendere,
3265 5104 3427 5158 immo

179 5226 226 5263 et
251 5211 588 5281 blasphemia:
617 5211 890 5265 damnare.
921 5207 1190 5262 Orationis
1215 5207 1422 5260 initium
1459 5213 1579 5258 est:
1613 5201 1878 5256 Amatores
1909 5200 2097 5255 Christi
2127 5199 2342 5271 pomtlos
2373 5197 2582 5269 plausus
2616 5197 2695 5252 his
2737 5198 2970 5267 conferre
3015 5197 3099 5266 qui
3138 5211 3232 5265 pro
3270 5194 3424 5248 beata

180 5300 340 5358 Maria
359 5303 658 5375 impendunt
677 5301 926 5356 sermonis
947 5300 1185 5370 ofﬁcium,
1204 5315 1306 5352 non
1327 5306 1402 5350 est
1424 5293 1736 5350 mirandum.
1755 5292 1869 5348 Hoc
1892 5293 2029 5347 enim
2049 5293 2232 5364 ipsum,
2250 5289 2386 5364 quod
2406 5291 2545 5362 facta
2563 5298 2640 5342 est
2663 5285 2902 5357 templum
2919 5283 3203 5340 Dominica:
3227 5283 3422 5348 carnis,

180 5391 531 5446 meditemne
557 5389 691 5463 quod
711 5399 786 5444 est
813 5389 965 5443 laude
993 5387 1367 5459 dignissimum,
1391 5393 1497 5440 etc.

242 5482 418 5554 Neque
456 5500 584 5539 vero
615 5490 899 5537 contentus
934 5479 1100 5534 semel
1130 5479 1327 5533 dixisse
1366 5477 1623 5531 adversus
1661 5476 1904 5545 Deiparte
1943 5473 2298 5536 laudatorem,
2343 5480 2453 5526 tres
2496 5470 2687 5525 iterum
2716 5467 2903 5523 habuit
2927 5479 3224 5529 sermones,
3258 5464 3431 5520 tribus

179 5581 615 5652 consequentibus
651 5587 774 5650 post
812 5576 1083 5648 paschalia
1110 5572 1417 5645 synaxibus,
1447 5572 1642 5643 quibus
1685 5571 1906 5640 singulis
1935 5569 2195 5640 prolixius
2237 5575 2345 5621 tres
2383 5564 2679 5635 praecipuas
2707 5560 2880 5616 Procli
2909 5558 3205 5614 sententias
3232 5559 3428 5626 arguit,

177 5675 314 5745 quod
348 5649 492 5732 Deus
517 5675 587 5730 sit
610 5649 798 5744 passus
825 5677 880 5724 et
906 5676 1166 5731 mortuus,
1197 5664 1341 5736 quod
1379 5663 1521 5720 Deus
1546 5664 1615 5719 sit
1653 5672 1838 5719 noster
1867 5660 2127 5732 pontifex,
2157 5659 2406 5730 quodque.
2438 5657 2593 5712 beata
2622 5653 2782 5723 Virgo
2827 5649 2934 5708 dici
2951 5649 3143 5745 debeat
3161 5649 3424 5745 Θιοτξκρς.

176 5736 304 5820 Cum
323 5779 454 5822 vero
480 5736 711 5834 synases
728 5760 855 5817 olim
882 5758 1071 5814 tierent
1089 5755 1276 5811 diebus
1304 5753 1591 5810 Dominicis
1619 5761 1675 5809 et
1701 5751 1958 5817 sabbatis,
1990 5758 2153 5820 atque
2171 5750 2334 5804 etiam
2361 5747 2415 5804 in
2442 5744 2718 5803 memoriis
2739 5749 3054 5812 martyrum,
3090 5739 3174 5793 vix
3203 5736 3428 5794 delinire
