3904 6272
122 194 208 252 709
588 185 955 245 ΡΒᾸΞΡΑΤΙΟ
993 189 1056 245 IN
1095 187 1461 247 SECUNDAM
1503 192 1664 248 PAR']

1820 191 2103 249 OPERUM
2143 190 2334 247 MARll
2384 189 2841 249 MERCATORIS.
3234 189 3339 249 7m

181 305 409 375 Acceptis
437 303 632 370 litteris
659 304 934 374 Nestorius
962 308 1244 378 rescripsit
1280 324 1377 377 per
1403 308 1733 378 Lamponem
1771 311 2173 381 presbyterum,
2218 310 2453 364 breviter
2479 310 2722 379 quidem,
2766 311 2862 366 sed
2889 314 3000 367 non
3033 315 3156 367 ‘sme
3194 294 3343 380 gravi

120 397 273 471 Cvr-illi
295 397 651 462 accusatione,
683 397 825 478 quod
848 398 1294 474 intemperantius
1323 401 1389 454 ad
1420 416 1479 464 se
1504 401 1652 474 prior
1687 403 2006 472 scripsisset.

167 493 332 558 .Atque
358 488 460 542 hoc
489 487 698 541 initium
722 487 818 541 fuit
841 497 1040 570 apertae
1063 491 1428 552 contentionis
1453 492 1588 550 duos
1610 493 1749 550 inter
1768 494 2032 566 majorum
2061 495 2270 553 sedium
2296 497 2581 564 antistites,
2615 496 2988 553 Alexandrinae
3010 507 3064 554 et
3083 497 3346 554 Constan-

120 582 456 662 tinopolitanae
489 598 501 632 :
535 595 764 664 quorum
790 590 850 635 ut
877 591 992 658 erat
1017 584 1252 652 maxima
1299 592 1427 642 tunc
1455 587 1764 652 auctoritas,
1797 588 1909 650 sive
1952 595 2172 657 propter
2218 588 2426 645 sedium
2467 589 2810 658 dignitatem,
2841 591 2955 646 sive
2982 599 3206 661 propter
3233 591 3344 645 sin-

120 677 332 745 gulorum
361 687 648 740 personam
668 711 682 736 ,
715 673 792 748 sic
820 675 1134 751 eorumdem
1179 685 1361 747 partes
1401 688 1624 748 secutus,
1657 679 1802 747 orbis
1844 696 1980 749 pene
2000 680 2300 749 universus,
2333 683 2570 752 seipsum
2608 684 2993 739 incredibiliter
3019 685 3342 752 commovit,

118 777 256 834 atque
282 757 440 838 etiam
467 764 663 820 divisit.
709 766 841 822 Nam
879 768 1073 823 exinde
1114 771 1274 844 coepit
1297 786 1384 826 res
1410 773 1495 839 agi
1525 786 1724 842 magno.
1748 773 2048 836 animorum
2074 782 2239 840 testu,
2271 774 2480 831 duobus
2519 777 2754 845 partium
2805 776 3031 832 ducibus
3077 776 3210 830 nihil
3240 793 3348 831 non

119 858 448 923 molientibus,
481 874 590 927 quo
620 859 984 914 adversarium
1012 849 1240 931 quisque
1269 879 1428 932 suum,
1454 873 1822 936 prosterneret
1852 884 1864 918 :
1889 881 2224 936 quamquam.
2242 869 2491 936 malignis
2517 869 2740 934 artibus,
2764 875 2824 922 ut
2848 875 2966 923 erat
2992 867 3163 923 factus
3191 883 3220 922 a
3251 885 3350 923 na-

120 961 236 1012 tura,
264 949 530 1019 pugnabat
557 949 863 1018 Nestorius;
895 961 1082 1024 aperto
1105 963 1276 1036 marte
1298 943 1549 1028 Cyrinus,
1584 958 1670 1026 cui
1699 958 1952 1022 nimirum
1980 959 2188 1026 animus
2218 961 2602 1016 eratexcelsus
2621 967 2970 1030 erectusque,
3003 969 3061 1015 et
3095 962 3202 1015 nisi
3218 963 3350 1016 reti-

117 1047 307 1096 neretur
334 1036 486 1092 freno
514 1038 821 1122 christiana:
847 1041 1079 1118 virtutis,
1113 1059 1251 1126 pene
1298 1036 1630 1118 ambitiosus.
1673 1047 1920 1122 Imitatus
1965 1064 2158 1118 nempe
2198 1049 2371 1108 fuerat
2398 1067 2518 1106 cum
2559 1051 2845 1108 sanctitate
2887 1067 3066 1107 mores
3105 1052 3355 1106 avunculi

120 1129 398 1200 Theophili,
431 1129 583 1199 cujus
625 1131 678 1184 in
709 1131 891 1185 sedem
914 1145 1247 1208 successerat
1273 1153 1284 1188 :
1319 1145 1477 1212 atque
1506 1137 1631 1216 hinc
1659 1144 1857 1216 ortum,
1883 1146 1940 1209 ut
1970 1140 2262 1210 ancipitem
2283 1141 2366 1198 sui
2393 1140 2569 1198 hacin
2597 1155 2758 1197 causa
2780 1140 3088 1210 opinionem
3133 1138 3355 1205 faceret,

117 1223 258 1277 etiam
295 1223 436 1290 apud
464 1221 784 1290 prudentes;
817 1238 941 1277 nam
969 1225 1112 1280 sedis
1140 1243 1276 1291 suae,
1310 1237 1432 1298 post
1462 1213 2031 1306 Romanam'secundgc
2053 1271 2066 1296 ,
2100 1247 2270 1308 amor,
2303 1232 2603 1303 ardensque
2631 1232 2756 1289 ﬁdei
2794 1233 3058 1300 studium,
3089 1242 3144 1288 et
3170 1233 3354 1288 odium

117 1313 337 1377 hieresis,
371 1328 435 1367 ac
464 1313 804 1396 impatientia.
825 1315 1032 1401 injuriae
1058 1317 1273 1396 Christo
1315 1321 1502 1389 illatae,
1535 1321 1687 1384 factis
1716 1324 1884 1395 ipsius
1913 1325 2092 1392 varios
2120 1326 2282 1393 quasi.
2299 1327 2484 1388 vultus
2506 1327 2828 1396 aiiingebant
2858 1346 2871 1381 :
2923 1327 3024 1397 ipsi
3050 1327 3211 1381 etiam
3241 1342 3360 1382 ser-

114 1420 297 1469 mones,
327 1419 465 1473 quos
491 1405 741 1486 habebat,
773 1422 883 1486 pne
910 1408 1153 1496 doctrina
1183 1419 1342 1494 atque
1366 1414 1692 1497 eloquentia,
1718 1416 1968 1486 eximios,
1999 1415 2180 1474 eﬁ'erri
2207 1417 2527 1474 videbantur
2547 1420 2865 1488 aiiquando,
2900 1429 2955 1475 et
2970 1415 3065 1474 'vix
3094 1436 3202 1475 non
3242 1420 3354 1494 ira-

116 1498 286 1553 cundia
315 1496 556 1551 accendi.

175 1587 370 1642 Eodem
399 1595 641 1658 tempore
668 1589 722 1644 in
750 1605 938 1646 omnes
965 1598 1108 1649 artes
1136 1592 1370 1652 intentus
1394 1594 1668 1662 Nestorins
1697 1598 1938 1665 tentavit,
1982 1598 2026 1654 si
2055 1613 2158 1668 qua
2192 1600 2417 1663 ratione.
2429 1605 2644 1670 posset,
2676 1614 2939 1670 occupare
2975 1601 3208 1654 animum
3237 1599 3362 1655 Coc-

120 1682 300 1736 lestini.
335 1682 607 1754 Didicerat
633 1698 700 1738 ex
720 1683 916 1766 litteris
935 1684 1138 1756 Cyrilli,
1164 1702 1429 1752 summum
1449 1689 1778 1760 pontiﬁcem,
1803 1690 1959 1754 lectis.
1987 1690 2304 1760 quihusdam
2332 1691 2665 1753 tractatibus,
2698 1691 2788 1759 qui
2817 1691 3046 1746 Nestorii
3074 1689 3360 1756 ferrentur,

113 1777 444 1830 vehementer
472 1776 744 1846 offensum
765 1794 882 1833 esse
916 1797 928 1832 :
976 1779 1041 1833 ad
1073 1781 1248 1860 ipsum
1275 1795 1414 1858 ergo
1433 1783 1714 1852 epistolam
1744 1783 1909 1848 dedit,
1941 1785 2226 1846 occasione
2263 1783 2478 1853 quidem
2518 1782 2926 1852 Pelagianorum
2968 1786 3363 1854 episcoporum,

114 1867 563 1938 Constantinopoli
591 1870 932 1934 existentium
959 1890 972 1938 ;
1004 1861 1183 1948 reipsa
1204 1889 1333 1929 vero
1363 1874 1431 1929 ad
1459 1875 1855 1939 sollicitandum
1897 1874 2225 1944 pontiﬁcem,
2259 1888 2510 1943 suasque,
2538 1873 2583 1928 si
2611 1873 2833 1939 valeret,
2868 1875 2920 1927 in
2951 1863 3130 1944 partes
3153 1874 3370 1928 trahen-

113 1958 243 2010 dum.
279 1955 432 2012 Unde
461 1966 514 2020 et
543 1975 690 2040 suam
732 1971 967 2040 mentem
996 1963 1187 2034 litteris
1209 1966 1522 2034 exposuisse
1547 1967 1716 2022 videri
1738 1967 1922 2031 voluit,
1956 1967 2056 2024 etsi
2080 1967 2294 2035 tegebat
2313 1981 2474 2035 quam
2514 1965 2882 2030 callidissime,
2915 1973 2970 2020 et
3013 1966 3219 2034 aliquot
3256 1974 3368 2019 tra-

114 2059 272 2105 ctatus
299 2051 446 2105 misit
473 2067 569 2121 per
599 2051 928 2132 Antiochum
948 2056 1121 2124 virum
1151 2057 1430 2130 illustrem,
1463 2059 1553 2132 qui
1578 2075 1845 2127 venenum
1865 2060 2214 2121 continerent.
2245 2059 2428 2114 multis
2454 2074 2710 2122 verorum
2736 2060 3049 2128 dogmatum
3085 2055 3372 2112 involucris

112 2144 488 2198 absconditum.
539 2145 670 2200 Tres
699 2147 890 2224 saltem
920 2149 974 2202 hi
1005 2157 1282 2222 tractatus,
1321 2160 1582 2221 quantum
1611 2152 1866 2221 colligere
1902 2152 2030 2208 licet
2057 2167 2125 2210 ex
2152 2150 2432 2214 Caelestini
2459 2150 2668 2216 litteris,
2723 2158 2778 2206 et
2802 2143 3046 2205 Cassiani
3093 2148 3260 2229 libris,
3305 2146 3371 2200 ab

114 2233 368 2288 Antiocho
389 2233 552 2288 delati
580 2243 724 2290 sunt.
759 2234 970 2310 Primus
997 2239 1064 2302 de
1089 2239 1480 2308 Incarnatione,
1513 2257 1635 2310 quae
1659 2244 1936 2298 turbarum
1979 2257 2173 2307 causa;
2215 2241 2357 2296 alter
2390 2241 2444 2308 in
2487 2242 2723 2312 speciem
2752 2249 2939 2296 contra
2962 2239 3373 2296 Macedonianos

112 2334 158 2380 et
183 2325 438 2393 Arianos;
472 2329 681 2396 tertius,
715 2329 806 2397 qui
835 2315 1002 2400 veluti
1026 2332 1280 2392 adversus
1309 2333 1737 2404 Apollinaristas,
1765 2334 1944 2405 reipsa
1982 2334 2036 2390 in
2065 2333 2364 2392 catholicos
2396 2332 2678 2392 existebat.
2711 2332 2952 2403 Episteia
2979 2347 3142 2403 porro
3169 2333 3248 2387 sic
3290 2333 3374 2387 in-

110 2416 227 2485 cipit
260 2435 274 2470 :
307 2415 597 2472 Fraternas
621 2419 766 2473 nobis
788 2421 1001 2474 invicem
1031 2422 1265 2488 debemus
1289 2424 1668 2492 collocationes,
1702 2431 1807 2480 etc.
1844 2423 1993 2496 (Vid.
2029 2439 2143 2492 sup.
2179 2423 2276 2482 σοι.
2310 2420 2457 2490 H5).
3339 2409 3344 2412 l

169 2505 326 2562 Circa
358 2509 410 2562 id
443 2510 716 2578 temporis,
750 2526 904 2564 suum
933 2512 1145 2566 videtur
1167 2512 1432 2578 Mercator
1470 2514 1728 2569 obtulisse
1749 2512 2053 2572 Theodosio
2077 2510 2560 2574 Commonitorium
2596 2517 2784 2566 contra
2818 2507 3088 2564 lulianum
3119 2506 3376 2590 egGeele-

108 2599 282 2664 stium,
319 2607 653 2667 caeterosque
680 2597 997 2668 Pelagianos
1025 2602 1324 2674 episcopos,
1353 2602 1590 2670 illudque
1618 2602 1866 2670 omnibus
1889 2602 2023 2666 aliis,
2047 2601 2161 2661 sive
2189 2599 2443 2663 decleno,
2479 2598 2592 2654 sive
2619 2598 2690 2653 de
2715 2597 2862 2653 curia
2895 2606 2951 2653 et
2977 2598 3116 2662 aula,
3149 2597 3380 2653 edidisse

110 2691 252 2761 (Vid.
287 2709 409 2762 sup.
444 2692 544 2745 col.
583 2692 694 2762 65).
725 2693 783 2746 In
814 2708 879 2770 eo
910 2702 1076 2749 totam
1120 2694 1455 2766 ejuscemodi.
1487 2679 1772 2766 hominum
1812 2711 2029 2756 causam
2063 2695 2136 2753 ita
2178 2694 2458 2765 patefecit,
2499 2702 2562 2749 ut
2585 2695 2791 2753 cunctis
2815 2694 3196 2761 innotesceret,
3246 2707 3382 2763 quos

105 2787 357 2842 homines
408 2787 640 2841 amicitia
670 2802 764 2842 sua
794 2787 1072 2856 Nestorius
1111 2789 1349 2855 foveret;
1386 2797 1548 2860 atque
1592 2790 1666 2857 ita
1716 2789 1944 2860 quisque
1970 2789 2310 2858 intelligeret,
2365 2803 2474 2857 quo
2503 2788 2682 2843 animo
2728 2788 3018 2844 insectatus
3053 2795 3197 2844 esset
3223 2794 3382 2842 antea

108 2874 413 2942 hzereticos,
448 2893 571 2931 cum
600 2878 742 2932 viam
786 2889 1008 2952 pararet.
1041 2883 1232 2938 errori.

172 2966 381 3023 Oblata
403 2977 485 3023 est
511 2969 672 3024 etiam
704 2970 1012 3048 Theodosio,
1041 2975 1358 3052 supplicatio
1386 2990 1420 3044 a_
1444 2975 1640 3043 Basilio
1669 2974 1898 3038 diacono.
1925 2982 1980 3030 et
2006 2973 2440 3039 archimandrita,
2475 2971 2752 3028 Thalassio
2779 2973 2986 3028 lectore
3013 2981 3068 3028 et
3094 2973 3381 3052 monacho,

58 3054 61 3059 ’
113 3058 332 3128 aliisque
363 3060 565 3114 sanctis
608 3063 907 3144 monachis,
936 3079 1072 3144 qua,
1104 3049 1227 3136 post
1254 3067 1498 3138 exposita
1536 3083 1664 3136 qua:
1685 3067 1943 3127 hactenus
1990 3065 2204 3136 indigne
2245 3066 2388 3136 passi
2417 3073 2604 3121 essent
2642 3073 3058 3136 pateremurque
3084 3049 3385 3144 quotidie-:1

114 3150 360 3232 Nestorio
379 3193 394 3218 ,
426 3161 549 3222 post
575 3141 844 3230 obiectum
867 3139 1289 3232 quoqnelibera
1308 3158 1648 3233 simplicitate
1676 3158 1988 3228 imperatori
2014 3173 2170 3213 suum
2209 3155 2451 3213 haeretici
2474 3155 2848 3226 patrocinium,
2886 3155 2992 3209 duo
3021 3141 3253 3209 maxime
3287 3169 3387 3224 po—

117 3243 385 3298 SiU'abant
417 3263 429 3297 ε
463 3246 711 3315 alierum.
737 3233 1024 3330 οοηνοοέἱμτί
1046 3251 1330 3329 synodum,
1361 3267 1467 3322 qua
1496 3251 1862 3316 dissensiones
1886 3251 2009 3308 ﬁdei
2033 3251 2380 3317 tollerentur;
2412 3251 2661 3316 alterum,
2704 3249 2987 3320 comprimi
3027 3250 3381 3320 impotentem

119 3334 566 3391 Nestorianorum
595 3339 890 3420 audaciam,
924 3356 991 3408 ne
1021 3341 1243 3410 interim
1261 3351 1552 3417 pergerent
1584 3342 1854 3404 bacchari.
1890 3342 2174 3412 Temporis
2215 3343 2355 3397 ratio
2382 3338 2665 3397 conﬁcitur
2690 3356 2756 3394 ex
2785 3355 2851 3395 eo
2889 3339 3031 3410 quod
3060 3341 3113 3395 in
3141 3340 3229 3393 illa
3259 3354 3390 3410 sup-

120 3425 411 3493 plicatione
435 3443 523 3501 res
545 3428 879 3510 Nest‘oriana:
909 3431 1159 3512 dicqn'tur
1190 3432 1411 3506 perinde
1439 3448 1496 3502 se
1521 3433 1724 3488 habere
1749 3447 1815 3496 ac
1854 3433 1910 3490 in
1939 3432 2135 3489 litteris
2170 3430 2402 3486 Nestorii
2431 3429 2501 3484 ad
2524 3427 2902 3496 Caelestinum;
2933 3429 3116 3498 augeri
3141 3427 3393 3484 nimirum

119 3525 166 3570 et
193 3518 536 3578 iuvalescere
564 3522 619 3576 in
638 3522 772 3590 dies,
805 3522 1054 3579 Nestorio
1086 3525 1300 3598 multos,
1336 3533 1393 3588 ut
1435 3525 1549 3595 ipse
1595 3522 1811 3592 quidem
1837 3524 2113 3590 mentitur,
2143 3537 2388 3582 errorem.
2409 3521 2733 3589 dedocente;
2765 3528 2824 3575 ut
2863 3526 3041 3576 autem
3070 3520 3247 3575 verius
3272 3534 3393 3576 mo-

119 3611 268 3665 nachi
295 3614 542 3678 aiebant,
567 3614 725 3668 minis
747 3623 801 3669 et
818 3599 1133 3686 verberibus
1164 3623 1418 3686 terrente.

185 3699 332 3757 Tunc
354 3704 525 3757 etiam
548 3702 777 3775 Cyrillus
805 3706 1082 3776 reSpondit
1113 3708 1381 3769 nonnullis
1405 3709 1756 3776 querentibus
1785 3706 1947 3775 quod,
1979 3722 2102 3765 cum
2131 3706 2628 3777 audiissetimpiam
2656 3707 2887 3763 Nestorii
2912 3708 3395 3781 doctrinam‘ruere

131 3792 178 3846 in
197 3793 371 3863 pejus,
402 3811 516 3849 non
559 3797 908 3852 continuisset
928 3813 1064 3862 sese,
1099 3799 1432 3867 tacendoque
1471 3815 1660 3869 passus
1683 3806 1826 3854 esset
1850 3800 2019 3868 ipsam
2041 3813 2140 3868 per
2168 3815 2226 3854 se
2253 3800 2503 3864 interire;
2531 3801 2624 3855 sed
2651 3815 2681 3854 e
2709 3801 2979 3854 contrario
3001 3800 3229 3857 misisset
3255 3798 3397 3855 Con-

124 3887 538 3957 stantinopolim
567 3889 846 3960 epistolam
877 3904 1036 3964 quam
1065 3890 1131 3954 ad
1157 3890 1451 3946 monachos
1481 3889 1764 3964 {Egyptios
1786 3891 2094 3962 scripserat,
2128 3905 2299 3958 eaque
2327 3905 2510 3958 sparsa
2553 3891 2604 3942 in
2630 3891 2817 3957 vulgus
2844 3889 3146 3945 Nestorium
3173 3907 3396 3946 exacer-

123 3976 311 4045 basset,
345 3990 403 4035 et
438 3982 592 4051 quasi
621 3983 887 4050 coegisset
916 3959 1262 4062 pertinaciter
1282 3959 1567 4054 obﬁrmare
1587 3959 1826 4047 animum
1853 3959 2040 4041 aliena:
2061 3984 2494 4052 reprehensionis
2520 3984 2902 4053 impatientem.
2933 3983 3145 4054 Scripto
3170 3984 3398 4056 Cyrillus

127 4075 390 4143 exposuit,
427 4083 546 4129 tum
577 4073 700 4131 facti
729 4076 810 4130 sui
843 4091 1048 4139 causas,
1079 4083 1191 4128 tum
1221 4075 1421 4142 negotii
1449 4082 1798 4140 momentum,
1827 4076 1968 4143 quod
1997 4075 2267 4130 silentium
2317 4091 2655 4145 nequaquam
2683 4076 3035 4140 permitteret.
3069 4077 3229 4132 Duxit
3271 4094 3398 4134 vero

126 4164 238 4220 inde
269 4167 564 4224 exordium
585 4186 596 4220 :
621 4167 819 4228 Ἐπειδὴ
845 4190 932 4230 μοι
955 4170 1220 4244 γέγραφεν,
1244 4170 1274 4226 ἡ
1300 4167 1534 4238 εὐλάϐεια
1560 4167 1699 4238 ὑμῶν
1715 4207 1730 4234 ,
1761 4169 1833 4229 ὡς,
1853 4168 2168 4239 λυπουμένου
2189 4175 2279 4224 τοῦ
2306 4169 2702 4224 θεοσεϐιστάτου
2730 4171 3025 4248 Νεστορίου,
3051 4167 3129 4226 ὅτι
3153 4174 3244 4231 τήν
3270 4171 3398 4248 πρὸς

127 4261 427 4327 μονάζοντας
473 4261 688 4317 ἐποίησα
733 4260 1024 4328 ἐπιστολῄν,
1063 4267 1167 4337 etp.

192 4348 308 4404 Non
339 4350 523 4404 multo
552 4359 673 4420 post
702 4349 951 4430 Cyrinus,
983 4350 1051 4422 de
1093 4365 1242 4418 more
1269 4348 1410 4404 diem
1453 4347 1736 4418 Paschatis
1760 4349 2124 4414 nuntiaturus,
2149 4349 2294 4405 misit
2321 4349 2388 4405 ad
2417 4365 2606 4405 omnes
2632 4349 2918 4417 Ecclesias,
2949 4351 3042 4408 sed
3071 4353 3302 4408 maxime
3335 4354 3401 4408 ad

130 4440 808 4514 Constantinopolitanam,
841 4442 1118 4498 homiliam
1137 4440 1450 4512 paschalem
1477 4440 1495 4513 (
1518 4455 1582 4506 ea
1607 4448 1691 4496 est
1717 4439 1925 4508 decima
1963 4439 2224 4513 septima)
2255 4455 2362 4510 qua
2387 4439 2511 4496 ﬁdei
2539 4441 2730 4510 dogma
2757 4442 2823 4498 de
2846 4442 3214 4498 incarnatione
3241 4442 3401 4496 Verbi

130 4535 202 4589 sic
224 4534 514 4606 explicuit,
549 4543 606 4589 ut
635 4535 849 4603 egregie
875 4531 1145 4608 refelleret
1170 4547 1476 4604 sermonem
1495 4533 1728 4603 primum
1755 4530 1989 4600 Nestorii
2012 4532 2078 4586 de
2104 4533 2345 4601 virgineo
2366 4543 2543 4603 partu,
2567 4534 2787 4602 singulis
2811 4536 3050 4605 partibus
3079 4553 3184 4591 non
3216 4537 3405 4591 leviter

132 4630 454 4697 perstrictis.
483 4627 617 4683 Cum
649 4643 775 4683 vero
809 4626 1034 4687 nihilvde
1053 4626 1164 4684 Deo
1197 4625 1334 4699 facto
1358 4625 1638 4693 sacerdote
1669 4624 1841 4689 hacin
1870 4624 2088 4680 bomilia
2109 4625 2336 4692 dicatur,
2369 4625 2578 4695 signum
2599 4634 2681 4681 est
2707 4643 2813 4681 non
2841 4628 3144 4693 obscurum,
3169 4626 3401 4680 nondum

134 4729 254 4776 tunc
275 4732 372 4778 aut
402 4721 712 4778 orationem
753 4717 946 4784 Procli,
980 4724 1071 4772 aut
1119 4717 1234 4786 ejus
1263 4733 1292 4771 a
1319 4717 1567 4772 Nestorio
1590 4716 2036 4787 reprehensiones
2065 4717 2440 4772 Alexandriam
2463 4719 2676 4773 venisse
2719 4737 2732 4770 :
2763 4719 2959 4773 nullam
2983 4720 3122 4773 enim
3153 4717 3400 4789 Cyrillus,

135 4825 492 4886 posteaquam
538 4817 605 4872 de
646 4815 1011 4871 controversia
1040 4812 1274 4875 rescivit,
1313 4812 1724 4884 praetermittere
1767 4811 2106 4870 occasionem
2135 4811 2314 4867 Procli
2362 4828 2524 4882 super
2546 4829 2609 4868 ea
2638 4829 2697 4867 re
2735 4811 3054 4867 defendendi
3082 4812 3271 4866 solitus
3301 4819 3400 4864 est.

135 4909 350 4980 Signum
377 4923 467 4976 est
496 4927 710 4981 quoque
732 4912 1026 4977 indubium,
1061 4908 1370 4979 paschalem
1409 4910 1548 4970 hanc
1576 4907 1850 4964 homiliam
1888 4906 2165 4976 scripsisse
2200 4907 2348 4975 prius
2370 4903 2626 4976 Cyrillum
2650 4920 2809 4973 quam
2839 4905 3042 4959 litteras
3070 4920 3101 4959 a
3131 4904 3238 4959 suis
3265 4903 3407 4957 Con-

137 4983 495 5075 stantinopcili
523 5006 804 5074 agentibus
827 5005 1150 5074 accepisset;
1183 5003 1236 5056 in
1276 5002 1340 5056 iis
1369 5003 1509 5058 enim
1539 5017 1716 5057 sermo
1749 4997 1912 5054 ﬁebat
1937 4999 2005 5054 de
2034 5013 2281 5054 sermone
2305 5006 2498 5067 quarto
2524 4997 2779 5052 adversus
2818 4995 3084 5062 Proclnm,
3131 4996 3182 5051 in
3207 5011 3312 5065 quo
3341 4995 3406 5050 de

138 5093 243 5150 Dco
278 5096 431 5162 facto
464 5096 747 5150 sacerdote
777 5097 1054 5165 agebatur.

204 5184 493 5248 lntcrima
526 5187 636 5240 suis
683 5186 1150 5256 Constantinopoli
1177 5187 1530 5250 morantibus,
1571 5193 1626 5240 et
1667 5184 1964 5254 prmsertim
1992 5199 2023 5237 a
2049 5183 2232 5253 Bupha
2273 5181 2529 5253 Martyrio
2557 5179 2785 5238 diacono
2814 5186 3006 5254 agente
3035 5178 3090 5233 in
3118 5177 3278 5232 rebus
3306 5177 3409 5232 Ec-

137 5274 308 5328 clesirc
351 5276 753 5340 Alexandrinm,
806 5277 1010 5347 accepit
1037 5276 1310 5345 exemplar
1338 5274 1491 5329 facta:
1517 5291 1548 5329 a
1579 5274 1768 5329 Photio
1796 5275 2162 5344 responsionis
2201 5273 2266 5326 ad
2313 5273 2594 5342 epistolam
2623 5272 2687 5326 ad
2716 5271 3040 5333 monachos;
3073 5271 3276 5350 accepit
3306 5287 3408 5324 una

141 5381 150 5427 ς
175 5365 340 5417 ariter
371 5374 630 5432 quartum
661 5364 887 5419 Nestorii
936 5380 1236 5418 sermonem
1265 5365 1520 5418 adversus
1551 5363 1829 5422 Proclnm;
1864 5365 2026 5416 immo
2056 5370 2109 5416 et
2133 5363 2394 5416 intellexit
2415 5377 2443 5414 a
2465 5361 2657 5429 quibus
2685 5360 3005 5416 calumniam
3036 5359 3086 5413 in
3112 5360 3261 5423 urbe,
3293 5361 3412 5428 qui-4

138 5452 308 5526 bust
330 5459 706 5514 incentoribus
736 5465 1049 5528 pateretur;
1081 5458 1297 5512 rescivit
1321 5458 1482 5511 etiam
1511 5458 1753 5511 homines
1777 5457 1867 5525 qui
1896 5457 2126 5509 Nestorii
2169 5463 2347 5523 partes
2387 5456 2746 5522 sequebantur
2768 5455 2834 5508 de
2865 5469 2995 5522 pace
3021 5441 3180 5508 verba
3211 5453 3407 5528 facere,

137 5549 603 5620 concordiamque
634 5550 774 5605 inter
800 5537 937 5616 duos
963 5550 1197 5619 partium
1244 5550 1510 5606 antistites
1547 5551 1742 5604 moliri.
1777 5548 1952 5615 Quare
1998 5549 2210 5616 scripsit
2246 5561 2311 5600 ex
2341 5548 2543 5616 synodo
2572 5547 2949 5612 Alexandrina,
2993 5562 3111 5625 qua:
3150 5547 3216 5602 de
3261 5564 3412 5628 more

135 5635 449 5696 habebatur
477 5650 600 5699 ante
629 5642 1118 5713 Quadragesimam,
1143 5642 1404 5700 secundas
1431 5645 1498 5701 ad
1526 5645 1828 5700 Nestorimn
1861 5645 2084 5704 litteras,
2114 5641 2305 5708 quibus
2335 5647 2388 5694 et
2416 5654 2474 5694 se
2505 5641 2571 5694 ab
2614 5639 2872 5712 improbis
2909 5640 3076 5716 ipsius
3120 5639 3410 5720 adulatori-
