3904 6272
467 358 570 416 ’1η
847 432 850 434 γ
964 354 1330 414 ΡΒΕΡΛΤΙΟ
1367 355 1434 410 ΙΝ
1470 355 1838 414 SECUNDAM
1879 357 2009 412 PAR

2233 354 2472 413 tPERUﬂ
2514 355 2705 413 MAR"
2744 287 3182 412 MERCATORIS
3650 345 3775 404 ⁸112

471 479 570 527 bus
595 470 840 540 injuriam
869 468 979 540 pati
1019 480 1353 538 quereretur,
1385 476 1439 523 et
1465 484 1769 524 sermonem
1793 476 2042 538 quartum
2071 468 2127 523 in
2166 466 2434 534 Proclum,
2464 468 2618 538 quasi
2653 467 2794 521 aliud
2823 480 3010 535 agens,
3042 466 3336 528 refelleret,
3367 474 3424 520 et
3460 464 3644 520 ﬁdem
3673 476 3777 518 ca-

474 565 722 620 tholicam
749 570 1067 632 exponeret.
1097 562 1271 617 sciens
1299 561 1481 631 utique
1522 561 1676 616 dolos
1709 562 1912 617 versari
1960 561 2026 616 ab
2054 561 2377 616 adversariis
2409 579 2423 614 :
2455 561 2545 631 qui
2576 561 2718 616 enim
2747 561 2881 615 alias
2909 558 3183 614 videretur
3222 573 3414 613 amans
3441 556 3771 620 turbarum,

470 657 514 712 si
543 656 690 726 pacis
715 654 962 724 cupidum
994 654 1286 708 irritasset?
1311 651 1503 721 Incipit
1529 653 1756 723 epistola
1805 653 1873 707 ab
1927 653 2010 708 his
2049 653 2226 709 verbis
2258 671 2270 706 :
2307 652 2576 719 Garriuut,
2625 655 2760 709 sicut
2797 653 2970 719 audio,
3012 652 3225 727 quidam
3269 651 3334 706 de
3359 649 3774 706 existimatione

470 765 583 803 mea
611 747 750 818 apud
772 747 1066 818 religionem
1100 755 1257 802 tuam.
1305 755 1356 800 et
1384 745 1480 800 hoc
1509 747 1799 818 frequenter
1825 745 2207 816 processionum
2241 745 2320 800 rel
2347 756 2681 801 conventuum
2709 756 2996 817 opportuna
3040 754 3271 814 temmra
3310 751 3674 813 aucupantes.
3713 739 3771 795 In

469 845 700 900 concilio
726 842 1147 900 Chalcedonensi
1175 842 1312 897 datae
1335 841 1585 896 dicuntur
1612 856 1796 896 mense
1818 840 2040 906 Mechir,
2074 841 2366 906 indictione
2392 841 2476 908 12,
2509 842 2564 899 id
2591 850 2692 909 est,
2721 857 2753 898 a
2778 841 2869 898 die
2892 839 2964 896 26
2981 839 3224 895 Januarii
3245 839 3316 895 ad
3332 837 3404 893 26
3431 836 3765 900 Februarii;

469 935 573 991 hoc
601 934 743 990 enim
764 933 1021 1003 temporis
1049 932 1329 988 intervallo
1359 929 1598 1003 Egyptii
1621 947 1862 987 mensem
1893 931 2098 988 Mechir
2124 931 2471 989 deﬁniebant.

541 1025 652 1082 Sub
680 1025 819 1082 idem
860 1025 1135 1094 temporis,
1167 1024 1330 1080 immo
1378 1023 1566 1079 eadem
1599 1024 1701 1090 via,
1731 1039 1860 1079 suos
1905 1011 2025 1078 illos
2053 1024 2468 1094 apocrisiarios,
2494 1025 2660 1081 misso
2686 1005 3120 1087 commonitorio,
3143 1021 3373 1095 Cyrillus
3400 1020 3625 1086 docuit,
3657 1034 3764 1090 qua

469 1117 677 1173 ratione
718 1116 995 1182 deberent,
1025 1116 1070 1170 si
1099 1115 1166 1171 de
1192 1130 1328 1186 pace
1357 1121 1704 1179 tractaretur,
1733 1128 1923 1184 gerere
1949 1131 2010 1170 se
2037 1131 2160 1171 cum
2191 1115 2560 1184 Nestorianis;
2589 1116 2785 1188 quibus
2823 1115 3024 1188 pacisci
3051 1114 3477 1179 conditionibus;
3510 1112 3660 1182 quid
3698 1111 3767 1168 ad

467 1211 789 1280 qumstiones
816 1209 1169 1280 respondere;
1200 1207 1341 1286 quid
1356 1208 1407 1263 in
1436 1207 1810 1276 congressibus
1834 1207 2046 1273 dicere;
2068 1223 2230 1278 quam
2258 1210 2447 1266 testari
2467 1225 2617 1265 suam
2639 1223 2760 1266 esse
2787 1208 2954 1264 animi
2977 1208 3318 1274 sententiam,
3337 1215 3445 1263 etc.
3472 1205 3763 1276 Scriptum

468 1301 541 1357 ita
572 1302 757 1371 incipit
785 1319 798 1355 ;
834 1299 956 1372 Legi
992 1301 1190 1356 litteras
1219 1301 1402 1354 missas
1427 1298 1633 1363 aeoliis,
1657 1299 1839 1372 quibus
1867 1299 2045 1362 didici,
2071 1307 2177 1355 etc.

539 1394 695 1450 Dedit
723 1410 827 1448 una
857 1395 1061 1450 litteras
1082 1392 1149 1447 ad
1177 1392 1407 1447 amicum
1429 1391 1716 1460 quemdam
1740 1389 1989 1453 Nestorii,
2012 1405 2122 1460 quo
2149 1399 2204 1447 et
2233 1391 2350 1463 ipse
2377 1391 2540 1447 etiam
2579 1389 2915 1446 familiariter
2935 1390 3190 1446 utebatur
3212 1389 3496 1459 (Acacium
3531 1385 3760 1440 Melite~

468 1500 688 1543 nensem
718 1485 862 1554 reor)
892 1484 1084 1552 quibus
1112 1490 1338 1538 testatur
1364 1497 1424 1536 se
1452 1497 1557 1536 non
1582 1481 1876 1536 abhorrere
1903 1496 1933 1535 a
1963 1481 2111 1552 pacis
2137 1482 2396 1544 consiliis,
2422 1480 2581 1536 modo
2616 1479 2748 1535 ﬁdes
2780 1481 2928 1536 salva
2958 1487 3122 1542 esset,
3149 1477 3479 1547 oll'ensioque
3500 1475 3759 1532 ﬁdelium

469 1573 779 1635 tolleretur;
809 1573 889 1625 sin
931 1571 1132 1634 minus,
1163 1586 1222 1626 se
1251 1578 1494 1640 paratum
1520 1569 1796 1640 quodlibet
1825 1570 1964 1624 ferre
2003 1571 2152 1640 prius
2180 1586 2342 1641 quam
2377 1571 2471 1626 Dei
2499 1585 2718 1626 causam
2755 1570 3050 1627 desereret.
3079 1569 3292 1626 Initium
3320 1570 3397 1624 sic
3437 1583 3496 1623 se
3538 1566 3755 1622 habet:

467 1662 598 1722 οἶδα
620 1669 711 1740 μὲν
737 1674 828 1726 τῆς
846 1673 940 1727 σῆς
959 1667 1162 1736 oblaticii;
1190 1666 1247 1720 τὸ
1274 1665 1546 1743 εἰλικρινῆ,
1579 1667 1662 1718 καὶ
1682 1665 1767 1717 οὐκ
1794 1663 2009 1736 ﬁgmenta

1013 1673 1162 1731 γαπῆς
1190 1666 1247 1720 τὸ
1274 1665 1546 1743 εἰλικρινές.
1579 1667 1662 1718 καὶ
1682 1665 1767 1717 οὐκ
1794 1663 2014 1736 agndum
2041 1669 2134 1722 τήν
2155 1663 2408 1723 σπονδήν.
2449 1672 2555 1719 etc.

545 1756 680 1810 Dum
709 1755 868 1810 verba
888 1754 955 1808 de
984 1768 1115 1822 pace
1144 1753 1333 1808 tierent
1360 1754 1428 1806 ab
1457 1752 1762 1806 hominibus
1790 1751 2225 1806 Nestorianarum
2253 1753 2503 1823 partium,
2528 1750 2807 1807 Nestorius
2829 1750 2942 1821 ipse
2964 1749 3251 1821 perﬁdiose
3276 1746 3614 1803 calumniam
3643 1760 3757 1800 mo-

469 1847 718 1911 liebatur,
752 1846 834 1900 vel
861 1845 1098 1916 ipsismet
1119 1844 1492 1900 Alexandrinis
1519 1843 1747 1909 clericis,
1773 1843 1854 1898 vel
1879 1843 1999 1898 aliis
2029 1844 2225 1914 potius,
2257 1845 2347 1914 qui
2378 1860 2500 1898 cum
2535 1841 2738 1915 Cyrillo
2765 1843 3058 1907 sentirent;
3081 1842 3181 1896 hos
3209 1840 3379 1906 enim,
3403 1847 3612 1895 coacto
3633 1853 3755 1892 oon-

470 1941 615 2006 cilio,
640 1938 1051 2010 impellentibus,
1076 1943 1133 1990 ut
1161 1951 1258 2006 par
1283 1942 1368 1990 est
1386 1932 1623 1997 credere,
1657 1931 1976 2004 Pelagianis,
2005 1933 2307 1990 Manichm
2346 1933 2636 2003 impietatis
2656 1948 2779 1987 reos
2807 1929 3145 2002 peragendos
3171 1929 3324 1993 fecit,
3373 1937 3540 1996 atque
3587 1942 3757 1981 exau.

471 2039 711 2086 ctoratos
737 2033 1078 2085 anathemate
1107 2027 1350 2098 perculit.
1395 2026 1485 2082 Sic
1521 2027 1663 2083 enim
1692 2027 1919 2096 ipsemet
1944 2024 2013 2098 Cy

2212 2025 2359 2080 cribit
2386 2044 2398 2078 :
2425 2029 2634 2082 Γὶνωσκε
2662 2025 2716 2082 δέ
2756 2025 3134 2094 πεπλανημένον
3181 2023 3370 2078 σαυτὸν
3392 2021 3496 2076 ὑπὸ
3522 2027 3640 2074 τῶν
3665 2027 3754 2078 τῆς

469 2132 569 2188 σῆς
591 2122 720 2185 ἴσως
746 2122 1018 2185 διαθέσεως
1043 2123 1303 2196 adripuit».
1331 2121 1436 2175 ὑπὸ
1463 2128 1562 2174 τῶν
1591 2121 1807 2176 ἐνταῦθα
1831 2121 1932 2174 ἀπὸ
1953 2127 2011 2178 τῆ

2202 2141 2220 2181 τ
2248 2117 2462 2174 συνόδου
2493 2119 2874 2192 καθῃρημένων,
2905 2119 2974 2174 ὥς
3000 2117 3067 2171 rei
3097 2116 3389 2186 Μανιχαίων
3416 2113 3744 2187 γραφόντων,

473 2222 604 2280 etc.,
635 2230 752 2284 qua:
779 2215 942 2270 verba
967 2212 1163 2267 Marius
1199 2211 1468 2267 Mercator
1493 2210 1739 2279 ambigue
1768 2212 1838 2265 ita
1871 2211 2256 2286 interpretatur
2285 2231 2299 2263 ι
2333 2209 2478 2266 Scito
2499 2222 2688 2276 autem,
2710 2209 2976 2263 seductum
2998 2224 3109 2262 esse
3138 2217 3184 2261 te
3211 2206 3276 2260 ab
3305 2207 3367 2260 iis
3385 2206 3472 2276 qui
3501 2221 3532 2256 α
3564 2213 3751 2258 sancto

482 2306 703 2363 concilio
724 2305 941 2376 depositi
961 2314 1099 2367 sunt,
1124 2311 1393 2375 prapterea
1412 2301 1549 2373 quod
1569 2299 1746 2355 morbo
1775 2299 2180 2355 Maniclzworum
2200 2311 2370 2354 essent
2396 2301 2596 2370 repleti,
2620 2310 2728 2364 aut,
2753 2299 2888 2371 quod
2906 2299 3228 2371 potissimum
3248 2307 3340 2361 est,
3365 2313 3396 2350 a
3424 2297 3641 2350 clericis
3670 2296 3754 2365 af-

474 2400 712 2470 fectionis
737 2407 858 2453 tum.
879 2395 1177 2452 Concilium
1227 2394 1493 2464 ejusmodi
1539 2393 1724 2448 haberi
1754 2394 1995 2463 oportuit
2022 2393 2126 2449 hoc
2161 2408 2325 2458 anno,
2356 2395 2497 2448 circa
2522 2407 2762 2448 mensem
2792 2392 3108 2461 Augustum.
3134 2389 3190 2444 ln
3220 2405 3287 2444 eo
3316 2389 3514 2444 factum
3563 2387 3626 2442 id
3652 2402 3751 2459 pro

474 2488 782 2559 Pelagianis
807 2489 1100 2551 decretum,
1126 2485 1267 2557 quod
1299 2485 1350 2540 in
1381 2486 1524 2540 hunc
1543 2499 1711 2554 usque
1731 2483 1871 2539 diem
1898 2483 2157 2538 creditum
2185 2493 2267 2538 est
2291 2499 2320 2536 a
2349 2483 2700 2539 schismaticis
2728 2482 3080 2538 orientalibus
3102 2479 3296 2551 Ephesi
3324 2480 3618 2534 sancitum.

547 2581 758 2637 Interea
785 2596 1024 2636 snnnnus
1046 2578 1286 2649 pontifex
1311 2575 1652 2642 Ccelestinus,
1675 2593 1797 2632 cum
1827 2577 2126 2647 accepisset
2153 2593 2181 2631 a
2213 2577 2460 2634 Nestorio
2488 2578 2713 2643 litteras,
2744 2593 2878 2648 quas
2905 2587 3032 2634 ante
3059 2579 3309 2639 diximus,
3340 2575 3616 2645 simulque
3646 2583 3753 2629 tres

477 2678 755 2736 tractatus,
787 2685 846 2724 re
869 2669 1260 2725 communicata
1291 2682 1410 2722 cum
1436 2665 1618 2720 Leone
1643 2666 1893 2728 diacono,
1916 2680 2026 2735 quo
2052 2665 2303 2720 utebatur
2326 2667 2594 2736 praecipuo
2615 2667 2668 2722 in
2685 2666 2915 2735 regenda
2939 2665 3177 2721 Ecclesia
3201 2665 3535 2729 administro,
3561 2664 3752 2718 statuit

475 2769 646 2816 totum
678 2759 730 2813 id
748 2757 980 2813 Nestorii
1007 2755 1262 2826 scriptum
1289 2752 1547 2809 Cassiano
1573 2753 1770 2809 Leonis
1798 2755 1973 2808 amico
2003 2753 2232 2819 mittere,
2257 2771 2363 2810 non
2393 2755 2708 2810 vertendum
2738 2755 2900 2810 modo
2924 2771 2991 2810 ex
3017 2755 3206 2810 Graeco
3228 2769 3477 2810 sermone
3515 2754 3571 2808 in
3605 2752 3751 2810 Lati-

486 2866 634 2915 num,
665 2850 758 2905 sed
783 2850 944 2905 etiam
973 2846 1317 2902 refellendum
1342 2862 1358 2910 ;
1387 2842 1671 2900 Cassianus
1693 2847 1837 2900 enim
1874 2855 2068 2915 prmter
2110 2847 2386 2916 utriusque
2415 2847 2608 2916 lingua:
2629 2847 2897 2917 peritiam,
2928 2847 3160 2900 maxima
3189 2845 3444 2901 doctrina:
3485 2844 3652 2900 laude
3688 2861 3750 2900 ea

479 2948 799 3010 tempestate
839 2937 1094 3000 clarebat,
1125 2935 1881 3006 Constanlinopolitanamque
1927 2936 2241 3001 Ecclesiam,
2273 2937 2428 3008 cujus
2455 2954 2485 2992 a
2514 2935 2899 3009 Chrysostomo
2934 2939 3216 2993 ordinatus
3263 2937 3433 2994 fuerat
3462 2935 3745 3004 diaconus,

477 3033 730 3102 singulari
753 3030 928 3086 studio
955 3027 1398 3099 prosquebatur.
1429 3027 1677 3097 Acceptis
1717 3028 1806 3083 ille
1830 3028 2164 3094 tractatibus,
2188 3031 2368 3085 statim
2395 3045 2676 3100 aggressus
2704 3037 2786 3086 est
2827 3046 2964 3101 opus
2993 3030 3247 3086 eximium
3277 3031 3344 3086 de
3371 3032 3751 3090 incarnatione

475 3127 703 3190 Christi,
741 3140 850 3195 quo
903 3130 1107 3193 septem
1155 3113 1305 3176 libris
1331 3119 1627 3176 confutavit
1666 3120 1910 3176 haeresim
1950 3121 2209 3189 Nestorii,
2250 3124 2343 3179 sed
2388 3124 2552 3180 tacito
2601 3124 2836 3186 nomine,
2869 3139 2990 3178 cum
3029 3123 3206 3179 adhuc
3252 3123 3750 3197 Constantinopoli-

477 3228 657 3274 tanam
704 3216 791 3270 ille
837 3214 1018 3269 sedem
1047 3220 1254 3267 teneret
1287 3228 1301 3264 :
1337 3211 1517 3281 plures
1546 3226 1674 3266 vero
1699 3211 1988 3269 Cassianus
2014 3215 2310 3272 sententias
2338 3216 2390 3270 in
2420 3217 2587 3272 hocce
2614 3232 2779 3287 opere
2804 3217 3013 3282 retulit,
3047 3225 3159 3272 tum
3189 3233 3258 3272 ex
3284 3217 3480 3275 litteris
3516 3219 3752 3294 Nestori;

475 3307 544 3363 ad
575 3304 923 3360 Caelestinum
945 3341 961 3365 ,
994 3310 1106 3356 tuan
1155 3315 1223 3356 ex
1270 3300 1447 3371 primo
1485 3313 1736 3356 sermone
1771 3302 1839 3357 de
1876 3301 2281 3371 l..carnatione,
2323 3306 2601 3376 alteroque
2639 3307 2896 3362 adversus
2951 3307 3183 3363 Arianos
3221 3319 3275 3364 et
3315 3307 3750 3365 Macedonianos.

547 3397 824 3452 Nestorins
846 3405 1088 3465 tempore
1114 3392 1564 3463 Quadragesinne,
1588 3394 1837 3449 secunda:
1874 3395 2056 3466 Cyrilli
2085 3397 2326 3467 epistola:
2352 3399 2642 3453 secundam
2671 3407 2726 3454 et
2755 3398 2870 3470 ipse
2901 3414 3053 3453 suam
3080 3401 3343 3470 reposuit,
3369 3415 3492 3469 quae
3519 3415 3644 3456 cum
3673 3400 3750 3454 le-

478 3503 694 3564 geretur
722 3490 775 3544 in
799 3489 1029 3544 concilio
1051 3485 1339 3557 Ephesino,
1362 3487 1475 3554 visa
1495 3493 1579 3541 est
1605 3485 1854 3543 Patribus
1873 3489 2152 3545 continere
2178 3489 2476 3544 doctrinam
2504 3490 2782 3546 catholicas
2807 3491 3164 3554 contrariam;
3191 3506 3290 3546 nec
3311 3490 3605 3554 innuerim,
3630 3504 3751 3544 cum

477 3583 779 3656 Cyrillianae
818 3579 1064 3634 secundae
1091 3581 1502 3647 contradiceret,
1533 3595 1654 3652 qua:
1681 3581 1888 3636 sincera
1925 3581 2166 3649 qumdam
2193 3590 2309 3636 erat
2339 3580 2457 3636 ﬁdei
2487 3597 2517 3636 a
2548 3581 2841 3652 majoribus
2869 3591 3105 3653 accepta:
3149 3583 3438 3652 expositio.
3471 3581 3750 3637 Nestorius

484 3692 647 3749 porro
676 3683 818 3730 totus
845 3674 896 3727 in
917 3688 984 3728 eo
1009 3673 1107 3727 fuit
1144 3689 1265 3727 cum
1295 3674 1571 3739 scriberet,
1603 3681 1664 3728 nt
1690 3675 1942 3744 probaret
1985 3689 2158 3743 neque
2195 3684 2401 3739 natum,
2432 3690 2606 3745 neque
2646 3691 2885 3746 passum,
2918 3691 3092 3746 neque
3119 3687 3391 3732 mortuum
3422 3677 3519 3732 Dei
3563 3675 3752 3730 Filium

487 3769 590 3824 dici
623 3781 809 3838 posse;
844 3766 894 3818 id
923 3773 1101 3820 autem
1131 3766 1452 3820 moliebatur
1477 3782 1585 3821 non
1620 3766 1960 3823 artiﬁciosius
1997 3784 2158 3837 quam
2186 3770 2504 3838 malignius:
2535 3786 2658 3824 nam
2697 3778 2752 3826 et
2780 3786 2976 3826 nomen
3006 3771 3312 3827 Divinitatis
3350 3772 3628 3842 usurparit
3655 3786 3751 3840 pro

481 3860 619 3921 Deo,
651 3859 756 3912 hoc
799 3864 902 3919 est,
937 3865 994 3910 ut
1038 3857 1359 3924 loquuntur,
1391 3857 1716 3912 abstractum
1761 3874 1858 3928 pro
1908 3869 2182 3922 concreto,
2234 3868 2286 3915 et
2317 3861 2620 3916 testimonia
2666 3860 2958 3931 Scriptum
3005 3862 3235 3918 detorsit
3276 3863 3330 3918 in
3374 3863 3586 3918 alienos
3629 3876 3751 3916 sen-

479 3969 602 4016 sus;
637 3951 865 4021 denique
903 3949 1159 4004 doctrinm
1183 3965 1214 4002 a
1239 3948 1306 4021 Ο)
1321 3949 1439 4002 rillo
1488 3949 1695 4004 traditae
1739 3952 1805 4006 de
1848 3950 2227 4020 conjunctione
2265 3960 2576 4006 naturarum
2624 3951 2676 4007 in
2716 3953 2976 4007 unitatem
3021 3952 3346 4024 hypostasis,
3389 3953 3559 4007 verbo
3598 3960 3754 4006 tenus

484 4059 738 4098 assensus
777 4052 878 4105 est,
906 4056 1004 4111 per
1038 4039 1318 4096 subdolum
1357 4039 1505 4096 vocis
1545 4056 1779 4112 persona:
1825 4042 2071 4097 abusum.
2113 4039 2327 4097 Initium
2365 4041 2605 4112 epistolas
2641 4040 2905 4111 ejusmodi
2941 4047 3025 4096 est
3056 4058 3068 4093 :
3102 4039 3338 4114 Injurias
3365 4039 3752 4095 admirabilium

481 4133 790 4193 litterarum,
833 4139 936 4185 etc.

550 4226 661 4280 Sid)
705 4233 1017 4280 autumnum
1050 4223 1347 4294 rersipellis
1375 4225 1656 4282 haereticus
1684 4227 1878 4281 iterum
1922 4224 2214 4282 Caelestino
2240 4241 2393 4296 papa:
2438 4225 2621 4281 retulit
2647 4225 2715 4280 de
2734 4223 3145 4295 Pelagianorum
3175 4239 3356 4288 causa,
3384 4224 3499 4290 sed,
3543 4231 3604 4279 ut
3629 4229 3750 4278 erat

481 4319 686 4378 solitus,
711 4318 777 4371 de
806 4318 978 4372 aliena
1003 4334 1059 4372 re
1088 4318 1264 4371 minus
1291 4333 1451 4386 quam
1475 4317 1541 4372 de
1563 4334 1657 4373 sua
1681 4319 1958 4374 sollicitus.
1983 4317 2213 4374 Litteras
2239 4317 2429 4372 detulit
2448 4317 2692 4372 Valerius
2713 4317 2793 4372 vir
2821 4317 3059 4382 illustris,
3084 4317 3174 4387 qui
3205 4333 3299 4371 sua
3331 4315 3596 4384 dignitate
3615 4327 3754 4385 pon-

486 4409 585 4462 dus
608 4409 689 4462 his
714 4409 953 4472 adderet,
989 4407 1251 4476 ﬂlemqne
1274 4407 1493 4472 faceret,
1523 4427 1628 4464 non
1660 4411 1873 4480 scriptis
1903 4419 2107 4466 tantum
2133 4409 2382 4471 Nestorii.
2418 4409 2570 4479 cujus
2597 4418 2713 4466 erat
2741 4408 3078 4464 ﬁdelissimus
3108 4408 3334 4470 amicus,
3359 4408 3452 4462 sed
3491 4408 3561 4462 iis
3591 4408 3758 4462 etiam

485 4516 602 4569 quae
629 4500 868 4554 diClUl‘US
897 4506 1012 4553 erat
1038 4499 1105 4553 de
1126 4500 1285 4554 rebus
1313 4500 1940 4571 Constantinopolitanis,
1973 4501 2023 4555 id
2056 4507 2157 4565 est,
2183 4501 2250 4554 de
2280 4498 2688 4568 Pelagianorum
2733 4499 2966 4568 querelis
2995 4497 3135 4567 apud
3165 4498 3566 4567 imperatorem,
3598 4506 3654 4554 et
3689 4497 3757 4553 de

485 4589 918 4650 contentionibus
947 4587 1199 4652 Nestut‘ii,
1246 4592 1438 4659 partim
1468 4608 1587 4645 eum
1617 4592 1816 4663 Cyrillo
1845 4593 2096 4662 urbisque
2123 4592 2283 4662 regia:
2310 4592 2476 4657 clero,
2507 4591 2703 4662 partim
2732 4607 2852 4645 cum
2893 4591 3012 4645 aliis
3045 4589 3214 4660 ipsius
3240 4589 3483 4645 doctrina
3511 4589 3752 4645 offensis.

487 4680 738 4751 Epistula:
767 4679 1044 4732 exordium
1074 4686 1156 4732 est
1181 4696 1192 4730 :
1227 4679 1378 4750 Stepe
1404 4681 1586 4751 scripsi
1615 4681 1915 4737 beatitudini
1937 4692 2038 4736 tute
2063 4693 2270 4754 propter
2295 4671 2584 4748 Iulianum,
2617 4679 2909 4748 Orontium,
2932 4691 2982 4736 et
3001 4691 3237 4746 caeteros,
3265 4683 3354 4755 qui
3375 4681 3472 4736 sibi
3499 4690 3759 4753 usurpant

486 4773 824 4844 episcopalem
848 4770 1168 4842 dignitatem,
1195 4778 1300 4826 etc.

554 4864 784 4936 Cyrillns
805 4879 925 4918 cum
949 4862 1144 4930 legeret
1168 4863 1456 4942 secundam
1487 4863 1714 4918 Nestorii
1740 4866 2041 4934 epistolam,
2069 4865 2324 4921 attentius
2345 4867 2627 4936 perpendit
2655 4875 2897 4921 extrema
2927 4865 3038 4921 hare
3060 4867 3222 4920 verba
3257 4883 3268 4918 :
3305 4863 3438 4929 Qua:
3474 4864 3547 4917 ad
3576 4860 3759 4918 Eccle—

487 4959 615 5011 sium
643 4965 876 5009 nostram
905 4955 1178 5024 pertinent,
1202 4954 1428 5025 quotidie
1456 4966 1708 5026 augentur
1735 4957 1788 5009 in
1819 4957 2030 5020 melius;
2052 4967 2100 5010 et
2127 4974 2242 5028 qua:
2271 4957 2340 5011 ad
2372 4957 2588 5027 plebem,
2621 4959 2819 5012 noveris
2848 4959 2903 5011 in
2933 4959 3184 5029 majorem
3209 4959 3499 5028 profectum
3527 4955 3758 5021 extendi,

489 5065 582 5119 per
609 5047 830 5116 gratiam
852 5042 1063 5107 Christi,
1087 5046 1138 5098 in
1163 5054 1378 5106 tantum,
1409 5056 1465 5098 ut
1487 5046 1757 5098 multitudo
1779 5047 1887 5099 Iure
1917 5045 2114 5101 rocibus
2143 5048 2403 5119 propheta
2441 5049 2664 5103 clamet:
2696 5048 3038 5103 Βεηεωτυιι
3068 5065 3241 5102 ream
3273 5064 3513 5103 scrsnrn
3547 5047 3761 5112 Dorum,

487 5155 637 5195 SICUT
685 5152 820 5199 ΑουΑ
854 5151 1031 5191 nutu
1063 5151 1385 5192 οοορειιιεικδ
1414 5152 1593 5190 IABIA.
1627 5134 1844 5190 Noreris
1871 5147 1920 5189 et
1940 5139 2130 5208 regiam
2152 5139 2356 5193 dontum
2387 5139 2666 5193 dilucidato
2688 5140 2924 5210 dogmate
2942 5142 2995 5192 in
3029 5157 3217 5210 magno
3239 5140 3432 5210 gaudio
3461 5139 3686 5210 degere:
3717 5149 3764 5193 et

489 5240 543 5282 ut
568 5229 773 5300 pagina:
804 5225 960 5296 liuent
988 5227 1200 5296 facium,
1232 5227 1376 5280 illam
1407 5226 1470 5279 de
1495 5225 1747 5285 Ecclesia,
1780 5243 1894 5297 qua:
1932 5228 2070 5298 apud
2117 5244 2208 5281 nos
2233 5239 2326 5291 est,
2357 5245 2509 5299 super
2549 5229 2781 5283 omnibus
2831 5229 3130 5293 Ita'resibus,
3163 5247 3277 5301 qua:
3304 5231 3549 5285 adrersus
3597 5230 3765 5284 Deum

488 5322 713 5390 litigant,
741 5333 912 5372 rorem
959 5317 1071 5371 ride
1102 5317 1299 5387 impleri
1337 5334 1355 5371 :
1384 5316 1507 5372 Iss1
1537 5333 1709 5373 boues
1760 5317 1932 5382 SAUL,
1971 5334 2030 5372 ετ

2222 5335 2492 5386 naeuus;
2535 5337 2653 5375 lBAT
2711 5336 2882 5375 nouus
2940 5321 3142 5383 DM’ID,
3189 5339 3256 5376 er
3307 5337 3764 5378 CONFOBTABATITI

492 5408 567 5477 (ll
599 5407 723 5470 Rea.
758 5423 833 5466 In,
867 5413 884 5460 t
916 5406 958 5474 ).

561 5491 695 5547 Cum
726 5494 838 5548 Incc
867 5509 994 5548 vero
1023 5493 1280 5548 attentius
1320 5495 1707 5564 perpendisset,
1741 5495 1903 5548 immo
1951 5495 2022 5548 ita
2051 5510 2108 5549 se
2154 5511 2266 5550 rem
2295 5497 2515 5558 habere,
2547 5506 2707 5567 atque
2735 5498 3022 5568 scripserat
3051 5499 3348 5567 Nestorius,
3378 5502 3654 5557 didicisset
3702 5517 3766 5556 ex

489 5583 620 5644 suis,
646 5584 976 5652 intepescere
996 5584 1198 5640 scilicet
1227 5584 1459 5639 ﬁdelium
1482 5587 1748 5650 ardorem,
1775 5586 2320 5658 Nestorianorumque
2341 5589 2550 5644 animos
2577 5591 2816 5652 accendi,
2843 5590 3204 5646 invalescente
3233 5594 3288 5647 in
3317 5593 3436 5649 dies
3455 5595 3600 5665 apud
3630 5594 3768 5648 mul-

492 5683 578 5730 tos
604 5675 875 5746 opinione,
903 5677 1048 5746 quod
1093 5677 1161 5730 de
1190 5677 1440 5748 dogmate
1485 5681 1710 5749 qumstio
1741 5697 1845 5734 non
1875 5688 2037 5744 esset,
2069 5680 2163 5735 sed
2192 5679 2260 5734 de
2307 5682 2462 5736 unica
2508 5687 2713 5735 tantmn
2740 5681 2968 5747 vocula;
3016 5683 3220 5738 veritus
3249 5693 3331 5739 est
3361 5683 3484 5740 ﬁdei
3515 5684 3767 5741 defensor

490 5768 753 5838 egregius,
785 5783 853 5822 ne
879 5770 1028 5825 vafer
1069 5770 1368 5835 haereticus,
1397 5779 1463 5826 et.
1491 5787 1700 5826 summo
1728 5770 1964 5841 pontiﬁci
1997 5786 2092 5843 per
2119 5771 2346 5839 litteras,
2370 5781 2426 5830 et
2452 5772 2762 5844 imperatori
2789 5773 3002 5831 blandis
3031 5776 3388 5835 sermonibus.
3422 5785 3478 5832 et
3508 5774 3634 5832 aliis
3664 5775 3767 5832 Ec-

1587 5909 1650 5927 "’
