  <div class='ocr_page' id='page_1' title='image "/cluster/home/n/w/nwhite01/storage/ocr_20150623/48/hvd.32044015471535/362.png"; bbox 0 0 3904 6272; ppageno 0'>
   <div class='ocr_carea' id='block_1_1' title="bbox 177 249 1719 315">
    <p class='ocr_par' dir='ltr' id='par_1_1' title="bbox 177 249 1717 315">
     <span class='ocr_line' id='line_1_1' title="bbox 177 249 1717 315; baseline -0.006 0"><span class='ocrx_word' id='word_1_1' title='bbox 177 256 278 315; x_wconf 72' lang='grc'><strong>’113</strong></span> <span class='ocrx_word' id='word_1_2' title='bbox 660 249 1028 308; x_wconf 67' lang='grc' dir='ltr'><strong>ΡΒΑΕΡΑΤΙΟ</strong></span> <span class='ocrx_word' id='word_1_3' title='bbox 1065 250 1133 308; x_wconf 84' lang='grc' dir='ltr'><strong>ΙΝ</strong></span> <span class='ocrx_word' id='word_1_4' title='bbox 1171 250 1540 309; x_wconf 82' lang='lat' dir='ltr'><strong>SECUNDAM</strong></span> <span class='ocrx_word' id='word_1_5' title='bbox 1581 250 1717 305; x_wconf 72' lang='lat' dir='ltr'><strong>PAR</strong></span> 
     </span>
    </p>
   </div>
   <div class='ocr_carea' id='block_1_2' title="bbox 1863 249 3405 315">
    <p class='ocr_par' dir='ltr' id='par_1_2' title="bbox 1893 253 3405 315">
     <span class='ocr_line' id='line_1_2' title="bbox 1893 253 3405 315; baseline 0.003 -7"><span class='ocrx_word' id='word_1_6' title='bbox 1893 253 2176 311; x_wconf 80' lang='lat' dir='ltr'><strong>OPERUM</strong></span> <span class='ocrx_word' id='word_1_7' title='bbox 2213 254 2405 312; x_wconf 78' lang='lat' dir='ltr'><strong>MAR&quot;</strong></span> <span class='ocrx_word' id='word_1_8' title='bbox 2442 255 2899 314; x_wconf 80' lang='lat' dir='ltr'><strong>MERCATORIS.</strong></span> <span class='ocrx_word' id='word_1_9' title='bbox 3298 260 3405 315; x_wconf 73' lang='lat' dir='ltr'><strong>7M</strong></span> 
     </span>
    </p>
   </div>
   <div class='ocr_carea' id='block_1_3' title="bbox 175 365 3409 443">
    <p class='ocr_par' dir='ltr' id='par_1_3' title="bbox 175 365 3409 443">
     <span class='ocr_line' id='line_1_3' title="bbox 175 365 3409 443; baseline 0.001 -16"><span class='ocrx_word' id='word_1_10' title='bbox 175 370 341 428; x_wconf 80' lang='lat' dir='ltr'><strong>elesiis</strong></span> <span class='ocrx_word' id='word_1_11' title='bbox 380 382 478 440; x_wconf 88' lang='lat' dir='ltr'><strong>per</strong></span> <span class='ocrx_word' id='word_1_12' title='bbox 505 366 638 423; x_wconf 89' lang='lat' dir='ltr'><strong>ﬁdos</strong></span> <span class='ocrx_word' id='word_1_13' title='bbox 674 367 948 423; x_wconf 90' lang='lat' dir='ltr'><strong>ministros</strong></span> <span class='ocrx_word' id='word_1_14' title='bbox 975 367 1296 437; x_wconf 78' lang='lat' dir='ltr'><strong>imponeret.</strong></span> <span class='ocrx_word' id='word_1_15' title='bbox 1326 365 1525 421; x_wconf 87' lang='lat' dir='ltr'><strong>Statuit</strong></span> <span class='ocrx_word' id='word_1_16' title='bbox 1553 365 1713 436; x_wconf 79' lang='lat' dir='ltr'><strong>igitur</strong></span> <span class='ocrx_word' id='word_1_17' title='bbox 1748 373 1901 423; x_wconf 88' lang='lat' dir='ltr'><strong>tanto</strong></span> <span class='ocrx_word' id='word_1_18' title='bbox 1928 369 2167 438; x_wconf 89' lang='lat' dir='ltr'><strong>periculo</strong></span> <span class='ocrx_word' id='word_1_19' title='bbox 2194 370 2408 426; x_wconf 82' lang='lat' dir='ltr'><strong>obviam</strong></span> <span class='ocrx_word' id='word_1_20' title='bbox 2436 370 2533 437; x_wconf 91' lang='lat' dir='ltr'><strong>ire,</strong></span> <span class='ocrx_word' id='word_1_21' title='bbox 2564 370 2703 426; x_wconf 89' lang='lat' dir='ltr'><strong>datis</strong></span> <span class='ocrx_word' id='word_1_22' title='bbox 2730 370 2797 426; x_wconf 89' lang='lat' dir='ltr'><strong>ad</strong></span> <span class='ocrx_word' id='word_1_23' title='bbox 2824 370 3172 428; x_wconf 80' lang='lat' dir='ltr'><strong>Calestlnum</strong></span> <span class='ocrx_word' id='word_1_24' title='bbox 3193 374 3409 443; x_wconf 87' lang='lat' dir='ltr'><strong>quidem</strong></span> 
     </span>
    </p>
   </div>
   <div class='ocr_carea' id='block_1_4' title="bbox 174 457 3410 533">
    <p class='ocr_par' dir='ltr' id='par_1_4' title="bbox 174 457 3410 533">
     <span class='ocr_line' id='line_1_4' title="bbox 174 457 3410 533; baseline 0 -13"><span class='ocrx_word' id='word_1_25' title='bbox 174 461 373 525; x_wconf 73' lang='lat' dir='ltr'><strong>litteris,</strong></span> <span class='ocrx_word' id='word_1_26' title='bbox 398 459 465 515; x_wconf 89' lang='lat' dir='ltr'><strong>ad</strong></span> <span class='ocrx_word' id='word_1_27' title='bbox 492 459 627 514; x_wconf 89' lang='lat' dir='ltr'><strong>alios</strong></span> <span class='ocrx_word' id='word_1_28' title='bbox 650 466 830 514; x_wconf 89' lang='lat' dir='ltr'><strong>autem</strong></span> <span class='ocrx_word' id='word_1_29' title='bbox 858 459 1057 528; x_wconf 88' lang='lat' dir='ltr'><strong>scripta</strong></span> <span class='ocrx_word' id='word_1_30' title='bbox 1080 465 1241 515; x_wconf 85' lang='lat' dir='ltr'><strong>recta</strong></span> <span class='ocrx_word' id='word_1_31' title='bbox 1268 457 1390 513; x_wconf 87' lang='lat' dir='ltr'><strong>ﬁdei</strong></span> <span class='ocrx_word' id='word_1_32' title='bbox 1411 458 1746 528; x_wconf 79' lang='lat' dir='ltr'><strong>expositione</strong></span> <span class='ocrx_word' id='word_1_33' title='bbox 1773 474 1787 510; x_wconf 93' lang='lat'><strong>:</strong></span> <span class='ocrx_word' id='word_1_34' title='bbox 1818 458 1955 514; x_wconf 89' lang='lat' dir='ltr'><strong>duos</strong></span> <span class='ocrx_word' id='word_1_35' title='bbox 1982 459 2123 513; x_wconf 89' lang='lat' dir='ltr'><strong>enim</strong></span> <span class='ocrx_word' id='word_1_36' title='bbox 2150 459 2218 515; x_wconf 93' lang='lat' dir='ltr'><strong>de</strong></span> <span class='ocrx_word' id='word_1_37' title='bbox 2235 468 2381 516; x_wconf 89' lang='lat' dir='ltr'><strong>recta</strong></span> <span class='ocrx_word' id='word_1_38' title='bbox 2403 460 2506 516; x_wconf 93' lang='lat' dir='ltr'><strong>ﬁde</strong></span> <span class='ocrx_word' id='word_1_39' title='bbox 2526 461 2692 517; x_wconf 91' lang='lat' dir='ltr'><strong>libros</strong></span> <span class='ocrx_word' id='word_1_40' title='bbox 2715 461 2877 528; x_wconf 85' lang='lat' dir='ltr'><strong>misit,</strong></span> <span class='ocrx_word' id='word_1_41' title='bbox 2905 463 3099 533; x_wconf 86' lang='lat' dir='ltr'><strong>partim</strong></span> <span class='ocrx_word' id='word_1_42' title='bbox 3139 464 3205 518; x_wconf 91' lang='lat' dir='ltr'><strong>ad</strong></span> <span class='ocrx_word' id='word_1_43' title='bbox 3233 464 3410 520; x_wconf 88' lang='lat' dir='ltr'><strong>Theo-</strong></span> 
     </span>
    </p>
   </div>
   <div class='ocr_carea' id='block_1_5' title="bbox 175 547 3413 621">
    <p class='ocr_par' dir='ltr' id='par_1_5' title="bbox 175 547 3413 621">
     <span class='ocr_line' id='line_1_5' title="bbox 175 547 3413 621; baseline -0.001 -9"><span class='ocrx_word' id='word_1_44' title='bbox 175 555 377 612; x_wconf 88' lang='lat' dir='ltr'><strong>dosium</strong></span> <span class='ocrx_word' id='word_1_45' title='bbox 406 551 807 621; x_wconf 85' lang='lat' dir='ltr'><strong>imperatorem,</strong></span> <span class='ocrx_word' id='word_1_46' title='bbox 838 550 1032 621; x_wconf 88' lang='lat' dir='ltr'><strong>partim</strong></span> <span class='ocrx_word' id='word_1_47' title='bbox 1062 549 1129 605; x_wconf 87' lang='lat' dir='ltr'><strong>ad</strong></span> <span class='ocrx_word' id='word_1_48' title='bbox 1158 547 1495 607; x_wconf 85' lang='lat' dir='ltr'><strong>Pulcheriam</strong></span> <span class='ocrx_word' id='word_1_49' title='bbox 1519 548 1831 618; x_wconf 89' lang='lat' dir='ltr'><strong>Augustam.</strong></span> <span class='ocrx_word' id='word_1_50' title='bbox 1856 547 2081 619; x_wconf 88' lang='lat' dir='ltr'><strong>Scripsit</strong></span> <span class='ocrx_word' id='word_1_51' title='bbox 2118 549 2281 604; x_wconf 87' lang='lat' dir='ltr'><strong>etiam</strong></span> <span class='ocrx_word' id='word_1_52' title='bbox 2301 549 2370 605; x_wconf 92' lang='lat' dir='ltr'><strong>de</strong></span> <span class='ocrx_word' id='word_1_53' title='bbox 2397 565 2547 606; x_wconf 90' lang='lat' dir='ltr'><strong>more</strong></span> <span class='ocrx_word' id='word_1_54' title='bbox 2573 550 2644 606; x_wconf 91' lang='lat' dir='ltr'><strong>ad</strong></span> <span class='ocrx_word' id='word_1_55' title='bbox 2669 549 2902 620; x_wconf 89' lang='lat' dir='ltr'><strong>majores</strong></span> <span class='ocrx_word' id='word_1_56' title='bbox 2933 566 3121 607; x_wconf 90' lang='lat' dir='ltr'><strong>omnes</strong></span> <span class='ocrx_word' id='word_1_57' title='bbox 3143 551 3413 609; x_wconf 88' lang='lat' dir='ltr'><strong>Ecclesias</strong></span> 
     </span>
    </p>
   </div>
   <div class='ocr_carea' id='block_1_6' title="bbox 174 640 3408 713">
    <p class='ocr_par' dir='ltr' id='par_1_6' title="bbox 174 640 3408 713">
     <span class='ocr_line' id='line_1_6' title="bbox 174 640 3408 713; baseline -0.002 -6"><span class='ocrx_word' id='word_1_58' title='bbox 174 648 456 713; x_wconf 87' lang='lat' dir='ltr'><strong>bomiliam,</strong></span> <span class='ocrx_word' id='word_1_59' title='bbox 481 661 545 701; x_wconf 86' lang='lat' dir='ltr'><strong>ea</strong></span> <span class='ocrx_word' id='word_1_60' title='bbox 570 653 654 701; x_wconf 91' lang='lat' dir='ltr'><strong>est</strong></span> <span class='ocrx_word' id='word_1_61' title='bbox 679 644 885 701; x_wconf 88' lang='lat' dir='ltr'><strong>decima</strong></span> <span class='ocrx_word' id='word_1_62' title='bbox 913 652 1124 708; x_wconf 87' lang='lat' dir='ltr'><strong>octava,</strong></span> <span class='ocrx_word' id='word_1_63' title='bbox 1155 657 1280 713; x_wconf 89' lang='lat' dir='ltr'><strong>qua,</strong></span> <span class='ocrx_word' id='word_1_64' title='bbox 1304 657 1372 698; x_wconf 92' lang='lat' dir='ltr'><strong>ex</strong></span> <span class='ocrx_word' id='word_1_65' title='bbox 1398 642 1709 713; x_wconf 87' lang='lat' dir='ltr'><strong>praescripto</strong></span> <span class='ocrx_word' id='word_1_66' title='bbox 1742 642 1955 698; x_wconf 87' lang='lat' dir='ltr'><strong>concilii</strong></span> <span class='ocrx_word' id='word_1_67' title='bbox 1978 642 2196 709; x_wconf 85' lang='lat' dir='ltr'><strong>Nicani,</strong></span> <span class='ocrx_word' id='word_1_68' title='bbox 2220 640 2495 698; x_wconf 87' lang='lat' dir='ltr'><strong>Pascbatis</strong></span> <span class='ocrx_word' id='word_1_69' title='bbox 2532 642 2673 698; x_wconf 92' lang='lat' dir='ltr'><strong>diem</strong></span> <span class='ocrx_word' id='word_1_70' title='bbox 2702 643 2961 699; x_wconf 89' lang='lat' dir='ltr'><strong>indiceret</strong></span> <span class='ocrx_word' id='word_1_71' title='bbox 2982 644 3037 697; x_wconf 91' lang='lat' dir='ltr'><strong>in</strong></span> <span class='ocrx_word' id='word_1_72' title='bbox 3059 659 3257 699; x_wconf 89' lang='lat' dir='ltr'><strong>annum</strong></span> <span class='ocrx_word' id='word_1_73' title='bbox 3285 646 3408 701; x_wconf 76' lang='grc'><strong>451.</strong></span> 
     </span>
    </p>
   </div>
   <div class='ocr_carea' id='block_1_7' title="bbox 173 730 3413 805">
    <p class='ocr_par' dir='ltr' id='par_1_7' title="bbox 173 730 3413 805">
     <span class='ocr_line' id='line_1_7' title="bbox 173 730 3413 805; baseline -0.002 -9"><span class='ocrx_word' id='word_1_74' title='bbox 173 742 227 798; x_wconf 85' lang='lat' dir='ltr'><strong>lu</strong></span> <span class='ocrx_word' id='word_1_75' title='bbox 253 755 313 795; x_wconf 87' lang='lat' dir='ltr'><strong>ea</strong></span> <span class='ocrx_word' id='word_1_76' title='bbox 334 752 462 793; x_wconf 89' lang='lat' dir='ltr'><strong>usus</strong></span> <span class='ocrx_word' id='word_1_77' title='bbox 480 735 737 804; x_wconf 75' lang='lat' dir='ltr'><strong>allegoria</strong></span> <span class='ocrx_word' id='word_1_78' title='bbox 774 749 966 805; x_wconf 91' lang='lat' dir='ltr'><strong>pugna</strong></span> <span class='ocrx_word' id='word_1_79' title='bbox 993 748 1117 789; x_wconf 91' lang='lat' dir='ltr'><strong>cum</strong></span> <span class='ocrx_word' id='word_1_80' title='bbox 1142 732 1323 803; x_wconf 82' lang='lat' dir='ltr'><strong>pravis</strong></span> <span class='ocrx_word' id='word_1_81' title='bbox 1351 732 1515 787; x_wconf 92' lang='lat' dir='ltr'><strong>animi</strong></span> <span class='ocrx_word' id='word_1_82' title='bbox 1542 732 1778 787; x_wconf 85' lang='lat' dir='ltr'><strong>motibus</strong></span> <span class='ocrx_word' id='word_1_83' title='bbox 1794 731 2057 797; x_wconf 87' lang='lat' dir='ltr'><strong>ineunda,</strong></span> <span class='ocrx_word' id='word_1_84' title='bbox 2082 730 2252 787; x_wconf 90' lang='lat' dir='ltr'><strong>videri</strong></span> <span class='ocrx_word' id='word_1_85' title='bbox 2270 733 2445 801; x_wconf 91' lang='lat' dir='ltr'><strong>potuit</strong></span> <span class='ocrx_word' id='word_1_86' title='bbox 2464 732 2744 788; x_wconf 83' lang='lat' dir='ltr'><strong>classicum</strong></span> <span class='ocrx_word' id='word_1_87' title='bbox 2776 747 2988 800; x_wconf 90' lang='lat' dir='ltr'><strong>canere,</strong></span> <span class='ocrx_word' id='word_1_88' title='bbox 3012 731 3300 802; x_wconf 86' lang='lat' dir='ltr'><strong>ﬁdelesque</strong></span> <span class='ocrx_word' id='word_1_89' title='bbox 3327 734 3413 788; x_wconf 90' lang='lat' dir='ltr'><strong>in-</strong></span> 
     </span>
    </p>
   </div>
   <div class='ocr_carea' id='block_1_8' title="bbox 172 823 3416 901">
    <p class='ocr_par' dir='ltr' id='par_1_8' title="bbox 172 823 3416 901">
     <span class='ocr_line' id='line_1_8' title="bbox 172 823 3416 901; baseline -0.003 -11"><span class='ocrx_word' id='word_1_90' title='bbox 172 834 390 891; x_wconf 82' lang='lat' dir='ltr'><strong>cendere</strong></span> <span class='ocrx_word' id='word_1_91' title='bbox 411 831 483 887; x_wconf 91' lang='lat' dir='ltr'><strong>ad</strong></span> <span class='ocrx_word' id='word_1_92' title='bbox 502 829 845 901; x_wconf 89' lang='lat' dir='ltr'><strong>pugnandum</strong></span> <span class='ocrx_word' id='word_1_93' title='bbox 868 828 1081 884; x_wconf 79' lang='lat' dir='ltr'><strong>fortiter</strong></span> <span class='ocrx_word' id='word_1_94' title='bbox 1098 826 1342 897; x_wconf 88' lang='lat' dir='ltr'><strong>pralium</strong></span> <span class='ocrx_word' id='word_1_95' title='bbox 1368 824 1611 891; x_wconf 89' lang='lat' dir='ltr'><strong>Domini;</strong></span> <span class='ocrx_word' id='word_1_96' title='bbox 1634 839 1772 880; x_wconf 88' lang='lat' dir='ltr'><strong>neve</strong></span> <span class='ocrx_word' id='word_1_97' title='bbox 1800 824 1856 880; x_wconf 90' lang='lat' dir='ltr'><strong>in</strong></span> <span class='ocrx_word' id='word_1_98' title='bbox 1876 824 2081 879; x_wconf 87' lang='lat' dir='ltr'><strong>incerto</strong></span> <span class='ocrx_word' id='word_1_99' title='bbox 2106 824 2371 878; x_wconf 88' lang='lat' dir='ltr'><strong>barerent</strong></span> <span class='ocrx_word' id='word_1_100' title='bbox 2399 824 2581 889; x_wconf 90' lang='lat' dir='ltr'><strong>animi,</strong></span> <span class='ocrx_word' id='word_1_101' title='bbox 2611 823 2755 893; x_wconf 89' lang='lat' dir='ltr'><strong>quod</strong></span> <span class='ocrx_word' id='word_1_102' title='bbox 2791 824 3033 895; x_wconf 89' lang='lat' dir='ltr'><strong>pralium</strong></span> <span class='ocrx_word' id='word_1_103' title='bbox 3071 825 3416 895; x_wconf 88' lang='lat' dir='ltr'><strong>pugnandum</strong></span> 
     </span>
    </p>
   </div>
   <div class='ocr_carea' id='block_1_9' title="bbox 172 911 3416 991">
    <p class='ocr_par' dir='ltr' id='par_1_9' title="bbox 172 911 3416 991">
     <span class='ocr_line' id='line_1_9' title="bbox 172 911 3416 991; baseline -0.002 -14"><span class='ocrx_word' id='word_1_104' title='bbox 172 924 382 987; x_wconf 78' lang='lat' dir='ltr'><strong>diceret,</strong></span> <span class='ocrx_word' id='word_1_105' title='bbox 414 918 728 991; x_wconf 88' lang='lat' dir='ltr'><strong>mysterium</strong></span> <span class='ocrx_word' id='word_1_106' title='bbox 756 916 1138 974; x_wconf 86' lang='lat' dir='ltr'><strong>incarnationis</strong></span> <span class='ocrx_word' id='word_1_107' title='bbox 1163 916 1237 970; x_wconf 91' lang='lat' dir='ltr'><strong>ita</strong></span> <span class='ocrx_word' id='word_1_108' title='bbox 1256 916 1522 985; x_wconf 83' lang='lat' dir='ltr'><strong>exposuit,</strong></span> <span class='ocrx_word' id='word_1_109' title='bbox 1540 922 1600 969; x_wconf 91' lang='lat' dir='ltr'><strong>ut</strong></span> <span class='ocrx_word' id='word_1_110' title='bbox 1619 928 1725 983; x_wconf 93' lang='lat' dir='ltr'><strong>qua</strong></span> <span class='ocrx_word' id='word_1_111' title='bbox 1745 914 1956 969; x_wconf 86' lang='lat' dir='ltr'><strong>ratione</strong></span> <span class='ocrx_word' id='word_1_112' title='bbox 1974 912 2116 968; x_wconf 86' lang='lat' dir='ltr'><strong>Deus</strong></span> <span class='ocrx_word' id='word_1_113' title='bbox 2131 911 2338 967; x_wconf 86' lang='lat' dir='ltr'><strong>dicatur</strong></span> <span class='ocrx_word' id='word_1_114' title='bbox 2354 921 2616 979; x_wconf 91' lang='lat' dir='ltr'><strong>mortuus,</strong></span> <span class='ocrx_word' id='word_1_115' title='bbox 2640 913 2781 969; x_wconf 89' lang='lat' dir='ltr'><strong>unde</strong></span> <span class='ocrx_word' id='word_1_116' title='bbox 2802 913 3078 970; x_wconf 88' lang='lat' dir='ltr'><strong>Nestorius</strong></span> <span class='ocrx_word' id='word_1_117' title='bbox 3095 915 3416 970; x_wconf 87' lang='lat' dir='ltr'><strong>calumniam</strong></span> 
     </span>
    </p>
   </div>
   <div class='ocr_carea' id='block_1_10' title="bbox 172 1002 3415 1077">
    <p class='ocr_par' dir='ltr' id='par_1_10' title="bbox 172 1002 3415 1077">
     <span class='ocr_line' id='line_1_10' title="bbox 172 1002 3415 1077; baseline -0.002 -9"><span class='ocrx_word' id='word_1_118' title='bbox 172 1014 396 1068; x_wconf 73' lang='lat' dir='ltr'><strong>maxime</strong></span> <span class='ocrx_word' id='word_1_119' title='bbox 433 1011 664 1067; x_wconf 82' lang='lat' dir='ltr'><strong>faciebat</strong></span> <span class='ocrx_word' id='word_1_120' title='bbox 690 1008 987 1074; x_wconf 89' lang='lat' dir='ltr'><strong>catholicis,</strong></span> <span class='ocrx_word' id='word_1_121' title='bbox 1009 1006 1295 1062; x_wconf 78' lang='lat' dir='ltr'><strong>manifeste</strong></span> <span class='ocrx_word' id='word_1_122' title='bbox 1322 1006 1634 1077; x_wconf 82' lang='lat' dir='ltr'><strong>explicaret.</strong></span> <span class='ocrx_word' id='word_1_123' title='bbox 1684 1004 1942 1061; x_wconf 80' lang='lat' dir='ltr'><strong>Hortalus</strong></span> <span class='ocrx_word' id='word_1_124' title='bbox 1968 1010 2053 1058; x_wconf 89' lang='lat' dir='ltr'><strong>est</strong></span> <span class='ocrx_word' id='word_1_125' title='bbox 2079 1018 2241 1073; x_wconf 92' lang='lat' dir='ltr'><strong>porro</strong></span> <span class='ocrx_word' id='word_1_126' title='bbox 2269 1003 2368 1058; x_wconf 90' lang='lat' dir='ltr'><strong>sub</strong></span> <span class='ocrx_word' id='word_1_127' title='bbox 2397 1002 2557 1059; x_wconf 91' lang='lat' dir='ltr'><strong>ﬁnem</strong></span> <span class='ocrx_word' id='word_1_128' title='bbox 2590 1005 2925 1074; x_wconf 87' lang='lat' dir='ltr'><strong>potissimum</strong></span> <span class='ocrx_word' id='word_1_129' title='bbox 2972 1005 3040 1061; x_wconf 91' lang='lat' dir='ltr'><strong>ad</strong></span> <span class='ocrx_word' id='word_1_130' title='bbox 3067 1006 3415 1074; x_wconf 90' lang='lat' dir='ltr'><strong>indigentium</strong></span> 
     </span>
    </p>
   </div>
   <div class='ocr_carea' id='block_1_11' title="bbox 172 1093 3419 1171">
    <p class='ocr_par' dir='ltr' id='par_1_11' title="bbox 172 1093 3419 1171">
     <span class='ocr_line' id='line_1_11' title="bbox 172 1093 3419 1171; baseline -0.002 -12"><span class='ocrx_word' id='word_1_131' title='bbox 172 1102 609 1167; x_wconf 82' lang='lat' dir='ltr'><strong>sublevationem,</strong></span> <span class='ocrx_word' id='word_1_132' title='bbox 637 1100 792 1170; x_wconf 88' lang='lat' dir='ltr'><strong>cujus</strong></span> <span class='ocrx_word' id='word_1_133' title='bbox 819 1100 1078 1171; x_wconf 87' lang='lat' dir='ltr'><strong>neglecta</strong></span> <span class='ocrx_word' id='word_1_134' title='bbox 1103 1098 1384 1155; x_wconf 87' lang='lat' dir='ltr'><strong>Nestorius</strong></span> <span class='ocrx_word' id='word_1_135' title='bbox 1403 1098 1774 1154; x_wconf 87' lang='lat' dir='ltr'><strong>accusabatur.</strong></span> <span class='ocrx_word' id='word_1_136' title='bbox 1802 1093 1882 1150; x_wconf 87' lang='lat' dir='ltr'><strong>Ea</strong></span> <span class='ocrx_word' id='word_1_137' title='bbox 1902 1094 2004 1166; x_wconf 88' lang='lat' dir='ltr'><strong>ipsi</strong></span> <span class='ocrx_word' id='word_1_138' title='bbox 2036 1093 2432 1160; x_wconf 80' lang='lat' dir='ltr'><strong>exhortatione,</strong></span> <span class='ocrx_word' id='word_1_139' title='bbox 2462 1108 2680 1164; x_wconf 80' lang='lat' dir='ltr'><strong>gravem</strong></span> <span class='ocrx_word' id='word_1_140' title='bbox 2705 1096 2941 1165; x_wconf 85' lang='lat' dir='ltr'><strong>quidem,</strong></span> <span class='ocrx_word' id='word_1_141' title='bbox 2972 1098 3067 1153; x_wconf 89' lang='lat' dir='ltr'><strong>sed</strong></span> <span class='ocrx_word' id='word_1_142' title='bbox 3094 1114 3202 1154; x_wconf 91' lang='lat' dir='ltr'><strong>non</strong></span> <span class='ocrx_word' id='word_1_143' title='bbox 3230 1100 3419 1154; x_wconf 91' lang='lat' dir='ltr'><strong>imme-</strong></span> 
     </span>
    </p>
   </div>
   <div class='ocr_carea' id='block_1_12' title="bbox 173 1189 3425 1259">
    <p class='ocr_par' dir='ltr' id='par_1_12' title="bbox 173 1189 3425 1259">
     <span class='ocr_line' id='line_1_12' title="bbox 173 1189 3425 1259; baseline -0.006 -11"><span class='ocrx_word' id='word_1_144' title='bbox 173 1194 319 1249; x_wconf 87' lang='lat' dir='ltr'><strong>ritam</strong></span> <span class='ocrx_word' id='word_1_145' title='bbox 348 1190 604 1246; x_wconf 86' lang='lat' dir='ltr'><strong>invidiam</strong></span> <span class='ocrx_word' id='word_1_146' title='bbox 631 1189 873 1259; x_wconf 78' lang='lat' dir='ltr'><strong>regessit.</strong></span> <span class='ocrx_word' id='word_1_147' title='bbox 3424 1196 3425 1199; x_wconf 47' lang='grc' dir='ltr'><strong>η</strong></span> 
     </span>
    </p>
   </div>
   <div class='ocr_carea' id='block_1_13' title="bbox 239 1274 3417 1351">
    <p class='ocr_par' dir='ltr' id='par_1_13' title="bbox 239 1274 3417 1351">
     <span class='ocr_line' id='line_1_13' title="bbox 239 1274 3417 1351; baseline -0 -13"><span class='ocrx_word' id='word_1_148' title='bbox 239 1283 449 1339; x_wconf 68' lang='grc' dir='ltr'><strong>Ᾰῑειθιθ</strong></span> <span class='ocrx_word' id='word_1_149' title='bbox 488 1298 648 1347; x_wconf 90' lang='lat' dir='ltr'><strong>nova,</strong></span> <span class='ocrx_word' id='word_1_150' title='bbox 679 1282 765 1337; x_wconf 93' lang='lat' dir='ltr'><strong>vel</strong></span> <span class='ocrx_word' id='word_1_151' title='bbox 793 1281 957 1336; x_wconf 91' lang='lat' dir='ltr'><strong>etiam</strong></span> <span class='ocrx_word' id='word_1_152' title='bbox 984 1295 1111 1337; x_wconf 90' lang='lat' dir='ltr'><strong>vere</strong></span> <span class='ocrx_word' id='word_1_153' title='bbox 1138 1279 1430 1351; x_wconf 91' lang='lat' dir='ltr'><strong>pracipite,</strong></span> <span class='ocrx_word' id='word_1_154' title='bbox 1464 1277 1749 1334; x_wconf 89' lang='lat' dir='ltr'><strong>Cassianus</strong></span> <span class='ocrx_word' id='word_1_155' title='bbox 1774 1276 2005 1333; x_wconf 89' lang='lat' dir='ltr'><strong>absolvit</strong></span> <span class='ocrx_word' id='word_1_156' title='bbox 2030 1290 2183 1331; x_wconf 91' lang='lat' dir='ltr'><strong>suum</strong></span> <span class='ocrx_word' id='word_1_157' title='bbox 2210 1290 2349 1345; x_wconf 91' lang='lat' dir='ltr'><strong>opus</strong></span> <span class='ocrx_word' id='word_1_158' title='bbox 2372 1274 2440 1329; x_wconf 93' lang='lat' dir='ltr'><strong>de</strong></span> <span class='ocrx_word' id='word_1_159' title='bbox 2468 1274 2852 1342; x_wconf 89' lang='lat' dir='ltr'><strong>lncarnatione,</strong></span> <span class='ocrx_word' id='word_1_160' title='bbox 2878 1276 3208 1348; x_wconf 86' lang='lat' dir='ltr'><strong>Romamque</strong></span> <span class='ocrx_word' id='word_1_161' title='bbox 3234 1282 3417 1349; x_wconf 89' lang='lat' dir='ltr'><strong>misit,</strong></span> 
     </span>
    </p>
   </div>
   <div class='ocr_carea' id='block_1_14' title="bbox 173 1361 3423 1448">
    <p class='ocr_par' dir='ltr' id='par_1_14' title="bbox 173 1361 3423 1448">
     <span class='ocr_line' id='line_1_14' title="bbox 173 1361 3423 1448; baseline -0.002 -17"><span class='ocrx_word' id='word_1_162' title='bbox 173 1392 274 1448; x_wconf 92' lang='lat' dir='ltr'><strong>quo</strong></span> <span class='ocrx_word' id='word_1_163' title='bbox 305 1383 551 1445; x_wconf 88' lang='lat' dir='ltr'><strong>tempore</strong></span> <span class='ocrx_word' id='word_1_164' title='bbox 570 1372 919 1429; x_wconf 89' lang='lat' dir='ltr'><strong>Possidonius</strong></span> <span class='ocrx_word' id='word_1_165' title='bbox 946 1369 1320 1426; x_wconf 84' lang='lat' dir='ltr'><strong>Alexandrina</strong></span> <span class='ocrx_word' id='word_1_166' title='bbox 1346 1368 1601 1424; x_wconf 91' lang='lat' dir='ltr'><strong>Ecclesia</strong></span> <span class='ocrx_word' id='word_1_167' title='bbox 1637 1368 1898 1423; x_wconf 89' lang='lat' dir='ltr'><strong>diaconus</strong></span> <span class='ocrx_word' id='word_1_168' title='bbox 1924 1365 2117 1421; x_wconf 92' lang='lat' dir='ltr'><strong>eodem</strong></span> <span class='ocrx_word' id='word_1_169' title='bbox 2142 1365 2348 1419; x_wconf 89' lang='lat' dir='ltr'><strong>litteras</strong></span> <span class='ocrx_word' id='word_1_170' title='bbox 2382 1361 2566 1434; x_wconf 88' lang='lat' dir='ltr'><strong>Cyrilli</strong></span> <span class='ocrx_word' id='word_1_171' title='bbox 2592 1364 2787 1419; x_wconf 85' lang='lat' dir='ltr'><strong>attulit.</strong></span> <span class='ocrx_word' id='word_1_172' title='bbox 2819 1364 2875 1419; x_wconf 90' lang='lat' dir='ltr'><strong>Id</strong></span> <span class='ocrx_word' id='word_1_173' title='bbox 2903 1364 3221 1422; x_wconf 82' lang='lat' dir='ltr'><strong>Calestinus</strong></span> <span class='ocrx_word' id='word_1_174' title='bbox 3250 1369 3423 1424; x_wconf 87' lang='lat' dir='ltr'><strong>innuit</strong></span> 
     </span>
    </p>
   </div>
   <div class='ocr_carea' id='block_1_15' title="bbox 173 1454 3419 1530">
    <p class='ocr_par' dir='ltr' id='par_1_15' title="bbox 173 1454 3419 1530">
     <span class='ocr_line' id='line_1_15' title="bbox 173 1454 3419 1530; baseline -0.002 -9"><span class='ocrx_word' id='word_1_175' title='bbox 173 1464 410 1521; x_wconf 80' lang='lat' dir='ltr'><strong>Nestorio</strong></span> <span class='ocrx_word' id='word_1_176' title='bbox 437 1464 679 1519; x_wconf 89' lang='lat' dir='ltr'><strong>scribens</strong></span> <span class='ocrx_word' id='word_1_177' title='bbox 706 1478 724 1518; x_wconf 87' lang='lat'><strong>:</strong></span> <span class='ocrx_word' id='word_1_178' title='bbox 752 1461 980 1528; x_wconf 82' lang='lat' dir='ltr'><strong>Dudum,</strong></span> <span class='ocrx_word' id='word_1_179' title='bbox 1012 1460 1204 1530; x_wconf 89' lang='lat' dir='ltr'><strong>inquit,</strong></span> <span class='ocrx_word' id='word_1_180' title='bbox 1234 1461 1544 1530; x_wconf 74' lang='lat' dir='ltr'><strong>sumpsimus</strong></span> <span class='ocrx_word' id='word_1_181' title='bbox 1582 1457 1826 1529; x_wconf 86' lang='lat' dir='ltr'><strong>epistolas</strong></span> <span class='ocrx_word' id='word_1_182' title='bbox 1855 1466 1988 1522; x_wconf 86' lang='lat' dir='ltr'><strong>tuas,</strong></span> <span class='ocrx_word' id='word_1_183' title='bbox 2018 1455 2199 1528; x_wconf 87' lang='lat' dir='ltr'><strong>quibus</strong></span> <span class='ocrx_word' id='word_1_184' title='bbox 2230 1456 2286 1508; x_wconf 87' lang='lat' dir='ltr'><strong>in</strong></span> <span class='ocrx_word' id='word_1_185' title='bbox 2313 1463 2532 1525; x_wconf 81' lang='lat' dir='ltr'><strong>angusto</strong></span> <span class='ocrx_word' id='word_1_186' title='bbox 2559 1454 2689 1506; x_wconf 83' lang='lat' dir='ltr'><strong>nihil</strong></span> <span class='ocrx_word' id='word_1_187' title='bbox 2718 1456 2972 1524; x_wconf 81' lang='lat' dir='ltr'><strong>potuimus</strong></span> <span class='ocrx_word' id='word_1_188' title='bbox 3012 1458 3136 1511; x_wconf 86' lang='lat' dir='ltr'><strong>dare</strong></span> <span class='ocrx_word' id='word_1_189' title='bbox 3160 1463 3419 1529; x_wconf 84' lang='lat' dir='ltr'><strong>responsi;</strong></span> 
     </span>
    </p>
   </div>
   <div class='ocr_carea' id='block_1_16' title="bbox 170 1544 3425 1624">
    <p class='ocr_par' dir='ltr' id='par_1_16' title="bbox 170 1544 3425 1624">
     <span class='ocr_line' id='line_1_16' title="bbox 170 1544 3425 1624; baseline -0.002 -12"><span class='ocrx_word' id='word_1_190' title='bbox 170 1567 276 1613; x_wconf 81' lang='lat' dir='ltr'><strong>erat</strong></span> <span class='ocrx_word' id='word_1_191' title='bbox 293 1558 429 1611; x_wconf 82' lang='lat' dir='ltr'><strong>enim</strong></span> <span class='ocrx_word' id='word_1_192' title='bbox 456 1558 511 1611; x_wconf 90' lang='lat' dir='ltr'><strong>in</strong></span> <span class='ocrx_word' id='word_1_193' title='bbox 540 1554 785 1610; x_wconf 85' lang='lat' dir='ltr'><strong>Latinum</strong></span> <span class='ocrx_word' id='word_1_194' title='bbox 812 1570 977 1611; x_wconf 84' lang='lat' dir='ltr'><strong>sermo</strong></span> <span class='ocrx_word' id='word_1_195' title='bbox 1001 1552 1285 1617; x_wconf 66' lang='lat' dir='ltr'><strong>tenendus,</strong></span> <span class='ocrx_word' id='word_1_196' title='bbox 1316 1551 1454 1624; x_wconf 87' lang='lat' dir='ltr'><strong>quod</strong></span> <span class='ocrx_word' id='word_1_197' title='bbox 1472 1567 1606 1615; x_wconf 84' lang='lat' dir='ltr'><strong>cum,</strong></span> <span class='ocrx_word' id='word_1_198' title='bbox 1637 1549 1755 1604; x_wconf 86' lang='lat' dir='ltr'><strong>licet</strong></span> <span class='ocrx_word' id='word_1_199' title='bbox 1780 1566 1912 1615; x_wconf 89' lang='lat' dir='ltr'><strong>sero,</strong></span> <span class='ocrx_word' id='word_1_200' title='bbox 1944 1548 2181 1620; x_wconf 83' lang='lat' dir='ltr'><strong>facimus,</strong></span> <span class='ocrx_word' id='word_1_201' title='bbox 2204 1547 2369 1600; x_wconf 82' lang='lat' dir='ltr'><strong>sancti</strong></span> <span class='ocrx_word' id='word_1_202' title='bbox 2391 1544 2570 1616; x_wconf 76' lang='lat' dir='ltr'><strong>fratris</strong></span> <span class='ocrx_word' id='word_1_203' title='bbox 2598 1552 2646 1596; x_wconf 86' lang='lat' dir='ltr'><strong>et</strong></span> <span class='ocrx_word' id='word_1_204' title='bbox 2675 1546 2960 1617; x_wconf 78' lang='lat' dir='ltr'><strong>coepiscOpi</strong></span> <span class='ocrx_word' id='word_1_205' title='bbox 2986 1548 3084 1601; x_wconf 85' lang='lat' dir='ltr'><strong>mei</strong></span> <span class='ocrx_word' id='word_1_206' title='bbox 3106 1547 3284 1618; x_wconf 82' lang='lat' dir='ltr'><strong>Cyrilli</strong></span> <span class='ocrx_word' id='word_1_207' title='bbox 3312 1568 3425 1621; x_wconf 86' lang='lat' dir='ltr'><strong>pro-</strong></span> 
     </span>
    </p>
   </div>
   <div class='ocr_carea' id='block_1_17' title="bbox 173 1640 3426 1718">
    <p class='ocr_par' dir='ltr' id='par_1_17' title="bbox 173 1640 3426 1718">
     <span class='ocr_line' id='line_1_17' title="bbox 173 1640 3426 1718; baseline -0.001 -17"><span class='ocrx_word' id='word_1_208' title='bbox 173 1648 419 1703; x_wconf 83' lang='lat' dir='ltr'><strong>batissimi</strong></span> <span class='ocrx_word' id='word_1_209' title='bbox 445 1646 726 1702; x_wconf 83' lang='lat' dir='ltr'><strong>sacerdotis</strong></span> <span class='ocrx_word' id='word_1_210' title='bbox 751 1663 843 1718; x_wconf 90' lang='lat' dir='ltr'><strong>per</strong></span> <span class='ocrx_word' id='word_1_211' title='bbox 861 1646 1029 1717; x_wconf 85' lang='lat' dir='ltr'><strong>ﬁlium</strong></span> <span class='ocrx_word' id='word_1_212' title='bbox 1056 1661 1223 1699; x_wconf 84' lang='lat' dir='ltr'><strong>meum</strong></span> <span class='ocrx_word' id='word_1_213' title='bbox 1249 1643 1617 1699; x_wconf 88' lang='lat' dir='ltr'><strong>Possidonium</strong></span> <span class='ocrx_word' id='word_1_214' title='bbox 1640 1642 1913 1697; x_wconf 85' lang='lat' dir='ltr'><strong>diaconum</strong></span> <span class='ocrx_word' id='word_1_215' title='bbox 1941 1642 2067 1697; x_wconf 86' lang='lat' dir='ltr'><strong>talia</strong></span> <span class='ocrx_word' id='word_1_216' title='bbox 2087 1640 2150 1695; x_wconf 86' lang='lat' dir='ltr'><strong>de</strong></span> <span class='ocrx_word' id='word_1_217' title='bbox 2176 1651 2223 1695; x_wconf 88' lang='lat' dir='ltr'><strong>te</strong></span> <span class='ocrx_word' id='word_1_218' title='bbox 2248 1643 2442 1712; x_wconf 85' lang='lat' dir='ltr'><strong>scripta</strong></span> <span class='ocrx_word' id='word_1_219' title='bbox 2467 1640 2796 1712; x_wconf 81' lang='lat' dir='ltr'><strong>suscepimus,</strong></span> <span class='ocrx_word' id='word_1_220' title='bbox 2827 1641 3004 1713; x_wconf 86' lang='lat' dir='ltr'><strong>quibus</strong></span> <span class='ocrx_word' id='word_1_221' title='bbox 3025 1642 3123 1709; x_wconf 85' lang='lat' dir='ltr'><strong>his,</strong></span> <span class='ocrx_word' id='word_1_222' title='bbox 3146 1645 3232 1714; x_wconf 86' lang='lat' dir='ltr'><strong>qui</strong></span> <span class='ocrx_word' id='word_1_223' title='bbox 3252 1644 3314 1697; x_wconf 88' lang='lat' dir='ltr'><strong>de</strong></span> <span class='ocrx_word' id='word_1_224' title='bbox 3339 1653 3426 1697; x_wconf 88' lang='lat' dir='ltr'><strong>tua</strong></span> 
     </span>
    </p>
   </div>
   <div class='ocr_carea' id='block_1_18' title="bbox 171 1734 1913 1808">
    <p class='ocr_par' dir='ltr' id='par_1_18' title="bbox 171 1734 1913 1808">
     <span class='ocr_line' id='line_1_18' title="bbox 171 1734 1913 1808; baseline -0.005 -13"><span class='ocrx_word' id='word_1_225' title='bbox 171 1739 490 1795; x_wconf 79' lang='lat' dir='ltr'><strong>ordinatione</strong></span> <span class='ocrx_word' id='word_1_226' title='bbox 513 1737 809 1804; x_wconf 80' lang='lat' dir='ltr'><strong>retulerant,</strong></span> <span class='ocrx_word' id='word_1_227' title='bbox 834 1738 1045 1808; x_wconf 85' lang='lat' dir='ltr'><strong>periisse</strong></span> <span class='ocrx_word' id='word_1_228' title='bbox 1066 1753 1215 1791; x_wconf 88' lang='lat' dir='ltr'><strong>suum</strong></span> <span class='ocrx_word' id='word_1_229' title='bbox 1240 1736 1583 1791; x_wconf 87' lang='lat' dir='ltr'><strong>testimonium</strong></span> <span class='ocrx_word' id='word_1_230' title='bbox 1609 1734 1913 1789; x_wconf 86' lang='lat' dir='ltr'><strong>doleremus.</strong></span> 
     </span>
    </p>
   </div>
   <div class='ocr_carea' id='block_1_19' title="bbox 236 1823 3427 1894">
    <p class='ocr_par' dir='ltr' id='par_1_19' title="bbox 236 1823 3427 1894">
     <span class='ocr_line' id='line_1_19' title="bbox 236 1823 3427 1894; baseline 0 -9"><span class='ocrx_word' id='word_1_231' title='bbox 236 1829 610 1887; x_wconf 87' lang='lat' dir='ltr'><strong>Possidonium</strong></span> <span class='ocrx_word' id='word_1_232' title='bbox 634 1836 781 1885; x_wconf 92' lang='lat' dir='ltr'><strong>certe</strong></span> <span class='ocrx_word' id='word_1_233' title='bbox 807 1830 1018 1885; x_wconf 89' lang='lat' dir='ltr'><strong>venisse</strong></span> <span class='ocrx_word' id='word_1_234' title='bbox 1045 1829 1273 1885; x_wconf 80' lang='lat' dir='ltr'><strong>Romam</strong></span> <span class='ocrx_word' id='word_1_235' title='bbox 1291 1828 1507 1884; x_wconf 87' lang='lat' dir='ltr'><strong>circiter</strong></span> <span class='ocrx_word' id='word_1_236' title='bbox 1524 1826 1726 1881; x_wconf 88' lang='lat' dir='ltr'><strong>astatis</strong></span> <span class='ocrx_word' id='word_1_237' title='bbox 1744 1825 1955 1880; x_wconf 90' lang='lat' dir='ltr'><strong>initium</strong></span> <span class='ocrx_word' id='word_1_238' title='bbox 1976 1839 2045 1881; x_wconf 91' lang='lat' dir='ltr'><strong>ex</strong></span> <span class='ocrx_word' id='word_1_239' title='bbox 2063 1838 2131 1880; x_wconf 94' lang='lat' dir='ltr'><strong>eo</strong></span> <span class='ocrx_word' id='word_1_240' title='bbox 2150 1830 2382 1889; x_wconf 88' lang='lat' dir='ltr'><strong>constat,</strong></span> <span class='ocrx_word' id='word_1_241' title='bbox 2403 1823 2550 1894; x_wconf 88' lang='lat' dir='ltr'><strong>quod</strong></span> <span class='ocrx_word' id='word_1_242' title='bbox 2577 1824 2782 1880; x_wconf 91' lang='lat' dir='ltr'><strong>litteras</strong></span> <span class='ocrx_word' id='word_1_243' title='bbox 2799 1823 3077 1882; x_wconf 82' lang='lat' dir='ltr'><strong>Calestini</strong></span> <span class='ocrx_word' id='word_1_244' title='bbox 3104 1843 3160 1883; x_wconf 91' lang='grc' dir='ltr'><strong>ιιι</strong></span> <span class='ocrx_word' id='word_1_245' title='bbox 3181 1827 3298 1883; x_wconf 90' lang='lat' dir='ltr'><strong>idus</strong></span> <span class='ocrx_word' id='word_1_246' title='bbox 3318 1828 3427 1885; x_wconf 89' lang='lat' dir='ltr'><strong>Au-</strong></span> 
     </span>
    </p>
   </div>
   <div class='ocr_carea' id='block_1_20' title="bbox 171 1913 3519 1993">
    <p class='ocr_par' dir='ltr' id='par_1_20' title="bbox 171 1913 3519 1993">
     <span class='ocr_line' id='line_1_20' title="bbox 171 1913 3519 1993; baseline -0.002 -15"><span class='ocrx_word' id='word_1_247' title='bbox 171 1923 305 1993; x_wconf 80' lang='lat' dir='ltr'><strong>gusti</strong></span> <span class='ocrx_word' id='word_1_248' title='bbox 332 1922 491 1978; x_wconf 88' lang='lat' dir='ltr'><strong>datas</strong></span> <span class='ocrx_word' id='word_1_249' title='bbox 517 1919 719 1993; x_wconf 89' lang='lat' dir='ltr'><strong>Cyrillo</strong></span> <span class='ocrx_word' id='word_1_250' title='bbox 754 1920 1016 1985; x_wconf 90' lang='lat' dir='ltr'><strong>retulerit,</strong></span> <span class='ocrx_word' id='word_1_251' title='bbox 1047 1934 1149 1974; x_wconf 92' lang='lat' dir='ltr'><strong>nec</strong></span> <span class='ocrx_word' id='word_1_252' title='bbox 1175 1918 1430 1975; x_wconf 89' lang='lat' dir='ltr'><strong>credibile</strong></span> <span class='ocrx_word' id='word_1_253' title='bbox 1448 1917 1519 1972; x_wconf 90' lang='lat' dir='ltr'><strong>sit</strong></span> <span class='ocrx_word' id='word_1_254' title='bbox 1544 1917 1611 1972; x_wconf 89' lang='lat' dir='ltr'><strong>ab</strong></span> <span class='ocrx_word' id='word_1_255' title='bbox 1638 1930 1705 1971; x_wconf 92' lang='lat' dir='ltr'><strong>eo</strong></span> <span class='ocrx_word' id='word_1_256' title='bbox 1732 1915 2017 1985; x_wconf 91' lang='lat' dir='ltr'><strong>plusquam</strong></span> <span class='ocrx_word' id='word_1_257' title='bbox 2045 1913 2255 1969; x_wconf 92' lang='lat' dir='ltr'><strong>duobus</strong></span> <span class='ocrx_word' id='word_1_258' title='bbox 2282 1913 2556 1968; x_wconf 89' lang='lat' dir='ltr'><strong>mensibus</strong></span> <span class='ocrx_word' id='word_1_259' title='bbox 2581 1920 2969 1984; x_wconf 88' lang='lat' dir='ltr'><strong>exspectatum,</strong></span> <span class='ocrx_word' id='word_1_260' title='bbox 3000 1914 3175 1971; x_wconf 93' lang='lat' dir='ltr'><strong>donec</strong></span> <span class='ocrx_word' id='word_1_261' title='bbox 3200 1931 3426 1989; x_wconf 83' lang='lat' dir='ltr'><strong>respon-</strong></span> <span class='ocrx_word' id='word_1_262' title='bbox 3510 1964 3519 1971; x_wconf 86' lang='lat'><strong>.</strong></span> 
     </span>
    </p>
   </div>
   <div class='ocr_carea' id='block_1_21' title="bbox 172 2003 3431 2082">
    <p class='ocr_par' dir='ltr' id='par_1_21' title="bbox 172 2003 3431 2082">
     <span class='ocr_line' id='line_1_21' title="bbox 172 2003 3431 2082; baseline -0.003 -9"><span class='ocrx_word' id='word_1_263' title='bbox 172 2017 405 2082; x_wconf 86' lang='lat' dir='ltr'><strong>deretur,</strong></span> <span class='ocrx_word' id='word_1_264' title='bbox 438 2030 561 2071; x_wconf 91' lang='lat' dir='ltr'><strong>cum</strong></span> <span class='ocrx_word' id='word_1_265' title='bbox 590 2013 868 2069; x_wconf 89' lang='lat' dir='ltr'><strong>inclinatio</strong></span> <span class='ocrx_word' id='word_1_266' title='bbox 896 2027 1077 2067; x_wconf 88' lang='lat' dir='ltr'><strong>rerum</strong></span> <span class='ocrx_word' id='word_1_267' title='bbox 1105 2025 1387 2080; x_wconf 88' lang='lat' dir='ltr'><strong>causaque</strong></span> <span class='ocrx_word' id='word_1_268' title='bbox 1413 2008 1643 2079; x_wconf 85' lang='lat' dir='ltr'><strong>qualitas</strong></span> <span class='ocrx_word' id='word_1_269' title='bbox 1674 2020 1855 2061; x_wconf 89' lang='lat' dir='ltr'><strong>moras</strong></span> <span class='ocrx_word' id='word_1_270' title='bbox 1893 2020 2081 2061; x_wconf 92' lang='lat' dir='ltr'><strong>omnes</strong></span> <span class='ocrx_word' id='word_1_271' title='bbox 2106 2004 2405 2059; x_wconf 90' lang='lat' dir='ltr'><strong>damnaret.</strong></span> <span class='ocrx_word' id='word_1_272' title='bbox 2436 2003 2541 2058; x_wconf 81' lang='lat' dir='ltr'><strong>Vix</strong></span> <span class='ocrx_word' id='word_1_273' title='bbox 2567 2010 2746 2058; x_wconf 89' lang='lat' dir='ltr'><strong>tamen</strong></span> <span class='ocrx_word' id='word_1_274' title='bbox 2774 2004 3001 2060; x_wconf 86' lang='lat' dir='ltr'><strong>Romam</strong></span> <span class='ocrx_word' id='word_1_275' title='bbox 3037 2006 3221 2061; x_wconf 90' lang='lat' dir='ltr'><strong>venire</strong></span> <span class='ocrx_word' id='word_1_276' title='bbox 3256 2010 3431 2079; x_wconf 89' lang='lat' dir='ltr'><strong>potuit</strong></span> 
     </span>
    </p>
   </div>
   <div class='ocr_carea' id='block_1_22' title="bbox 173 2095 3430 2176">
    <p class='ocr_par' dir='ltr' id='par_1_22' title="bbox 173 2095 3430 2176">
     <span class='ocr_line' id='line_1_22' title="bbox 173 2095 3430 2176; baseline -0.001 -15"><span class='ocrx_word' id='word_1_277' title='bbox 173 2122 275 2175; x_wconf 90' lang='lat' dir='ltr'><strong>quo</strong></span> <span class='ocrx_word' id='word_1_278' title='bbox 304 2114 549 2176; x_wconf 90' lang='lat' dir='ltr'><strong>tempore</strong></span> <span class='ocrx_word' id='word_1_279' title='bbox 586 2104 819 2159; x_wconf 89' lang='lat' dir='ltr'><strong>diximus</strong></span> <span class='ocrx_word' id='word_1_280' title='bbox 837 2144 852 2169; x_wconf 89' lang='lat'><strong>,</strong></span> <span class='ocrx_word' id='word_1_281' title='bbox 884 2103 1013 2172; x_wconf 91' lang='lat' dir='ltr'><strong>quin</strong></span> <span class='ocrx_word' id='word_1_282' title='bbox 1042 2100 1362 2157; x_wconf 88' lang='lat' dir='ltr'><strong>Alexandria</strong></span> <span class='ocrx_word' id='word_1_283' title='bbox 1390 2099 1646 2166; x_wconf 90' lang='lat' dir='ltr'><strong>solverit,</strong></span> <span class='ocrx_word' id='word_1_284' title='bbox 1685 2105 1745 2153; x_wconf 93' lang='lat' dir='ltr'><strong>ut</strong></span> <span class='ocrx_word' id='word_1_285' title='bbox 1781 2112 1945 2168; x_wconf 90' lang='lat' dir='ltr'><strong>quam</strong></span> <span class='ocrx_word' id='word_1_286' title='bbox 1972 2096 2292 2163; x_wconf 88' lang='lat' dir='ltr'><strong>tardissime,</strong></span> <span class='ocrx_word' id='word_1_287' title='bbox 2321 2095 2537 2152; x_wconf 87' lang='lat' dir='ltr'><strong>circiter</strong></span> <span class='ocrx_word' id='word_1_288' title='bbox 2572 2096 2806 2152; x_wconf 89' lang='lat' dir='ltr'><strong>medium</strong></span> <span class='ocrx_word' id='word_1_289' title='bbox 2832 2097 3089 2167; x_wconf 86' lang='lat' dir='ltr'><strong>Aprilem.</strong></span> <span class='ocrx_word' id='word_1_290' title='bbox 3121 2098 3271 2155; x_wconf 90' lang='lat' dir='ltr'><strong>Tunc</strong></span> <span class='ocrx_word' id='word_1_291' title='bbox 3300 2116 3430 2159; x_wconf 89' lang='lat' dir='ltr'><strong>vero</strong></span> 
     </span>
    </p>
   </div>
   <div class='ocr_carea' id='block_1_23' title="bbox 172 2184 3431 2270">
    <p class='ocr_par' dir='ltr' id='par_1_23' title="bbox 172 2184 3431 2270">
     <span class='ocr_line' id='line_1_23' title="bbox 172 2184 3431 2270; baseline -0.002 -18"><span class='ocrx_word' id='word_1_292' title='bbox 172 2198 398 2270; x_wconf 87' lang='lat' dir='ltr'><strong>Cyrillus</strong></span> <span class='ocrx_word' id='word_1_293' title='bbox 426 2198 712 2269; x_wconf 89' lang='lat' dir='ltr'><strong>epistolam</strong></span> <span class='ocrx_word' id='word_1_294' title='bbox 738 2196 885 2252; x_wconf 90' lang='lat' dir='ltr'><strong>misit</strong></span> <span class='ocrx_word' id='word_1_295' title='bbox 912 2194 1111 2251; x_wconf 86' lang='lat' dir='ltr'><strong>Aeacio</strong></span> <span class='ocrx_word' id='word_1_296' title='bbox 1134 2193 1390 2249; x_wconf 89' lang='lat' dir='ltr'><strong>Beroensi</strong></span> <span class='ocrx_word' id='word_1_297' title='bbox 1418 2193 1471 2247; x_wconf 92' lang='lat' dir='ltr'><strong>in</strong></span> <span class='ocrx_word' id='word_1_298' title='bbox 1503 2190 1749 2248; x_wconf 89' lang='lat' dir='ltr'><strong>eamdem</strong></span> <span class='ocrx_word' id='word_1_299' title='bbox 1788 2189 1903 2246; x_wconf 88' lang='lat' dir='ltr'><strong>fere</strong></span> <span class='ocrx_word' id='word_1_300' title='bbox 1946 2189 2266 2244; x_wconf 88' lang='lat' dir='ltr'><strong>sententiam</strong></span> <span class='ocrx_word' id='word_1_301' title='bbox 2286 2226 2303 2252; x_wconf 90' lang='lat'><strong>,</strong></span> <span class='ocrx_word' id='word_1_302' title='bbox 2334 2195 2496 2257; x_wconf 89' lang='lat' dir='ltr'><strong>atque</strong></span> <span class='ocrx_word' id='word_1_303' title='bbox 2521 2184 2812 2244; x_wconf 82' lang='lat' dir='ltr'><strong>Caelestino</strong></span> <span class='ocrx_word' id='word_1_304' title='bbox 2850 2204 3034 2259; x_wconf 90' lang='lat' dir='ltr'><strong>papa;</strong></span> <span class='ocrx_word' id='word_1_305' title='bbox 3076 2206 3250 2260; x_wconf 92' lang='lat' dir='ltr'><strong>neque</strong></span> <span class='ocrx_word' id='word_1_306' title='bbox 3288 2192 3431 2247; x_wconf 91' lang='lat' dir='ltr'><strong>enim</strong></span> 
     </span>
    </p>
   </div>
   <div class='ocr_carea' id='block_1_24' title="bbox 174 2276 3430 2358">
    <p class='ocr_par' dir='ltr' id='par_1_24' title="bbox 174 2276 3430 2358">
     <span class='ocr_line' id='line_1_24' title="bbox 174 2276 3430 2358; baseline -0.002 -15"><span class='ocrx_word' id='word_1_307' title='bbox 174 2289 380 2343; x_wconf 85' lang='lat' dir='ltr'><strong>misisse</strong></span> <span class='ocrx_word' id='word_1_308' title='bbox 408 2286 557 2358; x_wconf 86' lang='lat' dir='ltr'><strong>prius</strong></span> <span class='ocrx_word' id='word_1_309' title='bbox 583 2286 688 2341; x_wconf 89' lang='lat' dir='ltr'><strong>dici</strong></span> <span class='ocrx_word' id='word_1_310' title='bbox 713 2292 913 2356; x_wconf 88' lang='lat' dir='ltr'><strong>potest,</strong></span> <span class='ocrx_word' id='word_1_311' title='bbox 943 2299 1068 2339; x_wconf 91' lang='lat' dir='ltr'><strong>cum</strong></span> <span class='ocrx_word' id='word_1_312' title='bbox 1095 2289 1323 2337; x_wconf 90' lang='lat' dir='ltr'><strong>testetur</strong></span> <span class='ocrx_word' id='word_1_313' title='bbox 1348 2296 1409 2336; x_wconf 90' lang='lat' dir='ltr'><strong>se</strong></span> <span class='ocrx_word' id='word_1_314' title='bbox 1431 2281 1535 2336; x_wconf 88' lang='lat' dir='ltr'><strong>hac</strong></span> <span class='ocrx_word' id='word_1_315' title='bbox 1561 2279 1631 2336; x_wconf 91' lang='lat' dir='ltr'><strong>de</strong></span> <span class='ocrx_word' id='word_1_316' title='bbox 1652 2294 1714 2336; x_wconf 92' lang='lat' dir='ltr'><strong>re</strong></span> <span class='ocrx_word' id='word_1_317' title='bbox 1740 2279 2018 2350; x_wconf 85' lang='lat' dir='ltr'><strong>scripsisse</strong></span> <span class='ocrx_word' id='word_1_318' title='bbox 2045 2279 2194 2348; x_wconf 89' lang='lat' dir='ltr'><strong>prius</strong></span> <span class='ocrx_word' id='word_1_319' title='bbox 2219 2276 2531 2344; x_wconf 78' lang='lat' dir='ltr'><strong>Caelestino,</strong></span> <span class='ocrx_word' id='word_1_320' title='bbox 2560 2294 2715 2349; x_wconf 88' lang='lat' dir='ltr'><strong>quam</strong></span> <span class='ocrx_word' id='word_1_321' title='bbox 2745 2278 2839 2332; x_wconf 86' lang='lat' dir='ltr'><strong>ulli</strong></span> <span class='ocrx_word' id='word_1_322' title='bbox 2867 2279 2959 2332; x_wconf 86' lang='lat' dir='ltr'><strong>alii</strong></span> <span class='ocrx_word' id='word_1_323' title='bbox 2980 2282 3430 2350; x_wconf 83' lang='lat' dir='ltr'><strong>consacerdolum;</strong></span> 
     </span>
    </p>
   </div>
   <div class='ocr_carea' id='block_1_25' title="bbox 173 2367 3431 2446">
    <p class='ocr_par' dir='ltr' id='par_1_25' title="bbox 173 2367 3431 2446">
     <span class='ocr_line' id='line_1_25' title="bbox 173 2367 3431 2446; baseline 0 -16"><span class='ocrx_word' id='word_1_324' title='bbox 173 2391 348 2446; x_wconf 88' lang='lat' dir='ltr'><strong>neque</strong></span> <span class='ocrx_word' id='word_1_325' title='bbox 371 2376 535 2431; x_wconf 88' lang='lat' dir='ltr'><strong>etiam</strong></span> <span class='ocrx_word' id='word_1_326' title='bbox 556 2382 765 2444; x_wconf 87' lang='lat' dir='ltr'><strong>postea,</strong></span> <span class='ocrx_word' id='word_1_327' title='bbox 796 2372 1059 2442; x_wconf 89' lang='lat' dir='ltr'><strong>siquidem</strong></span> <span class='ocrx_word' id='word_1_328' title='bbox 1085 2371 1332 2426; x_wconf 88' lang='lat' dir='ltr'><strong>datarum</strong></span> <span class='ocrx_word' id='word_1_329' title='bbox 1358 2386 1389 2424; x_wconf 91' lang='lat' dir='ltr'><strong>a</strong></span> <span class='ocrx_word' id='word_1_330' title='bbox 1409 2384 1471 2425; x_wconf 91' lang='lat' dir='ltr'><strong>se</strong></span> <span class='ocrx_word' id='word_1_331' title='bbox 1496 2370 1797 2425; x_wconf 88' lang='lat' dir='ltr'><strong>litterarum</strong></span> <span class='ocrx_word' id='word_1_332' title='bbox 1817 2368 1887 2424; x_wconf 87' lang='lat' dir='ltr'><strong>ad</strong></span> <span class='ocrx_word' id='word_1_333' title='bbox 1913 2369 2097 2425; x_wconf 86' lang='lat' dir='ltr'><strong>sedem</strong></span> <span class='ocrx_word' id='word_1_334' title='bbox 2124 2368 2475 2437; x_wconf 89' lang='lat' dir='ltr'><strong>apostolicam</strong></span> <span class='ocrx_word' id='word_1_335' title='bbox 2504 2368 2705 2422; x_wconf 87' lang='lat' dir='ltr'><strong>nullam</strong></span> <span class='ocrx_word' id='word_1_336' title='bbox 2732 2367 2859 2424; x_wconf 91' lang='lat' dir='ltr'><strong>fecit</strong></span> <span class='ocrx_word' id='word_1_337' title='bbox 2881 2370 3227 2440; x_wconf 90' lang='lat' dir='ltr'><strong>mentionem,</strong></span> <span class='ocrx_word' id='word_1_338' title='bbox 3257 2372 3431 2431; x_wconf 87' lang='lat' dir='ltr'><strong>factu-</strong></span> 
     </span>
    </p>
   </div>
   <div class='ocr_carea' id='block_1_26' title="bbox 174 2456 3435 2535">
    <p class='ocr_par' dir='ltr' id='par_1_26' title="bbox 174 2456 3435 2535">
     <span class='ocr_line' id='line_1_26' title="bbox 174 2456 3435 2535; baseline 0 -14"><span class='ocrx_word' id='word_1_339' title='bbox 174 2481 263 2521; x_wconf 90' lang='lat' dir='ltr'><strong>rus</strong></span> <span class='ocrx_word' id='word_1_340' title='bbox 290 2465 495 2534; x_wconf 88' lang='lat' dir='ltr'><strong>utique,</strong></span> <span class='ocrx_word' id='word_1_341' title='bbox 537 2465 583 2519; x_wconf 88' lang='lat' dir='ltr'><strong>si</strong></span> <span class='ocrx_word' id='word_1_342' title='bbox 610 2478 735 2518; x_wconf 88' lang='lat' dir='ltr'><strong>suas</strong></span> <span class='ocrx_word' id='word_1_343' title='bbox 762 2477 793 2516; x_wconf 91' lang='lat' dir='ltr'><strong>a</strong></span> <span class='ocrx_word' id='word_1_344' title='bbox 821 2459 1115 2517; x_wconf 77' lang='lat' dir='ltr'><strong>Caelestino</strong></span> <span class='ocrx_word' id='word_1_345' title='bbox 1153 2465 1403 2530; x_wconf 88' lang='lat' dir='ltr'><strong>acceptas</strong></span> <span class='ocrx_word' id='word_1_346' title='bbox 1429 2460 1699 2525; x_wconf 89' lang='lat' dir='ltr'><strong>scivisset;</strong></span> <span class='ocrx_word' id='word_1_347' title='bbox 1728 2458 2078 2514; x_wconf 87' lang='lat' dir='ltr'><strong>mandaverat</strong></span> <span class='ocrx_word' id='word_1_348' title='bbox 2104 2458 2250 2513; x_wconf 91' lang='lat' dir='ltr'><strong>enim</strong></span> <span class='ocrx_word' id='word_1_349' title='bbox 2276 2456 2594 2513; x_wconf 90' lang='lat' dir='ltr'><strong>Possidonio</strong></span> <span class='ocrx_word' id='word_1_350' title='bbox 2621 2466 2680 2512; x_wconf 92' lang='lat' dir='ltr'><strong>ut</strong></span> <span class='ocrx_word' id='word_1_351' title='bbox 2702 2472 2796 2513; x_wconf 89' lang='lat' dir='ltr'><strong>eas</strong></span> <span class='ocrx_word' id='word_1_352' title='bbox 2822 2457 3112 2516; x_wconf 81' lang='lat' dir='ltr'><strong>Caelestino</strong></span> <span class='ocrx_word' id='word_1_353' title='bbox 3140 2477 3246 2518; x_wconf 91' lang='lat' dir='ltr'><strong>non</strong></span> <span class='ocrx_word' id='word_1_354' title='bbox 3284 2466 3435 2535; x_wconf 91' lang='lat' dir='ltr'><strong>prius</strong></span> 
     </span>
    </p>
   </div>
   <div class='ocr_carea' id='block_1_27' title="bbox 172 2549 3207 2625">
    <p class='ocr_par' dir='ltr' id='par_1_27' title="bbox 172 2549 3207 2625">
     <span class='ocr_line' id='line_1_27' title="bbox 172 2549 3207 2625; baseline -0.005 -14"><span class='ocrx_word' id='word_1_355' title='bbox 172 2556 424 2612; x_wconf 88' lang='lat' dir='ltr'><strong>redderet</strong></span> <span class='ocrx_word' id='word_1_356' title='bbox 449 2569 613 2625; x_wconf 89' lang='lat' dir='ltr'><strong>quam</strong></span> <span class='ocrx_word' id='word_1_357' title='bbox 640 2552 814 2609; x_wconf 90' lang='lat' dir='ltr'><strong>eidem</strong></span> <span class='ocrx_word' id='word_1_358' title='bbox 843 2552 996 2607; x_wconf 87' lang='lat' dir='ltr'><strong>datas</strong></span> <span class='ocrx_word' id='word_1_359' title='bbox 1018 2567 1049 2605; x_wconf 92' lang='lat' dir='ltr'><strong>a</strong></span> <span class='ocrx_word' id='word_1_360' title='bbox 1076 2549 1325 2606; x_wconf 84' lang='lat' dir='ltr'><strong>Nestorio</strong></span> <span class='ocrx_word' id='word_1_361' title='bbox 1348 2549 1604 2605; x_wconf 86' lang='lat' dir='ltr'><strong>novisset.</strong></span> <span class='ocrx_word' id='word_1_362' title='bbox 3204 2602 3207 2605; x_wconf 28' lang='grc' dir='ltr'><strong><em>λ</em></strong></span> 
     </span>
    </p>
   </div>
   <div class='ocr_carea' id='block_1_28' title="bbox 238 2634 3437 2714">
    <p class='ocr_par' dir='ltr' id='par_1_28' title="bbox 238 2634 3437 2714">
     <span class='ocr_line' id='line_1_28' title="bbox 238 2634 3437 2714; baseline -0.001 -13"><span class='ocrx_word' id='word_1_363' title='bbox 238 2646 440 2702; x_wconf 89' lang='lat' dir='ltr'><strong>Statim</strong></span> <span class='ocrx_word' id='word_1_364' title='bbox 480 2643 715 2714; x_wconf 89' lang='lat' dir='ltr'><strong>acceptis</strong></span> <span class='ocrx_word' id='word_1_365' title='bbox 756 2641 951 2696; x_wconf 90' lang='lat' dir='ltr'><strong>litteris</strong></span> <span class='ocrx_word' id='word_1_366' title='bbox 982 2640 1210 2696; x_wconf 86' lang='lat' dir='ltr'><strong>Aeacius</strong></span> <span class='ocrx_word' id='word_1_367' title='bbox 1232 2637 1526 2710; x_wconf 90' lang='lat' dir='ltr'><strong>respondit,</strong></span> <span class='ocrx_word' id='word_1_368' title='bbox 1557 2637 1654 2693; x_wconf 89' lang='lat' dir='ltr'><strong>sed</strong></span> <span class='ocrx_word' id='word_1_369' title='bbox 1676 2653 1777 2708; x_wconf 91' lang='lat' dir='ltr'><strong>pro</strong></span> <span class='ocrx_word' id='word_1_370' title='bbox 1806 2638 2041 2705; x_wconf 89' lang='lat' dir='ltr'><strong>ingenio,</strong></span> <span class='ocrx_word' id='word_1_371' title='bbox 2072 2635 2295 2693; x_wconf 88' lang='lat' dir='ltr'><strong>subdole</strong></span> <span class='ocrx_word' id='word_1_372' title='bbox 2322 2636 2574 2692; x_wconf 87' lang='lat' dir='ltr'><strong>nimirum</strong></span> <span class='ocrx_word' id='word_1_373' title='bbox 2606 2653 2619 2689; x_wconf 90' lang='lat'><strong>:</strong></span> <span class='ocrx_word' id='word_1_374' title='bbox 2650 2634 2906 2708; x_wconf 88' lang='lat' dir='ltr'><strong>Cyrillum</strong></span> <span class='ocrx_word' id='word_1_375' title='bbox 2931 2640 3073 2694; x_wconf 89' lang='lat' dir='ltr'><strong>enim</strong></span> <span class='ocrx_word' id='word_1_376' title='bbox 3100 2641 3173 2695; x_wconf 89' lang='lat' dir='ltr'><strong>ita</strong></span> <span class='ocrx_word' id='word_1_377' title='bbox 3201 2641 3437 2697; x_wconf 90' lang='lat' dir='ltr'><strong>laudavit</strong></span> 
     </span>
    </p>
   </div>
   <div class='ocr_carea' id='block_1_29' title="bbox 167 2727 3435 2806">
    <p class='ocr_par' dir='ltr' id='par_1_29' title="bbox 167 2727 3435 2806">
     <span class='ocr_line' id='line_1_29' title="bbox 167 2727 3435 2806; baseline 0 -17"><span class='ocrx_word' id='word_1_378' title='bbox 167 2743 397 2806; x_wconf 85' lang='lat' dir='ltr'><strong>propter</strong></span> <span class='ocrx_word' id='word_1_379' title='bbox 424 2733 658 2788; x_wconf 90' lang='lat' dir='ltr'><strong>studium</strong></span> <span class='ocrx_word' id='word_1_380' title='bbox 697 2730 838 2797; x_wconf 82' lang='lat' dir='ltr'><strong>fidei,</strong></span> <span class='ocrx_word' id='word_1_381' title='bbox 870 2737 929 2785; x_wconf 91' lang='lat' dir='ltr'><strong>ut</strong></span> <span class='ocrx_word' id='word_1_382' title='bbox 951 2729 1165 2785; x_wconf 90' lang='lat' dir='ltr'><strong>interim</strong></span> <span class='ocrx_word' id='word_1_383' title='bbox 1191 2727 1497 2783; x_wconf 86' lang='lat' dir='ltr'><strong>Nestorium</strong></span> <span class='ocrx_word' id='word_1_384' title='bbox 1524 2734 1825 2793; x_wconf 86' lang='lat' dir='ltr'><strong>excusaret,</strong></span> <span class='ocrx_word' id='word_1_385' title='bbox 1854 2737 2126 2798; x_wconf 88' lang='lat' dir='ltr'><strong>tamquam</strong></span> <span class='ocrx_word' id='word_1_386' title='bbox 2153 2728 2320 2784; x_wconf 91' lang='lat' dir='ltr'><strong>verbo</strong></span> <span class='ocrx_word' id='word_1_387' title='bbox 2354 2729 2472 2784; x_wconf 92' lang='lat' dir='ltr'><strong>solo</strong></span> <span class='ocrx_word' id='word_1_388' title='bbox 2499 2728 2740 2799; x_wconf 89' lang='lat' dir='ltr'><strong>lapsum;</strong></span> <span class='ocrx_word' id='word_1_389' title='bbox 2770 2737 3055 2799; x_wconf 89' lang='lat' dir='ltr'><strong>utrumque</strong></span> <span class='ocrx_word' id='word_1_390' title='bbox 3082 2748 3211 2789; x_wconf 91' lang='lat' dir='ltr'><strong>vero</strong></span> <span class='ocrx_word' id='word_1_391' title='bbox 3236 2735 3435 2805; x_wconf 90' lang='lat' dir='ltr'><strong>impru-</strong></span> 
     </span>
    </p>
   </div>
   <div class='ocr_carea' id='block_1_30' title="bbox 167 2819 3432 2893">
    <p class='ocr_par' dir='ltr' id='par_1_30' title="bbox 167 2819 3432 2893">
     <span class='ocr_line' id='line_1_30' title="bbox 167 2819 3432 2893; baseline 0.001 -13"><span class='ocrx_word' id='word_1_392' title='bbox 167 2825 371 2880; x_wconf 84' lang='lat' dir='ltr'><strong>dentiae</strong></span> <span class='ocrx_word' id='word_1_393' title='bbox 412 2824 702 2889; x_wconf 90' lang='lat' dir='ltr'><strong>damnavit,</strong></span> <span class='ocrx_word' id='word_1_394' title='bbox 734 2821 1054 2892; x_wconf 13' lang='lat' dir='ltr'><strong>quod,tcum</strong></span> <span class='ocrx_word' id='word_1_395' title='bbox 1092 2828 1211 2876; x_wconf 89' lang='lat' dir='ltr'><strong>orta</strong></span> <span class='ocrx_word' id='word_1_396' title='bbox 1238 2826 1381 2876; x_wconf 90' lang='lat' dir='ltr'><strong>esset</strong></span> <span class='ocrx_word' id='word_1_397' title='bbox 1417 2819 1484 2875; x_wconf 92' lang='lat' dir='ltr'><strong>de</strong></span> <span class='ocrx_word' id='word_1_398' title='bbox 1511 2834 1618 2875; x_wconf 91' lang='lat' dir='ltr'><strong>una</strong></span> <span class='ocrx_word' id='word_1_399' title='bbox 1642 2820 1832 2875; x_wconf 90' lang='lat' dir='ltr'><strong>vocula</strong></span> <span class='ocrx_word' id='word_1_400' title='bbox 1859 2821 2116 2890; x_wconf 84' lang='lat' dir='ltr'><strong>quastio,</strong></span> <span class='ocrx_word' id='word_1_401' title='bbox 2147 2821 2283 2876; x_wconf 89' lang='lat' dir='ltr'><strong>alter</strong></span> <span class='ocrx_word' id='word_1_402' title='bbox 2311 2820 2529 2876; x_wconf 87' lang='lat' dir='ltr'><strong>Patrum</strong></span> <span class='ocrx_word' id='word_1_403' title='bbox 2555 2836 2707 2877; x_wconf 89' lang='lat' dir='ltr'><strong>more</strong></span> <span class='ocrx_word' id='word_1_404' title='bbox 2750 2823 2898 2892; x_wconf 91' lang='lat' dir='ltr'><strong>loqui</strong></span> <span class='ocrx_word' id='word_1_405' title='bbox 2923 2825 3126 2893; x_wconf 90' lang='lat' dir='ltr'><strong>nollet,</strong></span> <span class='ocrx_word' id='word_1_406' title='bbox 3156 2826 3293 2881; x_wconf 87' lang='lat' dir='ltr'><strong>alter</strong></span> <span class='ocrx_word' id='word_1_407' title='bbox 3318 2843 3432 2882; x_wconf 90' lang='lat' dir='ltr'><strong>rem</strong></span> 
     </span>
    </p>
   </div>
   <div class='ocr_carea' id='block_1_31' title="bbox 170 2912 3433 2987">
    <p class='ocr_par' dir='ltr' id='par_1_31' title="bbox 170 2912 3433 2987">
     <span class='ocr_line' id='line_1_31' title="bbox 170 2912 3433 2987; baseline 0.001 -15"><span class='ocrx_word' id='word_1_408' title='bbox 170 2918 545 2974; x_wconf 84' lang='lat' dir='ltr'><strong>vehementius</strong></span> <span class='ocrx_word' id='word_1_409' title='bbox 572 2924 787 2987; x_wconf 91' lang='lat' dir='ltr'><strong>urgeret</strong></span> <span class='ocrx_word' id='word_1_410' title='bbox 813 2931 977 2987; x_wconf 88' lang='lat' dir='ltr'><strong>quam</strong></span> <span class='ocrx_word' id='word_1_411' title='bbox 1015 2915 1154 2972; x_wconf 83' lang='lat' dir='ltr'><strong>ratio</strong></span> <span class='ocrx_word' id='word_1_412' title='bbox 1182 2915 1401 2971; x_wconf 87' lang='lat' dir='ltr'><strong>sineret.</strong></span> <span class='ocrx_word' id='word_1_413' title='bbox 1432 2912 1547 2970; x_wconf 88' lang='lat' dir='ltr'><strong>Etsi</strong></span> <span class='ocrx_word' id='word_1_414' title='bbox 1574 2920 1753 2969; x_wconf 86' lang='lat' dir='ltr'><strong>autem</strong></span> <span class='ocrx_word' id='word_1_415' title='bbox 1781 2913 2024 2971; x_wconf 87' lang='lat' dir='ltr'><strong>neutrius</strong></span> <span class='ocrx_word' id='word_1_416' title='bbox 2059 2913 2114 2969; x_wconf 90' lang='lat' dir='ltr'><strong>in</strong></span> <span class='ocrx_word' id='word_1_417' title='bbox 2140 2922 2323 2984; x_wconf 87' lang='lat' dir='ltr'><strong>partes</strong></span> <span class='ocrx_word' id='word_1_418' title='bbox 2350 2914 2518 2971; x_wconf 91' lang='lat' dir='ltr'><strong>abivit</strong></span> <span class='ocrx_word' id='word_1_419' title='bbox 2543 2916 2811 2986; x_wconf 85' lang='lat' dir='ltr'><strong>expressis</strong></span> <span class='ocrx_word' id='word_1_420' title='bbox 2836 2916 3033 2985; x_wconf 88' lang='lat' dir='ltr'><strong>verbis,</strong></span> <span class='ocrx_word' id='word_1_421' title='bbox 3064 2919 3326 2975; x_wconf 90' lang='lat' dir='ltr'><strong>oculatius</strong></span> <span class='ocrx_word' id='word_1_422' title='bbox 3352 2927 3433 2975; x_wconf 88' lang='lat' dir='ltr'><strong>ta-</strong></span> 
     </span>
    </p>
   </div>
   <div class='ocr_carea' id='block_1_32' title="bbox 125 3006 1872 3081">
    <p class='ocr_par' dir='ltr' id='par_1_32' title="bbox 125 3006 1872 3081">
     <span class='ocr_line' id='line_1_32' title="bbox 125 3006 1872 3081; baseline -0.003 -14"><span class='ocrx_word' id='word_1_423' title='bbox 125 3008 131 3017; x_wconf 86' lang='grc'><em>’</em></span> <span class='ocrx_word' id='word_1_424' title='bbox 173 3024 295 3067; x_wconf 88' lang='lat' dir='ltr'><strong>men</strong></span> <span class='ocrx_word' id='word_1_425' title='bbox 320 3009 651 3066; x_wconf 87' lang='lat' dir='ltr'><strong>intuentibus</strong></span> <span class='ocrx_word' id='word_1_426' title='bbox 668 3009 839 3065; x_wconf 89' lang='lat' dir='ltr'><strong>videri</strong></span> <span class='ocrx_word' id='word_1_427' title='bbox 859 3018 1038 3081; x_wconf 90' lang='lat' dir='ltr'><strong>potest</strong></span> <span class='ocrx_word' id='word_1_428' title='bbox 1064 3010 1120 3064; x_wconf 91' lang='lat' dir='ltr'><strong>in</strong></span> <span class='ocrx_word' id='word_1_429' title='bbox 1147 3008 1491 3064; x_wconf 82' lang='lat' dir='ltr'><strong>Nestorianas</strong></span> <span class='ocrx_word' id='word_1_430' title='bbox 1518 3006 1872 3079; x_wconf 87' lang='lat' dir='ltr'><strong>propendere.</strong></span> 
     </span>
    </p>
   </div>
   <div class='ocr_carea' id='block_1_33' title="bbox 1604 3158 2022 3199">
    <p class='ocr_par' dir='ltr' id='par_1_33' title="bbox 1604 3158 2022 3199">
     <span class='ocr_line' id='line_1_33' title="bbox 1604 3158 2022 3199; baseline -0.002 -1"><span class='ocrx_word' id='word_1_431' title='bbox 1604 3159 1740 3199; x_wconf 75' lang='lat' dir='ltr'><strong>ANNO</strong></span> <span class='ocrx_word' id='word_1_432' title='bbox 1765 3158 2022 3199; x_wconf 74' lang='lat' dir='ltr'><strong>CCCCXXX.</strong></span> 
     </span>
    </p>
   </div>
   <div class='ocr_carea' id='block_1_34' title="bbox 246 3269 3436 3354">
    <p class='ocr_par' dir='ltr' id='par_1_34' title="bbox 246 3269 3436 3354">
     <span class='ocr_line' id='line_1_34' title="bbox 246 3269 3436 3354; baseline 0.001 -16"><span class='ocrx_word' id='word_1_433' title='bbox 246 3282 432 3339; x_wconf 76' lang='lat' dir='ltr'><strong>Roma</strong></span> <span class='ocrx_word' id='word_1_434' title='bbox 458 3282 559 3338; x_wconf 87' lang='lat' dir='ltr'><strong>sub</strong></span> <span class='ocrx_word' id='word_1_435' title='bbox 585 3281 796 3337; x_wconf 90' lang='lat' dir='ltr'><strong>initium</strong></span> <span class='ocrx_word' id='word_1_436' title='bbox 822 3281 1048 3351; x_wconf 76' lang='lat' dir='ltr'><strong>Augusti</strong></span> <span class='ocrx_word' id='word_1_437' title='bbox 1073 3282 1257 3337; x_wconf 90' lang='lat' dir='ltr'><strong>habita</strong></span> <span class='ocrx_word' id='word_1_438' title='bbox 1283 3288 1367 3337; x_wconf 91' lang='lat' dir='ltr'><strong>est</strong></span> <span class='ocrx_word' id='word_1_439' title='bbox 1394 3295 1425 3335; x_wconf 90' lang='lat' dir='ltr'><strong>a</strong></span> <span class='ocrx_word' id='word_1_440' title='bbox 1449 3279 1742 3337; x_wconf 78' lang='lat' dir='ltr'><strong>Caelestino</strong></span> <span class='ocrx_word' id='word_1_441' title='bbox 1763 3281 1997 3353; x_wconf 88' lang='lat' dir='ltr'><strong>synodus</strong></span> <span class='ocrx_word' id='word_1_442' title='bbox 2024 3283 2417 3353; x_wconf 86' lang='lat' dir='ltr'><strong>episcoporum,</strong></span> <span class='ocrx_word' id='word_1_443' title='bbox 2440 3282 2533 3352; x_wconf 90' lang='lat' dir='ltr'><strong>qui</strong></span> <span class='ocrx_word' id='word_1_444' title='bbox 2556 3283 2643 3337; x_wconf 89' lang='lat' dir='ltr'><strong>vel</strong></span> <span class='ocrx_word' id='word_1_445' title='bbox 2662 3288 2791 3338; x_wconf 92' lang='lat' dir='ltr'><strong>tunc</strong></span> <span class='ocrx_word' id='word_1_446' title='bbox 2814 3282 2869 3337; x_wconf 94' lang='lat' dir='ltr'><strong>in</strong></span> <span class='ocrx_word' id='word_1_447' title='bbox 2896 3269 3042 3338; x_wconf 83' lang='lat' dir='ltr'><strong>Urbe</strong></span> <span class='ocrx_word' id='word_1_448' title='bbox 3066 3285 3267 3354; x_wconf 90' lang='lat' dir='ltr'><strong>reperti</strong></span> <span class='ocrx_word' id='word_1_449' title='bbox 3293 3292 3436 3350; x_wconf 89' lang='lat' dir='ltr'><strong>sunt,</strong></span> 
     </span>
    </p>
   </div>
   <div class='ocr_carea' id='block_1_35' title="bbox 183 3368 3437 3445">
    <p class='ocr_par' dir='ltr' id='par_1_35' title="bbox 183 3368 3437 3445">
     <span class='ocr_line' id='line_1_35' title="bbox 183 3368 3437 3445; baseline 0.001 -17"><span class='ocrx_word' id='word_1_450' title='bbox 183 3374 265 3430; x_wconf 86' lang='lat' dir='ltr'><strong>vel</strong></span> <span class='ocrx_word' id='word_1_451' title='bbox 290 3390 359 3430; x_wconf 91' lang='lat' dir='ltr'><strong>ex</strong></span> <span class='ocrx_word' id='word_1_452' title='bbox 384 3373 581 3429; x_wconf 90' lang='lat' dir='ltr'><strong>vicinia</strong></span> <span class='ocrx_word' id='word_1_453' title='bbox 605 3372 783 3428; x_wconf 90' lang='lat' dir='ltr'><strong>acciti.</strong></span> <span class='ocrx_word' id='word_1_454' title='bbox 813 3372 872 3427; x_wconf 93' lang='lat' dir='ltr'><strong>ln</strong></span> <span class='ocrx_word' id='word_1_455' title='bbox 901 3388 965 3428; x_wconf 92' lang='lat' dir='ltr'><strong>ea</strong></span> <span class='ocrx_word' id='word_1_456' title='bbox 993 3373 1191 3429; x_wconf 91' lang='lat' dir='ltr'><strong>lectum</strong></span> <span class='ocrx_word' id='word_1_457' title='bbox 1218 3380 1321 3440; x_wconf 88' lang='lat' dir='ltr'><strong>est,</strong></span> <span class='ocrx_word' id='word_1_458' title='bbox 1365 3372 1578 3443; x_wconf 91' lang='lat' dir='ltr'><strong>opinor,</strong></span> <span class='ocrx_word' id='word_1_459' title='bbox 1606 3368 1850 3427; x_wconf 87' lang='lat' dir='ltr'><strong>Cassiani</strong></span> <span class='ocrx_word' id='word_1_460' title='bbox 1890 3387 2057 3442; x_wconf 88' lang='lat' dir='ltr'><strong>opus;</strong></span> <span class='ocrx_word' id='word_1_461' title='bbox 2101 3372 2239 3428; x_wconf 87' lang='lat' dir='ltr'><strong>lecta</strong></span> <span class='ocrx_word' id='word_1_462' title='bbox 2276 3387 2492 3442; x_wconf 90' lang='lat' dir='ltr'><strong>quoque</strong></span> <span class='ocrx_word' id='word_1_463' title='bbox 2527 3372 2899 3429; x_wconf 84' lang='lat' dir='ltr'><strong>Alexandrina</strong></span> <span class='ocrx_word' id='word_1_464' title='bbox 2925 3373 3117 3445; x_wconf 84' lang='lat' dir='ltr'><strong>synodi</strong></span> <span class='ocrx_word' id='word_1_465' title='bbox 3140 3375 3437 3442; x_wconf 83' lang='lat' dir='ltr'><strong>confessio,</strong></span> 
     </span>
    </p>
   </div>
   <div class='ocr_carea' id='block_1_36' title="bbox 185 3460 3444 3536">
    <p class='ocr_par' dir='ltr' id='par_1_36' title="bbox 185 3460 3444 3536">
     <span class='ocr_line' id='line_1_36' title="bbox 185 3460 3444 3536; baseline -0.001 -15"><span class='ocrx_word' id='word_1_466' title='bbox 185 3464 370 3521; x_wconf 89' lang='lat' dir='ltr'><strong>litteris</strong></span> <span class='ocrx_word' id='word_1_467' title='bbox 396 3464 582 3536; x_wconf 88' lang='lat' dir='ltr'><strong>Cyrilli</strong></span> <span class='ocrx_word' id='word_1_468' title='bbox 609 3464 1030 3535; x_wconf 87' lang='lat' dir='ltr'><strong>comprehensa;</strong></span> <span class='ocrx_word' id='word_1_469' title='bbox 1066 3463 1330 3533; x_wconf 88' lang='lat' dir='ltr'><strong>recogniti</strong></span> <span class='ocrx_word' id='word_1_470' title='bbox 1369 3463 1533 3518; x_wconf 90' lang='lat' dir='ltr'><strong>etiam</strong></span> <span class='ocrx_word' id='word_1_471' title='bbox 1557 3462 1789 3517; x_wconf 86' lang='lat' dir='ltr'><strong>Nestorii</strong></span> <span class='ocrx_word' id='word_1_472' title='bbox 1815 3462 2198 3531; x_wconf 88' lang='lat' dir='ltr'><strong>quaterniones</strong></span> <span class='ocrx_word' id='word_1_473' title='bbox 2223 3477 2345 3516; x_wconf 91' lang='lat' dir='ltr'><strong>cum</strong></span> <span class='ocrx_word' id='word_1_474' title='bbox 2371 3462 2565 3517; x_wconf 88' lang='lat' dir='ltr'><strong>litteris</strong></span> <span class='ocrx_word' id='word_1_475' title='bbox 2592 3460 2659 3515; x_wconf 91' lang='lat' dir='ltr'><strong>ad</strong></span> <span class='ocrx_word' id='word_1_476' title='bbox 2701 3460 2988 3532; x_wconf 89' lang='lat' dir='ltr'><strong>Cyrillum;</strong></span> <span class='ocrx_word' id='word_1_477' title='bbox 3019 3470 3131 3517; x_wconf 90' lang='lat' dir='ltr'><strong>tum</strong></span> <span class='ocrx_word' id='word_1_478' title='bbox 3159 3462 3444 3519; x_wconf 86' lang='lat' dir='ltr'><strong>damnatus</strong></span> 
     </span>
    </p>
   </div>
   <div class='ocr_carea' id='block_1_37' title="bbox 186 3554 3441 3628">
    <p class='ocr_par' dir='ltr' id='par_1_37' title="bbox 186 3554 3441 3628">
     <span class='ocr_line' id='line_1_37' title="bbox 186 3554 3441 3628; baseline 0.001 -16"><span class='ocrx_word' id='word_1_479' title='bbox 186 3557 305 3614; x_wconf 90' lang='lat' dir='ltr'><strong>inde</strong></span> <span class='ocrx_word' id='word_1_480' title='bbox 337 3558 637 3621; x_wconf 86' lang='lat' dir='ltr'><strong>Nestorius,</strong></span> <span class='ocrx_word' id='word_1_481' title='bbox 664 3556 971 3628; x_wconf 91' lang='lat' dir='ltr'><strong>jussusque,</strong></span> <span class='ocrx_word' id='word_1_482' title='bbox 1002 3570 1071 3610; x_wconf 91' lang='lat' dir='ltr'><strong>ne</strong></span> <span class='ocrx_word' id='word_1_483' title='bbox 1096 3554 1446 3627; x_wconf 87' lang='lat' dir='ltr'><strong>depositionis</strong></span> <span class='ocrx_word' id='word_1_484' title='bbox 1470 3569 1632 3625; x_wconf 79' lang='lat' dir='ltr'><strong>pana</strong></span> <span class='ocrx_word' id='word_1_485' title='bbox 1664 3556 1984 3611; x_wconf 89' lang='lat' dir='ltr'><strong>multaretur</strong></span> <span class='ocrx_word' id='word_1_486' title='bbox 2010 3556 2147 3610; x_wconf 88' lang='lat' dir='ltr'><strong>intra</strong></span> <span class='ocrx_word' id='word_1_487' title='bbox 2175 3555 2441 3611; x_wconf 90' lang='lat' dir='ltr'><strong>decimum</strong></span> <span class='ocrx_word' id='word_1_488' title='bbox 2482 3571 2515 3610; x_wconf 89' lang='lat' dir='ltr'><strong>a</strong></span> <span class='ocrx_word' id='word_1_489' title='bbox 2538 3556 2943 3611; x_wconf 89' lang='lat' dir='ltr'><strong>denuntiatione</strong></span> <span class='ocrx_word' id='word_1_490' title='bbox 2968 3555 3110 3611; x_wconf 91' lang='lat' dir='ltr'><strong>diem</strong></span> <span class='ocrx_word' id='word_1_491' title='bbox 3132 3598 3148 3623; x_wconf 91' lang='lat'><strong>,</strong></span> <span class='ocrx_word' id='word_1_492' title='bbox 3189 3566 3441 3613; x_wconf 91' lang='lat' dir='ltr'><strong>revocato</strong></span> 
     </span>
    </p>
   </div>
   <div class='ocr_carea' id='block_1_38' title="bbox 190 3646 3443 3719">
    <p class='ocr_par' dir='ltr' id='par_1_38' title="bbox 190 3646 3443 3719">
     <span class='ocr_line' id='line_1_38' title="bbox 190 3646 3443 3719; baseline -0.001 -14"><span class='ocrx_word' id='word_1_493' title='bbox 190 3665 386 3717; x_wconf 88' lang='lat' dir='ltr'><strong>errore,</strong></span> <span class='ocrx_word' id='word_1_494' title='bbox 417 3648 792 3705; x_wconf 88' lang='lat' dir='ltr'><strong>Alexandrina</strong></span> <span class='ocrx_word' id='word_1_495' title='bbox 819 3646 1143 3704; x_wconf 81' lang='lat' dir='ltr'><strong>confessioni</strong></span> <span class='ocrx_word' id='word_1_496' title='bbox 1169 3646 1539 3713; x_wconf 88' lang='lat' dir='ltr'><strong>subscribere;</strong></span> <span class='ocrx_word' id='word_1_497' title='bbox 1567 3654 1755 3716; x_wconf 88' lang='lat' dir='ltr'><strong>postea</strong></span> <span class='ocrx_word' id='word_1_498' title='bbox 1782 3647 2017 3702; x_wconf 90' lang='lat' dir='ltr'><strong>restituti</strong></span> <span class='ocrx_word' id='word_1_499' title='bbox 2055 3647 2110 3702; x_wconf 93' lang='lat' dir='ltr'><strong>in</strong></span> <span class='ocrx_word' id='word_1_500' title='bbox 2136 3646 2391 3703; x_wconf 88' lang='lat' dir='ltr'><strong>Ecclesia</strong></span> <span class='ocrx_word' id='word_1_501' title='bbox 2427 3648 2879 3713; x_wconf 89' lang='lat' dir='ltr'><strong>communionem,</strong></span> <span class='ocrx_word' id='word_1_502' title='bbox 2910 3648 3002 3717; x_wconf 91' lang='lat' dir='ltr'><strong>qui</strong></span> <span class='ocrx_word' id='word_1_503' title='bbox 3029 3657 3249 3719; x_wconf 89' lang='lat' dir='ltr'><strong>propter</strong></span> <span class='ocrx_word' id='word_1_504' title='bbox 3284 3648 3443 3705; x_wconf 86' lang='lat' dir='ltr'><strong>ﬁdem</strong></span> 
     </span>
    </p>
   </div>
   <div class='ocr_carea' id='block_1_39' title="bbox 189 3735 3446 3808">
    <p class='ocr_par' dir='ltr' id='par_1_39' title="bbox 189 3735 3446 3808">
     <span class='ocr_line' id='line_1_39' title="bbox 189 3735 3446 3808; baseline -0.001 -13"><span class='ocrx_word' id='word_1_505' title='bbox 189 3741 347 3796; x_wconf 89' lang='lat' dir='ltr'><strong>erecti</strong></span> <span class='ocrx_word' id='word_1_506' title='bbox 387 3740 628 3805; x_wconf 89' lang='lat' dir='ltr'><strong>fuerant;</strong></span> <span class='ocrx_word' id='word_1_507' title='bbox 658 3739 851 3794; x_wconf 91' lang='lat' dir='ltr'><strong>deinde</strong></span> <span class='ocrx_word' id='word_1_508' title='bbox 884 3737 1246 3794; x_wconf 83' lang='lat' dir='ltr'><strong>Alexandrino</strong></span> <span class='ocrx_word' id='word_1_509' title='bbox 1273 3738 1488 3808; x_wconf 89' lang='lat' dir='ltr'><strong>prasuli</strong></span> <span class='ocrx_word' id='word_1_510' title='bbox 1527 3735 1849 3793; x_wconf 90' lang='lat' dir='ltr'><strong>demandata</strong></span> <span class='ocrx_word' id='word_1_511' title='bbox 1877 3737 2153 3808; x_wconf 88' lang='lat' dir='ltr'><strong>provincia</strong></span> <span class='ocrx_word' id='word_1_512' title='bbox 2192 3738 2547 3807; x_wconf 87' lang='lat' dir='ltr'><strong>exsequenda</strong></span> <span class='ocrx_word' id='word_1_513' title='bbox 2585 3738 2893 3803; x_wconf 87' lang='lat' dir='ltr'><strong>sententia;</strong></span> <span class='ocrx_word' id='word_1_514' title='bbox 2935 3746 3112 3794; x_wconf 89' lang='lat' dir='ltr'><strong>actum</strong></span> <span class='ocrx_word' id='word_1_515' title='bbox 3138 3753 3353 3807; x_wconf 89' lang='lat' dir='ltr'><strong>quoque</strong></span> <span class='ocrx_word' id='word_1_516' title='bbox 3376 3740 3446 3794; x_wconf 89' lang='lat' dir='ltr'><strong>de</strong></span> 
     </span>
    </p>
   </div>
   <div class='ocr_carea' id='block_1_40' title="bbox 191 3826 3447 3899">
    <p class='ocr_par' dir='ltr' id='par_1_40' title="bbox 191 3826 3447 3899">
     <span class='ocr_line' id='line_1_40' title="bbox 191 3826 3447 3899; baseline 0 -15"><span class='ocrx_word' id='word_1_517' title='bbox 191 3828 485 3899; x_wconf 83' lang='lat' dir='ltr'><strong>Pelagianis</strong></span> <span class='ocrx_word' id='word_1_518' title='bbox 522 3846 553 3884; x_wconf 89' lang='lat' dir='ltr'><strong>a</strong></span> <span class='ocrx_word' id='word_1_519' title='bbox 581 3829 828 3885; x_wconf 85' lang='lat' dir='ltr'><strong>Nestorio</strong></span> <span class='ocrx_word' id='word_1_520' title='bbox 856 3828 1105 3898; x_wconf 90' lang='lat' dir='ltr'><strong>receptis,</strong></span> <span class='ocrx_word' id='word_1_521' title='bbox 1136 3826 1561 3896; x_wconf 88' lang='lat' dir='ltr'><strong>conﬁrmataque</strong></span> <span class='ocrx_word' id='word_1_522' title='bbox 1589 3827 1815 3897; x_wconf 90' lang='lat' dir='ltr'><strong>pristina</strong></span> <span class='ocrx_word' id='word_1_523' title='bbox 1842 3827 2079 3897; x_wconf 87' lang='lat' dir='ltr'><strong>ipsorum</strong></span> <span class='ocrx_word' id='word_1_524' title='bbox 2103 3829 2501 3893; x_wconf 88' lang='lat' dir='ltr'><strong>exauctoratio;</strong></span> <span class='ocrx_word' id='word_1_525' title='bbox 2531 3827 2760 3895; x_wconf 89' lang='lat' dir='ltr'><strong>denique</strong></span> <span class='ocrx_word' id='word_1_526' title='bbox 2788 3842 2858 3882; x_wconf 88' lang='lat' dir='ltr'><strong>ex</strong></span> <span class='ocrx_word' id='word_1_527' title='bbox 2889 3828 3094 3897; x_wconf 89' lang='lat' dir='ltr'><strong>synodo</strong></span> <span class='ocrx_word' id='word_1_528' title='bbox 3123 3830 3334 3897; x_wconf 83' lang='lat' dir='ltr'><strong>scripta</strong></span> <span class='ocrx_word' id='word_1_529' title='bbox 3360 3846 3447 3885; x_wconf 84' lang='lat' dir='ltr'><strong>se-</strong></span> 
     </span>
    </p>
   </div>
   <div class='ocr_carea' id='block_1_41' title="bbox 192 3912 3444 3993">
    <p class='ocr_par' dir='ltr' id='par_1_41' title="bbox 192 3912 3444 3993">
     <span class='ocr_line' id='line_1_41' title="bbox 192 3912 3444 3993; baseline 0 -16"><span class='ocrx_word' id='word_1_530' title='bbox 192 3930 327 3991; x_wconf 89' lang='lat' dir='ltr'><strong>ptem</strong></span> <span class='ocrx_word' id='word_1_531' title='bbox 355 3922 601 3993; x_wconf 83' lang='lat' dir='ltr'><strong>epistolae</strong></span> <span class='ocrx_word' id='word_1_532' title='bbox 624 3938 655 3976; x_wconf 90' lang='lat' dir='ltr'><strong>a</strong></span> <span class='ocrx_word' id='word_1_533' title='bbox 682 3937 890 3977; x_wconf 89' lang='lat' dir='ltr'><strong>summo</strong></span> <span class='ocrx_word' id='word_1_534' title='bbox 915 3920 1187 3992; x_wconf 82' lang='lat' dir='ltr'><strong>pontifice,</strong></span> <span class='ocrx_word' id='word_1_535' title='bbox 1215 3919 1418 3991; x_wconf 84' lang='lat' dir='ltr'><strong>Cyrillo</strong></span> <span class='ocrx_word' id='word_1_536' title='bbox 1444 3919 1668 3984; x_wconf 89' lang='lat' dir='ltr'><strong>scilicet,</strong></span> <span class='ocrx_word' id='word_1_537' title='bbox 1692 3927 1752 3973; x_wconf 93' lang='lat' dir='ltr'><strong>ut</strong></span> <span class='ocrx_word' id='word_1_538' title='bbox 1784 3919 1926 3975; x_wconf 89' lang='lat' dir='ltr'><strong>sedis</strong></span> <span class='ocrx_word' id='word_1_539' title='bbox 1952 3920 2261 3989; x_wconf 87' lang='lat' dir='ltr'><strong>apostolica</strong></span> <span class='ocrx_word' id='word_1_540' title='bbox 2295 3921 2399 3976; x_wconf 89' lang='lat' dir='ltr'><strong>hoc</strong></span> <span class='ocrx_word' id='word_1_541' title='bbox 2423 3921 2478 3975; x_wconf 93' lang='lat' dir='ltr'><strong>in</strong></span> <span class='ocrx_word' id='word_1_542' title='bbox 2507 3920 2722 3988; x_wconf 91' lang='lat' dir='ltr'><strong>negotio</strong></span> <span class='ocrx_word' id='word_1_543' title='bbox 2746 3920 3057 3987; x_wconf 89' lang='lat' dir='ltr'><strong>fungeretur</strong></span> <span class='ocrx_word' id='word_1_544' title='bbox 3082 3921 3229 3987; x_wconf 89' lang='lat' dir='ltr'><strong>vice;</strong></span> <span class='ocrx_word' id='word_1_545' title='bbox 3252 3912 3444 3979; x_wconf 82' lang='lat' dir='ltr'><strong>Nesto-</strong></span> 
     </span>
    </p>
   </div>
   <div class='ocr_carea' id='block_1_42' title="bbox 194 4005 3447 4079">
    <p class='ocr_par' dir='ltr' id='par_1_42' title="bbox 194 4005 3447 4079">
     <span class='ocr_line' id='line_1_42' title="bbox 194 4005 3447 4079; baseline 0.002 -16"><span class='ocrx_word' id='word_1_546' title='bbox 194 4008 295 4075; x_wconf 89' lang='lat' dir='ltr'><strong>rio,</strong></span> <span class='ocrx_word' id='word_1_547' title='bbox 324 4016 383 4063; x_wconf 93' lang='lat' dir='ltr'><strong>ut</strong></span> <span class='ocrx_word' id='word_1_548' title='bbox 423 4009 495 4063; x_wconf 89' lang='lat' dir='ltr'><strong>ad</strong></span> <span class='ocrx_word' id='word_1_549' title='bbox 540 4010 912 4079; x_wconf 79' lang='lat' dir='ltr'><strong>panitentiam</strong></span> <span class='ocrx_word' id='word_1_550' title='bbox 955 4009 1187 4075; x_wconf 88' lang='lat' dir='ltr'><strong>rediret;</strong></span> <span class='ocrx_word' id='word_1_551' title='bbox 1230 4008 1376 4065; x_wconf 91' lang='lat' dir='ltr'><strong>clero</strong></span> <span class='ocrx_word' id='word_1_552' title='bbox 1413 4005 2005 4079; x_wconf 88' lang='lat' dir='ltr'><strong>Constantinopolitano</strong></span> <span class='ocrx_word' id='word_1_553' title='bbox 2028 4049 2043 4075; x_wconf 95' lang='lat'><strong>,</strong></span> <span class='ocrx_word' id='word_1_554' title='bbox 2094 4020 2154 4064; x_wconf 91' lang='lat' dir='ltr'><strong>ut</strong></span> <span class='ocrx_word' id='word_1_555' title='bbox 2199 4018 2454 4066; x_wconf 89' lang='lat' dir='ltr'><strong>constans</strong></span> <span class='ocrx_word' id='word_1_556' title='bbox 2492 4018 2794 4066; x_wconf 87' lang='lat' dir='ltr'><strong>remaneret</strong></span> <span class='ocrx_word' id='word_1_557' title='bbox 2832 4012 2887 4066; x_wconf 92' lang='lat' dir='ltr'><strong>in</strong></span> <span class='ocrx_word' id='word_1_558' title='bbox 2933 4010 3066 4078; x_wconf 91' lang='lat' dir='ltr'><strong>ﬁde;</strong></span> <span class='ocrx_word' id='word_1_559' title='bbox 3118 4011 3311 4068; x_wconf 87' lang='lat' dir='ltr'><strong>Joanni</strong></span> <span class='ocrx_word' id='word_1_560' title='bbox 3338 4005 3447 4068; x_wconf 78' lang='lat' dir='ltr'><strong>An-</strong></span> 
     </span>
    </p>
   </div>
   <div class='ocr_carea' id='block_1_43' title="bbox 196 4097 3448 4175">
    <p class='ocr_par' dir='ltr' id='par_1_43' title="bbox 196 4097 3448 4175">
     <span class='ocr_line' id='line_1_43' title="bbox 196 4097 3448 4175; baseline 0.003 -22"><span class='ocrx_word' id='word_1_561' title='bbox 196 4100 460 4165; x_wconf 89' lang='lat' dir='ltr'><strong>tiocheno,</strong></span> <span class='ocrx_word' id='word_1_562' title='bbox 507 4098 645 4155; x_wconf 85' lang='lat' dir='ltr'><strong>Rufo</strong></span> <span class='ocrx_word' id='word_1_563' title='bbox 673 4099 1155 4166; x_wconf 89' lang='lat' dir='ltr'><strong>Tbessalonicensi,</strong></span> <span class='ocrx_word' id='word_1_564' title='bbox 1199 4097 1445 4155; x_wconf 86' lang='lat' dir='ltr'><strong>Juvenali</strong></span> <span class='ocrx_word' id='word_1_565' title='bbox 1488 4098 2009 4172; x_wconf 84' lang='lat' dir='ltr'><strong>Hierosolymitano,</strong></span> <span class='ocrx_word' id='word_1_566' title='bbox 2041 4100 2297 4157; x_wconf 89' lang='lat' dir='ltr'><strong>Flaviano</strong></span> <span class='ocrx_word' id='word_1_567' title='bbox 2337 4100 2702 4173; x_wconf 90' lang='lat' dir='ltr'><strong>Philippensi,</strong></span> <span class='ocrx_word' id='word_1_568' title='bbox 2744 4103 2797 4158; x_wconf 93' lang='lat' dir='ltr'><strong>id</strong></span> <span class='ocrx_word' id='word_1_569' title='bbox 2825 4112 2910 4159; x_wconf 89' lang='lat' dir='ltr'><strong>est</strong></span> <span class='ocrx_word' id='word_1_570' title='bbox 2949 4104 3214 4175; x_wconf 89' lang='lat' dir='ltr'><strong>majorum</strong></span> <span class='ocrx_word' id='word_1_571' title='bbox 3242 4107 3448 4162; x_wconf 88' lang='lat' dir='ltr'><strong>sedium</strong></span> 
     </span>
    </p>
   </div>
   <div class='ocr_carea' id='block_1_44' title="bbox 197 4187 3449 4265">
    <p class='ocr_par' dir='ltr' id='par_1_44' title="bbox 197 4187 3449 4265">
     <span class='ocr_line' id='line_1_44' title="bbox 197 4187 3449 4265; baseline 0.003 -21"><span class='ocrx_word' id='word_1_572' title='bbox 197 4187 422 4245; x_wconf 87' lang='lat' dir='ltr'><strong>Orientis</strong></span> <span class='ocrx_word' id='word_1_573' title='bbox 454 4190 737 4261; x_wconf 88' lang='lat' dir='ltr'><strong>episcopis,</strong></span> <span class='ocrx_word' id='word_1_574' title='bbox 764 4198 823 4245; x_wconf 95' lang='lat' dir='ltr'><strong>ut</strong></span> <span class='ocrx_word' id='word_1_575' title='bbox 860 4198 1081 4245; x_wconf 86' lang='lat' dir='ltr'><strong>strenue</strong></span> <span class='ocrx_word' id='word_1_576' title='bbox 1108 4205 1327 4246; x_wconf 87' lang='lat' dir='ltr'><strong>causam</strong></span> <span class='ocrx_word' id='word_1_577' title='bbox 1362 4189 1487 4246; x_wconf 91' lang='lat' dir='ltr'><strong>ﬁdei</strong></span> <span class='ocrx_word' id='word_1_578' title='bbox 1526 4198 1764 4258; x_wconf 84' lang='lat' dir='ltr'><strong>agerent.</strong></span> <span class='ocrx_word' id='word_1_579' title='bbox 1795 4190 2192 4260; x_wconf 89' lang='lat' dir='ltr'><strong>Consignantur</strong></span> <span class='ocrx_word' id='word_1_580' title='bbox 2218 4208 2406 4249; x_wconf 89' lang='lat' dir='ltr'><strong>omnes</strong></span> <span class='ocrx_word' id='word_1_581' title='bbox 2439 4193 2628 4250; x_wconf 90' lang='lat' dir='ltr'><strong>eadem</strong></span> <span class='ocrx_word' id='word_1_582' title='bbox 2654 4196 2913 4265; x_wconf 88' lang='lat' dir='ltr'><strong>temporis</strong></span> <span class='ocrx_word' id='word_1_583' title='bbox 2939 4204 3087 4263; x_wconf 83' lang='lat' dir='ltr'><strong>nota,</strong></span> <span class='ocrx_word' id='word_1_584' title='bbox 3118 4213 3175 4253; x_wconf 87' lang='grc' dir='ltr'><strong>ιιι</strong></span> <span class='ocrx_word' id='word_1_585' title='bbox 3202 4197 3322 4254; x_wconf 91' lang='lat' dir='ltr'><strong>idus</strong></span> <span class='ocrx_word' id='word_1_586' title='bbox 3341 4199 3449 4255; x_wconf 89' lang='lat' dir='ltr'><strong>Au-</strong></span> 
     </span>
    </p>
   </div>
   <div class='ocr_carea' id='block_1_45' title="bbox 198 4279 1525 4349">
    <p class='ocr_par' dir='ltr' id='par_1_45' title="bbox 198 4279 1525 4349">
     <span class='ocr_line' id='line_1_45' title="bbox 198 4279 1525 4349; baseline -0.001 -13"><span class='ocrx_word' id='word_1_587' title='bbox 198 4281 347 4349; x_wconf 82' lang='lat' dir='ltr'><strong>gusti,</strong></span> <span class='ocrx_word' id='word_1_588' title='bbox 377 4279 686 4336; x_wconf 86' lang='lat' dir='ltr'><strong>Theodosio</strong></span> <span class='ocrx_word' id='word_1_589' title='bbox 712 4298 805 4337; x_wconf 86' lang='lat' dir='ltr'><strong>xm</strong></span> <span class='ocrx_word' id='word_1_590' title='bbox 825 4289 881 4338; x_wconf 92' lang='lat' dir='ltr'><strong>et</strong></span> <span class='ocrx_word' id='word_1_591' title='bbox 906 4282 1281 4338; x_wconf 78' lang='lat' dir='ltr'><strong>Valentiniano</strong></span> <span class='ocrx_word' id='word_1_592' title='bbox 1303 4298 1358 4337; x_wconf 88' lang='grc' dir='ltr'><strong>ιιι</strong></span> <span class='ocrx_word' id='word_1_593' title='bbox 1386 4297 1525 4337; x_wconf 88' lang='lat' dir='ltr'><strong>coss.</strong></span> 
     </span>
    </p>
   </div>
   <div class='ocr_carea' id='block_1_46' title="bbox 262 4373 3452 4447">
    <p class='ocr_par' dir='ltr' id='par_1_46' title="bbox 262 4373 3452 4447">
     <span class='ocr_line' id='line_1_46' title="bbox 262 4373 3452 4447; baseline 0.003 -18"><span class='ocrx_word' id='word_1_594' title='bbox 262 4375 558 4432; x_wconf 86' lang='lat' dir='ltr'><strong>Pontiﬁcia</strong></span> <span class='ocrx_word' id='word_1_595' title='bbox 586 4375 777 4431; x_wconf 89' lang='lat' dir='ltr'><strong>littera</strong></span> <span class='ocrx_word' id='word_1_596' title='bbox 801 4376 993 4431; x_wconf 87' lang='lat' dir='ltr'><strong>delata</strong></span> <span class='ocrx_word' id='word_1_597' title='bbox 1019 4382 1143 4432; x_wconf 89' lang='lat' dir='ltr'><strong>sunt</strong></span> <span class='ocrx_word' id='word_1_598' title='bbox 1177 4390 1275 4445; x_wconf 91' lang='lat' dir='ltr'><strong>per</strong></span> <span class='ocrx_word' id='word_1_599' title='bbox 1302 4373 1673 4430; x_wconf 90' lang='lat' dir='ltr'><strong>Possidonium</strong></span> <span class='ocrx_word' id='word_1_600' title='bbox 1692 4415 1707 4441; x_wconf 93' lang='lat'><strong>,</strong></span> <span class='ocrx_word' id='word_1_601' title='bbox 1739 4373 2113 4429; x_wconf 84' lang='lat' dir='ltr'><strong>Alexandriam</strong></span> <span class='ocrx_word' id='word_1_602' title='bbox 2140 4375 2370 4445; x_wconf 91' lang='lat' dir='ltr'><strong>primum</strong></span> <span class='ocrx_word' id='word_1_603' title='bbox 2409 4374 2478 4429; x_wconf 89' lang='lat' dir='ltr'><strong>ad</strong></span> <span class='ocrx_word' id='word_1_604' title='bbox 2504 4374 2781 4447; x_wconf 88' lang='lat' dir='ltr'><strong>Cyrillum,</strong></span> <span class='ocrx_word' id='word_1_605' title='bbox 2811 4384 2923 4433; x_wconf 91' lang='lat' dir='ltr'><strong>tum</strong></span> <span class='ocrx_word' id='word_1_606' title='bbox 2951 4380 3021 4435; x_wconf 89' lang='lat' dir='ltr'><strong>ad</strong></span> <span class='ocrx_word' id='word_1_607' title='bbox 3048 4380 3181 4436; x_wconf 86' lang='lat' dir='ltr'><strong>alios</strong></span> <span class='ocrx_word' id='word_1_608' title='bbox 3206 4380 3452 4439; x_wconf 89' lang='lat' dir='ltr'><strong>Orienta-</strong></span> 
     </span>
    </p>
   </div>
   <div class='ocr_carea' id='block_1_47' title="bbox 202 4463 3454 4541">
    <p class='ocr_par' dir='ltr' id='par_1_47' title="bbox 202 4463 3454 4541">
     <span class='ocr_line' id='line_1_47' title="bbox 202 4463 3454 4541; baseline 0.003 -20"><span class='ocrx_word' id='word_1_609' title='bbox 202 4464 291 4531; x_wconf 89' lang='lat' dir='ltr'><strong>les,</strong></span> <span class='ocrx_word' id='word_1_610' title='bbox 321 4466 375 4522; x_wconf 91' lang='lat' dir='ltr'><strong>in</strong></span> <span class='ocrx_word' id='word_1_611' title='bbox 413 4480 572 4523; x_wconf 87' lang='lat' dir='ltr'><strong>suam</strong></span> <span class='ocrx_word' id='word_1_612' title='bbox 608 4480 1042 4537; x_wconf 87' lang='lat' dir='ltr'><strong>unumquemque</strong></span> <span class='ocrx_word' id='word_1_613' title='bbox 1062 4466 1353 4521; x_wconf 88' lang='lat' dir='ltr'><strong>civitatem.</strong></span> <span class='ocrx_word' id='word_1_614' title='bbox 1380 4463 1671 4521; x_wconf 89' lang='lat' dir='ltr'><strong>Pontiﬁciis</strong></span> <span class='ocrx_word' id='word_1_615' title='bbox 1691 4480 1817 4521; x_wconf 90' lang='lat' dir='ltr'><strong>suas</strong></span> <span class='ocrx_word' id='word_1_616' title='bbox 1841 4465 2087 4520; x_wconf 89' lang='lat' dir='ltr'><strong>comitari</strong></span> <span class='ocrx_word' id='word_1_617' title='bbox 2112 4466 2281 4521; x_wconf 91' lang='lat' dir='ltr'><strong>voluit</strong></span> <span class='ocrx_word' id='word_1_618' title='bbox 2306 4466 2534 4539; x_wconf 89' lang='lat' dir='ltr'><strong>Cyrillus</strong></span> <span class='ocrx_word' id='word_1_619' title='bbox 2567 4469 2637 4524; x_wconf 88' lang='lat' dir='ltr'><strong>ad</strong></span> <span class='ocrx_word' id='word_1_620' title='bbox 2672 4468 2933 4527; x_wconf 83' lang='lat' dir='ltr'><strong>Joannem</strong></span> <span class='ocrx_word' id='word_1_621' title='bbox 2960 4472 3367 4541; x_wconf 89' lang='lat' dir='ltr'><strong>Antiochenum,</strong></span> <span class='ocrx_word' id='word_1_622' title='bbox 3397 4484 3454 4531; x_wconf 88' lang='lat' dir='ltr'><strong>et</strong></span> 
     </span>
    </p>
   </div>
   <div class='ocr_carea' id='block_1_48' title="bbox 204 4557 3454 4637">
    <p class='ocr_par' dir='ltr' id='par_1_48' title="bbox 204 4557 3454 4637">
     <span class='ocr_line' id='line_1_48' title="bbox 204 4557 3454 4637; baseline 0.003 -24"><span class='ocrx_word' id='word_1_623' title='bbox 204 4557 507 4617; x_wconf 72' lang='lat' dir='ltr'><strong>Iuvenalem</strong></span> <span class='ocrx_word' id='word_1_624' title='bbox 554 4558 1115 4631; x_wconf 85' lang='lat' dir='ltr'><strong>Hierosolymitanum,</strong></span> <span class='ocrx_word' id='word_1_625' title='bbox 1156 4559 1349 4628; x_wconf 89' lang='lat' dir='ltr'><strong>quibus</strong></span> <span class='ocrx_word' id='word_1_626' title='bbox 1380 4566 1711 4628; x_wconf 89' lang='lat' dir='ltr'><strong>pertentaret</strong></span> <span class='ocrx_word' id='word_1_627' title='bbox 1746 4559 2025 4628; x_wconf 88' lang='lat' dir='ltr'><strong>utriusque</strong></span> <span class='ocrx_word' id='word_1_628' title='bbox 2068 4559 2325 4627; x_wconf 89' lang='lat' dir='ltr'><strong>animum,</strong></span> <span class='ocrx_word' id='word_1_629' title='bbox 2365 4561 2637 4630; x_wconf 90' lang='lat' dir='ltr'><strong>quomodo</strong></span> <span class='ocrx_word' id='word_1_630' title='bbox 2675 4572 2819 4620; x_wconf 90' lang='lat' dir='ltr'><strong>esset</strong></span> <span class='ocrx_word' id='word_1_631' title='bbox 2856 4565 3075 4622; x_wconf 81' lang='lat' dir='ltr'><strong>allectus</strong></span> <span class='ocrx_word' id='word_1_632' title='bbox 3102 4581 3227 4637; x_wconf 89' lang='lat' dir='ltr'><strong>erga</strong></span> <span class='ocrx_word' id='word_1_633' title='bbox 3272 4560 3454 4623; x_wconf 57' lang='lat' dir='ltr'><strong>Nesto&#39;é</strong></span> 
     </span>
    </p>
   </div>
   <div class='ocr_carea' id='block_1_49' title="bbox 207 4648 1685 4721">
    <p class='ocr_par' dir='ltr' id='par_1_49' title="bbox 207 4648 1685 4721">
     <span class='ocr_line' id='line_1_49' title="bbox 207 4648 1685 4721; baseline -0.002 -15"><span class='ocrx_word' id='word_1_634' title='bbox 207 4650 353 4716; x_wconf 86' lang='lat' dir='ltr'><strong>rium,</strong></span> <span class='ocrx_word' id='word_1_635' title='bbox 376 4661 434 4708; x_wconf 93' lang='lat' dir='ltr'><strong>et</strong></span> <span class='ocrx_word' id='word_1_636' title='bbox 462 4650 589 4721; x_wconf 90' lang='lat' dir='ltr'><strong>quid</strong></span> <span class='ocrx_word' id='word_1_637' title='bbox 611 4651 665 4705; x_wconf 92' lang='lat' dir='ltr'><strong>in</strong></span> <span class='ocrx_word' id='word_1_638' title='bbox 690 4666 851 4706; x_wconf 89' lang='lat' dir='ltr'><strong>causa</strong></span> <span class='ocrx_word' id='word_1_639' title='bbox 880 4649 1003 4705; x_wconf 89' lang='lat' dir='ltr'><strong>ﬁdei</strong></span> <span class='ocrx_word' id='word_1_640' title='bbox 1030 4649 1153 4704; x_wconf 91' lang='lat' dir='ltr'><strong>inde</strong></span> <span class='ocrx_word' id='word_1_641' title='bbox 1179 4649 1500 4720; x_wconf 90' lang='lat' dir='ltr'><strong>sperandum</strong></span> <span class='ocrx_word' id='word_1_642' title='bbox 1526 4648 1685 4705; x_wconf 92' lang='lat' dir='ltr'><strong>foret.</strong></span> 
     </span>
    </p>
   </div>
   <div class='ocr_carea' id='block_1_50' title="bbox 272 4739 3451 4817">
    <p class='ocr_par' dir='ltr' id='par_1_50' title="bbox 272 4739 3451 4817">
     <span class='ocr_line' id='line_1_50' title="bbox 272 4739 3451 4817; baseline -0.001 -18"><span class='ocrx_word' id='word_1_643' title='bbox 272 4742 497 4813; x_wconf 89' lang='lat' dir='ltr'><strong>Scripsit</strong></span> <span class='ocrx_word' id='word_1_644' title='bbox 521 4755 651 4798; x_wconf 91' lang='lat' dir='ltr'><strong>vero</strong></span> <span class='ocrx_word' id='word_1_645' title='bbox 677 4742 937 4796; x_wconf 90' lang='lat' dir='ltr'><strong>ambobus</strong></span> <span class='ocrx_word' id='word_1_646' title='bbox 964 4747 1090 4795; x_wconf 91' lang='lat' dir='ltr'><strong>ante</strong></span> <span class='ocrx_word' id='word_1_647' title='bbox 1125 4739 1387 4810; x_wconf 89' lang='lat' dir='ltr'><strong>synodum</strong></span> <span class='ocrx_word' id='word_1_648' title='bbox 1415 4739 1830 4795; x_wconf 83' lang='lat' dir='ltr'><strong>Alexandrinam</strong></span> <span class='ocrx_word' id='word_1_649' title='bbox 1854 4778 1870 4804; x_wconf 92' lang='lat'><strong>,</strong></span> <span class='ocrx_word' id='word_1_650' title='bbox 1905 4754 1973 4795; x_wconf 92' lang='lat' dir='ltr'><strong>ex</strong></span> <span class='ocrx_word' id='word_1_651' title='bbox 2000 4754 2106 4809; x_wconf 91' lang='lat' dir='ltr'><strong>qua</strong></span> <span class='ocrx_word' id='word_1_652' title='bbox 2132 4740 2282 4797; x_wconf 89' lang='lat' dir='ltr'><strong>missi</strong></span> <span class='ocrx_word' id='word_1_653' title='bbox 2306 4748 2429 4797; x_wconf 92' lang='lat' dir='ltr'><strong>sunt</strong></span> <span class='ocrx_word' id='word_1_654' title='bbox 2467 4757 2567 4813; x_wconf 91' lang='lat' dir='ltr'><strong>per</strong></span> <span class='ocrx_word' id='word_1_655' title='bbox 2592 4745 2777 4800; x_wconf 90' lang='lat' dir='ltr'><strong>urbem</strong></span> <span class='ocrx_word' id='word_1_656' title='bbox 2804 4745 3007 4814; x_wconf 88' lang='lat' dir='ltr'><strong>regiam</strong></span> <span class='ocrx_word' id='word_1_657' title='bbox 3035 4747 3271 4817; x_wconf 90' lang='lat' dir='ltr'><strong>episcopi</strong></span> <span class='ocrx_word' id='word_1_658' title='bbox 3300 4762 3451 4802; x_wconf 77' lang='lat' dir='ltr'><strong>exse.</strong></span> 
     </span>
    </p>
   </div>
   <div class='ocr_carea' id='block_1_51' title="bbox 212 4829 3458 4907">
    <p class='ocr_par' dir='ltr' id='par_1_51' title="bbox 212 4829 3458 4907">
     <span class='ocr_line' id='line_1_51' title="bbox 212 4829 3458 4907; baseline 0.001 -19"><span class='ocrx_word' id='word_1_659' title='bbox 212 4841 414 4889; x_wconf 89' lang='lat' dir='ltr'><strong>cutores</strong></span> <span class='ocrx_word' id='word_1_660' title='bbox 442 4838 679 4902; x_wconf 90' lang='lat' dir='ltr'><strong>quatuor</strong></span> <span class='ocrx_word' id='word_1_661' title='bbox 710 4848 723 4883; x_wconf 88' lang='lat'><strong>:</strong></span> <span class='ocrx_word' id='word_1_662' title='bbox 755 4845 857 4885; x_wconf 91' lang='lat' dir='ltr'><strong>nec</strong></span> <span class='ocrx_word' id='word_1_663' title='bbox 883 4829 1027 4885; x_wconf 92' lang='lat' dir='ltr'><strong>enim</strong></span> <span class='ocrx_word' id='word_1_664' title='bbox 1061 4830 1168 4884; x_wconf 91' lang='lat' dir='ltr'><strong>ulla</strong></span> <span class='ocrx_word' id='word_1_665' title='bbox 1196 4830 1255 4884; x_wconf 84' lang='lat' dir='ltr'><strong>fit</strong></span> <span class='ocrx_word' id='word_1_666' title='bbox 1282 4829 1448 4900; x_wconf 90' lang='lat' dir='ltr'><strong>ipsius</strong></span> <span class='ocrx_word' id='word_1_667' title='bbox 1471 4830 1675 4884; x_wconf 85' lang='lat' dir='ltr'><strong>mentio</strong></span> <span class='ocrx_word' id='word_1_668' title='bbox 1698 4830 1753 4884; x_wconf 89' lang='lat' dir='ltr'><strong>in</strong></span> <span class='ocrx_word' id='word_1_669' title='bbox 1781 4831 1993 4896; x_wconf 89' lang='lat' dir='ltr'><strong>litteris,</strong></span> <span class='ocrx_word' id='word_1_670' title='bbox 2023 4844 2156 4899; x_wconf 90' lang='lat' dir='ltr'><strong>quas</strong></span> <span class='ocrx_word' id='word_1_671' title='bbox 2184 4846 2293 4886; x_wconf 89' lang='lat' dir='ltr'><strong>non</strong></span> <span class='ocrx_word' id='word_1_672' title='bbox 2315 4833 2462 4902; x_wconf 88' lang='lat' dir='ltr'><strong>prius</strong></span> <span class='ocrx_word' id='word_1_673' title='bbox 2489 4834 2557 4889; x_wconf 90' lang='lat' dir='ltr'><strong>ab</strong></span> <span class='ocrx_word' id='word_1_674' title='bbox 2586 4835 2650 4889; x_wconf 89' lang='lat' dir='ltr'><strong>iis</strong></span> <span class='ocrx_word' id='word_1_675' title='bbox 2678 4834 2745 4889; x_wconf 91' lang='lat' dir='ltr'><strong>ad</strong></span> <span class='ocrx_word' id='word_1_676' title='bbox 2766 4849 2897 4904; x_wconf 90' lang='lat' dir='ltr'><strong>quas</strong></span> <span class='ocrx_word' id='word_1_677' title='bbox 2924 4836 3187 4891; x_wconf 89' lang='lat' dir='ltr'><strong>dabantur</strong></span> <span class='ocrx_word' id='word_1_678' title='bbox 3213 4846 3458 4907; x_wconf 88' lang='lat' dir='ltr'><strong>acceptas</strong></span> 
     </span>
    </p>
   </div>
   <div class='ocr_carea' id='block_1_52' title="bbox 214 4916 3454 4996">
    <p class='ocr_par' dir='ltr' id='par_1_52' title="bbox 214 4916 3454 4996">
     <span class='ocr_line' id='line_1_52' title="bbox 214 4916 3454 4996; baseline 0.002 -22"><span class='ocrx_word' id='word_1_679' title='bbox 214 4929 455 4991; x_wconf 89' lang='lat' dir='ltr'><strong>oportet,</strong></span> <span class='ocrx_word' id='word_1_680' title='bbox 482 4935 646 4991; x_wconf 91' lang='lat' dir='ltr'><strong>quam</strong></span> <span class='ocrx_word' id='word_1_681' title='bbox 672 4920 903 4976; x_wconf 89' lang='lat' dir='ltr'><strong>October</strong></span> <span class='ocrx_word' id='word_1_682' title='bbox 940 4927 1184 4988; x_wconf 84' lang='lat' dir='ltr'><strong>vergeret</strong></span> <span class='ocrx_word' id='word_1_683' title='bbox 1209 4919 1278 4974; x_wconf 90' lang='lat' dir='ltr'><strong>ad</strong></span> <span class='ocrx_word' id='word_1_684' title='bbox 1305 4918 1485 4974; x_wconf 87' lang='lat' dir='ltr'><strong>ﬁnem.</strong></span> <span class='ocrx_word' id='word_1_685' title='bbox 1533 4916 1878 4974; x_wconf 90' lang='lat' dir='ltr'><strong>Possidonius</strong></span> <span class='ocrx_word' id='word_1_686' title='bbox 1901 4919 2044 4974; x_wconf 89' lang='lat' dir='ltr'><strong>enim</strong></span> <span class='ocrx_word' id='word_1_687' title='bbox 2065 4960 2080 4985; x_wconf 94' lang='lat'><strong>,</strong></span> <span class='ocrx_word' id='word_1_688' title='bbox 2113 4935 2214 4975; x_wconf 91' lang='lat' dir='ltr'><strong>nec</strong></span> <span class='ocrx_word' id='word_1_689' title='bbox 2240 4921 2616 4978; x_wconf 89' lang='lat' dir='ltr'><strong>Alexandriam</strong></span> <span class='ocrx_word' id='word_1_690' title='bbox 2642 4932 2768 4978; x_wconf 92' lang='lat' dir='ltr'><strong>ante</strong></span> <span class='ocrx_word' id='word_1_691' title='bbox 2800 4925 3032 4980; x_wconf 90' lang='lat' dir='ltr'><strong>medium</strong></span> <span class='ocrx_word' id='word_1_692' title='bbox 3066 4925 3454 4996; x_wconf 88' lang='lat' dir='ltr'><strong>Septembrem,</strong></span> 
     </span>
    </p>
   </div>
   <div class='ocr_carea' id='block_1_53' title="bbox 216 5007 3460 5088">
    <p class='ocr_par' dir='ltr' id='par_1_53' title="bbox 216 5007 3460 5088">
     <span class='ocr_line' id='line_1_53' title="bbox 216 5007 3460 5088; baseline 0.002 -23"><span class='ocrx_word' id='word_1_693' title='bbox 216 5026 308 5067; x_wconf 91' lang='lat' dir='ltr'><strong>nec</strong></span> <span class='ocrx_word' id='word_1_694' title='bbox 322 5011 780 5082; x_wconf 69' lang='lat' dir='ltr'><strong>Hierosolymam,</strong></span> <span class='ocrx_word' id='word_1_695' title='bbox 810 5018 904 5066; x_wconf 89' lang='lat' dir='ltr'><strong>aut</strong></span> <span class='ocrx_word' id='word_1_696' title='bbox 934 5009 1123 5065; x_wconf 87' lang='lat' dir='ltr'><strong>saltem</strong></span> <span class='ocrx_word' id='word_1_697' title='bbox 1167 5009 1525 5076; x_wconf 88' lang='lat' dir='ltr'><strong>Antiochiam,</strong></span> <span class='ocrx_word' id='word_1_698' title='bbox 1573 5016 1698 5065; x_wconf 84' lang='lat' dir='ltr'><strong>ante</strong></span> <span class='ocrx_word' id='word_1_699' title='bbox 1734 5007 1983 5066; x_wconf 74' lang='lat' dir='ltr'><strong>affectum</strong></span> <span class='ocrx_word' id='word_1_700' title='bbox 2008 5008 2292 5067; x_wconf 89' lang='lat' dir='ltr'><strong>Octobrem</strong></span> <span class='ocrx_word' id='word_1_701' title='bbox 2316 5015 2600 5083; x_wconf 91' lang='lat' dir='ltr'><strong>pervenire</strong></span> <span class='ocrx_word' id='word_1_702' title='bbox 2623 5014 2828 5085; x_wconf 91' lang='lat' dir='ltr'><strong>potuit,</strong></span> <span class='ocrx_word' id='word_1_703' title='bbox 2858 5023 3080 5086; x_wconf 87' lang='lat' dir='ltr'><strong>propter</strong></span> <span class='ocrx_word' id='word_1_704' title='bbox 3103 5018 3460 5088; x_wconf 85' lang='lat' dir='ltr'><strong>intercapedi-</strong></span> 
     </span>
    </p>
   </div>
   <div class='ocr_carea' id='block_1_54' title="bbox 217 5102 616 5158">
    <p class='ocr_par' dir='ltr' id='par_1_54' title="bbox 217 5102 616 5158">
     <span class='ocr_line' id='line_1_54' title="bbox 217 5102 616 5158; baseline 0.003 -4"><span class='ocrx_word' id='word_1_705' title='bbox 217 5115 329 5157; x_wconf 90' lang='lat' dir='ltr'><strong>nem</strong></span> <span class='ocrx_word' id='word_1_706' title='bbox 353 5102 616 5158; x_wconf 91' lang='lat' dir='ltr'><strong>locorum.</strong></span> 
     </span>
    </p>
   </div>
   <div class='ocr_carea' id='block_1_55' title="bbox 282 5189 3463 5266">
    <p class='ocr_par' dir='ltr' id='par_1_55' title="bbox 282 5189 3463 5266">
     <span class='ocr_line' id='line_1_55' title="bbox 282 5189 3463 5266; baseline 0.003 -19"><span class='ocrx_word' id='word_1_707' title='bbox 282 5191 514 5248; x_wconf 84' lang='lat' dir='ltr'><strong>Joannes</strong></span> <span class='ocrx_word' id='word_1_708' title='bbox 540 5191 921 5257; x_wconf 90' lang='lat' dir='ltr'><strong>Antiochenus,</strong></span> <span class='ocrx_word' id='word_1_709' title='bbox 966 5191 1057 5247; x_wconf 92' lang='lat' dir='ltr'><strong>ubi</strong></span> <span class='ocrx_word' id='word_1_710' title='bbox 1083 5189 1313 5262; x_wconf 90' lang='lat' dir='ltr'><strong>primum</strong></span> <span class='ocrx_word' id='word_1_711' title='bbox 1351 5190 1558 5246; x_wconf 89' lang='lat' dir='ltr'><strong>litteras</strong></span> <span class='ocrx_word' id='word_1_712' title='bbox 1584 5191 1779 5246; x_wconf 90' lang='lat' dir='ltr'><strong>summi</strong></span> <span class='ocrx_word' id='word_1_713' title='bbox 1806 5191 2073 5262; x_wconf 84' lang='lat' dir='ltr'><strong>pontiﬁcis</strong></span> <span class='ocrx_word' id='word_1_714' title='bbox 2098 5201 2153 5248; x_wconf 90' lang='lat' dir='ltr'><strong>et</strong></span> <span class='ocrx_word' id='word_1_715' title='bbox 2176 5192 2362 5265; x_wconf 90' lang='lat' dir='ltr'><strong>Cyrilli</strong></span> <span class='ocrx_word' id='word_1_716' title='bbox 2390 5195 2633 5265; x_wconf 90' lang='lat' dir='ltr'><strong>accepit,</strong></span> <span class='ocrx_word' id='word_1_717' title='bbox 2676 5212 2874 5266; x_wconf 91' lang='lat' dir='ltr'><strong>easque</strong></span> <span class='ocrx_word' id='word_1_718' title='bbox 2903 5200 3315 5254; x_wconf 89' lang='lat' dir='ltr'><strong>communicavit</strong></span> <span class='ocrx_word' id='word_1_719' title='bbox 3342 5217 3463 5255; x_wconf 91' lang='lat' dir='ltr'><strong>cum</strong></span> 
     </span>
    </p>
   </div>
   <div class='ocr_carea' id='block_1_56' title="bbox 222 5282 3467 5361">
    <p class='ocr_par' dir='ltr' id='par_1_56' title="bbox 222 5282 3467 5361">
     <span class='ocr_line' id='line_1_56' title="bbox 222 5282 3467 5361; baseline 0.003 -24"><span class='ocrx_word' id='word_1_720' title='bbox 222 5283 478 5354; x_wconf 86' lang='lat' dir='ltr'><strong>episcopis</strong></span> <span class='ocrx_word' id='word_1_721' title='bbox 501 5298 637 5353; x_wconf 85' lang='lat' dir='ltr'><strong>quos</strong></span> <span class='ocrx_word' id='word_1_722' title='bbox 661 5290 789 5339; x_wconf 90' lang='lat' dir='ltr'><strong>tunc</strong></span> <span class='ocrx_word' id='word_1_723' title='bbox 814 5282 953 5338; x_wconf 90' lang='lat' dir='ltr'><strong>forte</strong></span> <span class='ocrx_word' id='word_1_724' title='bbox 978 5297 1074 5338; x_wconf 91' lang='lat' dir='ltr'><strong>sex</strong></span> <span class='ocrx_word' id='word_1_725' title='bbox 1102 5283 1334 5338; x_wconf 88' lang='lat' dir='ltr'><strong>habebat</strong></span> <span class='ocrx_word' id='word_1_726' title='bbox 1360 5282 1502 5353; x_wconf 89' lang='lat' dir='ltr'><strong>apud</strong></span> <span class='ocrx_word' id='word_1_727' title='bbox 1528 5297 1588 5338; x_wconf 91' lang='lat' dir='ltr'><strong>se</strong></span> <span class='ocrx_word' id='word_1_728' title='bbox 1611 5282 1769 5353; x_wconf 91' lang='lat' dir='ltr'><strong>(unus</strong></span> <span class='ocrx_word' id='word_1_729' title='bbox 1801 5282 1902 5339; x_wconf 88' lang='lat' dir='ltr'><strong>fuit</strong></span> <span class='ocrx_word' id='word_1_730' title='bbox 1930 5284 2343 5356; x_wconf 88' lang='lat' dir='ltr'><strong>Theodoretus),</strong></span> <span class='ocrx_word' id='word_1_731' title='bbox 2375 5285 2655 5342; x_wconf 85' lang='lat' dir='ltr'><strong>confestim</strong></span> <span class='ocrx_word' id='word_1_732' title='bbox 2685 5289 2753 5343; x_wconf 91' lang='lat' dir='ltr'><strong>ad</strong></span> <span class='ocrx_word' id='word_1_733' title='bbox 2779 5289 3081 5345; x_wconf 87' lang='lat' dir='ltr'><strong>Nestorium</strong></span> <span class='ocrx_word' id='word_1_734' title='bbox 3113 5291 3259 5346; x_wconf 91' lang='lat' dir='ltr'><strong>misit</strong></span> <span class='ocrx_word' id='word_1_735' title='bbox 3285 5293 3467 5361; x_wconf 89' lang='lat' dir='ltr'><strong>singu-</strong></span> 
     </span>
    </p>
   </div>
   <div class='ocr_carea' id='block_1_57' title="bbox 225 5371 3468 5462">
    <p class='ocr_par' dir='ltr' id='par_1_57' title="bbox 225 5371 3468 5462">
     <span class='ocr_line' id='line_1_57' title="bbox 225 5371 3468 5462; baseline 0.002 -33"><span class='ocrx_word' id='word_1_736' title='bbox 225 5372 382 5429; x_wconf 87' lang='lat' dir='ltr'><strong>larum</strong></span> <span class='ocrx_word' id='word_1_737' title='bbox 406 5373 671 5444; x_wconf 87' lang='lat' dir='ltr'><strong>exempla,</strong></span> <span class='ocrx_word' id='word_1_738' title='bbox 696 5372 961 5442; x_wconf 89' lang='lat' dir='ltr'><strong>simulque</strong></span> <span class='ocrx_word' id='word_1_739' title='bbox 985 5371 1156 5427; x_wconf 88' lang='lat' dir='ltr'><strong>amica</strong></span> <span class='ocrx_word' id='word_1_740' title='bbox 1181 5378 1473 5441; x_wconf 83' lang='lat' dir='ltr'><strong>sanctaque</strong></span> <span class='ocrx_word' id='word_1_741' title='bbox 1500 5372 1725 5438; x_wconf 89' lang='lat' dir='ltr'><strong>monita,</strong></span> <span class='ocrx_word' id='word_1_742' title='bbox 1754 5380 1815 5427; x_wconf 90' lang='lat' dir='ltr'><strong>ut</strong></span> <span class='ocrx_word' id='word_1_743' title='bbox 1841 5372 2236 5442; x_wconf 87' lang='lat' dir='ltr'><strong>impendentem</strong></span> <span class='ocrx_word' id='word_1_744' title='bbox 2263 5374 2424 5444; x_wconf 89' lang='lat' dir='ltr'><strong>capiti</strong></span> <span class='ocrx_word' id='word_1_745' title='bbox 2452 5390 2570 5439; x_wconf 91' lang='lat' dir='ltr'><strong>suo,</strong></span> <span class='ocrx_word' id='word_1_746' title='bbox 2598 5390 2704 5444; x_wconf 92' lang='lat' dir='ltr'><strong>qua</strong></span> <span class='ocrx_word' id='word_1_747' title='bbox 2725 5377 2934 5433; x_wconf 90' lang='lat' dir='ltr'><strong>ratione</strong></span> <span class='ocrx_word' id='word_1_748' title='bbox 2959 5386 3159 5462; x_wconf 81' lang='lat' dir='ltr'><strong>posset,</strong></span> <span class='ocrx_word' id='word_1_749' title='bbox 3187 5386 3468 5450; x_wconf 85' lang='lat' dir='ltr'><strong>tempesta-</strong></span> 
     </span>
    </p>
   </div>
   <div class='ocr_carea' id='block_1_58' title="bbox 226 5461 3466 5538">
    <p class='ocr_par' dir='ltr' id='par_1_58' title="bbox 226 5461 3466 5538">
     <span class='ocr_line' id='line_1_58' title="bbox 226 5461 3466 5538; baseline 0.003 -19"><span class='ocrx_word' id='word_1_750' title='bbox 226 5475 327 5521; x_wconf 90' lang='lat' dir='ltr'><strong>tem</strong></span> <span class='ocrx_word' id='word_1_751' title='bbox 360 5470 646 5529; x_wconf 88' lang='lat' dir='ltr'><strong>averteret,</strong></span> <span class='ocrx_word' id='word_1_752' title='bbox 676 5469 734 5517; x_wconf 90' lang='lat' dir='ltr'><strong>et</strong></span> <span class='ocrx_word' id='word_1_753' title='bbox 758 5462 923 5518; x_wconf 89' lang='lat' dir='ltr'><strong>totius</strong></span> <span class='ocrx_word' id='word_1_754' title='bbox 950 5461 1206 5518; x_wconf 88' lang='lat' dir='ltr'><strong>Ecclesia</strong></span> <span class='ocrx_word' id='word_1_755' title='bbox 1233 5462 1581 5519; x_wconf 86' lang='lat' dir='ltr'><strong>oflensionem</strong></span> <span class='ocrx_word' id='word_1_756' title='bbox 1617 5462 1955 5519; x_wconf 86' lang='lat' dir='ltr'><strong>confessione</strong></span> <span class='ocrx_word' id='word_1_757' title='bbox 1994 5465 2241 5521; x_wconf 80' lang='grc' dir='ltr'><strong>Θιοτόκου</strong></span> <span class='ocrx_word' id='word_1_758' title='bbox 2273 5466 2502 5520; x_wconf 90' lang='lat' dir='ltr'><strong>tolleret.</strong></span> <span class='ocrx_word' id='word_1_759' title='bbox 2546 5465 2869 5536; x_wconf 86' lang='lat' dir='ltr'><strong>Argumenta</strong></span> <span class='ocrx_word' id='word_1_760' title='bbox 2902 5461 3053 5538; x_wconf 90' lang='lat' dir='ltr'><strong>plura</strong></span> <span class='ocrx_word' id='word_1_761' title='bbox 3083 5470 3340 5538; x_wconf 89' lang='lat' dir='ltr'><strong>adhibuit,</strong></span> <span class='ocrx_word' id='word_1_762' title='bbox 3372 5472 3466 5528; x_wconf 89' lang='lat' dir='ltr'><strong>sed</strong></span> 
     </span>
    </p>
   </div>
   <div class='ocr_carea' id='block_1_59' title="bbox 228 5552 3467 5631">
    <p class='ocr_par' dir='ltr' id='par_1_59' title="bbox 228 5552 3467 5631">
     <span class='ocr_line' id='line_1_59' title="bbox 228 5552 3467 5631; baseline 0.005 -26"><span class='ocrx_word' id='word_1_763' title='bbox 228 5552 523 5622; x_wconf 90' lang='lat' dir='ltr'><strong>exemplum</strong></span> <span class='ocrx_word' id='word_1_764' title='bbox 550 5553 783 5608; x_wconf 88' lang='lat' dir='ltr'><strong>maxime</strong></span> <span class='ocrx_word' id='word_1_765' title='bbox 804 5553 1073 5609; x_wconf 89' lang='lat' dir='ltr'><strong>Theodori</strong></span> <span class='ocrx_word' id='word_1_766' title='bbox 1111 5554 1410 5610; x_wconf 90' lang='lat' dir='ltr'><strong>communis</strong></span> <span class='ocrx_word' id='word_1_767' title='bbox 1437 5555 1693 5623; x_wconf 88' lang='lat' dir='ltr'><strong>magistri,</strong></span> <span class='ocrx_word' id='word_1_768' title='bbox 1723 5557 1945 5612; x_wconf 90' lang='lat' dir='ltr'><strong>verbum</strong></span> <span class='ocrx_word' id='word_1_769' title='bbox 1976 5557 2281 5626; x_wconf 82' lang='lat' dir='ltr'><strong>aliquando,</strong></span> <span class='ocrx_word' id='word_1_770' title='bbox 2312 5557 2454 5626; x_wconf 88' lang='lat' dir='ltr'><strong>quod</strong></span> <span class='ocrx_word' id='word_1_771' title='bbox 2482 5558 2584 5613; x_wconf 92' lang='lat' dir='ltr'><strong>sibi</strong></span> <span class='ocrx_word' id='word_1_772' title='bbox 2611 5560 2884 5616; x_wconf 90' lang='lat' dir='ltr'><strong>exciderat</strong></span> <span class='ocrx_word' id='word_1_773' title='bbox 2908 5565 3264 5631; x_wconf 89' lang='lat' dir='ltr'><strong>retractantis,</strong></span> <span class='ocrx_word' id='word_1_774' title='bbox 3290 5582 3359 5621; x_wconf 93' lang='lat' dir='ltr'><strong>ne</strong></span> <span class='ocrx_word' id='word_1_775' title='bbox 3385 5573 3467 5620; x_wconf 75' lang='lat' dir='ltr'><strong>tu-</strong></span> 
     </span>
    </p>
   </div>
   <div class='ocr_carea' id='block_1_60' title="bbox 229 5642 3467 5722">
    <p class='ocr_par' dir='ltr' id='par_1_60' title="bbox 229 5642 3467 5722">
     <span class='ocr_line' id='line_1_60' title="bbox 229 5642 3467 5722; baseline 0.006 -22"><span class='ocrx_word' id='word_1_776' title='bbox 229 5642 420 5700; x_wconf 86' lang='lat' dir='ltr'><strong>multus</strong></span> <span class='ocrx_word' id='word_1_777' title='bbox 447 5642 570 5698; x_wconf 92' lang='lat' dir='ltr'><strong>inde</strong></span> <span class='ocrx_word' id='word_1_778' title='bbox 596 5651 747 5699; x_wconf 90' lang='lat' dir='ltr'><strong>ortus</strong></span> <span class='ocrx_word' id='word_1_779' title='bbox 772 5642 1025 5700; x_wconf 88' lang='lat' dir='ltr'><strong>Ecclesia</strong></span> <span class='ocrx_word' id='word_1_780' title='bbox 1052 5660 1241 5716; x_wconf 89' lang='lat' dir='ltr'><strong>pacem</strong></span> <span class='ocrx_word' id='word_1_781' title='bbox 1269 5647 1485 5703; x_wconf 87' lang='lat' dir='ltr'><strong>turbare</strong></span> <span class='ocrx_word' id='word_1_782' title='bbox 1508 5657 1774 5719; x_wconf 84' lang='lat' dir='ltr'><strong>pergeret.</strong></span> <span class='ocrx_word' id='word_1_783' title='bbox 1823 5649 2062 5722; x_wconf 86' lang='lat' dir='ltr'><strong>Epistola</strong></span> <span class='ocrx_word' id='word_1_784' title='bbox 2086 5649 2306 5706; x_wconf 80' lang='lat' dir='ltr'><strong>Joannis</strong></span> <span class='ocrx_word' id='word_1_785' title='bbox 2344 5667 2450 5706; x_wconf 91' lang='lat' dir='ltr'><strong>non</strong></span> <span class='ocrx_word' id='word_1_786' title='bbox 2491 5653 2666 5721; x_wconf 89' lang='lat' dir='ltr'><strong>potuit</strong></span> <span class='ocrx_word' id='word_1_787' title='bbox 2693 5663 2816 5711; x_wconf 88' lang='lat' dir='ltr'><strong>ante</strong></span> <span class='ocrx_word' id='word_1_788' title='bbox 2844 5655 3077 5711; x_wconf 90' lang='lat' dir='ltr'><strong>medium</strong></span> <span class='ocrx_word' id='word_1_789' title='bbox 3116 5658 3467 5719; x_wconf 83' lang='lat' dir='ltr'><strong>Novembrem</strong></span> 
     </span>
    </p>
   </div>
   <div class='ocr_carea' id='block_1_61' title="bbox 502 5737 2044 5808">
    <p class='ocr_par' dir='ltr' id='par_1_61' title="bbox 502 5737 1185 5800">
     <span class='ocr_line' id='line_1_61' title="bbox 502 5737 1185 5800; baseline -0.001 -1"><span class='ocrx_word' id='word_1_790' title='bbox 502 5738 773 5799; x_wconf 78' lang='grc' dir='ltr'><strong>Ρηιιοι..</strong></span> <span class='ocrx_word' id='word_1_791' title='bbox 818 5737 1104 5800; x_wconf 82' lang='lat' dir='ltr'><strong>XLVIII.</strong></span> <span class='ocrx_word' id='word_1_792' title='bbox 1182 5762 1185 5763; x_wconf 50' lang='grc' dir='ltr'><em>ν</em></span> 
     </span>
    </p>
   </div>
   <div class='ocr_carea' id='block_1_62' title="bbox 1476 5737 3018 5808">
    <p class='ocr_par' dir='ltr' id='par_1_62' title="bbox 2940 5748 3018 5808">
     <span class='ocr_line' id='line_1_62' title="bbox 2940 5748 3018 5808; baseline 0 0"><span class='ocrx_word' id='word_1_793' title='bbox 2940 5748 3018 5808; x_wconf 78' lang='lat'><strong>23</strong></span> 
     </span>
    </p>
   </div>
  </div>
