3904 6272
195 300 315 360 717
726 301 1096 364 ΡΒᾹΞΡΑΤΙΟ
1131 307 1198 365 IN
1235 300 1604 367 SECUNDAM
1646 309 1737 365 PA'

1968 297 2252 370 (WERUM
2294 311 2488 369 MAR]!
2526 311 2990 372 MEBCATORIS.
3382 318 3488 384 πε

267 415 416 472 Dum
440 414 554 472 haec
581 426 840 486 geruntur
866 418 1352 495 Constantinopoli,
1383 439 1449 478 eo
1495 423 1817 495 appulerunt
1845 424 2082 493 episcopi
2113 439 2143 477 τι
2192 423 2398 494 synodo
2428 423 2785 484 Alexandrina
2814 424 2983 491 missi,
3014 423 3325 495 litterasque
3350 443 3486 499 apo-

191 509 426 566 stolicus
455 508 734 568 leestini
762 529 914 586 papte
943 522 999 570 et
1033 516 1319 588 synodicas
1346 514 1531 588 Cyrilli
1573 517 1688 586 ejus
1714 518 1921 581 vicarii,
1958 517 2204 574 Nestorio
2244 519 2329 574 die
2357 519 2638 575 Dominico
2665 519 2948 585 dederunt,
2980 521 3036 574 ia
3079 519 3311 580 maritus
3356 523 3487 582 cieri

190 599 600 671 illustriumque
638 605 877 663 virorum
915 605 1232 676 frequentia.
1281 606 1380 662 Rei
1417 607 1613 662 seriem
1649 608 2047 680 Theopemptus
2084 624 2220 665 unus
2265 609 2564 679 legatorum
2602 610 2837 668 narravit
2877 610 3126 670 Patribus
3153 611 3440 684 Ephesinis
3469 633 3482 668 :

187 690 297 748 Die
319 693 605 762 dominica,
636 697 827 767 inquit,
857 709 971 770 post
989 701 1229 771 synaxim
1257 711 1536 773 peractam,
1562 702 1614 754 in
1642 702 1953 773 episcopium
1986 701 2327 766 ascendimus,
2360 701 2642 775 ibidemque
2671 711 2773 757 toto
2802 712 3050 773 prasente
3078 705 3236 770 clero,
3265 709 3488 768 cunctis-

186 799 291 854 que
337 785 453 859 fere
487 785 773 844 illustribus
795 789 1104 855 astantibus,
1137 790 1335 846 litteras
1373 790 1436 844 de
1463 788 1640 861 quibus
1660 806 1825 844 sermo
1854 799 1929 843 est
1981 787 2226 848 Nestorio
2250 790 2592 847 "tradidimus:
2622 792 2800 864 quibus
2829 793 3069 863 acceptis,
3100 795 3362 850 constituit
3389 813 3486 853 no-

184 875 266 934 bis
297 884 361 932 ut
386 879 616 949 sequenti
644 878 730 938 die
752 898 1041 938 sermonem
1068 898 1182 936 cum
1200 898 1259 940 eo
1287 880 1605 936 haberemus.
1633 879 1894 936 Abivimus
1918 897 2058 951 ergo;
2085 888 2140 934 at
2166 890 2368 952 postero
2391 881 2472 934 die
2499 898 2723 938 reversos
2747 898 2850 938 non
2875 881 3116 950 admisit,
3145 901 3306 956 neque
3332 888 3488 942 etiam

182 973 451 1045 satisfecit
473 975 686 1043 litteris;
715 977 805 1032 sed
824 977 1023 1049 publice
1042 996 1135 1050 pro
1157 979 1399 1034 concione
1419 977 1598 1032 eadem
1619 992 1733 1048 qua:
1761 985 1899 1043 ante,
1926 985 1974 1030 et
2003 976 2080 1030 his
2101 992 2294 1048 quoque
2319 975 2572 1030 deteriora
2602 975 2845 1048 dogmata
2879 979 3160 1047 proposuit.
3186 973 3339 1036 Diem
3378 980 3487 1040 Do—

185 1063 456 1122 minicum
475 1065 730 1122 incidisse
752 1068 806 1123 in
836 1068 1123 1140 septimum
1151 1067 1479 1132 Decembris,
1511 1066 1668 1122 docet
1687 1065 1889 1120 Marius
1915 1063 2200 1130 Mercator,
2232 1079 2355 1122 cum
2383 1073 2632 1134 acceptas
2657 1080 2691 1120 a
2718 1066 2967 1126 Nestorio
2997 1067 3160 1125 tradit
3186 1068 3394 1130 litteras
3417 1086 3488 1124 vn

182 1157 308 1218 idus
331 1159 678 1227 Decembris,
711 1160 1020 1217 Theodosio
1047 1177 1142 1216 xm
1170 1169 1224 1215 et
1251 1159 1630 1216 Valentiniano
1660 1175 1717 1214 ιιι
1746 1157 1857 1212 AA.
1890 1155 1993 1211 CC.

251 1251 436 1310 Sexto
473 1261 597 1324 post
623 1253 711 1308 die
739 1253 794 1310 in
837 1253 1078 1310 Ecclesia
1106 1253 1162 1307 S.
1195 1251 1438 1322 Sophim,
1469 1257 1758 1321 postquam
1789 1249 2070 1323 presbyter
2110 1250 2448 1318 κατηχηστὴς
2481 1245 2757 1304 habuisset
2801 1246 2870 1302 de
2915 1247 3181 1305 charitate
3221 1249 3487 1318 prolixam

181 1345 518 1413 orationem,
546 1346 826 1402 Nestorius
854 1347 911 1401 in
928 1344 1205 1416 Cyrillum,
1232 1344 1396 1398 tacito
1425 1341 1543 1412 ejus
1574 1341 1809 1404 nomine,
1841 1339 2202 1395 debacchatus
2230 1344 2332 1401 est,
2373 1351 2602 1405 eumque
2629 1352 2931 1406 provocans
2959 1337 3026 1392 ad
3066 1337 3337 1406 singulare
3367 1354 3487 1396 cer-

176 1444 374 1498 tamen
403 1438 475 1494 de
499 1437 862 1508 dogmatibus,
893 1446 1239 1507 veteremque
1286 1443 1537 1493 causatus
1575 1435 2056 1491 Alexandrinorum
2099 1434 2152 1487 in
2183 1432 2547 1488 Antiochenos
2589 1438 2644 1488 et
2679 1428 3307 1501 Constantinopolitanos
3353 1432 3490 1488 invi-

175 1527 352 1594 diam,
395 1528 628 1590 tentavit
658 1544 690 1584 a
716 1544 777 1588 se
802 1529 1020 1598 quidem
1063 1529 1272 1586 amoliri
1302 1527 1612 1598 opinionem
1641 1526 1916 1582 societatis
1944 1539 2066 1579 cum
2094 1523 2260 1578 Paulo
2289 1523 2646 1578 Samosateno
2675 1529 2729 1576 et
2759 1520 3022 1588 Photino;
3053 1520 3308 1594 Cyrillum
3331 1539 3482 1588 vero,

176 1619 338 1686 quasi
363 1635 490 1674 cum
517 1620 811 1690 Apollinari
842 1630 897 1676 ct
927 1620 1055 1676 Ario
1095 1621 1340 1685 sentiret,
1373 1620 1710 1674 convincere.
1738 1617 1838 1672 Hic
1876 1633 2054 1672 sermo
2088 1617 2274 1686 incipit
2306 1633 2320 1668 :
2353 1615 2571 1670 Dulcem
2599 1616 2743 1670 nobis
2773 1615 3066 1685 praecedens
3096 1615 3276 1672 doctor
3313 1617 3486 1674 chari-

176 1714 302 1773 ὅστίς
331 1729 571 1770 mensam
609 1715 880 1784 apposuit;
915 1730 1020 1772 non
1048 1714 1186 1770 enim
1224 1713 1376 1768 habet
1417 1713 1640 1784 fraterni
1665 1711 2066 1766 antaritudinem
2102 1710 2239 1776 odii;
2274 1727 2378 1766 non
2414 1708 2565 1765 habet
2600 1725 2850 1764 uenenum
2877 1710 3079 1776 livoris;
3105 1726 3211 1765 non
3238 1710 3391 1766 habet
3415 1705 3488 1765 si-

178 1804 404 1864 mulatas
445 1805 788 1875 fraternitatis
812 1803 1120 1876 rubiginem,
1145 1812 1248 1859 etc.

245 1895 350 1951 Die
379 1896 641 1961 crastino,
675 1896 766 1964 qui
794 1894 1122 1958 Dominicus,
1166 1895 1393 1950 alterum
1422 1893 1609 1950 habuit
1647 1907 1971 1960 sermonem,
2013 1892 2194 1947 verbis
2220 1891 2440 1961 quidem
2467 1890 2792 1956 breviorem,
2834 1889 2930 1946 sed
2959 1888 3235 1961 impietate
3262 1905 3484 1962 parem;

172 1985 374 2046 habuit
399 2001 532 2042 vero
560 1985 826 2054 frequenti
855 1986 1136 2049 concione,
1166 1987 1280 2042 sive
1308 1983 1580 2039 auditores
1603 1985 1908 2049 curiositas,
1941 1984 2052 2038 sive
2078 1983 2311 2052 partium
2335 1982 2518 2038 studia
2551 1982 2872 2050 coegissent.
2899 1980 3290 2050 Argumentum
3316 1981 3482 2047 idem,

170 2075 328 2146 quod
356 2076 656 2146 superioris
684 2076 979 2136 concionis.
1005 2077 1158 2145 cujus
1185 2083 1269 2132 est
1290 2075 1436 2130 velut
1456 2073 1852 2144 compendium.
1886 2072 2180 2129 Exordium
2213 2090 2226 2125 :
2259 2073 2390 2127 Aliis
2413 2073 2468 2127 in
2511 2074 2662 2126 terris
2688 2073 2790 2127 sita
2817 2080 2893 2128 est
2920 2071 3143 2128 aliarum
3172 2089 3342 2128 rerum
3377 2073 3486 2130 uti-

171 2170 316 2234 litas,
352 2176 462 2224 etc.
491 2165 826 2223 Crediderim
855 2167 1046 2222 callide
1075 2167 1380 2221 Nestorium
1408 2173 1530 2235 post
1560 2165 1868 2220 catechistae
1897 2165 2198 2218 orationem
2228 2163 2295 2218 de
2323 2163 2548 2218 scientia
2577 2162 2795 2231 pietatis
2823 2177 2929 2216 non
2960 2160 3303 2231 subjunxisse
3328 2159 3486 2234 quid-

169 2272 362 2328 quam,
391 2266 451 2316 ut
477 2267 594 2316 erat
621 2258 676 2318 in
700 2272 880 2324 more;
911 2257 1007 2316 sed
1035 2256 1249 2314 siluisse
1271 2255 1469 2325 potius,
1499 2253 1654 2323 quasi
1677 2252 1848 2308 fessus
1875 2253 2132 2308 hesterno
2162 2253 2380 2318 labore,
2412 2260 2472 2308 ut
2496 2265 2527 2306 a
2547 2241 2705 2322 plebe
2735 2254 3019 2320 rogaretur
3039 2251 3220 2306 dicere
3249 2251 3317 2307 de
3338 2264 3487 2320 qua:-

167 2351 377 2418 stione,
410 2351 604 2408 saltem
627 2351 966 2421 compendio.
992 2349 1085 2407 Sic
1110 2349 1256 2406 enim
1281 2348 1559 2416 loquitur‘:
1592 2344 1721 2409 Quae
1748 2354 1824 2400 est
1851 2358 2020 2402 autem
2041 2347 2258 2401 scientia
2277 2346 2519 2416 pietatis?
2553 2343 2614 2402 Si
2634 2346 2746 2416 quis
2778 2344 2898 2398 velit
2938 2343 3237 2415 compendio
3268 2343 3481 2400 discere.

165 2459 333 2515 parco
361 2446 503 2500 enim
536 2454 586 2498 et
607 2445 732 2499 mihi
760 2445 848 2516 qui
877 2446 1042 2514 fessus
1064 2459 1177 2496 sum
1194 2478 1209 2504 ,
1233 2449 1283 2498 et
1304 2439 1443 2494 vobis
1482 2440 1566 2509 qui
1601 2438 1975 2507 constipatione
2001 2436 2267 2492 laboratis.
2295 2434 2424 2502 Quae
2442 2453 2586 2508 ergo,
2610 2445 2668 2488 ut
2697 2434 2958 2500 dicebam,
2982 2437 3027 2490 si
3048 2437 3158 2506 quis
3191 2435 3308 2494 velit
3346 2450 3486 2490 com-

165 2536 368 2605 pendio
395 2535 622 2598 discere,
662 2536 878 2589 scientia
919 2535 1126 2604 pietatis
1154 2532 1265 2588 est?
1292 2530 1372 2585 De
1406 2528 1833 2584 consubstantiva:
1882 2526 2152 2581 Trinitatis
2192 2525 2474 2582 Divinitate
2511 2528 2645 2582 inire
2683 2528 2954 2594 rationem,
2987 2526 3213 2580 divinam
3239 2535 3482 2605 naturam

163 2603 508 2699 corporatura
535 2628 794 2683 hominem
822 2603 1192 2696 assusnpsisse;
1225 2623 1288 2678 de
1326 2623 1406 2676 his
1447 2637 1562 2693 quas
1592 2623 1884 2691 frequenter
1927 2618 2065 2672 dicta
2103 2627 2240 2683 sunt,
2276 2628 2534 2689 tamquam
2573 2617 2712 2672 dicta
2741 2633 2843 2672 non
2890 2617 3014 2680 sint,
3046 2619 3235 2688 urgetis
3263 2627 3312 2675 et
3340 2603 3483 2675 circa

160 2722 502 2775 motionem
535 2719 854 2774 vehementer
884 2719 1141 2774 insistitis.
1170 2713 1428 2780 Quoniam
1455 2713 1612 2784 igitur
1649 2726 1855 2766 necesse
1893 2718 1971 2764 est
2002 2711 2258 2765 violentia:
2297 2720 2478 2764 vestrae
2523 2707 2870 2773 succumbere,
2901 2724 3016 2780 qua:
3051 2710 3191 2780 piam
3237 2711 3291 2763 in
3331 2707 3479 2768 nobis

157 2813 410 2883 possidet
464 2812 825 2883 tyrannidem,
871 2813 1060 2866 iterum
1112 2808 1253 2882 apud
1305 2825 1394 2864 uos
1444 2805 1628 2862 eadem
1667 2803 1820 2860 uerba
1866 2811 2180 2874 repetemus;
2229 2813 2426 2858 servate
2471 2803 2630 2875 igitur
2675 2801 2976 2873 compendio
3031 2801 3165 2856 hanc
3211 2804 3482 2876 scientiam

158 2902 404 2972 pietatis.

233 2997 498 3066 Acceptis
525 2997 806 3067 utriusque
833 2997 1025 3068 synodi
1047 2995 1260 3062 litteris,
1292 2993 1580 3051 confestim
1617 2990 1926 3062 exemplum
1954 2991 2294 3048 Antiochiam
2324 2991 2470 3047 misit
2498 2990 2567 3046 ad
2593 2990 2858 3052 Joannem
2884 2990 3142 3053 amicum,
3167 3003 3387 3059 rogans,
3417 2996 3480 3048 ut

165 3098 202 3141 δ
226 3085 568 3141 doctissimis
594 3085 806 3141 duobus
826 3086 910 3140 sui
939 3084 1154 3140 concilii
1180 3083 1472 3155 episcopis,
1495 3081 1712 3138 Andrea
1740 3079 2098 3137 Samosateuo
2137 3089 2191 3136 et
2235 3080 2578 3137 Theodoreto
2619 3079 2864 3152 Cyrensi,
2896 3079 3238 3136 scribendum
3264 3089 3480 3139 curaret

169 3181 438 3236 adversus
457 3179 751 3235 duodecim
779 3180 1256 3236 anathematismos
1283 3178 1488 3252 Cyrilli,
1533 3177 1689 3248 quasi
1728 3177 2056 3248 Apollinaris
2084 3179 2332 3234 hreresim
2361 3176 2540 3232 Ariive
2585 3176 2946 3232 continerent.
2981 3173 3044 3231 ιιι
3081 3189 3114 3230 a
3151 3173 3376 3246 singulis
3403 3173 3477 3228 ita

173 3273 479 3340 [ratium
505 3280 588 3328 est
631 3279 694 3326 ut
719 3270 953 3341 Cyrinus
979 3272 1261 3327 utriusque
1285 3269 1500 3341 objecta
1528 3269 1749 3326 diluerit
1773 3277 1902 3326 ante
1932 3270 2158 3326 Pascha.

1608 3421 1745 3464 ANNO
1783 3422 2059 3463 CCCCXXX.

237 3537 378 3593 Cm
400 3554 534 3594 vero
559 3538 746 3610 Cyrilli
775 3539 1024 3608 epistola,
1057 3554 1179 3594 cum
1205 3539 1320 3594 suis
1338 3537 1623 3594 duodecim
1651 3539 1938 3609 capitibus,
1970 3554 2081 3594 non
2109 3538 2210 3593 soli
2234 3536 2428 3592 tradita
2456 3535 2643 3592 luisset
2667 3535 2942 3601 Nestoris,
2969 3550 3004 3592 a
3025 3550 3134 3608 quo
3159 3533 3330 3606 premi
3355 3524 3478 3604 pos-

173 3636 283 3694 set,
318 3628 422 3683 sed
437 3629 798 3684 communiter
825 3629 1093 3695 omnibus,
1123 3629 1272 3684 velut
1297 3629 1538 3699 perfecta
1560 3630 1805 3700 quaedam
1835 3629 1960 3684 ﬁdei
1986 3630 2192 3698 regula,
2223 3643 2343 3697 quae
2362 3629 2569 3684 cunctis
2596 3627 2910 3698 prodesset;
2939 3641 3168 3699 cumque
3196 3626 3473 3688 Nestorius

177 3722 641 3778 anathematismis
665 3721 950 3776 duodecim
979 3720 1187 3776 videret
1208 3721 1510 3776 doctrinam
1529 3736 1684 3776 suam
1706 3721 1837 3792 peti,
1861 3722 2015 3791 quasi
2039 3721 2266 3774 totidem
2287 3722 2406 3777 telis
2431 3740 2444 3774 :
2467 3722 2751 3778 duodecim
2778 3729 2834 3777 et
2861 3721 2976 3791 ipse
3001 3720 3474 3778 amthematismos

176 3815 434 3884 condidit,
457 3816 696 3884 singulos
722 3815 947 3882 singulis
973 3807 1278 3886 Cyrillianis
1296 3815 1703 3885 respondentes,
1733 3829 1934 3883 eosque
1963 3814 2074 3868 suis
2103 3815 2410 3870 hominibus
2431 3815 2726 3882 vulgandos
2745 3808 2982 3879 tradidit,
3002 3812 3152 3870 velut
3179 3825 3329 3867 arum
3349 3799 3472 3880 qui-

178 3907 270 3962 bus
295 3907 644 3979 Apollinaris,
677 3915 735 3962 ut
751 3907 1012 3976 jactabat,
1042 3906 1266 3975 Ariique
1291 3905 1526 3975 impetus
1544 3907 1924 3961 retunderetur
1951 3917 2109 3974 atque
2139 3904 2536 3974 infringeretur.

241 4000 443 4058 Marius
464 4001 733 4056 Mercator
752 4015 816 4055 ea
843 4007 1168 4071 tempestate
1198 4001 1516 4054 versabatur
1539 3999 2026 4071 Constantinopoli,
2052 4010 2216 4070 utque
2245 4011 2362 4057 erat
2393 4017 2518 4059 acer
2547 4001 2670 4057 ﬁdei
2696 4001 2962 4068 defensor,
2986 4008 3330 4072 «speratque
3361 4001 3474 4059 btu-

179 4098 276 4151 resi
305 4095 552 4152 nascenti
581 4094 822 4148 animose
851 4094 1122 4157 resistere,
1165 4092 1239 4145 ita
1266 4091 1608 4160 impatienter
1641 4092 1763 4145 tulit
1792 4092 2268 4146 analhematismos
2296 4092 2529 4147 Nestorii
2575 4093 2694 4147 sine
2720 4091 3074 4162 responsione
3113 4092 3182 4150 ab
3221 4083 3472 4150 omnibus

178 4186 302 4256 legi,
340 4193 396 4243 et
430 4187 671 4258 pluribus
700 4201 917 4241 nocere.
953 4184 1130 4251 Quare
1159 4184 1277 4238 zelo
1305 4184 1546 4239 veritatis
1574 4185 1825 4241 incensus
1864 4186 2076 4255 scripsit
2106 4201 2242 4255 opus
2270 4187 2552 4252 eximium,
2582 4187 2726 4255 quod
2748 4184 3058 4241 inscribitur
3089 4203 3104 4240 :
3134 4183 3291 4240 Liber
3319 4185 3460 4242 Oen-

183 4279 539 4333 tradictionum
575 4277 818 4331 adversus
858 4275 1094 4329 Nestorii
1130 4274 1565 4346 blasphemiarum
1607 4278 1834 4348 capitula
1864 4277 2163 4340 duodecim,
2195 4277 2379 4347 quibus
2403 4276 2587 4329 litteris
2626 4274 2695 4329 ad
2721 4293 2776 4330 se
2819 4277 2996 4330 missis.
3023 4292 3056 4331 α
3081 4286 3265 4333 sancta
3302 4275 3469 4332 (Itale-

180 4373 304 4427 stino
327 4373 581 4427 Romana:
599 4369 740 4425 urbis
760 4371 998 4442 episcopo
1027 4378 1078 4422 et
1095 4379 1275 4423 sancto
1297 4367 1490 4440 Cyrillo
1521 4367 1872 4424 Alexandrino
1902 4369 2226 4434 contradicit,
2251 4378 2301 4422 et
2329 4367 2754 4439 disputationibus
2775 4368 3082 4424 brevissimis
3110 4370 3467 4440 respondendo

184 4460 442 4516 duodecim
471 4459 697 4532 capitula
726 4459 852 4530 ﬁdei
889 4475 1005 4530 qua:
1039 4458 1110 4510 ad
1146 4475 1202 4512 se
1220 4460 1379 4511 missa
1408 4460 1614 4529 fuerant
1653 4459 1888 4529 refellere
1915 4461 2114 4512 nititur.
2149 4457 2328 4512 Verba
2355 4459 2471 4512 haec
2499 4458 2611 4512 duo
2633 4458 2913 4529 pmseu’tis
2950 4458 3228 4528 temporis,
3260 4470 3468 4526 centra-

169 4553 300 4613 ,ὤάέ
328 4564 381 4610 et
411 4537 612 4619 nititur,
645 4561 831 4622 aperte
860 4551 990 4606 satis
1015 4548 1316 4619 significant
1347 4565 1454 4604 non
1483 4551 1616 4604 alias
1639 4566 1772 4620 opus
1802 4566 1921 4605 esse
1953 4551 2330 4620 compositum,
2363 4563 2526 4618 quam
2550 4550 2766 4619 qiitindo
2785 4549 3036 4607 diximus.

162 4641 165 4643 ’
247 4645 346 4702 Per
366 4644 854 4716 hicmemCyrillus
879 4643 1209 4699 elucubravit
1236 4655 1402 4712 opera
1429 4642 1552 4707 tria,
1577 4643 1770 4710 quibus
1795 4643 1995 4711 partim
2033 4642 2512 4697 anathematismos
2547 4647 2676 4696 suos
2722 4647 2982 4707 tueretur,
3024 4641 3220 4711 partim
3263 4641 3468 4698 oratio-

187 4751 296 4790 nem
325 4736 521 4792 Procli.
541 4737 676 4791 Nam
695 4745 804 4790 uno
834 4734 1203 4805 oppositiones
1230 4731 1456 4786 Andreae
1485 4731 1842 4794 Samosateni,
1872 4731 2090 4785 nomine
2118 4729 2468 4785 Orientalium
2491 4730 2687 4797 iactas;
2719 4730 2888 4785 altero
2905 4728 3236 4788 Theodoreti
3255 4729 3466 4798 objecta

186 4828 364 4895 solvit;
393 4829 558 4884 tertio
605 4829 926 4885 contradicit
954 4829 1091 4883 libro
1126 4828 1338 4883 cuidam
1369 4828 1601 4883 Nestorii
1633 4828 1892 4882 adversus
1920 4827 2186 4882 Proetum.
2220 4826 2386 4881 Plena
2424 4835 2550 4881 sunt
2597 4827 2776 4881 omnia
2822 4823 3140 4881 amolientis
3174 4823 3462 4891 doctrinas,

187 4917 270 4970 sed
315 4919 534 4974 tertium
572 4919 908 4989 praesertim:
934 4919 1168 4988 disputat
1209 4919 1350 4972 enim
1391 4917 1622 4988 Cyrillus
1664 4926 1780 4971 tota
1830 4919 1884 4971 vi
1923 4919 2118 4972 mentis
2155 4919 2411 4972 adversus
2444 4931 2539 4972 eos
2574 4917 2668 4987 qui
2702 4915 2952 4984 rejic'mnt
2997 4915 3280 4983 Θητὸκον,
3305 4915 3464 4972 Chri-

187 5015 421 5077 stumque
449 5005 692 5062 dividunt
719 5009 772 5062 in
801 5007 936 5062 duos
966 5007 1102 5062 ﬁlios
1120 5049 1133 5073 ,
1168 5015 1222 5061 et
1249 5009 1418 5061 Deum
1443 5015 1638 5075 negant
1665 5023 1880 5078 passum
1911 5023 1974 5063 ac
2001 5017 2288 5073 mortuum,
2322 5009 2628 5077 factumque
2657 5007 3196 5064 nobis'saccrdotent.

251 5096 416 5154 Pestis
441 5098 780 5168 paschalibus
817 5099 1072 5167 peractis,
1107 5099 1364 5153 continuo
1410 5097 1687 5152 Nestorius
1715 5097 2213 5170 Constantinopoli,
2244 5100 2474 5172 Cyrillus
2505 5083 2828 5155 Alexandria
2873 5099 3144 5170 Ephesum
3188 5095 3466 5170 profectus

188 5197 277 5253 est,
308 5199 530 5260 uterque
558 5201 681 5245 cum
707 5191 837 5254 suis,
863 5197 1090 5258 uterque
1118 5191 1302 5244 animo
1322 5198 1633 5259 promptus;
1664 5191 1760 5245 sed
1791 5191 1879 5246 ille
1906 5191 1971 5245 ad
1999 5193 2292 5248 versandus
2318 5194 2492 5258 dolos,
2525 5193 2627 5248 iste
2654 5191 2722 5247 ad
2760 5193 2972 5248 fortiter
2999 5191 3162 5250 ﬁdem
3184 5190 3462 5249 tuendam.

191 5278 500 5339 llaturandm
521 5284 868 5355 profectionis
912 5294 1072 5336 causa
1113 5281 1242 5348 fuit,
1299 5282 1646 5351 interea-pede
1684 5283 1900 5351 quidem
1939 5284 2202 5349 locorum,
2265 5283 2359 5338 sed
2389 5285 2547 5353 longe
2575 5285 2745 5353 nugis
2793 5284 3073 5352 utriusque
3122 5283 3235 5338 sive
3264 5291 3461 5346 metus,

191 5369 290 5425 sive
327 5374 640 5443 prudentia;
672 5381 726 5428 et
753 5379 928 5427 metus
967 5372 1202 5441 quidem,
1233 5387 1300 5426 ne
1328 5373 1448 5441 quis
1486 5372 1712 5427 duorum
1755 5373 2045 5439 videretur,
2089 5382 2179 5429 aut
2210 5375 2520 5444 imperatori
2549 5375 2694 5428 diem
2735 5374 2935 5428 dicenti
2965 5390 3078 5428 non»
3112 5373 3363 5444 paruisse.
3395 5373 3462 5432 ad

193 5463 412 5532 verbum,
439 5473 530 5520 aut
559 5465 896 5535 aliquatenus
919 5464 1132 5520 concilii
1162 5464 1215 5517 in
1244 5479 1340 5518 sua
1370 5478 1529 5519 causa
1559 5464 1728 5518 coacti
1750 5463 2008 5531 judicium
2050 5465 2138 5518 vei.
2172 5464 2406 5527 ttillerre,
2431 5463 2517 5517 vel
2552 5463 2856 5529 declinare;
2890 5463 3352 5534 prttdomia‘vero,
3394 5479 3463 5520 ne

194 5548 233 5604 si
267 5555 395 5608 unus
438 5555 788 5625 praevenisset
815 5554 1061 5619 alterum,
1111 5553 1386 5622 exciperet
1427 5552 1640 5606 interim
1686 5553 1964 5608 venientes
2014 5554 2314 5625 epismpos,
2347 5551 2736 5622 devinctasque
2779 5552 2980 5610 oliciis'
3011 5565 3138 5611 suas
3181 5555 3234 5610 in
3280 5563 3461 5627 partes

195 5639 478 5701 adduceret.

261 5731 519 5817 Venerunt
547 5752 668 5793 cum
695 5735 941 5791 Nestorio
974 5735 1198 5789 comites
1235 5733 1373 5799 duo,
1407 5729 1769 5788 Candidianus
1788 5741 1842 5788 et
1869 5731 2130 5800 lremeus,
2161 5732 2252 5788 ille
2281 5747 2405 5789 omn
2432 5732 2699 5788 mandatis
2724 5733 2792 5788 ab
2825 5734 3151 5803 imperatore
3170 5773 3185 5799 ,
3219 5743 3278 5790 ut
3301 5733 3456 5796 ordi-
