3904 6272
437 315 542 373 7l9
941 314 1308 372 PREFATIO
1344 317 1410 372 IN
1447 315 1810 374 SECUNDAM
1847 317 2122 374 PARTEM
2163 316 2442 373 OPERUM
2484 316 2672 371 MARII
2713 315 3172 372 MEBCATORIS.
3595 318 3728 374 τεο

434 444 560 485 nem
588 429 641 484 in
669 431 874 500 synodo
901 432 1221 487 servandum
1250 439 1487 496 curaret;
1519 432 1620 486 iste
1659 440 1930 501 tamquam
1960 431 2196 501 privatus
2223 431 2454 486 Nestorii
2485 430 2707 495 amicus,
2751 445 3076 499 quamquam
3114 437 3168 484 et
3197 429 3372 498 ipsum
3399 430 3723 485 Candidia-

434 534 562 573 num
590 519 835 575 Nestorio
862 520 1102 591 impense
1146 522 1340 578 favisse
1383 532 1608 577 eventus
1647 523 1850 578 docuit.
1895 523 2301 587 Candidianum,
2354 523 2525 591 inquit
2569 523 2885 592 imperator,
2931 524 3384 592 preclarissimum
3423 536 3723 576 sacrorum

433 609 824 665 domesticorum
850 613 1083 666 comitem
1103 612 1172 664 ad
1190 628 1391 666 sacram
1421 621 1638 666 vestram
1661 613 1913 683 synodum
1941 612 2086 666 adire
2111 613 2392 683 jussimus;
2419 612 2511 666 sed
2547 629 2612 666 ea
2639 613 2749 684 lege
2774 620 2825 666 et
2856 613 3173 677 conditione,
3201 621 3259 664 ut
3296 629 3413 665 cum
3441 613 3718 684 quastio-

433 702 582 757 nibus
609 713 658 757 et
684 705 1057 766 controversiis,
1088 720 1202 775 qua
1227 706 1364 759 circa
1391 705 1514 774 ﬁdei
1541 705 1784 776 dogmata
1809 705 2060 769 incidunt,
2084 704 2214 758 nihil
2232 703 2506 776 quidquam
2527 720 2792 758 commune
2812 705 3017 758 habeat.
3042 703 3273 774 Denique
3300 719 3392 757 nec
3420 705 3475 756 id
3493 719 3722 775 quoque

433 795 572 850 vobis
599 796 732 850 clam
757 797 842 860 sit,
873 795 1120 857 videlicet,
1144 796 1707 866 magniﬁcentissimum
1733 797 1968 850 comitem
1996 795 2272 861 Irenamm,
2296 813 2457 866 neque
2482 796 2822 851 sanctissima:
2844 806 3025 850 vestra
3041 797 3225 866 synodi
3244 795 3497 858 consiliis,
3533 813 3717 865 neque

432 886 513 939 his
541 902 653 957 qua
676 887 862 940 eximio
890 891 1057 957 legato
1084 894 1259 941 nostro
1288 884 1613 941 Candidiano
1642 903 1674 939 a
1698 886 1844 940 nobis
1873 886 2186 942 demandata
2228 897 2348 942 sunt
2381 887 2637 942 ullatenus
2666 889 3047 944 communicare
3087 888 3297 950 debere,
3327 897 3383 941 ut
3410 890 3497 959 qui
3530 889 3714 943 solius

431 979 671 1033 amicitia:
696 995 852 1032 causa
879 995 995 1032 cum
1021 979 1250 1048 piissimo
1276 977 1619 1033 celeberrima:
1645 980 1864 1033 civitatis
1893 980 2044 1050 hujus
2071 983 2310 1051 episcopo
2350 979 2600 1036 Nestoris
2630 982 2891 1053 Ephesum
2927 984 3188 1053 profectus
3213 983 3296 1035 sit.

501 1070 778 1126 Nestorius
803 1085 996 1139 magno
1018 1070 1275 1124 comitatu
1305 1069 1574 1139 Ephesum
1598 1071 1818 1126 veniens
1842 1069 2062 1126 adduxit
2088 1087 2268 1126 secum
2293 1071 2481 1127 decem
2508 1072 2790 1142 episcopos
2817 1072 2885 1128 de
2912 1072 3042 1138 suis,
3066 1085 3293 1140 quorum
3312 1070 3540 1126 nomina
3570 1071 3714 1127 sub-

429 1163 627 1233 scripta
653 1171 778 1217 sunt
803 1162 1052 1217 relationi
1079 1178 1110 1215 a
1135 1161 1383 1217 Nestorio
1411 1161 1584 1228 facun,
1611 1162 1681 1217 de
1716 1162 1877 1217 rebus
1915 1162 2136 1232 synodi,
2179 1163 2246 1217 ad
2283 1162 2682 1232 imperatorem.
2728 1162 2962 1217 Adduxit
2997 1162 3278 1232 episcOpos
3316 1163 3472 1229 longe
3504 1162 3712 1232 plures

427 1253 655 1326 Cyrinus
672 1295 687 1319 ,
718 1254 1098 1323 quinquaginta
1127 1253 1374 1307 nimirum
1392 1294 1406 1317 ,
1435 1253 1482 1307 si
1508 1252 1774 1307 credimus
1798 1251 1990 1307 Joanni
2027 1251 2363 1308 Antiocheno
2380 1294 2394 1317 ,
2436 1267 2665 1320 quorum
2691 1253 2908 1306 nomina
2937 1267 3005 1308 ex
3032 1253 3302 1308 actionum
3331 1252 3708 1322 subscriptio-

428 1345 584 1401 nibus
609 1343 846 1412 dignosci
894 1341 1051 1398 facile
1094 1349 1316 1411 queunt.
1363 1341 1568 1412 Opinor
1614 1350 1784 1397 totam
1821 1340 2082 1413 synodum
2127 1341 2560 1408 Alexandrinam,
2591 1351 2684 1397 aut
2721 1344 2833 1398 fere
2869 1352 3041 1398 totam
3081 1344 3388 1399 comitatam
3434 1345 3708 1403 antistiti.

427 1434 655 1506 Cyrillus
681 1450 812 1490 vero
839 1442 963 1489 ante
991 1432 1253 1504 synodum
1279 1433 1361 1488 bis
1387 1433 1600 1503 scripsit
1622 1432 1691 1486 ad
1710 1448 1836 1488 suos
1857 1431 2256 1494 Alexandriam,
2285 1423 2454 1488 semel
2473 1433 2542 1488 de
2561 1433 2668 1495 via,
2692 1447 2760 1488 ex
2780 1434 2952 1488 insula
2980 1434 3203 1497 Rhodo;
3232 1435 3417 1489 iterum
3441 1435 3705 1504 Epheso,

426 1543 548 1583 cum
579 1527 908 1599 pervenisset
935 1532 1058 1580 ante
1078 1523 1471 1589 Pentecostem,
1494 1538 1601 1592 qua
1628 1523 1683 1578 in
1720 1523 1946 1593 epistola
1970 1523 2270 1593 posteriore
2289 1523 2358 1579 de
2378 1523 2744 1578 molitionibus
2770 1522 3001 1578 Nestorii
3026 1541 3039 1578 :
3063 1523 3453 1592 Circumcursat,
3479 1526 3701 1596 inquit,

428 1633 664 1686 perversa
689 1615 784 1668 illa
812 1614 1116 1684 pervigilque
1144 1611 1321 1678 bestia,
1345 1618 1449 1667 etc.

499 1705 750 1764 Pervenit
778 1705 936 1773 igitur
978 1703 1246 1774 Ephesum
1273 1702 1501 1774 Cyrillus
1523 1713 1756 1772 quatuor
1793 1711 1884 1758 aut
1922 1703 2157 1774 quinque
2200 1703 2389 1760 diebus
2432 1713 2558 1760 ante
2601 1704 2974 1762 Pentecostem
2994 1746 3010 1772 ,
3055 1706 3207 1777 cujus
3233 1707 3545 1764 Dominicus
3578 1708 3710 1764 dies

428 1799 613 1856 incidit
650 1813 792 1852 anno
817 1797 908 1851 illo
937 1796 991 1850 in
1019 1795 1303 1865 septimum
1327 1794 1488 1850 Junii.
1521 1795 1716 1862 Quinto
1745 1795 1939 1850 abhinc
1980 1795 2068 1850 die
2105 1795 2273 1851 adfuit
2316 1797 2587 1855 Juvenalis
2613 1814 2736 1855 cum
2775 1799 3090 1856 Palaestinis.
3134 1801 3356 1868 Quando
3402 1803 3707 1858 advenerit

429 1891 744 1952 Flavianus,
775 1889 867 1957 qui
905 1903 1004 1958 pro
1032 1887 1406 1942 Macedonibus
1434 1894 1581 1953 erat,
1622 1886 1874 1970 nescitur.
1908 1885 1986 1942 De
2012 1887 2274 1943 industria
2303 1889 2465 1943 traxit
2489 1905 2672 1946 moras
2700 1891 2753 1945 in
2792 1891 2877 1945 via
2905 1907 3025 1946 cum
3052 1891 3407 1948 Orientalibus
3444 1891 3706 1949 Joannes

430 1982 822 2043 Antiochenus;
870 1977 1078 2046 scripsit
1110 1985 1288 2031 tamen
1332 1974 1531 2047 Cyrillo
1577 1992 1674 2046 per
1718 1975 2002 2046 episcopos
2044 1975 2209 2041 duos,
2259 1977 2618 2034 Alexandrum
2666 1979 2947 2050 Apameae,
2997 1988 3055 2036 et
3097 1980 3452 2040 Alexandrum
3487 1983 3705 2037 Hiera-

431 2075 645 2145 poleos,
676 2086 799 2126 cum
823 2069 1033 2124 abesset
1078 2075 1282 2122 tantum
1320 2067 1513 2122 itinere
1549 2067 1784 2136 quinque
1811 2074 1903 2121 aut
1941 2082 2037 2123 sex
2075 2067 2301 2123 dierum.
2345 2070 2683 2142 Rescriptum
2709 2071 2811 2127 sibi
2848 2087 2880 2126 a
2917 2071 3117 2144 Cyrillo
3143 2073 3234 2128 die
3261 2075 3509 2144 vigesimo
3541 2074 3704 2133 Junii

432 2171 569 2219 testa
575 2171 659 2216 tus
686 2167 787 2216 est.

499 2254 789 2323 Evagrius,
835 2258 927 2306 aut
972 2250 1018 2305 si
1055 2250 1148 2318 qui
1187 2247 1277 2302 alii
1316 2261 1546 2316 quorum
1573 2247 1900 2302 mentionem
1927 2246 2080 2313 facit,
2123 2248 2384 2304 Joannem
2425 2265 2684 2306 excusare
2723 2251 2928 2306 nititur.
2970 2250 3231 2318 Joannes,
3264 2251 3460 2322 inquit,
3491 2255 3704 2324 pressat

432 2351 742 2414 Antiochiae,
771 2364 878 2401 una
915 2361 1030 2399 cum
1058 2345 1163 2398 suis
1193 2343 1262 2395 ad
1296 2341 1429 2396 diem
1457 2341 1648 2394 dictam
1679 2339 1862 2411 abfuit,
1907 2357 2012 2395 non
2048 2341 2250 2412 quidem
2277 2359 2372 2395 sua
2399 2353 2594 2413 sponte,
2622 2345 2753 2398 sicut
2789 2345 2962 2399 multis
2996 2345 3211 2411 ridetur,
3239 2346 3324 2416 qui
3353 2348 3461 2417 ejus
3493 2349 3706 2418 factum

435 2442 718 2514 defendere
745 2440 950 2502 volunt;
980 2437 1070 2491 sed
1106 2435 1242 2508 quod
1268 2451 1385 2489 suos
1410 2435 1673 2504 episwpos
1704 2442 1807 2486 tam
1846 2435 1945 2486 cito
1983 2449 2160 2504 cogere
2198 2449 2298 2488 non
2329 2444 2559 2504 poterat,
2600 2437 2785 2507 quippe
2820 2436 3085 2491 nonnulla:
3111 2453 3176 2490 ea:
3201 2436 3478 2490 civitatibus
3505 2435 3706 2506 quibus

427 2540 688 2604 praerant
712 2529 777 2584 ab
808 2528 1082 2584 Antiochia
1115 2525 1308 2580 homini
1331 2524 1567 2595 expedito
1600 2539 1662 2576 ac
1692 2533 1900 2577 εει-ενιηο
1929 2523 2121 2576 distant
2150 2524 2332 2578 itinere
2363 2523 2628 2578 duodecim
2653 2525 2850 2580 dierum
2876 2535 2925 2579 et
2953 2525 3193 2597 amplius,
3222 2534 3272 2578 et
3291 2523 3517 2595 Ephesus
3543 2523 3706 2578 abest

427 2622 702 2681 Antiochia
734 2621 938 2674 circiter
963 2617 1176 2688 triginta
1201 2614 1397 2670 dierum
1428 2615 1629 2668 itinere.
1656 2615 1724 2666 At
1751 2629 1864 2667 cum
1896 2613 2124 2667 Joannes
2157 2624 2454 2672 constanter
2470 2616 2749 2689 apii-mare:
2781 2633 2836 2674 τε
2856 2633 2958 2675 mm
2992 2634 3142 2692 ροισι
3169 2617 3238 2674 ad
3263 2626 3503 2672 “aruum
3523 2617 3699 2681 diem,

427 2718 486 2770 id
505 2726 598 2783 est,
630 2715 699 2769 ad
726 2729 910 2769 novum
937 2705 1267 2766 Dominicum
1297 2703 1401 2778 (sic
1439 2705 1574 2760 enim
1605 2703 1832 2775 vocatur)
1863 2702 2058 2770 adesse,
2100 2707 2179 2759 sui
2203 2722 2376 2760 omnes
2415 2707 2551 2776 apud
2589 2707 2734 2762 sedes
2767 2710 3004 2778 proprias
3039 2726 3100 2762 ac
3125 2725 3245 2763 suas
3275 2725 3520 2762 mansere.
3544 2701 3701 2764 Sunt

425 2809 545 2864 hzec
569 2807 790 2862 omnino
817 2809 1070 2872 corrupta
1113 2807 1274 2868 atque
1301 2797 1641 2867 perturbata;
1672 2797 1869 2864 corrigi
1911 2813 2039 2852 vero
2073 2797 2149 2852 ita
2183 2807 2407 2868 possunt
2447 2806 2608 2868 atque
2644 2800 2856 2865 restitui
2885 2815 2952 2854 ex
2986 2800 3285 2870 Nicephoro
3310 2817 3322 2852 :
3352 2799 3701 2869 Conﬁnnaeit

425 2898 515 2952 ille
541 2898 696 2951 etiam
717 2893 787 2947 ad
813 2892 1136 2962 designatum
1162 2904 1218 2942 se
1245 2903 1348 2940 non
1379 2895 1640 2940 venturum
1668 2887 1824 2957 fuisse
1850 2887 2003 2953 diem,
2029 2888 2075 2941 si
2113 2905 2242 2942 novo
2263 2890 2349 2960 qui
2378 2889 2584 2956 dicitur,
2626 2888 2897 2945 Dominico
2926 2891 3010 2946 die
3047 2891 3255 2963 collega:
3293 2893 3371 2945 sui
3396 2892 3449 2944 in
3479 2891 3698 2952 sedibus

424 2991 534 3044 suis
561 3003 672 3042 esse
697 2988 1121 3056 perseverassent.
1152 2977 1212 3032 In
1236 2975 1424 3032 Graeco
1452 2984 1603 3030 textu
1629 2977 1824 3044 legitur
1863 2980 1948 3032 νέα
1986 2984 2206 3055 nopiam;
2249 2997 2261 3030 :
2305 2993 2370 3032 ea
2414 2994 2544 3034 vero
2589 2988 2673 3038 est
2714 2982 2982 3037 absolutio
3027 2984 3353 3052 paschalium
3399 2984 3693 3059 festorum.

425 3087 552 3135 ante
577 3091 738 3148 quam
760 3071 1001 3145 episcopi
1028 3084 1137 3125 non
1163 3068 1410 3124 solebant
1436 3082 1467 3121 a
1505 3067 1615 3121 suis
1652 3066 1893 3121 ecclesiis
1922 3067 2207 3131 recedere,
2238 3074 2298 3122 ut
2334 3083 2522 3124 recens
2558 3069 2877 3140 baptizatos,
2913 3080 3061 3128 veste
3085 3073 3204 3128 alba
3232 3073 3488 3142 deposita,
3518 3073 3698 3128 bene-

423 3172 659 3229 dictione
683 3167 966 3225 donarent.

490 3262 613 3318 Fuit
640 3273 770 3314 vero
806 3256 998 3312 idonea
1042 3250 1315 3308 excusatio
1341 3247 1594 3313 Joannis,
1624 3247 1670 3302 si
1711 3262 1800 3302 res
1837 3248 1912 3302 ita
1952 3263 2012 3304 se
2051 3248 2259 3304 habuit.
2289 3248 2423 3304 Nam
2462 3266 2584 3306 cum
2628 3249 2835 3309 Pascha
2883 3253 3129 3310 inciderit
3167 3269 3309 3311 anno
3336 3255 3426 3311 ίιιο
3453 3256 3510 3311 in
3536 3256 3694 3314 diem

420 3354 490 3411 19
515 3353 730 3424 Aprilis,
773 3347 1038 3404 πεοιιιιίο
1067 3345 1324 3400 festorum
1351 3359 1448 3398 seu
1472 3345 1560 3398 νέα
1585 3346 1802 3418 ιυρισική
1831 3342 1886 3396 in
1913 3342 2055 3398 diem
2081 3341 2169 3405 26,
2195 3343 2501 3411 quindecim
2531 3359 2660 3400 vero
2698 3345 2815 3401 dies
2831 3387 2845 3412 ,
2877 3354 2971 3400 aut
2999 3347 3160 3400 etiam
3189 3347 3456 3404 sexdecim
3483 3365 3696 3418 posue-

419 3446 528 3502 rint
553 3439 789 3513 episcopi
815 3438 908 3507 qui
946 3435 1228 3491 Antiochia
1266 3433 1477 3502 longius
1505 3433 1730 3486 aberant
1758 3432 1810 3485 in
1839 3431 2168 3486 conficienda
2197 3431 2265 3484 ad
2293 3433 2579 3500 primatem
2606 3433 2712 3496 via,
2745 3434 3135 3505 nonnullosque
3161 3435 3277 3490 dies
3304 3437 3356 3490 in
3380 3435 3694 3494 reﬁciendis

417 3535 732 3606 corporibus
763 3530 832 3584 de
858 3529 945 3583 via
966 3527 1136 3590 fessis,
1160 3542 1269 3580 non
1301 3524 1537 3594 potuerit
1564 3536 1694 3576 sane
1719 3521 1956 3578 Joannes
1985 3521 2264 3577 Antiochia
2299 3521 2577 3578 discedere
2607 3539 2728 3578 cum
2757 3525 2868 3580 suis
2889 3533 3015 3582 ante
3041 3525 3276 3581 meditun
3304 3527 3518 3583 Maium.
3545 3527 3693 3585 Cum

417 3642 546 3696 ergo
585 3621 864 3678 Antiochia
906 3619 1070 3672 distet
1113 3615 1326 3684 Epheso
1351 3613 1541 3667 itinere
1570 3613 1787 3679 triginta
1816 3611 2043 3676 dierum,
2074 3627 2183 3665 non
2210 3610 2379 3664 valuit
2398 3611 2640 3680 profecto
2663 3619 2845 3668 tantus
2871 3614 3160 3670 comitatus
3185 3616 3462 3686 pervenire
3501 3615 3692 3686 Ephe-

414 3732 555 3781 sum,
595 3712 697 3768 nisi
724 3710 811 3766 die
839 3706 904 3760 M
931 3704 1094 3766 Junii,
1127 3703 1179 3757 id
1206 3709 1308 3767 est,
1350 3708 1554 3769 septem
1583 3698 1772 3752 diebus
1808 3705 1934 3768 post
1960 3699 2282 3762 condictum,
2321 3698 2431 3767 etsi
2450 3714 2610 3768 quam
2642 3700 2920 3756 celerrime
2957 3710 3299 3771 properaret;
3325 3703 3470 3772 quod
3499 3711 3687 3760 tamen

415 3826 516 3866 nec
542 3804 716 3879 potuit
738 3799 959 3857 omnino
987 3794 1101 3849 fieri
1127 3808 1159 3847 a
1186 3790 1314 3846 viris
1339 3789 1491 3844 senio
1517 3788 1787 3857 gravibus,
1819 3802 1921 3841 nec
1945 3794 2156 3857 posset,
2186 3787 2291 3841 nisi
2317 3801 2476 3856 aegre,
2518 3801 2550 3841 a
2588 3788 2909 3844 valentibus.
2939 3787 3210 3860 Ephesum
3233 3799 3381 3846 certe
3400 3791 3690 3860 pervenire

413 3876 674 3958 cum'suis
698 3890 892 3948 Joanni
917 3887 1007 3941 vix
1034 3883 1185 3939 licuit
1211 3888 1337 3935 ante
1366 3879 1525 3934 linem
1544 3877 1746 3933 mensis
1771 3876 1933 3932 Junii.
1967 3877 2165 3932 Verum
2184 3879 2354 3933 satius
2381 3886 2463 3933 est
2486 3878 2698 3948 opinari
2721 3881 3122 3936 excusationem
3144 3879 3366 3938 Joannis
3384 3897 3490 3937 non
3515 3882 3688 3939 fuisse

413 3995 629 4067 ςυειεηι,
660 3999 820 4057 quam
866 3980 1052 4034 Patres
1097 3973 1398 4067 Ephesinos
1416 3984 1772 4042 praapropera:
1797 3967 2155 4025 festinationis
2173 3969 2448 4035 damnare,
2473 3970 2621 4039 quod
2648 3978 2732 4027 est
2757 3973 2985 4042 primam
3009 3973 3520 4044 celeberrimamque
3547 3989 3685 4030 con-

411 4064 521 4141 cilii
549 4080 813 4137 actionem
841 4071 1089 4126 vitiosam
1108 4064 1330 4122 sentire.

482 4176 664 4230 Donec
689 4180 876 4224 omnes
902 4157 1281 4220 convenirent,
1329 4154 1589 4223 fieretque
1635 4150 1844 4206 initium
1873 4149 2094 4222 synodi,
2141 4153 2500 4222 quastionem,
2547 4151 2720 4221 inquit
2757 4151 3068 4221 Liberatus,
3095 4156 3363 4211 movebant
3400 4166 3684 4227 prementes

411 4264 634 4340 episcopi
662 4261 724 4314 de
751 4259 900 4311 beata
927 4251 1103 4306 Μανία
1142 4247 1240 4302 Dei
1267 4246 1542 4318 genitrice;
1573 4242 1799 4340 Cgrillus
1827 4251 1997 4340 autem
2037 4241 2402 4340 deﬂoratienes
2435 4242 2683 4340 quasdam
2724 4242 2970 4298 librorum
3011 4243 3065 4298 Ν
3068 4248 3244 4340 estorii
3283 4245 3528 4316 faciebat,
3559 4264 3683 4301 an:

411 4331 708 4431 perturbare
725 4349 914 4404 volens.
935 4340 1355 4397 Dellorationum
1381 4336 1598 4391 nomine
1631 4333 1883 4402 intelligit
1914 4339 2187 4403 excerpta,
2211 4331 2618 4431 qumMercator
2641 4333 3025 4404 interpretatus
3053 4343 3154 4401 est,
3181 4335 3286 4391 hoc
3312 4336 3453 4390 facto
3479 4336 3676 4390 titulo:

412 4421 643 4504 lVestorii
671 4441 733 4494 de
753 4437 964 4493 diversis
986 4433 1096 4504 ejus
1125 4431 1268 4484 libris
1293 4429 1370 4484 vel
1391 4425 1689 4482 tractatibus
1711 4433 1950 4493 excerpta
1971 4422 2034 4476 ab
2062 4424 2300 4493 episcopo
2329 4421 2524 4493 Cyrillo
2552 4423 2800 4492 capitula,
2833 4440 2898 4478 ea:
2923 4424 3101 4480 Graeco
3121 4443 3155 4480 a
3181 4426 3329 4480 nobis
3348 4429 3402 4481 in
3429 4427 3681 4489 Latinum

409 4556 572 4596 uersa.
614 4533 873 4590 Diﬂ'erunt
898 4530 1001 4584 ista
1031 4542 1158 4582 vero
1186 4525 1253 4581 ab
1282 4522 1580 4593 excerptis,
1611 4529 1726 4575 tum
1753 4518 2036 4590 Ephesium
2081 4517 2287 4590 synodo
2331 4517 2526 4572 oblatis
2553 4533 2585 4572 a
2615 4517 2776 4574 Petro
2805 4520 3138 4576 notariorum
3181 4521 3521 4590 primicerio;
3559 4535 3681 4583 tum

407 4636 476 4688 ab
504 4632 568 4687 iis
595 4641 714 4700 qua:
745 4624 883 4679 libro
903 4618 1400 4676 Contradictionum
1426 4616 1772 4671 continentur
1803 4629 1818 4667 :
1850 4626 2098 4680 magnam
2127 4623 2306 4666 autem
2335 4611 2472 4676 aliis,
2497 4611 2662 4667 immo
2691 4613 2792 4667 toti
2819 4612 3076 4680 historirc,
3111 4614 3283 4670 lucem
3312 4615 3561 4672 aderunt.

475 4721 696 4776 Poterat
720 4715 808 4770 hic
834 4709 1038 4780 imponi
1062 4707 1182 4762 ﬁnis
1207 4705 1475 4762 historica:
1499 4703 1818 4774 prtefationi,
1848 4716 1968 4757 cum
1991 4701 2122 4756 nihil
2153 4701 2296 4769 apud
2321 4708 2597 4777 auctorem
2620 4710 2882 4768 nostrum,
2919 4703 3112 4757 saltem
3136 4705 3282 4772 quod
3315 4706 3677 4763 indubitatum

403 4814 500 4876 sit,
539 4805 790 4878 quodque
825 4799 1094 4871 pertineat
1129 4796 1198 4852 ad
1233 4794 1495 4867 synodum
1520 4792 1863 4864 Ephesinam,
1904 4790 2219 4860 reperiatur.
2249 4790 2448 4846 Verum
2476 4792 2603 4860 quia
2631 4791 2901 4848 Mercator
2925 4792 3252 4850 Theodoreti
3279 4797 3522 4864 quzedam
3547 4808 3677 4868 post

402 4899 687 4959 concilium
713 4891 944 4962 scripta,
974 4902 1145 4958 eaque
1182 4887 1362 4956 magni
1400 4885 1658 4942 momenti
1697 4883 1946 4950 exhibet,
1977 4883 2154 4940 visum
2180 4891 2265 4940 est
2299 4899 2479 4955 operte
2517 4885 2749 4954 pretium
2778 4886 3017 4942 breviter
3057 4888 3345 4958 complecti
3373 4903 3492 4958 qum
3518 4900 3674 4958 gesta

401 5000 527 5050 sunt
554 4990 622 5046 ad
649 4987 702 5044 id
729 4999 902 5056 usque
945 4982 1204 5054 temporis
1245 4995 1353 5050 quo
1382 4978 1752 5035 Theodoretus
1793 4976 1908 5032 sive
1950 4975 2208 5048 epistolas
2230 4975 2345 5031 sive
2383 4976 2550 5031 libros
2593 4975 2878 5045 praedictos
2923 4977 3154 5048 scripsit.
3199 4977 3436 5033 Fatebor
3464 4986 3669 5045 tamen,

400 5082 545 5155 quod
570 5095 659 5137 res
684 5086 799 5145 est,
829 5075 962 5131 nihil
991 5073 1309 5144 implicatius
1335 5070 1524 5127 ordine
1550 5066 1808 5140 temporis
1845 5081 1956 5137 quo
1993 5068 2268 5136 contigere
2304 5066 2535 5137 plurima
2564 5082 2687 5137 quae
2720 5069 2951 5124 secunda
2971 5077 3126 5140 parte
3164 5069 3386 5125 concilii
3413 5068 3672 5140 Ephesini

400 5175 777 5235 continentur;
809 5167 941 5222 nihil
966 5163 1330 5236 perturbatius
1356 5161 1704 5232 dispositione
1727 5157 2068 5228 scriptorum,
2091 5165 2152 5212 ut
2177 5156 2359 5212 mirari
2376 5156 2508 5212 satis
2534 5172 2643 5213 non
2671 5158 2870 5228 possim
2895 5159 3200 5216 collectoris
3217 5159 3334 5214 sive
3361 5159 3668 5226 consilium,

400 5267 512 5323 sive
541 5260 822 5324 incuriam,
852 5272 959 5327 qua
987 5254 1165 5311 omnia
1193 5268 1363 5323 usque
1390 5253 1526 5310 adeo
1552 5249 1880 5322 permiscuit,
1920 5256 1982 5305 ut
2007 5249 2064 5304 in
2103 5249 2417 5319 torquendis
2453 5249 2792 5306 curiosorum
2831 5250 3061 5320 ingeniis
3104 5251 3524 5308 oblectationem
3562 5250 3669 5309 sibi

400 5355 632 5412 voluisse
660 5351 839 5405 facere
865 5345 1034 5400 videri
1055 5351 1238 5414 queat.

464 5442 630 5510 lgitur
647 5437 774 5492 dum
792 5439 985 5489 vacant
1002 5430 1209 5498 Patres,
1231 5432 1324 5501 qui
1342 5432 1602 5486 maturius
1620 5437 1894 5495 venerant,
1911 5430 2152 5500 aliosque
2179 5439 2494 5500 exspectant
2511 5429 2823 5503 propediem
2842 5431 3140 5498 adfuturos,
3162 5433 3398 5504 positum
3421 5441 3506 5489 est
3523 5442 3638 5490 tem

400 5548 519 5606 pus,
550 5545 658 5584 non
685 5533 894 5581 tantum
919 5524 975 5579 in
1000 5523 1411 5580 salutationibus
1437 5521 1622 5577 amicis
1641 5520 2192 5589 collocutionibusque
2213 5520 2280 5576 de
2319 5521 2479 5578 rebus
2506 5523 2746 5592 agendis,
2797 5523 2892 5578 sed
2921 5522 2975 5580 in
3003 5523 3284 5580 audiendis
3322 5526 3489 5580 etiam
3525 5527 3661 5581 viris

401 5625 546 5682 orbis
582 5620 693 5675 fere
729 5617 894 5672 totius
933 5615 1383 5687 eloquentissimis
1419 5613 1864 5682 doctissimisque,
1905 5610 2128 5682 Cyrillo,
2167 5612 2362 5668 Acacio
2395 5611 2667 5680 Meliteno,
2699 5612 3000 5678 Theodoto,
3034 5619 3141 5668 etc.
3165 5612 3317 5669 Tunc
3341 5613 3412 5669 de
3437 5615 3662 5685 perdice

401 5713 684 5785 allegorica
710 5710 954 5767 Jeremia:
973 5726 1277 5767 sermonem
1302 5708 1491 5765 habuit
1507 5707 1756 5778 Cyrillus,
1786 5704 1959 5775 deque
1979 5705 2222 5762 laudibus
2249 5705 2468 5774 virginis
2497 5705 2738 5776 Dcipam
2762 5723 2774 5758 :
2808 5713 2935 5760 tunc
2970 5701 3199 5761 Aeacius
3227 5704 3508 5762 Melitenes
3531 5720 3660 5764 ora.
