3904 6272
236 302 324 357 721
732 303 1107 364 ΡΒΕΡΑΤΙΟ
1145 307 1619 373 1N,SECUNDAM
1660 311 1778 368 PAF

1930 316 1935 369 ί
1974 316 2254 374 OPERUM
2294 316 2487 383 MAR"
2528 318 2987 378 MERCATORIS.
3366 326 3472 384 ’122

233 413 429 507 tionem
473 411 607 507 dixit
652 413 719 468 de
745 416 949 507 unitate
974 415 1169 474 Christi
1195 420 1354 489 plane
1382 421 1748 479 admirabilem
1773 444 1787 479 :
1818 433 1945 482 tunc
1974 428 2124 484 lectae
2154 428 2417 486 Theodoti
2444 432 2676 487 homilia:
2704 433 2839 501 dum,
2865 435 3055 504 quibus
3084 435 3214 490 nihil
3240 452 3339 507 par
3362 445 3475 495 tam

232 503 433 558 erudito
454 504 646 560 saeculo
673 506 929 576 scriptum
954 515 1053 562 est.

293 598 371 652 llli
400 597 501 668 ipsi
528 597 634 653 duo
660 598 841 653 eximii
873 600 1129 672 episcopi,
1163 601 1469 660 Theodotus
1498 605 1722 678 Ancyrae
1750 614 1806 663 et
1842 607 2065 665 Aeacius
2092 611 2385 681 Melitenes,
2413 629 2513 684 pro
2548 616 2766 686 antiqua
2789 617 3109 673 necessitate
3146 619 3327 674 conati
3354 627 3479 677 sunt

229 691 525 749 NeStorium
552 690 833 760 colloquiis
860 692 1122 749 adducere
1150 694 1218 749 ad
1245 712 1584 753 communem
1609 713 1731 754 cum
1760 698 1996 757 Ecclesia
2035 706 2375 772 sententiam,
2430 706 2525 761 scd
2569 705 2762 763 frustra
2800 727 2814 761 :
2856 724 2980 763 nam
3010 708 3188 763 triduo
3228 718 3355 765 ante
3397 711 3481 765 in-

228 783 471 838 choatam
498 779 762 850 synodum
802 781 1118 836 audiverunt
1162 784 1229 838 ab
1254 798 1320 839 eo
1360 785 1552 855 impias
1592 788 1709 843 illas
1745 804 1922 855 voces,
1964 805 2082 858 qua:
2122 793 2329 848 cunctis
2356 803 2546 864 postea
2574 797 2856 852 horrorem
2883 797 3161 853 fecerunt:
3193 798 3359 852 Deum
3385 817 3479 871 ego

229 878 528 938 bimestrem,
555 883 643 926 aut
664 876 967 928 trimestrem
990 892 1090 930 non
1111 877 1243 944 colo,
1267 894 1359 931 nec
1379 895 1493 933 eum
1521 882 1605 951 qui
1628 883 1757 953 fugit
1774 884 1829 936 in
1849 883 2157 956 Egyptum.
2184 886 2517 942 Audiverunt
2538 897 2593 944 et
2611 890 2709 946 has
2730 890 2863 946 alias
2881 891 2950 945 ab
2971 891 3137 961 ipsius
3157 891 3475 948 comitibus:

225 967 365 1022 Alius
379 976 455 1020 est
479 968 565 1038 qui
589 983 791 1038 passus,
814 966 946 1021 alius
973 969 1059 1036 qui
1088 966 1310 1023 Verbum
1330 968 1457 1035 Dei;
1483 980 1533 1025 et
1557 970 1729 1026 Judtei
1758 975 2013 1030 hominem
2043 979 2429 1048 crucifixerunt,
2454 996 2557 1035 non
2580 979 2764 1036 Deum.

288 1058 424 1114 Cum
450 1059 517 1115 de
542 1059 882 1115 cunctatione
905 1059 1127 1116 Joannis
1154 1071 1510 1131 quererentur
1536 1062 1724 1120 Patres
1752 1065 1893 1135 apud
1919 1067 2054 1124 duos
2083 1071 2365 1141 episcopos
2394 1072 2462 1128 ab
2491 1074 2607 1145 ipso
2640 1076 2963 1146 praemissos,
2989 1076 3233 1131 dixerunt
3258 1076 3337 1132 illi
3375 1092 3487 1132 non

224 1154 394 1220 κπιει,
424 1152 516 1208 sed
541 1154 728 1223 swpius
751 1168 770 1206 .'
800 1169 1064 1208 IANDAVIT
1092 1170 1267 1220 NOBIS,
1300 1171 1369 1211 UT
1398 1172 1610 1212 PIETATI
1637 1173 1858 1214 γεδτιιις
1898 1176 2175 1217 INDICEMUS
2212 1179 2279 1217 NE
2316 1179 2551 1221 SYNODUI
2594 1182 2943 1235 PROROGETIS,
2986 1184 3035 1224 SI
3070 1185 3223 1224 IPSUI
3259 1184 3484 1225 Δυιιυι

226 1261 465 1303 manus
494 1259 836 1312 CONTIGERIT;
867 1260 963 1300 εει)
984 1262 1187 1313 νοτ-ωε,
1219 1264 1356 1313 quon
1378 1264 1508 1305 osus
1528 1266 1625 1306 ss-r
1655 1262 1843 1318 rscro,
1874 1271 1925 1308 ω
1946 1272 2088 1310 rm.
2120 1257 2246 1311 Cum
2274 1259 2382 1313 [nec
2409 1260 2485 1314 illi
2510 1265 2908 1330 renuntiassent,
2941 1274 3174 1336 certoque
3201 1273 3480 1329 constaret,

226 1346 324 1391 tam
345 1353 412 1390 ea:
437 1352 583 1429 mora
602 1351 753 1407 quam
771 1352 836 1391 ex
859 1338 925 1391 iis
944 1353 1058 1410 qua:
1085 1341 1323 1393 nuntiata
1351 1343 1558 1412 fuerant
1576 1344 1734 1413 ipsius
1756 1347 1981 1413 nomine,
2004 1365 2118 1403 eum
2148 1350 2430 1406 detrectare
2458 1368 2781 1421 consessum;
2810 1356 2889 1411 vel
2929 1357 3064 1427 quod
3092 1358 3335 1412 amicitia
3372 1372 3487 1429 qut:

223 1431 317 1502 ipsi
339 1446 456 1483 cum
483 1426 723 1483 Nestorio
741 1429 1087 1484 intercedebat
1106 1431 1426 1504 indulgeret;
1461 1436 1537 1490 vel
1557 1436 1693 1508 quod
1724 1440 1769 1491 is
1798 1436 2049 1494 Ecclesia:
2075 1458 2183 1496 sua:
2212 1444 2365 1513 fuerit
2399 1444 2650 1510 clericus;
2682 1446 2761 1500 vel
2787 1426 2949 1500 etiam,
2987 1446 3123 1518 quod
3150 1426 3487 1517 quorumdam

223 1522 425 1668 prloeli’llo
447 1520 885 1627 deprecationibus
906 1539 1099 1578 morem
1118 1535 1333 1595 gereret,
1351 1536 1532 1581 sancta
1552 1528 1778 1599 synodus
1797 1530 1853 1584 in
1874 1548 2063 1603 magna
2088 1532 2283 1604 Ephesi
2302 1535 2535 1603 ecclesia,
2552 1553 2667 1609 quis
2684 1537 2977 1609 appellatur
2994 1536 3188 1605 Maria,
3209 1540 3487 1594 sessionem

224 1631 276 1668 ce
359 1624 509 1668 rauit.

224 1624 509 1669 celebrauit.

288 1700 426 1758 Cum
453 1714 581 1770 ergo
610 1702 858 1759 Patribus
896 1703 1202 1761 condictum
1231 1715 1373 1762 esset
1399 1707 1466 1763 ad
1504 1706 1801 1765 Ecclesiam
1850 1726 1969 1781 quae
2016 1713 2181 1770 Maria
2210 1715 2487 1773 dicebatur
2515 1717 2787 1790 (sanctam
2833 1729 2889 1775 et
2925 1718 3206 1790 Deiparam
3243 1725 3493 1775 vocatam

222 1795 433 1851 videtur
457 1794 653 1852 docere
669 1795 956 1869 Cyrillus),
980 1799 1135 1869 petiit
1153 1798 1431 1856 Nestorius
1458 1802 1655 1871 aperiri
1682 1803 1793 1859 suis
1821 1805 2101 1861 ecclesiam
2137 1809 2309 1864 sancti
2336 1810 2566 1880 apostoli
2591 1808 2831 1875 Joannis,
2862 1811 2953 1865 ubi
3000 1810 3359 1867 considerent.
3388 1806 3494 1863 Ne-

224 1889 369 1958 gavit
387 1889 637 1945 Memnon
664 1887 1018 1960 Ephesiorum
1040 1890 1343 1961 episcopus,
1367 1891 1679 1963 obstititque
1712 1895 1863 1965 plebs
1889 1894 2094 1965 Virgini
2120 1898 2347 1967 devota;
2378 1908 2434 1956 et
2470 1901 2597 1957 hinc
2633 1901 2865 1970 querelae
2904 1901 3212 1970 frequenter
3239 1900 3491 1965 Nestorii,

222 1984 377 2053 quasi
404 1997 502 2053 per
526 1981 844 2038 seditionem
865 1981 1111 2052 repulsus
1139 1991 1300 2038 esset.
1334 1982 1505 2054 Hujus
1537 1993 1694 2041 tanta:
1719 1987 2005 2054 seditionis,
2032 1990 2223 2058 inquit,
2246 2001 2426 2046 auctor
2444 2000 2493 2047 et
2521 1994 2890 2063 antesignanus
2921 1992 3020 2063 fuit
3046 1990 3292 2045 Memnon
3317 1988 3495 2060 Ephe-

223 2076 420 2129 siorum
438 2076 736 2146 episcopus;
757 2075 839 2128 hic
857 2076 1044 2129 etenim
1072 2084 1280 2129 sanctas
1301 2076 1564 2143 ecclesias,
1588 2087 1977 2151 sanctorumque
1994 2090 2279 2152 martyrum
2302 2081 2457 2148 cedes,
2482 2091 2533 2137 et
2551 2092 2939 2137 sacrosanctam
2974 2081 3197 2153 apostoli
3225 2080 3495 2134 basilicam

222 2165 373 2221 nobis
402 2166 680 2237 praeclusit,
706 2176 763 2219 ut
798 2182 959 2237 neque
978 2166 1233 2221 hostiliter
1260 2169 1471 2238 agitatis
1500 2170 1789 2240 perfugium
1804 2170 1972 2225 ullum
2000 2171 2069 2226 ad
2095 2190 2183 2228 eas
2211 2182 2412 2245 pateat;
2442 2174 2523 2230 his
2551 2192 2667 2230 vero
2695 2191 2940 2246 magnam
2972 2174 3239 2231 ecclesiam
3275 2172 3498 2243 aperuit,

223 2257 563 2328 idoneamque
591 2258 849 2311 consessui
876 2256 1047 2311 sedem
1074 2255 1262 2311 ibidem
1282 2260 1626 2329 praeparavit;
1654 2261 1800 2314 nobis
1829 2270 2000 2317 autem
2027 2264 2260 2318 omnibus
2288 2274 2503 2319 mortem
2527 2274 2604 2320 est
2628 2266 3011 2319 interminatus.

298 2349 456 2405 Actio
474 2348 645 2417 prima
667 2348 746 2404 sic
765 2362 825 2403 se
850 2348 1052 2402 habuit.
1082 2347 1281 2403 Diebus
1308 2348 1580 2404 sexdecim
1600 2358 1724 2420 post
1752 2351 1895 2406 diem
1915 2354 2221 2409 condictum
2241 2356 2309 2410 ab
2333 2356 2677 2425 imperatore,
2701 2371 2823 2410 cum
2837 2357 3031 2411 citatus
3051 2354 3286 2422 legitime
3312 2351 3503 2408 fuisset

225 2438 524 2505 Nestorius,
551 2439 645 2509 qui
672 2441 856 2494 venire
885 2438 1074 2505 noluit,
1097 2438 1236 2493 lecta
1265 2447 1349 2494 est
1377 2440 1608 2509 primum
1638 2440 1770 2497 lides
1797 2441 2024 2497 Nicena:
2051 2445 2273 2515 synodi;
2300 2453 2412 2500 tum
2440 2461 2593 2501 sacra
2618 2446 2990 2516 imperatoris;
3023 2442 3362 2515 postmodum
3381 2441 3501 2511 epi-

222 2531 371 2586 stola
399 2530 634 2585 secunda
663 2527 847 2599 Cyrilli
875 2528 943 2582 ad
969 2527 1295 2594 Nestorium,
1332 2528 1567 2584 Nestorii
1594 2529 1828 2586 secunda
1855 2532 1923 2587 ad
1955 2530 2243 2604 Cyrillum;
2283 2535 2476 2590 deinde
2518 2533 2792 2591 Caelestini
2836 2535 2904 2591 ad
2946 2534 3249 2590 Nestorium
3286 2533 3500 2595 litterae.

223 2621 525 2695 Cyrillique
563 2622 959 2678 denuntiatorla
987 2636 1110 2675 cum
1137 2621 1621 2689 anathematismis;
1652 2623 1869 2678 tandem
1912 2635 2167 2696 excerpta
2196 2641 2265 2683 ex
2302 2627 2452 2683 libris
2488 2627 2753 2695 Nestorii;
2805 2628 3181 2696 contrariaque
3220 2623 3505 2681 duodecim

224 2716 454 2771 Patrum
484 2713 845 2783 antiquiorum
872 2710 1200 2766 testimonia.
1233 2711 1472 2781 Denique
1491 2722 1615 2783 post
1654 2714 1847 2768 lectam
1873 2713 2123 2784 Capreoli
2147 2714 2582 2785 Carthaginensis
2609 2716 2895 2787 epistolam
2932 2715 3002 2771 ad
3041 2713 3326 2786 synodum,
3354 2710 3505 2765 occi-

224 2803 400 2859 dente
416 2802 525 2872 jam
548 2803 680 2868 sole,
711 2802 819 2855 lata
847 2811 926 2855 est
946 2800 1002 2854 in
1026 2808 1417 2866 contumacem,
1448 2800 1800 2872 depositionis
1828 2810 1988 2872 atque
2017 2806 2581 2861 excommunicationis
2601 2807 2705 2862 ista
2726 2806 3012 2862 sententia.
3047 2804 3244 2858 Sancta
3276 2800 3505 2873 synodus

224 2893 412 2948 dixit:
444 2890 570 2947 Cum
596 2900 786 2978 prater
812 2899 998 2946 caetera
1026 2891 1362 2960 impiissimus
1385 2888 1683 2954 Nestorius,
1707 2908 1868 2963 neque
1895 2903 2087 2948 nostra:
2109 2896 2344 2949 citationi
2368 2913 2569 2966 parere,
2605 2913 2764 2969 neque
2790 2897 3144 2950 sanctissimos
3168 2892 3505 2964 religiosissi-

222 3005 448 3061 mosque
473 2989 737 3059 episcopos
765 3004 797 3040 a
818 2986 964 3040 nobis
991 2985 1275 3038 destinatos
1297 2984 1564 3039 admittere
1584 2986 1817 3053 voluerit,
1850 3002 1951 3041 non
1974 2988 2229 3058 potuimus
2259 2988 2327 3041 ad
2352 3006 2529 3043 eorum
2556 3006 2669 3061 qua:
2686 2991 2841 3060 impie
2869 2989 3042 3043 docuit
3068 2986 3508 3041 examinationem

227 3085 470 3138 animum
493 3096 597 3135 non
618 3081 917 3152 adjungere.
942 3077 1389 3149 Deprehendentes
1410 3079 1597 3149 itaque,
1621 3079 1808 3148 partim
1830 3096 1895 3133 ex
1919 3080 2102 3134 litteris
2137 3083 2612 3154 commentariisque
2638 3083 2818 3153 ipsius,
2868 3082 3058 3151 partim
3085 3096 3150 3132 ea:
3187 3071 3505 3132 sermonibus

227 3188 365 3244 quos
394 3172 687 3242 nuperrime
712 3171 769 3223 in
795 3169 892 3223 hac
920 3166 1261 3239 Ephesiorum
1289 3169 1557 3239 metropoli
1586 3168 1780 3233 habuit,
1825 3171 2006 3241 quique
2048 3173 2348 3227 testimoniis
2393 3175 2634 3243 comperti
2672 3183 2811 3238 sunt,
2842 3172 2989 3226 illum
3044 3171 3199 3241 impie
3243 3169 3433 3223 sentire
3456 3175 3510 3219 et

230 3263 544 3335 praedicare,
576 3261 739 3315 coacti
777 3277 868 3331 per
905 3275 1081 3314 sacros
1117 3274 1336 3313 canones
1373 3268 1423 3312 et
1458 3260 1726 3330 epistolam
1768 3263 2082 3317 sanctissimi
2112 3266 2290 3333 fratris
2320 3265 2484 3319 nostri
2510 3275 2561 3318 et
2584 3266 2921 3319 comministri
2945 3262 3203 3318 Ctelestini
3254 3259 3507 3315 Romam:

231 3353 493 3408 Ecclesia:
517 3352 762 3423 episcopi,
790 3350 1029 3420 lacrymis
1049 3349 1265 3403 subinde
1291 3351 1508 3421 perfusi,
1541 3350 1610 3402 ad
1637 3350 1901 3421 lugubrem
1930 3352 2062 3405 hanc
2090 3362 2272 3407 contra
2292 3371 2406 3407 eum
2432 3356 2740 3407 sententiam
2760 3355 3049 3408 necessario
3069 3353 3314 3406 venimus.
3336 3347 3508 3420 Igitur

232 3443 499 3500 Dominus
524 3452 697 3497 noster
714 3441 864 3496 Jesus
893 3439 1144 3507 Christus,
1176 3458 1323 3514 quem
1354 3444 1461 3496 suis
1493 3441 1581 3495 ille
1608 3441 1916 3513 blasphemis
1954 3444 2157 3498 vocibus
2192 3446 2456 3515 impetivit,
2506 3462 2597 3515 per
2645 3446 3023 3498 sanctissimam
3079 3443 3209 3496 hanc
3255 3438 3509 3510 synodum

232 3536 475 3591 eumdem
503 3534 804 3590 Nestorium
831 3534 1109 3605 episcopali
1159 3532 1409 3604 dignitate
1447 3535 1700 3603 privatum
1752 3542 1803 3587 et
1845 3532 1911 3586 ab
1955 3537 2189 3589 universo
2230 3534 2551 3590 sacerdotum
2601 3536 2855 3592 consortio
2883 3543 2932 3588 et
2977 3542 3105 3588 coetu
3133 3531 3357 3585 alienum
3400 3542 3514 3583 esse

234 3627 448 3697 deﬁnit.
3525 3642 3533 3669 ι

308 3716 446 3771 Haec
474 3715 663 3770 eadem
684 3713 951 3769 sententia
978 3713 1236 3784 postridie
1262 3711 1559 3782 signiﬁcata
1580 3720 1662 3767 est
1691 3713 1744 3766 in
1764 3713 1908 3768 hunc
1936 3714 2153 3768 modum
2178 3734 2191 3768 :
2225 3715 2424 3770 Sancta
2453 3716 2677 3787 synodus
2707 3715 2805 3769 Dei
2828 3715 2999 3786 gratia
3020 3714 3175 3783 juxta
3197 3710 3515 3782 religiosissi-

233 3822 450 3861 morum
478 3804 1117 3874 christianissimorumque
1139 3804 1503 3873 imperatorum
1532 3810 1822 3855 nostrorum
1851 3810 2096 3855 statutum
2124 3804 2178 3856 in
2208 3801 2550 3874 Ephesiorum
2580 3803 2853 3873 metropoli
2891 3809 3220 3871 congregata,
3267 3796 3513 3852 Nestorio

234 3910 373 3948 novo
392 3892 574 3947 lude.
598 3893 832 3963 Agnosce
861 3901 908 3945 te
923 3898 1130 3963 propter
1150 3892 1338 3962 impias
1357 3890 1749 3961 praedicationes
1778 3900 1891 3944 tuas
1921 3900 1970 3944 et
2002 3892 2272 3947 adversum
2304 3910 2523 3948 canones
2564 3894 2963 3956 contumaciam,
3004 3892 3244 3961 vigesimo
3283 3887 3511 3942 secundo

236 3985 324 4039 die
342 3986 542 4039 mensis
573 3982 718 4038 Junii
746 3984 1029 4054 praesentis,
1073 3983 1228 4053 juxta
1257 3980 1718 4035 ecclesiasticarum
1743 3983 2067 4037 sanctionum
2107 3984 2328 4055 decreta,
2357 4001 2392 4039 a
2434 3993 2616 4038 sancta
2642 3983 2838 4054 synodo
2893 3982 3197 4053 depositum,
3248 3988 3399 4051 atque
3447 3978 3514 4032 ab

236 4079 386 4133 omni
418 4076 765 4131 ecclesiastico
781 4074 947 4147 gradu
966 4073 1192 4128 alienum
1219 4089 1349 4127 esse.
2161 4090 2172 4137 ε
3438 4118 3439 4121 η
3531 4067 3537 4116 i

308 4167 396 4223 Eo
444 4168 562 4236 ipso
598 4165 687 4221 die
724 4164 1084 4220 Candidianus
1122 4178 1306 4219 comes
1342 4163 1527 4218 retulit
1555 4162 1621 4218 ad
1652 4163 2033 4232 imperatorem
2060 4164 2127 4219 de
2165 4164 2330 4233 gestis
2355 4164 2408 4218 in
2437 4163 2697 4230 concilio;
2737 4162 2922 4218 retulit
2944 4170 3000 4217 et
3026 4160 3321 4225 Nestorius,
3353 4174 3440 4214 am

238 4258 621 4315 mendaciter:
648 4256 744 4311 sed
765 4263 946 4311 tamen
973 4256 1067 4321 ita,
1094 4260 1154 4308 ut
1182 4253 1417 4308 animum
1448 4252 1734 4307 Theodosii
1752 4252 1861 4321 jam
1892 4268 2121 4324 pronum
2150 4254 2204 4308 in
2232 4253 2555 4319 Nestorium,
2587 4260 2643 4309 et
2681 4267 2927 4307 aversum
2955 4267 2987 4306 a
3030 4249 3230 4324 Cyrillo
3277 4263 3518 4306 commo-

238 4357 446 4408 verent
472 4349 525 4404 in
552 4356 722 4404 totam
757 4347 1039 4419 synodum.
1072 4345 1239 4402 Periit
1279 4343 1593 4401 Candidiani
1634 4344 1859 4411 relatio;
1885 4343 2049 4400 fuisse
2070 4353 2249 4401 tamen
2276 4346 2496 4401 omnino
2521 4358 2813 4399 consonam
2834 4341 3081 4398 relationi
3106 4339 3356 4403 Nestorii,
3386 4353 3520 4394 con-

241 4450 354 4499 stat
375 4456 453 4496 ex
479 4454 633 4496 sacra
677 4452 776 4508 per
815 4436 1109 4491 Palladium
1135 4438 1203 4492 ab
1232 4436 1556 4506 imperatore
1584 4434 1765 4489 missa.
1798 4434 2078 4490 Nestorius
2114 4450 2277 4506 porro
2300 4443 2520 4504 questus
2548 4441 2648 4500 est,
2671 4433 2817 4504 quod
2838 4440 3016 4503 spreta
3039 4431 3261 4487 fuissent
3288 4430 3521 4499 impera-

243 4532 385 4588 toris
412 4530 701 4596 mandata;
733 4529 877 4599 quod
899 4537 1187 4599 occupatus
1213 4527 1435 4583 Joannis
1459 4526 1778 4582 Antiocheni
1800 4525 2091 4594 adventus;
2123 4528 2266 4597 quod
2296 4528 2476 4583 clausa
2504 4528 2605 4583 sibi
2634 4526 2849 4595 suisque
2870 4525 3098 4581 ecclesia
3126 4540 3157 4578 a
3196 4522 3513 4585 Memnone;

245 4624 398 4695 quod
429 4638 465 4678 a
488 4623 695 4679 clericis
721 4630 777 4678 et
800 4622 1076 4679 monachis
1100 4622 1181 4677 vis
1208 4623 1319 4677 suis
1346 4621 1525 4685 illata;
1554 4618 1697 4690 quod
1727 4620 1960 4689 denique
1988 4620 2168 4675 omnia
2205 4621 2518 4690 perturbate
2559 4620 2921 4688 seditioseque
2956 4625 3269 4687 gererentur
3306 4633 3318 4667 :
3350 4628 3520 4682 quare

246 4713 357 4768 ὼο
388 4711 555 4766 enixe
587 4711 921 4781 postulabat;
953 4710 1197 4775 alterum,
1226 4709 1524 4775 retractari,
1555 4723 1674 4779 qua:
1702 4709 1841 4764 facta
1861 4708 2102 4776 fuerant;
2145 4710 2390 4776 alterum,
2421 4708 2647 4765 formam
2684 4711 2823 4764 hanc
2851 4707 3107 4763 habendae
3151 4704 3341 4777 synodi
3383 4719 3522 4774 praev-

248 4801 442 4864 scribi,
476 4805 536 4853 ut
552 4798 773 4868 singulis
799 4799 1153 4869 metropolitis
1193 4798 1300 4854 duo
1325 4806 1529 4853 tantum
1574 4800 1813 4869 episcopi
1856 4798 2125 4855 adessent.
2156 4798 2214 4855 ld
2242 4800 2467 4868 urgebat
2492 4800 2618 4856 dolo
2646 4800 2806 4864 malo,
2837 4798 3036 4869 quippe
3084 4810 3193 4851 non
3218 4796 3435 4862 ignarus
3465 4795 3521 4849 in

249 4897 500 4967 Egypto
528 4891 897 4962 metropolitas
923 4906 1030 4948 non
1058 4904 1197 4956 esse,
1224 4890 1445 4961 perinde
1464 4905 1528 4945 ac
1546 4891 1603 4945 in
1629 4888 1847 4946 Oriente
1872 4899 1927 4947 et
1948 4892 2002 4947 in
2030 4892 2173 4958 Asia,
2205 4889 2558 4961 Thraciaque,
2597 4898 2653 4946 et
2679 4890 2899 4959 reliquis
2926 4887 3225 4946 faventibus
3250 4885 3352 4942 sibi
3378 4884 3517 4943 dim-

250 4990 494 5042 cesibus.

324 5079 541 5135 Eodem
567 5077 655 5132 die
674 5075 908 5148 synodus
944 5074 1157 5146 scripsit
1181 5073 1539 5130 illustrissimo
1570 5071 1835 5130 Euchario
1863 5073 2114 5131 Ecclesiae
2145 5072 2749 5143 Constantinopolitanae
2776 5071 3063 5137 defensori,
3091 5067 3523 5141 presbyteriqu

250 5180 307 5226 et
334 5170 661 5234 (nconomis,
690 5182 753 5223 ac
780 5168 899 5222 aliis
925 5166 1133 5223 clericis
1152 5166 1493 5221 brevissimas
1519 5164 1742 5233 litteras,
1773 5165 1967 5234 quibus
1993 5166 2201 5221 monuit
2222 5165 2524 5236 depositum
2551 5179 2670 5220 esse
2696 5162 3021 5228 Nestorium,
3056 5169 3112 5217 et
3141 5158 3367 5230 proinde
3404 5170 3523 5212 om-

251 5266 365 5330 nia,
401 5281 526 5324 (tua:
554 5265 623 5321 ad
642 5264 938 5321 Ecclesiam
966 5267 1296 5335 pertinerent
1320 5261 1685 5327 custodienda,
1708 5261 1882 5317 donec
1901 5261 2104 5317 electus
2139 5269 2282 5316 esset
2309 5260 2613 5331 episcopus,
2642 5258 2729 5315 cui
2755 5257 2896 5311 ratio
2924 5262 3241 5309 cunctorum
3270 5248 3525 5305 reddere-

254 5368 365 5414 tur.
392 5357 626 5427 Scripsit
652 5373 757 5412 una
777 5357 1006 5439 Cyrillus
1025 5353 1285 5410 Dalmatia
1314 5352 1761 5419 archimandritas,
1793 5353 2010 5421 suisque
2036 5349 2501 5420 Constantinopoli
2528 5346 2736 5418 positis,
2762 5354 2823 5401 ut
2849 5344 3209 5412 intelligerent
3234 5339 3362 5410 quid
3379 5339 3522 5396 facto

254 5449 404 5505 foret
434 5466 572 5519 opus
598 5450 653 5504 in
673 5450 775 5505 hac
798 5430 979 5505 rerum
997 5446 1343 5503 conversione
1363 5460 1426 5499 ac
1444 5443 1864 5514 perturbatione,
1889 5442 2145 5496 moliente
2165 5441 2371 5495 scilicet
2396 5437 2747 5502 Candidiano,
2776 5450 2845 5490 ne
2875 5447 3057 5489 verum
3085 5430 3397 5502 imperatori
3425 5443 3525 5499 ps-

253 5546 425 5594 teret.
463 5536 735 5604 Quoniam,
765 5548 823 5593 ut
848 5537 1091 5602 intellexi,
1117 5535 1305 5603 inquit,
1330 5535 1600 5588 relationes
1622 5550 1654 5587 a
1673 5534 2184 5604 magniﬁcentissimo
2213 5532 2396 5586 comite
2420 5528 2740 5583 Candidiano
2766 5527 2952 5581 delata:
2973 5532 3110 5590 sunt,
3138 5525 3276 5577 cauti
3297 5539 3359 5577 ac
3393 5522 3527 5593 oigi~

255 5628 437 5683 iaittes
467 5637 641 5693 estote,
673 5646 732 5682 ac
752 5629 925 5682 docete
944 5627 1329 5681 commentarios
1358 5642 1525 5679 rerum
1545 5626 1599 5679 in
1629 5622 1860 5679 Nestorii
1889 5624 2204 5694 depositione
2231 5631 2487 5693 gestarum
2516 5621 2743 5675 nondum
2778 5619 3002 5690 perfecte
3040 5618 3345 5687 perscriptas
3373 5629 3522 5669 esse:

257 5719 407 5775 unde
438 5736 504 5772 ne
522 5720 590 5773 ad
615 5720 877 5789 religiosos
898 5717 1099 5787 quidem
1116 5718 1422 5788 victoresque
1440 5718 1767 5787 imperatores
1789 5723 1991 5772 nostros
2019 5715 2337 5780 relationem,
2362 5730 2475 5782 quae
2494 5714 2625 5767 mitti
2648 5711 2810 5776 debet,
2835 5710 3000 5765 adhuc
3019 5710 3218 5765 mittere
3236 5709 3520 5779 potuimus;
