3960 6272
389 291 488 348 725
896 293 1262 349 PREFATIO
1300 291 1368 346 IN
1407 289 1773 346 SECUNDAM
1815 287 2092 344 PARTEM
2133 285 2415 346 OPERUM
2456 283 2648 342 MAR”
2686 283 3144 352 MERCATOBIS.
3523 284 3635 340 ’ἵει

393 412 444 461 ιι
460 403 569 459 Deo
591 405 715 458 bene
737 407 936 475 favente
961 419 1066 459 una
1089 419 1202 459 cum
1231 403 1607 458 commentariis
1630 402 1875 462 mittetur,
1900 403 1943 453 si
1965 397 2114 452 modo
2137 399 2281 452 nobis
2309 397 2508 458 mittere
2527 396 2680 452 liceat
2699 397 2786 466 qui
2805 397 3031 468 perferre
3049 401 3218 465 queat.
3251 392 3399 457 Quod
3423 396 3467 447 si
3497 408 3647 447 catu-

395 498 750 560 aentariorttm
773 506 823 553 et
847 498 1115 552 relationis
1144 497 1298 551 series
1329 494 1628 558 tardaverit,
1653 493 1829 546 sciatis
1858 508 1948 545 nos
1969 491 2237 562 quominus
2256 489 2516 542 mittamus
2545 487 2802 558 impediri.

452 586 759 642 Habebatur
785 587 1078 642 Dalmatius
1105 603 1169 642 ea
1201 592 1516 654 tempestate
1545 583 1782 637 omnium
1813 581 2197 636 monachorum
2225 579 2611 644 sanctissimus,
2641 584 2702 630 ut
2729 575 2819 644 qui
2847 581 2990 629 totos
3016 573 3369 642 quadraginta
3395 581 3518 628 octo
3551 590 3655 627 an-

409 689 486 751 ps
512 677 844 734 monasterio
873 676 1063 745 pedem
1085 689 1193 730 non
1215 674 1513 736 extulisset,
1545 673 1815 740 vitamque
1855 676 2038 739 ageret
2066 667 2318 737 angelicae
2346 682 2548 738 parem.
2582 665 2704 720 Fuit
2730 673 2910 720 autem
2936 662 3138 735 Cyrillo
3165 663 3406 728 addicam
3433 664 3486 720 in
3514 677 3656 733 pau-

511 764 710 825 Cbristi
733 768 910 824 studio
936 767 1207 822 communi
1231 766 1375 821 viros
1394 771 1610 821 sanctos
1639 761 2014 832 conjungentc,
2049 774 2219 830 eoque
2247 759 2563 814 administro
2592 758 2734 814 Deus
2753 773 2868 813 rem
2897 756 3139 813 omnium
3162 755 3527 812 difﬁcillimam
3561 758 3658 812 ab-

381 857 564 925 solvit,
598 865 657 911 ut
685 867 871 926 postea
891 858 1120 913 dicetur.

455 953 658 1020 Quibus
678 964 807 1006 vero
831 949 944 1006 suis
961 949 1234 1019 scripserit
1259 947 1507 1019 Cyrillus,
1537 947 1696 1002 docet
1723 946 2018 1000 litterarum
2048 943 2325 1014 inscriptio
2343 985 2358 1012 ,
2401 940 2634 998 Macario
2663 953 2712 998 et
2740 942 3037 997 Potamioni
3063 943 3312 1013 episcopis
3335 983 3352 1008 ,
3398 941 3664 998 Timotheo

384 1053 434 1098 et
459 1043 681 1116 Eulogio
708 1043 1055 1115 presbyteris;
1085 1051 1144 1096 ut
1171 1041 1295 1097 inde
1323 1056 1515 1111 arguas
1541 1041 1831 1096 Baronlum
1860 1041 2170 1111 opinantem
2201 1037 2490 1096 Macarium
2529 1047 2583 1096 et
2610 1038 2984 1095 Potamionem
3025 1055 3135 1096 non
3163 1039 3328 1096 fuisse
3352 1038 3660 1108 episcopos.

382 1131 468 1186 Ex
505 1140 739 1204 quatuor
767 1133 930 1202 igitur
957 1131 1225 1204 Egyptiis
1251 1133 1518 1202 episcopis
1540 1171 1554 1196 ,
1587 1133 1656 1187 ab
1695 1130 2056 1186 Alexandrina
2085 1131 2292 1203 synodo
2327 1125 2394 1196 ad
2423 1131 2728 1190 Nestorium
2755 1131 3279 1202 Constantinopolim
3301 1131 3510 1196 missis,
3558 1131 3667 1185 duo

387 1221 661 1302 Ephesum
677 1225 742 1279 ad
762 1225 1049 1287 concilium
1066 1225 1293 1294 profecti
1308 1232 1450 1289 sunt,
1469 1224 1869 1294 Theopemptus
1881 1230 1934 1278 et
1953 1223 2138 1278 Daniel
2157 1241 2170 1290 ;
2189 1223 2295 1277 duo
2317 1223 2668 1280 substiterunt
2684 1222 3171 1292 Constantinopoli,
3188 1224 3256 1278 ad
3277 1239 3366 1278 res
3379 1221 3662 1286 curandas,

387 1311 648 1374 Macarius
676 1323 730 1386 et
757 1313 1041 1373 Potamion
1065 1334 1079 1370 :
1102 1315 1357 1384 Eulogius
1385 1330 1515 1370 vero
1543 1315 1589 1368 is
1612 1315 1727 1382 ipse
1755 1321 1838 1368 est
1865 1313 1932 1367 ad
1956 1328 2118 1382 quem
2147 1313 2616 1374 commonitorium
2639 1330 2675 1368 a
2698 1313 2898 1388 Cyrillo
2922 1314 3106 1372 datum
3131 1322 3317 1383 postea
3335 1313 3566 1368 dicetur.

429 1410 432 1413 “
459 1406 760 1480 Antequam
787 1406 1065 1465 adveniret
1089 1406 1325 1472 Joannes
1361 1405 1728 1460 Antiochenus
1749 1419 1870 1459 cum
1899 1405 2029 1470 suis,
2063 1403 2279 1458 advenit
2307 1413 2486 1460 autem
2508 1414 2631 1475 post
2653 1407 2890 1475 quinque
2917 1406 3034 1462 dies
3055 1421 3086 1460 a
3115 1405 3452 1475 depositione
3473 1403 3668 1460 Nesto-

389 1495 478 1564 rii,
501 1496 685 1571 retulit
702 1497 940 1568 synodus
961 1497 1030 1553 ad
1051 1498 1434 1568 imperatorem
1462 1496 1532 1550 de
1558 1497 1720 1549 rebus
1748 1493 1945 1563 Ephesi
1985 1495 2151 1562 gestis
2168 1537 2182 1560 ,
2227 1493 2546 1566 scripsitque
2575 1496 2640 1550 ad
2669 1497 2874 1552 clerum
2900 1496 3264 1570 populumque
3289 1494 3671 1552 Constantino-

388 1585 691 1656 politanum
718 1587 786 1644 de
811 1586 1046 1653 Nestorii
1072 1587 1437 1642 damnatione.
1469 1584 1696 1653 Scripsit
1723 1584 1886 1638 etiam
1914 1591 2043 1638 tunc
2078 1584 2335 1652 tempbri's
2376 1583 2442 1637 ad
2483 1581 2903 1638 Alexandrinum
2940 1584 3143 1639 clerum
3185 1584 3579 1654 p0pulumque,
3619 1591 3673 1637 et

393 1665 579 1736 Patres
602 1681 989 1736 monachorum
1008 1679 1254 1752 Cyrillus,
1279 1680 1372 1749 qui
1401 1688 1456 1734 et
1481 1679 1668 1733 habuit
1688 1692 1993 1733 sermonem
2020 1677 2087 1731 ad
2115 1675 2321 1743 Patres,
2346 1677 2451 1742 die,
2476 1685 2535 1734 ut
2563 1677 2774 1748 opinor,
2805 1676 2876 1731 B3
2895 1675 3057 1744 Junii,
3089 1691 3212 1742 mnu
3241 1685 3448 1747 septem
3469 1692 3502 1731 e
3528 1675 3672 1731 schi-

660 1774 728 1830 ad
755 1779 998 1832 sanctam
1027 1773 1251 1829 Mariam
1278 1772 1688 1837 descenderunt,
1721 1786 1887 1839 seque
1915 1771 2121 1844 synodo
2150 1769 2527 1838 adjunxerunt.
2552 1767 2830 1834 Sermonis
2862 1768 3074 1824 initium
3101 1777 3184 1826 est
3207 1786 3219 1822 :
3245 1768 3456 1845 saepe,
3482 1771 3586 1844 ὁρῶ
3614 1769 3672 1822 τὸ

391 1865 641 1940 miomne
663 1876 762 1925 τῶν
786 1870 941 1943 δηίων
967 1868 1188 1931 πάντων,
1222 1873 1328 1922 etc.
1359 1864 1558 1921 Habuit
1583 1866 1746 1920 etiam
1768 1863 1929 1918 alium
1958 1863 2046 1918 die
2073 1862 2298 1930 sabbati,
2333 1869 2388 1918 ut
2408 1857 2636 1928 videtur,
2661 1877 2784 1918 cum
2803 1876 3034 1934 synaxes
3054 1869 3360 1934 agerentur,
3391 1868 3676 1932 postquam

397 1955 689 2028 Rheginus,
717 1956 1044 2013 Constantia:
1071 1955 1236 2028 Cypri
1259 1956 1562 2025 episcopus,
1590 1955 1788 2024 aliique
1814 1961 2177 2023 perorassent.

468 2049 675 2106 Eodem
701 2050 912 2111 sabbati
937 2049 1046 2113 die,
1077 2050 1178 2104 sub
1197 2061 1497 2118 vesperam,
1529 2045 1698 2100 adfuit
1725 2061 1845 2100 cum
1873 2045 1984 2099 suis
2007 2041 2243 2099 Joannes
2269 2061 2280 2096 :
2313 2043 2463 2098 missi
2489 2041 2702 2098 fuerant
2730 2057 2765 2102 Va
2793 2039 2999 2113 synodo
3032 2041 3271 2118 episcopi
3297 2056 3422 2106 cum

399 2141 492 2211 qui
519 2141 825 2206 venientem
849 2141 1162 2211 exciperent
1187 2147 1340 2194 extra
1367 2138 1674 2203 civitatem;
1706 2136 1895 2191 unicus
1924 2149 2109 2190 eorum
2131 2131 2360 2204 Cyrillus
2405 2132 2667 2189 admissus
2696 2139 2776 2188 est
2803 2130 2870 2186 ad
2893 2131 3267 2211 complexum;
3299 2131 3482 2186 caeteri
3520 2145 3552 2186 o
3588 2145 3676 2186 sa-

399 2209 658 2302 tiallitibus
685 2232 902 2302 reiecti;
931 2209 1064 2288 nulli
1091 2231 1414 2302 permissum
1441 2227 1634 2299 synodi
1665 2227 1918 2281 mandata
1947 2239 2238 2294 exponere,
2270 2225 2472 2278 irenceo
2503 2223 2701 2277 comite
2729 2221 2860 2292 ipsis
2889 2209 3052 2280 etiam
3080 2222 3349 2294 episcopis
3374 2223 3560 2292 plagas
3582 2221 3678 2282 im-

399 2323 531 2391 poni
552 2339 584 2378 a
605 2324 926 2380 satellitibus
953 2323 1038 2378 vel
1057 2323 1300 2392 iubente,
1329 2321 1416 2376 vel
1444 2321 1809 2391 permittente.
1842 2317 2074 2373 Venerat
2102 2333 2284 2373 comes
2313 2315 2402 2374 ille
2431 2333 2552 2372 cum
2578 2314 2827 2376 Nestorio
2853 2314 3124 2393 Ephesum
3143 2356 3159 2382 ,
3191 2316 3436 2384 ieratque
3459 2314 3677 2372 obviam

397 2407 613 2484 Joanni,
646 2420 703 2477 ut
729 2418 1077 2481 praeverteret
1103 2410 1294 2483 synodi
1315 2410 1539 2479 legatos,
1574 2410 1917 2477 animumque
1948 2405 2267 2464 Antiochcni
2309 2407 2550 2478 episc0pi
2588 2407 2926 2462 exulceraret
2961 2406 3214 2474 adversus
3261 2405 3476 2471 Patres,
3527 2404 3678 2474 Quasi

399 2511 492 2571 aut
509 2503 624 2574 ipse
642 2512 984 2580 contemptus
1007 2511 1170 2569 esset,
1201 2511 1424 2573 propter
1453 2508 1782 2556 maturatum
1815 2500 2121 2568 negotium;
2154 2507 2245 2554 aut
2275 2499 2504 2556 violatus
2541 2496 2810 2554 immerito
2839 2497 3042 2552 amicus
3064 2538 3080 2570 ,
3130 2504 3352 2567 propter
3387 2495 3682 2566 depositio-

398 2611 556 2665 nem;
587 2606 682 2659 aut
708 2598 989 2667 utriusque
1015 2598 1178 2653 sedes
1195 2603 1410 2663 vexata,
1435 2603 1659 2667 propter
1678 2602 1890 2652 veteres
1910 2607 2030 2651 cum
2059 2594 2416 2652 Alexandrina
2446 2596 2766 2654 simultates.

470 2686 570 2744 Ubi
597 2689 830 2757 primum
856 2688 1222 2746 Antiochenns
1249 2699 1410 2743 curru
1437 2687 1687 2753 dissiluit,
1720 2685 1959 2742 nondum
1986 2699 2212 2741 excusso
2253 2685 2492 2755 pulvere,
2526 2687 2703 2755 coegit
2728 2684 2993 2756 synodum
3029 2684 3083 2758 in
3109 2698 3210 2746 suo
3253 2680 3589 2747 diversorio;
3627 2685 3683 2742 ᾳ

397 2790 590 2852 agente
609 2780 944 2838 Candidiano
970 2780 1189 2843 comite,
1221 2780 1316 2848 qui
1341 2786 1536 2834 cuncta
1560 2779 1615 2833 in
1644 2793 1900 2834 consessu
1923 2778 2064 2848 apud
2093 2777 2374 2848 episcOpos
2391 2817 2405 2843 ,
2449 2777 2672 2848 perinde
2700 2786 2861 2846 atque
2908 2777 2962 2830 in
2999 2775 3266 2836 relatione
3292 2772 3361 2836 ad
3389 2772 3678 2841 imperato-

399 2889 536 2938 rem,
567 2874 823 2930 mentitus
850 2880 951 2940 est,
981 2880 1107 2942 post
1134 2872 1390 2926 nonnulla
1419 2887 1488 2926 ex
1511 2871 1827 2941 praescripto
1851 2885 2118 2926 canonum
2147 2876 2324 2939 gesta,
2376 2878 2694 2940 conceptam
2737 2871 2793 2924 in
2830 2870 2916 2925 via
2953 2884 3077 2926 cum
3123 2867 3324 2924 item

398 2962 554 3028 dixit,
581 2961 938 3031 depositionis
965 2960 1182 3030 quidem
1209 2960 1467 3016 adversus
1493 2959 1750 3032 Cyrillum
1778 2969 1834 3015 et
1859 2960 2218 3025 Memnonem,
2249 2961 2404 3030 quasi
2432 2961 2522 3016 ille
2558 2960 2691 3028 Arii,
2719 2961 3045 3032 Apollinaris
3085 2967 3141 3016 et
3176 2957 3423 3014 Eunomii
3452 2956 3682 3012 haereses

399 3054 514 3112 aliis
539 3054 790 3124 eapituiis
806 3054 1048 3119 doceret,
1073 3056 1176 3112 iste
1192 3067 1294 3126 per
1310 3055 1624 3110 violentiam
1653 3063 1844 3110 cuncta
1873 3055 1927 3109 in
1949 3055 2167 3112 civitate
2195 3063 2437 3126 gereret;
2469 3054 3039 3113 excommunicationis
3062 3067 3192 3108 vero
3213 3050 3470 3106 adversus
3495 3061 3681 3108 omnes

401 3152 539 3208 alios
565 3151 772 3221 Patres,
793 3153 901 3209 nisi
928 3161 1053 3224 post
1080 3155 1432 3210 coristitutum
1459 3153 1622 3224 diem,
1653 3154 1855 3209 relictis
1885 3151 2083 3225 Cyrillo
2107 3161 2163 3208 et
2202 3151 2514 3220 Memnone,
2558 3153 2627 3208 ad
2668 3167 2796 3212 suas
2832 3159 3014 3222 partes
3041 3149 3354 3206 transirent.
3395 3145 3684 3203 Sententia

400 3244 831 3316 nhscripserunt
853 3259 983 3302 nm
1011 3247 1268 3317 episcopi,
1301 3261 1364 3302 ea
1384 3261 1515 3301 vero
1543 3262 1651 3301 non
1673 3247 1821 3317 prius
1860 3245 2138 3316 propalata
2167 3253 2249 3300 est
2284 3261 2444 3314 quam
2487 3246 2676 3300 litterae
2716 3245 2782 3299 ad
2819 3243 3232 3312 imperatorem,
3263 3240 3605 3310 reginaeque,
3633 3253 3685 3308 eg

400 3341 997 3406 Msenatumque,
1029 3351 1093 3393 ac
1112 3337 1368 3408 populum
1390 3335 2048 3406 Constantinopolitanum
2075 3335 2248 3391 missm
2275 3336 2413 3401 sint,
2465 3351 2532 3392 ne
2575 3335 2961 3396 catholicormn
3004 3333 3216 3401 scriptis
3253 3336 3560 3401 patesceret
3581 3368 3597 3394 ,
3633 3333 3686 3382 et

406 3429 701 3498 principia:
723 3429 910 3498 iudicii
936 3428 1128 3495 forma,
1153 3436 1208 3484 et
1233 3429 1576 3498 querelarum
1599 3428 1820 3483 falsitas.
3257 3499 3270 3507 ι

471 3515 654 3576 Causa
679 3534 844 3591 porro
871 3537 966 3577 cur
992 3521 1228 3577 Joannes
1245 3522 1322 3575 ita
1346 3523 1536 3590 egerit,
1571 3521 1724 3577 facile
1750 3520 2081 3590 intelligitur.
2106 3517 2239 3578 Nam
2265 3537 2386 3582 cum
2413 3521 2574 3577 vellet
2602 3535 2834 3592 praeesse
2857 3519 3112 3583 concilio,
3158 3526 3217 3574 et
3262 3517 3318 3572 in
3352 3516 3578 3572 civitate
3619 3512 3683 3567 ad

406 3610 691 3666 arbitrium
709 3622 960 3680 regnare,
991 3610 1180 3668 debuit
1206 3620 1375 3678 certe,
1403 3620 1459 3667 et
1479 3613 1546 3667 de
1574 3613 1820 3668 Nestorio
1843 3614 1974 3668 nihil
2003 3621 2257 3679 statuere,
2304 3623 2360 3667 ut
2381 3629 2476 3668 reo
2510 3613 2587 3668 fas
2617 3630 2724 3668 non
2753 3621 2896 3667 esset
2918 3612 3106 3668 sedere
3129 3611 3396 3679 iudicem;
3435 3615 3489 3661 et
3513 3606 3688 3679 Cyril-

404 3703 522 3758 lum
544 3716 768 3760 movere
796 3703 916 3759 loco
944 3719 1107 3773 quem
1129 3705 1452 3758 auctoritate
1479 3710 1592 3757 tum
1613 3704 1754 3760 sedis
1782 3707 2089 3776 apostolicae
2117 3714 2229 3762 tum
2257 3721 2366 3761 suae
2391 3705 2634 3773 tenebat;
2665 3713 2721 3759 et
2748 3704 3090 3760 Memnonem
3115 3703 3410 3772 deponere,
3455 3708 3519 3755 ut
3552 3699 3680 3754 nihil

404 3801 590 3864 posset
615 3794 851 3864 amplius
873 3795 928 3849 in
955 3783 1202 3849 Ecclesia
1227 3793 1493 3863 Ephesina
1519 3791 1606 3865 (de
1625 3793 1883 3852 Juvenale
1909 3795 2395 3870 Hierosolymitano
2425 3796 2713 3852 admodum
2733 3794 2996 3854 sollicitus
3015 3809 3124 3849 non
3149 3799 3287 3855 erat,
3315 3791 3468 3860 mijns
3494 3802 3686 3858 nempe

404 3880 684 3937 sedatum
703 3881 1037 3938 Antiochena
1062 3893 1280 3952 seraper
1307 3877 1450 3951 fuit);
1475 3887 1529 3936 et
1558 3895 1826 3954 occupare
1847 3883 2134 3946 adventum
2161 3886 2458 3952 legatorum
2477 3885 2672 3946 summi
2697 3881 2990 3954 pontiﬁcis,
3017 3897 3087 3938 ne
3107 3880 3237 3951 quid
3256 3881 3325 3936 ab
3353 3895 3420 3936 eo
3448 3877 3684 3934 nmrdati

407 3967 680 4036 adeunt,
709 3971 858 4041 quod
884 3971 1125 4028 consiliis
1150 3971 1262 4027 suis
1291 3972 1593 4027 obsisteret.

476 4061 698 4128 interim
717 4063 1036 4121 ΟΔηὰἱῶθηὶ
1062 4065 1256 4121 reiatio
1287 4062 1812 4136 Con'stantinOpolim
1853 4065 2016 4120 allata
2045 4065 2237 4132 fuerat,
2269 4082 2375 4135 qua
2415 4067 2580 4131 lecta,
2624 4066 2958 4124 Theodosius
2994 4065 3274 4136 rescripsit
3309 4064 3568 4119 euntium
3590 4074 3687 4133 per

408 4151 705 4211 Palladium
733 4154 1156 4226 Magistrianum,
1179 4155 1445 4228 jussitque
1475 4157 1655 4210 omnia
1680 4156 1928 4222 rescindi,
1961 4165 2233 4225 tamquam
2271 4157 2403 4211 vitio
2430 4164 2612 4226 gesta;
2643 4163 2834 4212 cuncta
2863 4156 2916 4210 in
2944 4155 3214 4223 itttegrum
3239 4153 3479 4219 restitui,
3509 4160 3572 4206 ut
3595 4166 3682 4206 or-

411 4242 538 4299 dine
561 4243 836 4314 negotium
862 4251 1144 4324 ageretur;
1173 4245 1448 4299 communi
1472 4245 1739 4304 sententia
1769 4243 2065 4306 examinari
2088 4239 2366 4314 dogmata,
2407 4253 2465 4300 ut
2499 4252 2654 4300 tanto
2693 4243 2900 4300 facilius
2924 4257 3118 4300 omnes
3143 4242 3542 4307 cvmumtirent;
3591 4253 3690 4294 nae

411 4335 511 4391 ulli
534 4334 653 4391 ﬁeri
671 4342 994 4406 potestatem
1022 4333 1253 4391 exeundi
1282 4336 1513 4406 Epheso,
1546 4338 1660 4391 sive
1682 4337 1736 4391 in
1764 4338 2012 4408 patriam,
2039 4338 2152 4392 sive
2182 4338 2248 4394 ad
2281 4339 2614 4406 comitatum,
2648 4339 2962 4410 priusquam
2988 4336 3170 4392 cateia
3197 4335 3302 4390 rite
3331 4333 3578 4390 absohita
3602 4345 3689 4386 es-

413 4433 557 4491 sent,
577 4439 689 4495 quo
715 4425 856 4480 foret
891 4427 1186 4481 necessitas
1212 4427 1293 4482 rei
1332 4427 1662 4482 maturandae
1689 4448 1700 4482 :
1727 4429 1892 4484 immo
1924 4435 2151 4486 testatus
2179 4439 2260 4488 est
2282 4433 2561 4501 scripsisse
2583 4447 2647 4489 so
2671 4431 3073 4502 provinciarum
3111 4427 3398 4499 prafectis,
3430 4441 3498 4482 ne
3525 4425 3687 4479 nilum

413 4513 621 4586 injmsu
647 4511 1029 4582 discedentem,
1052 4516 1139 4572 vel
1163 4518 1221 4572 in
1246 4519 1479 4591 patriam
1499 4517 1862 4584 admitterent,
1888 4517 1974 4575 vel
1996 4521 2050 4576 in
2073 4522 2346 4578 civitatein
2373 4539 2546 4580 suam.

486 4604 828 4677 Malptum
852 4607 1212 4678 imperatoris,
1245 4607 1390 4680 quod
1414 4609 1597 4664 datum
1626 4609 1821 4678 legitur
1845 4611 2314 4682 Constantinopoli
2343 4631 2399 4670 ιιι
2422 4615 2529 4669 kal.
2554 4614 2743 4682 Julias,
2771 4617 2918 4674 venit
2935 4615 3208 4685 Ephesum
3233 4613 3464 4682 septimo
3493 4618 3586 4666 aut
3603 4623 3692 4666 oc-

416 4703 546 4754 tavo
573 4697 770 4759 abhinc
796 4697 905 4765 die,
933 4704 1124 4770 quarto
1143 4700 1414 4769 videlicet,
1445 4701 1532 4758 vel
1557 4701 1746 4771 quinto
1775 4701 1920 4758 Julii.
1952 4697 2177 4768 Lectum
2205 4712 2286 4760 est
2315 4707 2527 4775 utrique
2553 4707 2714 4777 parti,
2739 4716 2816 4774 ct,
2847 4712 3172 4777 properante
3210 4703 3468 4770 Poliadio,
3503 4715 3625 4758 eum
3661 4715 3690 4754 ι

415 4787 649 4860 synodo,
677 4797 792 4846 tum
818 4792 887 4846 ab
905 4789 1266 4848 Orientalibus
1291 4791 1474 4860 datum
1496 4803 1832 4863 responsum.
1857 4789 2011 4860 Quod
2050 4809 2081 4848 a
2113 4809 2266 4852 sacra
2284 4795 2489 4870 synodo
2515 4796 2700 4854 datum
2738 4806 2840 4863 est,
2871 4797 2926 4852 in
2967 4797 3196 4864 vulgatis
3219 4793 3492 4851 codicibus
3516 4792 3691 4848 consi-

415 4888 612 4948 gnatur
638 4881 745 4936 Ital.
776 4881 958 4949 Juliis,
989 4882 1086 4938 sed
1119 4897 1306 4939 errore
1331 4883 1719 4953 manifestiore,
1755 4900 1916 4954 quam
1946 4893 2004 4938 ut
2033 4892 2187 4954 egeat
2213 4888 2492 4958 operosius
2521 4887 2710 4944 refelli.
2743 4888 2846 4954 Qui
2871 4889 3015 4944 enim
3044 4885 3160 4940 fieri
3189 4886 3391 4956 potuit,
3423 4893 3482 4938 ut
3508 4885 3694 4939 litterae

419 4975 678 5045 principis
697 4975 836 5029 datu:
861 4972 1327 5047 Constantinopoli
1356 4993 1413 5032 ιιι
1440 4975 1547 5031 kal.
1578 4974 1746 5031 Julias
1774 4976 2046 5047 Ephesum
2073 4987 2352 5048 tantopere
2379 4979 2664 5034 distantem
2698 4979 3038 5034 advenissent
3078 4978 3303 5032 duorum
3331 4975 3537 5030 dierum
3576 4989 3691 5042 spa-

417 5062 543 5116 tio?
573 5061 915 5132 Reponenda:
938 5065 1097 5133 igitur
1117 5081 1214 5144 pro
1245 5066 1486 5121 kalendis
1517 5082 1699 5136 nonm;
1731 5068 1860 5126 nihil
1891 5070 2035 5125 enim
2063 5069 2370 5128 credibilius
2397 5087 2560 5141 quam
2596 5072 2742 5141 quod
2779 5071 3093 5141 properanti
3132 5069 3388 5140 perlaturi
3421 5067 3602 5122 datum
3629 5066 3689 5119 sit

421 5164 764 5221 responsum,
795 5153 965 5209 altero
991 5163 1115 5224 post
1136 5154 1423 5211 adventum
1452 5157 1560 5224 die,
1594 5157 1646 5212 id
1667 5163 1765 5222 est,
1801 5161 1954 5216 nonis
1980 5161 2153 5218 Juliis.
3530 5173 3538 5176 ’

414 5314 416 5316 ν
501 5242 650 5300 Inter
666 5245 1100 5315 respondendum
1131 5248 1364 5319 synodus
1385 5256 1575 5318 questa
1605 5259 1685 5306 cst
1710 5250 2025 5308 Candidiani
2049 5255 2256 5310 artibus
2297 5254 2493 5316 factum
2521 5255 2778 5310 hactenus
2807 5262 2865 5308 ut
2890 5255 3091 5310 veritas
3123 5254 3314 5309 lateret
3342 5251 3649 5323 imperatori

435 5349 561 5389 eum
581 5335 783 5392 missos
807 5347 838 5389 ιι
864 5337 1071 5406 synodo
1101 5341 1516 5395 commentarios
1545 5355 1652 5396 non
1677 5345 2012 5413 praevertisse
2052 5353 2258 5401 tantum
2307 5361 2405 5400 sua
2444 5346 2722 5409 relatione,
2753 5345 2850 5401 sed
2879 5346 3042 5400 etiam
3074 5347 3127 5399 in
3159 5347 3243 5402 vin
3287 5346 3442 5399 malis
3493 5343 3690 5397 artibus

430 5436 768 5482 remoratum
795 5441 934 5482 esse.
964 5427 1232 5483 Comitem
1260 5431 1424 5499 igitur
1445 5433 1698 5487 accersiri
1729 5434 1795 5489 ab
1826 5434 2151 5502 imperatore
2181 5435 2354 5505 petiit,
2388 5442 2443 5490 et
2471 5450 2576 5492 una
2605 5435 2842 5504 quinque
2862 5434 3166 5503 episcopos,
3196 5435 3290 5502 qui
3329 5449 3508 5489 coram
3536 5444 3690 5500 expo-

431 5525 627 5576 nerent
649 5519 779 5586 quid
804 5531 984 5573 rerum
1013 5520 1079 5574 ab
1107 5528 1334 5589 utraque
1352 5530 1502 5592 parte
1532 5531 1587 5578 et
1613 5539 1717 5592 qua
1748 5525 1956 5578 ratione
1985 5533 2194 5591 gestum
2225 5532 2385 5582 esset.
2411 5525 2663 5591 Queritur
2700 5525 2933 5580 Joannes
2961 5526 3330 5583 Antiochenus
3376 5541 3496 5580 cum
3523 5537 3688 5580 same

429 5607 803 5677 responderet,
829 5610 1036 5679 aliquos
1063 5611 1240 5682 reipsa
1270 5614 1463 5668 missos
1509 5613 2033 5686 Constantinopolim
2057 5632 2090 5694 a
2117 5617 2324 5690 synodo
2346 5655 2362 5681 ,
2407 5633 2609 5689 eosque
2653 5619 2934 5676 festinasse
2972 5619 3026 5674 in
3057 5620 3160 5684 via,
3203 5633 3310 5688 quo
3340 5617 3688 5689 prasvcnirent

419 5699 692 5776 .Irensum
715 5704 969 5760 comitem
997 5720 1029 5760 a
1047 5721 1108 5763 se
1136 5707 1477 5774 submissum.
