3904 6272
213 273 308 336 m
719 277 1085 343 PREFATIO
1115 285 1182 343 ΙΝ
1217 285 1582 350 SECUNDAM
1618 289 1899 351 PARTEM
1935 291 2218 354 υἷ’ιῆοΜ
2253 295 2449 354 MAR"
2486 294 2944 356 MERGATOMS.
3341 299 3446 356 726

273 391 568 461 Respondit
593 396 754 464 igitur
777 413 901 455 cum
927 415 1023 457 sua
1048 403 1258 473 synodo
1284 403 1518 463 Joannes
1545 407 1748 463 eisdem
1766 408 1962 466 litteris
1987 411 2358 482 imperialibus
2381 452 2397 480 ,
2427 419 2486 468 et
2510 413 2719 469 reddita
2745 414 2957 470 ratione
2986 419 3232 469 ueterum
3256 421 3446 468 contra

206 485 454 556 Cyrillum
473 491 529 543 et
549 489 903 563 Memnonem,
933 498 1226 567 postulavit
1265 499 1483 557 decerni
1511 517 1579 558 ne
1606 503 1786 573 plures
1812 519 1972 573 quam
1999 506 2105 561 duo
2125 508 2362 578 episcopi
2385 508 2607 578 singulis
2633 509 3062 580 metropolitanis
3091 508 3326 577 adiuncti
3354 521 3449 561 ve-

204 580 373 671 nirent
396 581 448 635 in
494 597 826 656 consessum,
855 583 1296 665 diaputarentque
1321 593 1388 650 de
1416 593 1768 664 dogmatibus.
1801 595 2031 663 Questus
2075 607 2158 655 est
2191 601 2354 655 etiam
2395 602 2668 657 occlusam
2708 602 2832 667 sibi,
2865 601 3027 656 etiam
3075 606 3200 671 post
3240 599 3449 654 litteras

204 666 557 760 imperatoris,
583 677 864 735 ecclesiam
891 684 1063 738 sancti
1088 681 1328 752 Joannis,
1360 697 1468 758 quo
1495 699 1555 741 se
1579 700 1703 740 cum
1725 687 1835 742 suis
1859 690 2160 757 perrexisse
2181 689 2411 756 dicebat,
2443 690 2509 745 ad
2539 690 2800 746 orandum
2822 666 2927 760 pro
2963 666 3322 759 imperatore;
3354 685 3448 742 sed

203 759 528 817 mendaciter
553 763 938 836 dissimulabat,
978 770 1123 840 quod
1163 786 1250 828 res
1278 778 1413 840 erat,
1437 789 1467 828 a
1487 773 1687 844 populo
1714 775 1963 830 nimirum
2007 775 2261 846 cleroque
2287 777 2532 832 occlusas
2568 778 2755 847 templi
2781 759 2922 833 feles
2939 819 2953 844 ,
2993 786 3279 846 propterea
3306 775 3448 843 quod

202 847 372 915 vellet,
402 861 598 919 praeter
632 854 721 924 jus
760 857 963 927 fasque,
994 861 1302 932 episcopum
1329 862 1451 918 loco
1477 862 1777 918 Memnonis
1801 865 2159 930 constituere;
2191 875 2367 934 neque
2391 866 2536 920 enim
2575 865 2816 935 Ephesus
2851 865 3156 936 pertinebat
3198 863 3267 918 ad
3315 863 3449 916 dite-

201 935 795 1027 εέεὶωᾉηιὶοοιιθηθω,
827 961 947 1002 cum
975 956 1118 1004 esset
1138 951 1517 1022 autoeepbaia;
1547 965 1723 1020 neque
1749 951 1996 1008 Memnon
2015 953 2134 1022 jure
2159 951 2434 1024 depositus
2451 961 2588 1018 erat,
2617 958 2816 1027 quippe
2833 935 2891 1011 et
2916 956 3200 1019 inauditus,
3227 962 3282 1009 et
3309 968 3448 1024 prat-

199 1025 337 1094 cipiti
355 1026 572 1095 judicio,
605 1040 660 1086 et
687 1033 752 1088 ab
779 1035 996 1092 homine
1018 1039 1216 1094 nullius
1235 1042 1523 1109 potestatis
1543 1042 1643 1096 hae
1670 1042 1726 1097 in
1754 1051 1924 1112 parte.

261 1116 494 1177 Joannes
516 1137 679 1191 porro
706 1140 816 1190 non
841 1135 1127 1187 contentus
1152 1131 1494 1204 respondisse
1513 1134 1733 1203 scripto,
1756 1136 1941 1204 paucis
1967 1144 2094 1205 post
2112 1134 2321 1202 diebus,
2353 1136 2612 1198 limum
2627 1139 2899 1203 comitem.
2937 1136 3167 1193 Nestorii
3197 1137 3443 1199 amicum,

196 1218 249 1268 et
271 1225 442 1268 sacrae
468 1215 659 1286 synodi
693 1217 906 1278 hostem
936 1222 1372 1293 infensissimum,
1415 1242 1541 1284 cum
1577 1226 1734 1282 novis
1764 1226 1954 1284 litteris
1993 1227 2271 1294 submisit,
2302 1227 2396 1296 qui
2431 1241 2618 1284 coram
2661 1229 2984 1300 imperatore
3027 1228 3221 1299 synodi
3259 1227 3448 1296 legatis

195 1310 532 1370 repugnaret.

255 1391 476 1452 interim
498 1397 821 1466 appulerunt
843 1400 1116 1472 Ephesum
1141 1405 1233 1462 die
1257 1406 1469 1464 decimo
1491 1406 1614 1466 Julii
1638 1409 1799 1482 legati
1825 1425 1857 1466 α
1885 1408 2014 1470 sede
2041 1409 2336 1477 apostolica
2378 1416 2539 1477 atque
2576 1409 2892 1466 occidentali
2927 1409 3132 1482 synodo
3173 1407 3447 1481 Philippus

192 1483 482 1554 υτοεδγιετ,
514 1485 774 1546 Arcadius
808 1498 863 1550 et
887 1491 1164 1561 ProiectUS
1201 1497 1436 1566 episcopi
1455 1536 1470 1562 .
1513 1498 1812 1568 eodemque
1839 1500 1926 1556 die
1951 1499 2136 1560 habita
2162 1507 2248 1555 est
2273 1498 2417 1556 actio
2441 1487 2674 1558 secunda
2690 1535 2706 1565 .
2744 1514 2856 1562 non
2871 1501 3015 1568 apud
3041 1499 3294 1556 Sanctam
3323 1502 3442 1556 Ma-

191 1576 339 1642 riam,
374 1586 434 1631 ut
462 1580 651 1648 prima,
681 1583 777 1638 sed
807 1583 861 1637 in
887 1586 1180 1655 episcopio,
1212 1589 1335 1656 quia
1359 1605 1466 1642 non
1490 1597 1596 1642 tam
1619 1592 1789 1646 sessio
1817 1590 2120 1646 conciliaris
2146 1588 2246 1643 fuit
2273 1604 2433 1658 quam
2452 1589 2724 1657 hospitum
2753 1589 3025 1658 acceptio,
3054 1591 3447 1648 mandatorum-

191 1679 290 1732 que
330 1667 478 1722 sedis
518 1672 830 1739 apostoliczc
854 1674 1115 1744 inspectio
1147 1695 1158 1732 :
1191 1692 1359 1745 quare
1387 1678 1519 1736 nihil
1546 1679 1689 1738 aliud
1728 1688 1904 1742 actum
1947 1688 2215 1748 estquam
2251 1679 2398 1748 quod
2432 1678 2705 1750 Philippus
2729 1687 2851 1749 post
2877 1680 3158 1746 salutatam
3185 1685 3447 1755 synodum

188 1759 358 1828 petiit,
383 1761 526 1828 quod
548 1772 602 1820 et
629 1767 811 1826 statim
838 1783 935 1844 per
954 1767 1011 1823 se
1036 1770 1125 1847 alii
1145 1771 1271 1840 duo,
1303 1772 1405 1852 legi
1427 1771 1632 1830 litteras
1669 1757 1864 1834 summi
1905 1774 2173 1846 pontiﬁcis
2207 1774 2277 1834 ad
2304 1776 2568 1848 synodum
2589 1817 2604 1842 ,
2655 1763 2862 1850 sibique
2889 1775 3269 1842 communicari
3297 1783 3446 1844 gesta

186 1852 377 1938 prioris
407 1857 631 1912 actionis
652 1859 902 1928 privatim
923 1864 1374 1938 recognoscenda.

255 1935 510 2002 Recitata:
529 1955 653 2030 sunt
680 1949 870 2004 littera:
895 1949 1171 2030 leestini
1200 1935 1390 2034 Latine
1415 1955 1663 2034 primum,
1685 1957 1910 2032 propter
1927 1943 2245 2034 dignitatem
2286 1940 2539 2014 Ecclesiae
2579 1947 2852 2022 Romanat,
2886 1951 2998 2016 tum
3026 1947 3207 2014 Grzcce
3229 1993 3244 2019 ,
3295 1963 3351 2008 ut
3378 1953 3444 2007 ab

184 2035 429 2120 omnibus
451 2029 789 2108 audirentur;
819 2056 850 2096 a
878 2029 1126 2120 Panibus
1153 2029 1506 2100 acclamatum
1531 2029 1843 2120 leeStino,
1867 2056 1923 2104 et
1946 2031 2159 2108 tandem
2188 2037 2582 2110 communicata
2599 2058 2771 2118 gesta.

252 2117 517 2182 Postridie
557 2113 924 2185 convenerunt
953 2117 1139 2187 Patres
1167 2121 1284 2187 cum
1327 2119 1515 2202 legatis
1554 2137 1694 2206 apud
1718 2115 1970 2191 Sanctam
2016 2121 2266 2203 Mariam;
2291 2137 2430 2192 lecta
2459 2113 2669 2207 publice
2711 2138 2941 2207 primum
2987 2131 3104 2204 quae
3144 2125 3267 2189 ante
3292 2133 3441 2205 gesta

183 2215 393 2271 fuerant
429 2219 482 2272 in
505 2218 843 2288 depositione
863 2220 1124 2287 Nestorii;
1157 2231 1270 2276 tum
1295 2223 1436 2278 dicta
1467 2225 1521 2278 in
1550 2226 1798 2296 eumdem
1825 2225 2127 2282 Nestorium
2149 2243 2179 2280 a
2209 2228 2380 2292 tribus
2407 2227 2594 2294 legatis
2620 2221 2891 2298 sigill'atim
2929 2221 3210 2291 sententia,
3253 2223 3442 2294 gestis-

181 2321 282 2375 quc
307 2309 698 2380 subscriptum;
737 2301 923 2382 postea
947 2313 1170 2368 relatum
1197 2331 1228 2368 a
1251 2313 1457 2386 synodo
1487 2317 1553 2369 ad
1573 2318 1954 2387 imperatorem
1977 2317 2043 2372 de
2069 2317 2368 2386 legatorum
2397 2317 2628 2373 adventu
2652 2359 2667 2385 ,
2696 2317 2870 2386 deque
2898 2317 3136 2371 unanimi
3166 2313 3442 2384 utriusque

181 2398 430 2455 Ecolesiae
455 2413 716 2457 consensu
745 2403 797 2457 in
827 2399 1228 2459 damnationem
1269 2403 1531 2476 Nestorii,
1564 2416 1724 2477 atque
1754 2409 1827 2463 ita
1854 2407 2121 2478 postulata
2165 2409 2470 2466 discedendi
2509 2408 2734 2465 incultas
2755 2451 2770 2476 ,
2819 2406 2974 2482 quasi
3020 2405 3198 2462 omnia
3225 2413 3440 2476 peracta

179 2499 398 2557 essent;
430 2493 686 2562 scriptum
709 2493 939 2562 denique
965 2495 1109 2549 clero
1133 2499 1186 2550 et
1213 2497 1413 2566 populo
1435 2484 2047 2576 Constantinopolitano.
2840 2489 2843 2492 ί

244 2579 403 2636 Actio
431 2589 620 2650 quarta
647 2592 865 2653 peracta
895 2592 976 2639 est
995 2587 1181 2654 quinto
1204 2595 1323 2655 post
1345 2587 1449 2657 die,
1490 2590 1740 2656 nimirum
1772 2597 1881 2645 Ivtl
1909 2590 2014 2644 kal.
2048 2592 2290 2658 Augusti,
2321 2591 2721 2658 considentibus
2749 2584 2995 2647 Patribus
3022 2591 3162 2661 apud
3187 2587 3440 2648 Sanctam

171 2668 421 2740 Mariam,
451 2673 717 2746 llesycbio
745 2673 1017 2746 iuvenalis
1046 2678 1272 2746 diacono
1301 2694 1413 2734 rem
1437 2685 1627 2749 agente
1660 2699 1671 2734 :
1705 2685 1880 2750 neque
1919 2683 2061 2736 enim
2083 2685 2299 2751 negotia
2321 2681 2508 2754 s‘ynodi
2539 2689 2857 2752 promovere
2891 2679 3004 2750 jam
3043 2677 3240 2735 licebat
3279 2676 3441 2735 Petro

167 2760 363 2835 Cyri‘lli
387 2765 725 2836 presbytero,
753 2765 808 2820 in
836 2773 995 2821 causa
1016 2767 1098 2821 sui
1119 2768 1375 2846 episcopi.
1400 2767 1631 2824 Oblatas
1644 2775 1725 2824 est
1755 2771 1916 2842 igitur
1938 2785 1968 2825 a
1997 2767 2196 2843 Cyrillo
2235 2779 2290 2826 et
2316 2765 2600 2826 Memnone
2629 2766 2868 2837 libellus,
2900 2780 3008 2839 quo
3036 2765 3176 2837 apud
3202 2776 3441 2824 sanctam

167 2853 441 2926 synodum
470 2857 874 2928 expostularent
898 2858 964 2913 de
993 2858 1188 2927 injuria
1211 2860 1310 2915 sibi
1331 2861 1398 2915 ab
1421 2857 1780 2916 Orientalibus
1808 2860 1968 2927 facta,
1999 2867 2352 2931 peterentque
2374 2861 2558 2917 vocari
2593 2857 2873 2926 Joannem,
2906 2860 2998 2928 qui
3019 2859 3148 2916 facti
3176 2859 3442 2915 rationem

169 2945 444 3010 redderet,
477 2956 766 3015 coramque
793 2947 1067 3016 probaret,
1102 2949 1144 3003 si
1167 2948 1294 3018 quid
1323 2960 1413 3004 aut
1435 2951 1670 3005 criminis
1698 2955 1791 3004 aut
1818 2947 2037 3006 haeresis
2063 2951 2306 3008 alterutri
2335 2949 2696 3020 obiiciendum
2715 2959 2946 3021 putaret.

242 3029 394 3086 Missi
417 3040 542 3087 sunt
577 3031 745 3088 semel
768 3043 930 3103 atque
959 3036 1151 3090 iterum
1173 3035 1408 3108 episcdpi
1436 3037 1525 3108 qui
1546 3033 1812 3093 Joannem
1833 3047 2118 3110 mearent;
2149 3037 2244 3116 sed
2279 3037 2551 3112 repulsam
2580 3040 2743 3111 passi,
2785 3029 3089 3097 retulerunt
3136 3043 3302 3112 ipsius
3338 3042 3438 3096 do-

176 3135 320 3180 mum
368 3125 758 3182 circumvallari
797 3127 1075 3195 militibus,
1101 3131 1192 3200 qui
1238 3131 1441 3186 aditum
1485 3129 1830 3203 prohiberent
1871 3151 1882 3185 :
1929 3143 2096 3202 quare
2143 3131 2546 3212 pronuntiatum
2588 3147 2620 3187 a
2670 3133 2919 3189 Patribus
2959 3135 3107 3189 irrita
3154 3143 3274 3191 esse
3322 3146 3441 3204 quce

176 3217 396 3274 Joannis
424 3217 659 3290 synodus
687 3220 936 3290 gessisset
957 3221 1211 3278 adversus
1237 3219 1495 3295 Cyrillum
1523 3232 1577 3279 et
1596 3219 1963 3289 Memnonem;
1993 3219 2393 3293 decretumque,
2426 3227 2485 3280 ut
2517 3225 2621 3281 hac
2648 3225 2716 3280 de
2750 3237 2815 3280 re
2842 3225 3172 3280 scriberet-ur
3209 3227 3442 3297 impera-

179 3307 301 3380 tori,
333 3321 398 3365 ac
419 3311 579 3366 tertio
607 3313 864 3366 citaretur
885 3311 1136 3379 Joannes,
1166 3313 1478 3384 priusquam
1493 3315 1618 3383 jure
1643 3315 1697 3369 in
1728 3313 1900 3386 ipsum
1926 3321 2192 3382 ageretur.

245 3403 450 3458 Eodem
479 3403 565 3459 die
585 3412 708 3475 post
731 3405 1062 3472 citationem,
1093 3399 1327 3470 Joannes
1350 3409 1402 3462 in
1427 3413 1793 3478 contemptum
1816 3395 2009 3480 synodi
2034 3405 2194 3476 jiissit
2220 3408 2449 3477 proponi
2476 3404 2716 3464 chartam
2754 3408 3014 3463 convictis
3041 3407 3440 3477 meudaoiisque

183 3497 412 3574 plenam,
443 3503 548 3552 non
577 3503 785 3552 tantum
806 3497 858 3552 in
886 3497 1142 3572 Cyrillum
1171 3504 1226 3554 et
1245 3491 1602 3567 Memnolte‘m,
1631 3498 1725 3554 sed
1754 3499 1914 3554 etiam
1935 3495 2190 3554 adversus
2215 3505 2382 3554 totam
2408 3495 2632 3555 Patrum
2657 3499 3060 3572 synodum,quu
3088 3495 3209 3553 illos
3227 3499 3440 3567 quidem

182 3594 396 3657 propter
433 3585 673 3642 haeresim
718 3586 990 3668 depositos'
1025 3589 1379 3658 signiﬁcaret;
1428 3589 1586 3644 istam
1627 3601 1788 3656 vero,
1833 3597 2055 3668 propter
2100 3583 2337 3644 favorem
2383 3585 2646 3646 bmroticis
2699 3590 2993 3660 prtestitum
3016 3631 3030 3654 ,
3076 3593 3440 3648 excommuni-

183 3683 385 3742 catam,
420 3676 591 3734 donec
626 3692 744 3733 cum
775 3667 1132 3734 Orientalibus
1175 3679 1521 3734 consentiret.
1567 3668 1642 3733 Ea
1689 3667 2080 3751 significatione
2121 3677 2372 3754 sperabat
2419 3673 2534 3733 fore
2575 3686 2634 3732 ut
2669 3677 2826 3748 plebe
2866 3683 3136 3733 commota
3185 3681 3441 3736 tuumltus

185 3767 328 3825 lieret
352 3789 364 3824 :
400 3771 496 3826 sed
523 3781 644 3844 spes
673 3783 792 3828 eum
822 3772 1026 3830 fefellit.

245 3853 338 3915 Die
365 3863 722 3930 consequenti
743 3859 991 3919 Patribus
1020 3857 1420 3920 considentibus
1448 3863 1504 3920 in
1544 3864 1735 3921 eodem
1762 3863 1904 3931 loco,
1934 3859 2165 3938 Cyrillus
2193 3868 2427 3938 primum
2456 3869 2641 3924 retulit
2668 3865 2736 3924 de
2763 3868 2949 3924 charta
2979 3868 3047 3924 ab
3077 3863 3438 3923 Orientalibus

184 3950 387 4019 publice
420 3954 713 4023 proposita,
745 3968 850 4022 qua
879 3956 936 4010 in
964 3956 1218 4011 invidiam
1247 3956 1434 4026 populi
1463 3964 1746 4011 vocaretur
1767 3955 1836 4014 ob
1864 3958 2110 4012 haeresim
2139 3958 2452 4028 Apollinarii
2477 3999 2492 4024 ,
2519 3959 2672 4028 cujus
2700 3973 2822 4014 cum
2859 3954 3143 4014 Memnone
3171 3957 3440 4013 diceretur

182 4045 444 4118 princeps.
475 4047 612 4103 Tum
651 4049 924 4105 damnavit
958 4047 1362 4120 Apollinarium,
1405 4050 1610 4116 Alium,
1644 4049 1995 4115 Eunomium,
2041 4050 2432 4116 Macedoniam,
2460 4049 2753 4107 Sabellium
2776 4094 2790 4118 ,
2839 4051 3157 4115 Pbotinum,
3192 4046 3435 4110 Paulum,

183 4136 514 4208 Hanichmos,
547 4143 827 4215 ipsumque
854 4143 1176 4209 Nestorium,
1217 4155 1336 4200 cum
1365 4145 1429 4200 iis
1449 4147 1540 4214 qui
1569 4145 1654 4201 vel
1684 4144 1849 4216 ipsius
1877 4146 1964 4201 vel
1990 4144 2192 4215 Pelagii
2210 4144 2556 4214 Coelestiique
2581 4149 2764 4214 partes
2789 4147 3156 4210 sequerentur.
3195 4139 3439 4206 Denique

183 4231 469 4296 postulavit
493 4231 754 4287 Joannem
783 4234 943 4288 tertio
969 4233 1168 4296 vocari,
1211 4239 1269 4287 ut
1296 4233 1550 4302 quidquid
1587 4234 1790 4302 scripto
1814 4233 2103 4301 obiecerat,
2134 4247 2315 4289 coram
2341 4233 2550 4305 synodo
2584 4232 2856 4302 probaret.
2898 4226 3163 4301 Synodus,
3193 4228 3438 4298 postula—

185 4319 320 4374 tione
348 4322 598 4391 probata,
631 4329 740 4379 tres
767 4324 1049 4393 episcopos
1072 4323 1234 4387 misit,
1267 4338 1385 4377 cum
1415 4324 1644 4389 not-ario,
1673 4325 1764 4392 qui
1790 4322 1983 4378 losum
2011 4324 2261 4378 mandata
2282 4326 2510 4389 ferrent;
2531 4321 2629 4378 sed
2657 4322 2764 4389 ille,
2787 4331 2914 4379 cum
2938 4319 3168 4391 superbe
3187 4328 3441 4374 maneret

184 4407 374 4479 legatos
395 4424 499 4481 per
520 4427 580 4468 se
605 4413 808 4479 audire,
837 4415 982 4468 misit
1007 4414 1440 4469 archidiaconum
1467 4427 1642 4479 suum,
1674 4413 1946 4469 hominem
1975 4423 2284 4486 contemptu
2311 4415 2529 4485 dignum
2547 4457 2561 4482 ,
2591 4415 2684 4485 qui
2710 4415 3043 4469 renuntth
3069 4412 3266 4484 hustru
3295 4413 3438 4467 ultro

185 4501 419 4571 citroque
449 4501 615 4571 legari
632 4503 787 4569 ullos,
819 4504 1018 4574 quippe
1039 4511 1252 4559 acturos
1270 4503 1337 4558 de
1357 4519 1415 4558 re
1441 4515 1580 4573 quae,
1611 4506 1736 4574 quia
1765 4505 1834 4560 ad
1863 4505 2244 4576 imperatorem
2268 4507 2445 4562 delata
2471 4514 2609 4573 erat,
2649 4505 2764 4576 jam
2787 4518 2897 4562 non
2925 4505 3066 4560 foret
3087 4504 3143 4557 iu
3171 4509 3442 4574 potestate

183 4592 403 4657 partium
440 4609 453 4643 :
485 4582 844 4662 signiﬁcarent
869 4600 1050 4648 tamen
1078 4594 1238 4662 legati
1256 4584 1584 4665 presbyteris
1607 4595 1816 4651 duobus
1838 4597 1965 4665 quid
1992 4597 2255 4652 haberent
2283 4599 2335 4652 in
2363 4597 2646 4664 mandatis,
2689 4609 2760 4652 ne
2783 4591 3020 4652 Joannes
3048 4607 3193 4652 esset
3213 4596 3436 4651 inscius.

183 4677 354 4751 itaque
373 4685 636 4755 synodus,
658 4686 766 4756 lata
795 4683 1132 4750 ist-leum
1157 4685 1382 4754 eiusque
1425 4687 1710 4757 episcopos
1743 4687 2314 4746 eammmicauouia
2351 4689 2619 4748 mella
2639 4728 2658 4754 ν
2688 4687 2877 4751 statuit
2901 4688 3099 4746 imum
3323 4702 3442 4742 esse

185 4786 292 4840 quae
318 4776 580 4835 adversus
599 4776 860 4848 Cyrillum
887 4787 942 4834 et
969 4777 1309 4853 Mannert
1335 4779 1576 4848 aliosque
1601 4786 1754 4848 gesta
1791 4787 1991 4852 essem,
2021 4787 2078 4836 et
2103 4780 2486 4850 imperatorem
2510 4781 2578 4837 de
2597 4780 2844 4846 omnibus
2868 4779 3159 4840 certiorem
3185 4777 3330 4832 fecit-

247 4866 431 4937 Ναιιιε
451 4880 582 4927 νεα)
595 4870 698 4926 θοιὶ
720 4869 1029 4939 imperatori
1053 4869 1405 4938 perscriptum
1425 4877 1528 4934 ett,
1559 4869 1656 4926 sed
1673 4884 1886 4928 summo
1913 4870 2075 4928 etiam
2102 4868 2342 4940 pontiﬁci
2359 4909 2374 4934 ,
2406 4871 2512 4935 cui,
2544 4877 2666 4940 post
2683 4876 2956 4926 narratam
2983 4868 3184 4940 negotii
3199 4868 3396 4921 seriem
3419 4905 3436 4931 ,

187 4955 310 5014 facta
336 4968 423 5016 est
445 4961 661 5031 insuper
679 4961 872 5016 relatio
893 4961 960 5016 de
978 4960 1244 5022 sententia
1272 4975 1306 5014 a
1329 4960 1537 5031 synodo
1565 4959 1822 5017 adversus
1841 4958 2194 5036 Calatinum
2222 4969 2280 5018 et
2305 4959 2624 5028 Pelag-ianos
2647 4949 2928 5028 episcopos
2956 4958 3116 5013 dicta.
3145 4955 3435 5026 Postquam

188 5045 313 5104 lecta
341 5049 568 5107 fuissent
584 5050 840 5108 Romam:
857 5050 1049 5121 synodi
1069 5057 1187 5108 acta
1205 5049 1272 5108 de
1292 5050 1479 5107 iisdem
1506 5050 1792 5122 episcopis.
1815 5051 1928 5108 sive
1955 5051 2070 5110 hinc
2095 5051 2210 5122 ipsa
2237 5051 2324 5106 die
2354 5051 2490 5106 lecta
2513 5047 2732 5115 fuerint,
2752 5048 2882 5110 dum
2909 5049 3150 5119 episcopi
3172 5048 3240 5104 ad
3264 5047 3431 5103 Joan-

189 5155 299 5196 nem
325 5143 474 5200 ruissi
494 5149 913 5205 reverterentur,
938 5141 1082 5210 quod
1107 5140 1411 5198 credibilius
1431 5155 1587 5207 reor;
1610 5141 1724 5200 sive
1748 5141 1929 5212 priore
1954 5142 2132 5211 alam
2147 5181 2162 5207 ,
2191 5156 2260 5200 ex
2284 5156 2395 5210 qua
2419 5140 2660 5196 nondum
2691 5138 2804 5194 sedi
2843 5138 3156 5208 apostolica:
3200 5138 3431 5192 relatum

189 5241 354 5289 esset:
382 5235 440 5289 in
459 5251 526 5290 eo
564 5245 821 5291 comestu
841 5232 1060 5302 Pati-unt
1086 5232 1272 5290 habuit
1306 5234 1604 5294 orationem
1631 5231 1861 5304 Cyrillus
1878 5241 2068 5292 contra
2091 5231 2373 5295 Joannem,
2403 5246 2511 5300 qua
2541 5231 2708 5288 videri
2741 5236 2956 5300 poterat
2995 5229 3236 5284 nonnihil
3264 5228 3437 5283 indul-

189 5323 310 5380 sisse
335 5327 427 5382 inc
444 5365 459 5391 ,
485 5326 585 5381 nisi
612 5341 710 5396 par
736 5331 880 5384 esset
905 5324 1126 5384 credere
1151 5323 1388 5382 animum
1413 5323 1610 5384 Christi
1633 5331 1923 5390 amntem,
1945 5339 2067 5382 eum
2095 5321 2221 5387 fidei
2244 5324 2364 5382 zelo
2394 5322 2834 5388 inﬂammat-stur,
2863 5321 3124 5392 potuisse,
3154 5317 3437 5394 propheta-

191 5429 300 5471 rum
326 5435 496 5484 εικῆ-θ,
519 5434 832 5476 communes
858 5417 1110 5486 loquendi
1131 5417 1280 5486 leges
1305 5417 1500 5474 merito
1518 5416 1882 5486 prmtersredi.

253 5507 478 5568 Joannes
492 5512 546 5565 in
565 5512 667 5566 hac
684 5511 1028 5568 inclinatione
1047 5521 1225 5568 rerum
1249 5508 1316 5564 ad
1331 5516 1474 5564 artes
1494 5509 1680 5567 solitas
1699 5507 1966 5577 conﬁngit;
1988 5507 2218 5569 tentavit
2234 5505 2440 5566 scilicet
2459 5518 2726 5574 occupare
2745 5503 2939 5560 litteris
2964 5503 3306 5574 imperatoris
3327 5505 3436 5558 ani~

191 5616 346 5666 mum,
359 5619 520 5672 quem
528 5602 730 5659 sciebat
741 5602 915 5669 legum
927 5601 1264 5661 defemorem
1278 5602 1498 5671 pariter,
1509 5609 1669 5670 atque
1684 5601 2117 5661 tumultuantium
2127 5599 2394 5658 vindicem
2407 5597 2745 5658 acerrimum.
2760 5596 2985 5666 Scripsit
3004 5597 3165 5668 igitur
3186 5611 3219 5652 a
3233 5598 3436 5668 synodo

192 5692 409 5750 violatas
435 5695 580 5765 leges
616 5693 1034 5759 ecclesiasticas;
1066 5694 1331 5765 episcopis
1370 5703 1591 5766 propter
1615 5693 1863 5750 haeresim
1905 5691 2164 5763 depositis
2207 5687 2397 5749 Patres
2424 5687 2768 5750 continenter
2813 5685 3246 5755 θοωωυηὶεπθὲ
3283 5698 3436 5746 επεδ
