3960 6272
485 318 584 371 727
1013 313 1380 374 PREFATIO
1417 317 1480 372 IN
1519 315 1888 372 SECUNDAM
1930 309 2209 371 PARTEM
2248 310 2529 369 OPERUM
2568 310 2761 368 MAR“
2799 302 3254 368 MERCATORIS.
3617 313 3722 369 728

481 429 754 500 mysteria,
785 429 1027 498 quamvis
1055 438 1276 499 propter
1303 427 1909 482 excommunicationem
1933 427 2167 481 abstenti
2195 433 2405 488 essent,
2437 425 2709 494 peregisse
2737 422 2980 493 publice;
3010 423 3332 477 sententiam
3359 422 3591 494 insuper,
3619 427 3722 482 etsi

481 523 628 576 omni
650 520 770 588 jure
798 519 990 589 privati
1019 529 1227 585 essent,
1253 527 1364 574 tum
1385 519 1734 573 absolutionis
1754 518 1939 572 tulisse
1979 519 2032 573 in
2069 518 2294 587 gratiam
2326 516 2511 588 Cyrilli
2538 523 2593 571 et
2619 514 2936 582 Memnonis,
2970 524 3081 570 tum
3100 515 3561 571 condemnationis
3585 519 3638 571 in
3663 532 3724 572 se

480 626 713 679 suosque
750 626 780 664 a
810 609 1094 665 comitibus
1123 610 1393 676 laudatos;
1429 610 1558 664 nihil
1590 625 1698 663 non
1729 609 2052 678 impotenter
2075 607 2337 678 ejusmodi
2355 607 2632 672 homines,
2675 614 2730 661 et
2755 605 2976 670 minari,
3008 614 3064 660 et
3101 605 3263 662 etiam
3303 605 3521 661 audere.
3551 604 3727 673 Quare

481 701 634 770 petiit
663 701 926 772 synodum
951 701 1165 766 vocari,
1207 707 1298 754 aut
1317 697 1860 769 ConstantinOpolim,
1885 715 1994 768 quo
2022 701 2304 770 praesentia
2343 699 2684 770 imperatoris
2702 705 2921 766 cogeret
2948 712 3136 752 omnes
3161 694 3384 767 paciﬁee
3410 712 3606 768 agere;
3638 708 3729 754 aut

483 800 630 845 certe
658 790 1194 856 Nicomediam,unde
1213 791 1368 846 citius
1394 792 1565 846 nuntii
1594 790 1958 860 perferrentur
1976 792 2030 846 in
2051 792 2237 846 urbem
2265 792 2484 860 regiam.
2509 787 2671 845 Petiit
2695 804 2910 859 quoque
2931 798 2989 844 ut
3016 788 3427 856 antea,’callide,
3457 805 3525 845 ne
3552 791 3731 861 plures

481 897 642 950 quam
670 883 776 936 duo
804 883 1041 952 episcopi
1064 883 1286 950 singulis
1300 883 1655 952 metropolitis
1675 882 2030 949 adderentur;
2060 890 2224 952 utque
2242 882 2454 938 Nicena
2479 881 2608 938 ﬁdes
2629 881 2804 952 (cujus
2827 883 3132 953 exemplum
3152 882 3393 952 epistolae
3420 885 3727 953 praeposuit,

481 987 602 1025 cum
623 973 756 1027 actis
780 988 889 1027 sua:
916 972 1102 1043 synodi
1129 971 1430 1026 damnantis
1457 971 1688 1040 capitula
1714 969 1916 1042 Cyrilli,
1949 980 2219 1041 tamquam
2245 970 2498 1026 lueretico
2526 985 2689 1025 sensu
2717 969 2947 1041 imbuta)
2970 971 3039 1026 ab
3067 971 3318 1026 omnibus
3341 986 3474 1041 pura
3495 971 3729 1026 subscri-

481 1062 723 1128 beretur;
754 1064 992 1133 nullique
1021 1064 1204 1118 liceret
1232 1064 1431 1128 dicere,
1463 1071 1555 1117 aut
1582 1062 1841 1118 Christum
1867 1081 2050 1136 purum
2069 1065 2345 1131 hominem,
2387 1072 2478 1118 aut
2504 1064 2745 1118 deitatem
2770 1063 3054 1136 patibilem.

550 1175 629 1230 Ex
659 1177 756 1231 hac
778 1177 1003 1247 epistola
1033 1180 1271 1246 actisque
1298 1178 1596 1246 conjunctis
1623 1177 1730 1231 duo
1757 1185 2022 1232 constant.
2062 1177 2321 1241 Alterum,
2353 1192 2384 1230 a
2413 1185 2597 1231 saneta
2627 1175 2833 1248 synodo
2860 1177 3052 1232 missos
3069 1176 3180 1247 jam
3205 1185 3316 1233 tum
3343 1177 3412 1234 ad
3440 1179 3729 1250 imperato-

481 1283 592 1323 rem
622 1269 924 1338 episcopos.
956 1268 1154 1324 Vestraz
1179 1271 1384 1340 pietatis
1414 1270 1643 1333 decreta,
1681 1269 1854 1336 inquit
1884 1267 2148 1333 Joannes,
2181 1278 2423 1340 perpetuo
2469 1268 2820 1333 observantes,
2851 1268 3110 1338 piissimos
3133 1270 3400 1340 episcopos
3423 1271 3590 1323 istnuc
3627 1285 3728 1325 non

481 1360 891 1424 amandavimus,
930 1369 988 1414 ut
1004 1363 1232 1432 fecerunt
1262 1362 1360 1426 illi,
1392 1363 1475 1432 qui
1501 1361 1674 1414 omnia
1709 1361 1865 1431 facile
1891 1361 2110 1424 audent;
2139 1361 2229 1414 sed
2255 1374 2370 1432 gnte
2395 1366 2641 1430 oportuit,
2673 1375 2764 1428 per
2783 1358 2980 1413 litteras
3007 1359 3434 1430 signiﬁcavimus.
3465 1360 3729 1428 Alterum,

479 1457 669 1510 tertias
698 1456 763 1509 ad
804 1455 944 1510 hunc
969 1455 1109 1510 diem
1139 1455 1207 1508 ab
1235 1455 1558 1524 imperatore
1580 1451 1692 1522 jam
1723 1453 1932 1508 venisse
1960 1453 2184 1516 litteras,
2216 1452 2390 1522 pergit
2417 1454 2561 1507 enim
2582 1450 2818 1507 Joannes
2849 1469 2862 1504 :
2892 1449 3022 1506 Cum
3065 1453 3302 1507 secundis
3349 1469 3412 1508 ac
3449 1455 3613 1508 tertiis
3645 1455 3732 1509 de-

477 1546 682 1599 stinatis
705 1545 1137 1614 pientissimorum
1164 1545 1530 1614 imperatorum
1559 1553 1850 1598 nostrorum
1877 1543 2060 1599 litteris
2098 1552 2406 1615 praeceptum
2432 1552 2563 1598 esset
2587 1553 2643 1597 ut
2669 1541 2768 1597 Dei
2794 1541 3065 1610 Ecclesiae,
3096 1560 3211 1616 quc
3235 1546 3420 1618 ubique
3444 1555 3562 1602 sunt
3590 1547 3735 1619 pacis

478 1635 679 1689 vinculo
713 1635 1160 1705 conjungerentur,
1191 1641 1296 1689 etc.

550 1746 746 1808 Scribit
769 1747 932 1801 etiam
952 1745 1234 1816 epistolam
1263 1760 1423 1799 unam
1453 1745 1520 1799 ad
1539 1745 1867 1815 prmfectum,
1899 1746 2123 1801 alteram
2151 1747 2218 1800 ad
2239 1747 2572 1816 magistrum,
2602 1747 2812 1801 tertiam
2842 1747 2910 1801 ad
2938 1749 3286 1818 praepositum
3307 1747 3735 1806 Scholasticnm:

478 1833 620 1894 unde
649 1839 944 1908 intelligere
964 1847 1048 1894 est
1073 1853 1208 1908 quos
1231 1846 1286 1892 et
1309 1835 1605 1905 cujusmodi
1633 1837 1854 1892 haberet
1889 1836 2206 1892 Nestoriana
2232 1836 2392 1892 factio
2420 1837 2474 1891 in
2501 1836 2623 1892 aula
2649 1845 2938 1908 patronos,
2964 1836 3286 1893 Antiochum
3315 1837 3520 1892 scilicet
3548 1836 3656 1891 PP.
3683 1846 3739 1894 et

478 1931 774 1995 consulem,
793 1930 1064 1985 Valerium
1091 1930 1403 1999 magistrum
1423 1927 1741 1993 ciliciorum,
1764 1930 1855 1997 qui
1871 1943 2016 1983 anno
2030 1935 2289 1998 sequente
2308 1928 2644 1984 consulatum
2657 1929 2840 1998 gessit,
2855 1937 2910 1984 et
2929 1928 3318 1984 Scholasticum
3335 1929 3476 1984 sacri
3501 1928 3735 1984 cubiculi

477 2023 842 2092 prmpositum.
875 2021 1042 2077 Vetus
1070 2028 1327 2076 eratcum
1355 2021 1627 2090 prioribus
1647 2020 1855 2075 duobus
1875 2018 2125 2075 Nestorio
2153 2019 2494 2078 necessitudo
2527 2038 2540 2074 :
2567 2035 2690 2075 nam
2710 2035 2836 2076 suas
2865 2021 2944 2076 eis
2973 2020 3041 2076 ad
3069 2019 3125 2077 S.
3149 2019 3500 2076 Caelestinum
3528 2021 3737 2077 litteras

476 2110 819 2181 perferendas
850 2110 1089 2176 dederat,
1129 2125 1252 2165 cum
1280 2124 1348 2164 ex
1374 2107 1593 2164 Oriente
1620 2108 1962 2164 mitterentur
1992 2107 2062 2164 ad
2080 2107 2516 2164 Valentinianum
2544 2110 2947 2180 imperatorem.
2980 2109 3220 2182 Utraque
3245 2111 3470 2170 Joannis
3508 2113 3740 2184 epistola

476 2204 718 2258 continet
740 2203 894 2272 plura
927 2203 1064 2257 scitu
1089 2201 1266 2270 digna.

482 2316 778 2397 ulrenaeus
799 2331 1000 2381 comes,
1032 2331 1192 2384 quem
1219 2314 1455 2370 Joannes
1492 2313 1560 2368 ad
1588 2313 1967 2384 imperatorem
2001 2312 2348 2380 amandarat,
2386 2315 2698 2384 pervenisse
2734 2316 2947 2372 videtur
2964 2316 3491 2389 Constantinopolim
3525 2319 3743 2375 circiter

475 2407 618 2463 diem
649 2408 958 2476 vigesimum
977 2407 1122 2463 Julii.
1150 2407 1311 2462 Venit
1335 2407 1423 2462 ille
1443 2406 1660 2476 quidem
1679 2406 2027 2475 quantocius;
2059 2407 2236 2461 triduo
2264 2414 2446 2462 tamen
2471 2418 2861 2478 praeverterant
2885 2411 3033 2466 missi
3063 2427 3095 2466 a
3119 2411 3328 2482 synodo
3346 2455 3361 2477 ,
3390 2411 3484 2481 qui
3526 2412 3741 2468 interim

475 2500 763 2554 maximam
791 2501 1091 2570 principum
1115 2508 1323 2570 partem
1346 2501 1399 2554 in
1428 2499 1678 2554 meliores
1703 2506 1884 2568 partes
1905 2499 2272 2554 adduxerant:
2300 2499 2499 2555 factum
2538 2511 2621 2557 est
2651 2511 2829 2559 tamen
2857 2503 3043 2559 Irenzei
3077 2506 3282 2561 artibus
3313 2514 3370 2560 ut
3397 2506 3615 2560 veritati
3643 2505 3729 2560 of-

474 2588 604 2644 fusis
630 2590 1029 2646 mendaciorum
1057 2591 1296 2655 nebulis,
1339 2591 1393 2644 in
1431 2590 1686 2660 opinione
1711 2600 1973 2660 concepta
2013 2589 2166 2645 multi
2206 2588 2554 2656 ﬂuctuarent,
2596 2595 2864 2664 variaeque
2892 2597 3268 2653 contentiones
3307 2597 3449 2652 ultro
3479 2597 3730 2668 citroque

475 2683 798 2749 existerent,
830 2684 1236 2753 animorumque
1261 2684 1670 2748 conversiones,
1701 2690 1863 2753 prout
1889 2681 2066 2737 studia
2093 2683 2325 2752 partium
2362 2683 2557 2740 dubios
2596 2685 2702 2741 huc
2740 2686 2931 2742 illucve
2965 2695 3215 2756 agerent;
3239 2687 3482 2758 pluribus
3520 2687 3742 2743 tandem

474 2774 676 2844 placuit
704 2785 762 2830 ut
787 2777 879 2845 qui
903 2776 1104 2830 missia
1132 2775 1340 2846 synodo
1381 2775 1720 2844 Irenaausque
1758 2774 2070 2844 imperatori
2098 2790 2204 2829 una
2231 2789 2291 2829 se
2315 2774 2600 2843 sisterent,
2644 2776 2792 2831 litem
2819 2777 3201 2848 disceptaturi,
3243 2777 3389 2848 quod
3434 2777 3740 2834 Theodosio

473 2870 693 2940 iubente
721 2878 901 2923 actum
933 2886 946 2920 :
978 2867 1074 2921 sed
1101 2867 1230 2936 quid
1259 2867 1382 2922 inde
1405 2883 1592 2922 revera
1621 2867 1882 2932 evenerit,
1914 2881 1946 2920 a
1973 2865 2166 2934 legatis
2194 2881 2302 2920 non
2331 2874 2414 2920 est
2442 2867 2732 2937 proditum.
2767 2866 3063 2923 Audientize
3085 2877 3234 2924 certe
3262 2869 3464 2924 exitum
3494 2869 3738 2936 gratula-

477 2945 563 3017 tu‘s
590 2969 672 3015 est
697 2960 798 3014 sibi
823 2957 1056 3012 lrenaeus
1081 2957 1136 3010 in
1164 2957 1358 3011 litteris
1385 2955 1452 3010 ad
1477 2955 1795 3022 Orientales,
1825 2955 2050 3026 perinde
2077 2971 2141 3012 ac
2161 2956 2206 3010 si
2235 2956 2503 3013 effecisset
2531 2965 2588 3012 ut
2615 2973 2682 3013 ex
2710 2957 2880 3012 tribus
2916 2973 3053 3028 quos
3082 2960 3193 3014 hazc
3235 2959 3320 3014 vel
3361 2958 3451 3013 illa
3479 2973 3609 3028 pars
3641 2956 3738 3014 de-

477 3053 764 3124 posuisset,
797 3052 945 3107 solus
971 3050 1202 3121 Cyrillus
1235 3056 1617 3104 exauctoratus
1643 3056 1916 3113 maneret,
1941 3048 2106 3102 immo
2134 3057 2193 3103 ut
2229 3050 2728 3106 exauctorationem
2751 3051 2932 3105 statim
2957 3051 3250 3120 imperator
3272 3049 3339 3105 ad
3375 3057 3620 3104 sanctam
3645 3048 3741 3104 Dei

478 3146 778 3202 Ecclesiam
803 3144 1211 3209 transmitteret,
1238 3157 1358 3210 qua:
1387 3140 1763 3211 publicationis
1791 3138 1961 3194 forma
1989 3139 2232 3208 quaedam
2257 3139 2371 3194 fuit.
2409 3139 2603 3195 Verum
2624 3141 2945 3198 adveniente
2961 3141 3170 3198 Joanne
3192 3141 3401 3197 medico
3423 3149 3478 3196 et
3497 3141 3741 3212 syncello

475 3240 678 3311 Cyrilli,
711 3240 894 3304 misso,
926 3254 1070 3301 reor,
1095 3238 1164 3292 ad
1195 3236 1543 3292 nuntiandam
1567 3234 1790 3290 Joannis
1813 3233 2227 3304 depositionem,
2260 3231 2400 3288 facta
2429 3242 2512 3288 est
2540 3235 2728 3302 ingens
2753 3249 2932 3290 rerum
2961 3234 3368 3304 animoriunque
3399 3247 3586 3288 rursus
3609 3248 3742 3289 con-

476 3333 671 3396 versio,
704 3337 762 3384 ut
785 3330 894 3399 jam
925 3331 979 3384 in
1005 3331 1181 3385 varias
1219 3328 1514 3384 sententias
1543 3328 1970 3382 distraherentur
2011 3326 2298 3397 principes.
2325 3323 2550 3390 Quidam
2589 3327 2747 3391 enim,
2798 3327 2984 3381 scribit
3014 3326 3274 3392 Irenaeus,
3323 3327 3582 3396 aﬁirmant
3627 3342 3743 3398 qua

478 3425 714 3494 utrinque
733 3425 872 3492 facta
891 3430 1076 3484 essent,
1099 3422 1155 3474 in
1182 3421 1426 3490 praesenti
1448 3419 1614 3473 valere
1643 3417 1853 3481 debere;
1882 3426 2033 3489 atque
2051 3417 2180 3470 adeo
2206 3433 2308 3471 non
2331 3417 2549 3470 duarum
2576 3433 2911 3488 personarum
2940 3426 3158 3483 tantum,
3181 3426 3238 3470 ut
3266 3415 3546 3488 aliquando
3575 3419 3744 3472 visum

481 3515 666 3584 fuerat,
695 3510 784 3564 sed
823 3512 976 3562 trium
1015 3509 1384 3577 depositionem
1413 3506 1823 3575 conﬁrmandam
1855 3522 2004 3559 esse:
2033 3505 2124 3559 alii
2158 3507 2602 3560 exauctorationes
2623 3505 2825 3577 quidem
2846 3506 3072 3560 omnium
3091 3521 3156 3559 ea:
3177 3521 3321 3577 arguo
3349 3505 3744 3572 annullandas;

481 3602 678 3671 aliquos
709 3616 756 3652 ve
768 3615 824 3651 ro
853 3614 916 3650 ea:
943 3598 1189 3666 piissimis
1217 3597 1488 3666 episcopis,
1514 3605 1569 3648 ut
1597 3605 1645 3648 et
1673 3595 1794 3664 ﬁdei
1824 3594 2057 3649 doctrina
2086 3603 2324 3648 accurate
2343 3596 2412 3648 ad
2441 3597 2666 3648 veritatis
2689 3596 2932 3649 amussim
2954 3597 3294 3659 examinetur,
3316 3603 3366 3648 et
3389 3609 3504 3666 qua:
3541 3592 3745 3666 Ephesi

481 3698 661 3744 contra
681 3690 770 3760 jus
797 3697 845 3741 et
875 3689 956 3758 fas
977 3696 1094 3739 acta
1122 3695 1260 3750 sunt,
1291 3687 1388 3738 huc
1416 3686 1748 3739 accersendos
1777 3695 2001 3740 censent.
2039 3682 2161 3738 Non
2191 3683 2374 3738 desunt
2412 3687 2497 3757 qui
2529 3688 2878 3756 maximopere
2903 3688 3143 3741 studeant
3177 3703 3473 3759 omnemque
3512 3687 3746 3758 lapidem

481 3789 713 3836 moveant
732 3787 784 3833 ut
814 3779 964 3834 certis
1004 3777 1218 3831 decretis
1247 3777 1487 3830 instructi
1515 3793 1548 3829 a
1570 3777 1887 3847 pientissimo
1927 3779 2234 3846 imperatore
2263 3777 2524 3849 Ephesum
2562 3780 2706 3834 abire
2733 3781 2988 3846 sinuntur,
3030 3790 3308 3850 tamquam,
3352 3782 3532 3843 aiunt,
3563 3782 3747 3834 omnia

482 3875 756 3945 cognituri,
786 3883 836 3928 ct
862 3890 956 3945 pro
985 3873 1119 3927 virili
1142 3872 1472 3942 composituri
1503 3887 1521 3925 :
1550 3869 1686 3942 quod
1711 3887 1776 3923 ne
1797 3870 1910 3940 ﬁat,
1947 3872 2033 3941 qui
2062 3886 2148 3925 vos
2187 3881 2384 3936 amant,
2409 3872 2596 3927 obnixe
2635 3873 2994 3944 deprecantur,
3023 3884 3162 3929 certo
3196 3875 3430 3940 scientes,
3461 3874 3614 3945 cujus
3643 3876 3750 3930 sint

483 3965 664 4027 animi,
694 3964 779 4034 qui
825 3963 934 4016 haec
963 3961 1266 4027 moliuntur,
1301 3975 1462 4030 neque
1490 3961 1723 4013 nesciunt
1756 3976 1788 4012 a
1820 3975 1918 4031 quo
1946 3960 2001 4013 id
2031 3961 2234 4015 consilii
2261 3963 2504 4033 ceperint.

555 4071 696 4127 Vicit
721 4071 904 4126 ultima
932 4070 1198 4125 sententia
1217 4068 1286 4124 de
1313 4068 1575 4124 mittendo
1595 4084 1627 4124 e
1646 4069 1969 4138 primoribus
1993 4071 2192 4140 aliquo,
2223 4072 2315 4140 qui
2344 4071 2554 4128 idoneis
2579 4072 2811 4130 decretis
2837 4075 3148 4141 instructus,
3174 4082 3283 4131 tres
3321 4090 3440 4132 esse
3464 4075 3754 4146 depositos

485 4167 699 4222 nomine
725 4159 1013 4218 Theodosii
1033 4161 1265 4230 juberet,
1288 4159 1564 4233 Cyrillum,
1588 4160 1926 4216 Memnonem
1968 4172 2024 4217 et
2058 4161 2361 4218 Nestorium
2379 4205 2394 4230 ,
2426 4179 2721 4234 omnesque
2750 4166 2802 4221 in
2833 4181 2997 4222 unam
3021 4167 3282 4239 synodum
3303 4175 3543 4235 cogeret,
3570 4175 3634 4223 et
3660 4182 3755 4223 res

484 4254 718 4322 agendas
746 4253 981 4320 reliquas
1009 4252 1232 4322 pacilice
1253 4259 1486 4306 curaret.
1512 4249 1704 4305 Missus
1726 4251 1886 4319 igitur
1902 4249 2136 4308 Joannes
2159 4268 2343 4308 comes
2369 4269 2642 4310 sacrarum
2660 4297 2675 4323 ,
2711 4272 2833 4312 cum
2859 4257 3052 4313 litteris
3080 4258 3419 4328 imperatoris
3446 4257 3516 4312 ad
3553 4273 3756 4313 omnes

484 4345 763 4412 utriusque
791 4344 958 4412 partis
985 4343 1268 4412 episcopos
1289 4342 1607 4396 nominatim
1630 4343 1916 4411 inscriptis,
1941 4351 2001 4396 ut
2024 4359 2148 4398 cum
2167 4345 2234 4399 ab
2255 4347 2504 4402 omnibus
2531 4348 2691 4402 simul
2711 4348 2884 4404 audiri
2909 4349 3187 4415 deberent,
3218 4351 3468 4406 coitionis
3496 4350 3553 4407 in
3582 4365 3753 4405 uuam

484 4433 746 4504 synodum
768 4433 976 4487 initium
1004 4433 1241 4487 daretur.
1267 4433 1478 4487 Directa
1505 4447 1722 4502 quoque
1741 4449 1861 4488 cum
1891 4433 2083 4489 litt-eris
2101 4437 2328 4506 epistola
2356 4439 2534 4494 Acacii
2564 4439 2850 4496 Beroensis
2878 4440 2947 4495 ad
2973 4441 3374 4512 imperatorem,
3399 4443 3487 4497 cui
3511 4441 3751 4498 dederat

483 4525 710 4582 consilia
737 4525 1035 4579 statuenda:
1062 4525 1228 4593 pacis,
1259 4538 1357 4577 suo
1385 4525 1566 4593 utique
1594 4525 1828 4594 ingenio,
1853 4533 1908 4578 et
1935 4526 1989 4580 in
2018 4526 2319 4582 Nestorium
2349 4531 2719 4600 propensioni,
2751 4528 3044 4601 Cyrillique
3063 4532 3188 4587 odio
3216 4533 3587 4590 accommoda.
3615 4532 3756 4604 Epi-

483 4617 621 4672 stola
643 4617 978 4686 imperatoris
1003 4615 1148 4670 nulla
1166 4615 1510 4684 consignatur
1531 4618 1786 4685 temporis
1807 4625 1967 4683 nota;
1995 4617 2109 4672 dari
2131 4634 2259 4673 vero
2280 4619 2464 4674 debuit
2484 4622 2667 4691 paucis
2686 4630 2812 4677 ante
2833 4620 2995 4680 finem
3014 4621 3139 4678 Julii
3165 4623 3353 4679 diebus
3366 4664 3381 4678 .

555 4727 650 4781 Die
673 4727 930 4795 vigesimo
957 4724 1195 4781 secundo
1223 4723 1346 4779 Julii
1375 4734 1741 4781 convenerunt
1765 4725 1953 4782 Patres
1980 4743 2101 4783 cum
2130 4727 2318 4796 legatis
2347 4732 2399 4785 in
2425 4733 2783 4803 episcopium;
2813 4742 3223 4804 statueruntque
3249 4734 3439 4791 referri
3461 4735 3668 4793 debere
3698 4737 3758 4792 in

480 4831 601 4877 acta
631 4837 750 4892 qua:
784 4837 851 4876 ex
879 4821 1105 4878 diversis
1134 4819 1380 4875 Patribus
1405 4821 1712 4876 testimonia
1740 4829 2084 4891 excerpserat
2111 4819 2300 4878 Petrus
2328 4826 2658 4881 notariorum
2683 4827 3018 4896 primicerius
3060 4845 3074 4881 :
3104 4827 3374 4884 faciebant
3400 4827 3490 4883 illa
3517 4843 3655 4886 vero
3685 4830 3756 4884 ad

485 4916 642 4971 fidem
685 4915 953 4970 Nicmnam
988 4914 1464 4983 interpretandam,
1498 4921 1656 4983 prout
1685 4921 1802 4968 erat
1827 4928 1965 4983 opus
1993 4914 2060 4968 ad
2085 4917 2434 4984 qumstionem
2461 4932 2567 4986 qua
2595 4917 2664 4974 de
2698 4919 2973 4987 agebatur.
3006 4919 3158 4976 Tunc
3179 4918 3454 4974 Charisius
3491 4918 3759 4976 Ecclesia

483 5006 960 5077 Philadelphiensis
997 5007 1278 5077 presbyter
1316 5012 1476 5074 atque
1503 5019 1817 5059 mconomus
1841 5012 2067 5073 questus
2090 5014 2172 5060 est
2209 5007 2350 5075 apud
2393 5007 2677 5078 synodum,
2719 5007 3008 5078 libelloque
3054 5009 3236 5066 oblato
3280 5010 3436 5080 petiit
3463 5012 3758 5068 retractari

482 5097 802 5150 sententiam
830 5097 1067 5166 episcopi
1088 5097 1170 5151 sui
1195 5094 1556 5164 Theophanis,
1589 5108 1620 5146 a
1648 5109 1756 5163 quo
1798 5096 2076 5150 abstentus
2101 5094 2293 5162 fuerat,
2325 5098 2448 5165 quia
2479 5099 2774 5153 obstitisset
2800 5096 3004 5154 Jacobo
3031 5108 3087 5154 et
3119 5101 3354 5156 Antonio
3392 5102 3756 5173 presbyteris,

482 5189 591 5257 qui,
618 5189 684 5242 ab
719 5189 1000 5244 Anastasio
1031 5198 1086 5243 et
1115 5187 1306 5242 Photio
1345 5185 1576 5239 Nestorii
1606 5185 1935 5240 administris
1963 5188 2112 5242 missi
2137 5203 2260 5242 cum
2285 5189 2476 5244 litteris
2503 5189 2568 5244 ad
2597 5188 2879 5259 episcopos
2902 5188 3099 5260 Lydiae,
3133 5190 3402 5246 Theodori
3442 5191 3758 5263 symbolum

483 5281 640 5351 plane
667 5281 886 5349 impium
915 5279 1256 5348 spargebant,
1289 5276 1760 5344 obtendebantque
1805 5278 2246 5334 subscribendum
2289 5280 2356 5336 iis
2381 5281 2472 5351 qui
2502 5296 2571 5337 ex
2603 5279 2791 5336 bzeresi
2819 5279 3424 5348 Quartadecimanorum
3451 5282 3518 5338 ad
3560 5283 3761 5342 επιε-

479 5372 614 5426 siam
647 5371 898 5426 redirent.
927 5369 1212 5424 Absolutus
1233 5375 1314 5422 est
1339 5383 1370 5420 a
1401 5369 1608 5438 synodo
1635 5368 1944 5437 Charisius;
1969 5372 2277 5429 damnatum
2306 5375 2606 5446 symbolum
2645 5375 2951 5441 Theodori;
2979 5375 3090 5430 lata
3116 5375 3345 5431 celebris
3368 5375 3458 5430 illa
3481 5375 3590 5442 les,
3622 5393 3757 5448 qua:

483 5463 932 5530 consequentibus
955 5460 1160 5514 sicculis
1191 5467 1270 5514 tot
1311 5460 1704 5530 disputationes
1731 5463 1916 5528 movit,
1948 5463 2016 5518 de
2060 5479 2167 5520 non
2196 5468 2565 5536 componenda
2607 5468 2728 5524 fidei
2757 5469 2860 5524 alia
2907 5467 3133 5524 formula
3163 5476 3520 5538 praeterquam
3545 5485 3674 5539 qua:
3713 5488 3752 5528 ι

485 5551 730 5607 Patribus
756 5553 981 5607 Nicmnis
1009 5551 1148 5605 edita
1179 5559 1280 5605 est.
1315 5552 1509 5606 Statuit
1536 5563 1715 5606 sancta
1745 5553 1972 5622 synodus
2002 5555 2220 5610 alteram
2245 5557 2400 5628 ﬁdem
2429 5561 2622 5613 nemini
2667 5560 2822 5614 licere
2852 5561 3102 5632 proferre,
3151 5569 3242 5613 aut
3268 5561 3606 5628 conscribere,
3648 5573 3756 5618 aut

485 5660 800 5712 componere,
827 5653 1010 5713 prwter
1035 5642 1304 5711 deﬁnitam
1335 5660 1364 5694 a
1393 5645 1588 5697 sanctis
1629 5642 1872 5696 Patribus
1905 5647 1992 5716 qui
2022 5644 2201 5701 Nicen:
2222 5664 2334 5702 cum
2365 5649 2568 5719 Spiritu
2588 5661 2769 5706 sancto
2789 5654 3083 5724 congregati
3112 5654 3336 5724 fuerunt.
3361 5650 3463 5717 Qui
3485 5667 3605 5706 vero
3624 5655 3754 5708 ιιιὸ

488 5733 694 5798 fuerint,
727 5743 814 5787 aut
835 5747 1132 5802 componere
1177 5730 1328 5804 ﬁdem
1355 5731 1589 5796 alteram,
1613 5741 1703 5786 aut
1726 5734 1975 5805 proferre,
2009 5733 2085 5790 vel
2121 5735 2308 5808 o/I'erre
2334 5742 2559 5796 converti
2588 5742 2870 5798 volentibus
2899 5743 2968 5795 ad
3005 5745 3315 5814 agnitionem
3356 5743 3605 5809 ueritatis,
3632 5748 3754 5805 sio:
