3904 6272
206 354 301 411 729
727 342 1094 405 PRA'ZFATIO
1131 347 1197 405 IN
1237 346 1604 407 SECUNDAM
1644 346 1918 406 PARTEM
1956 348 2239 409 OPERUM
2278 342 2468 407 MAR"
2508 348 2969 410 MERCATORIS.
3325 354 3435 413 750

201 486 261 524 ea:
286 465 583 539 gentilitate,
629 465 730 518 sive
753 478 818 518 ea:
839 462 1127 528 Judaismo,
1169 465 1273 517 sive
1298 481 1362 518 ex
1390 465 1741 535 qualicumque
1778 465 1959 519 hceresi
1992 482 2010 519 :
2033 467 2125 520 hos
2146 465 2367 537 quidem,
2397 466 2443 518 si
2470 474 2591 520 sunt
2627 465 2853 535 episcOpi
2899 472 2987 517 aut
3014 464 3205 533 clerici,
3236 464 3435 523 alienos

202 574 303 612 esse
321 557 581 626 episcopos
620 555 682 608 ab
710 556 1022 626 episcopatu,
1051 564 1139 608 aut
1185 554 1394 609 clericos
1420 572 1451 607 a
1478 555 1720 608 clericatu
1748 557 2002 621 decrevit;
2031 558 2075 610 si
2101 574 2217 611 vero
2245 558 2365 611 laici
2393 559 2600 628 fuerint,
2633 556 2950 611 anathemati
2978 558 3181 629 subjici.

266 645 439 699 Pridie
467 644 573 698 kal.
615 643 837 713 Augusti
889 645 964 715 (in
984 644 1212 713 vulgatis
1233 644 1524 709 codicibus,
1556 644 1726 713 pridie
1779 645 1885 700 kal.
1928 643 2296 717 Septembris),
2327 648 2637 717 priusquam
2676 646 2911 702 Joannes
2948 663 3127 703 comes
3164 648 3435 720 Ephesum

200 736 515 801 advenisset,
545 734 943 793 considentibus
981 733 1229 789 Patribus
1257 734 1308 789 in
1340 735 1565 790 ecclesia
1587 750 1707 804 quae
1736 734 1901 790 Maria
1923 735 2135 803 dicitur,
2160 736 2430 806 Rheginus
2455 738 2782 794 Constantiae
2809 739 2973 811 Cypri
3001 740 3303 811 episcopus,
3333 759 3435 813 op-

199 835 474 897 portunam
504 834 693 882 nactus
720 827 1078 889 occasionem,
1108 826 1301 880 obtulit
1327 825 1564 881 libellum
1595 826 1800 897 synodo
1827 841 1935 895 quo
1966 828 2289 896 querebatur
2308 828 2602 884 Ecclesiam
2626 829 3016 885 Antiochenam
3040 829 3128 900 jus
3151 832 3253 887 sibi
3281 848 3435 888 arro-

196 937 336 989 gare,
367 929 555 977 contra
578 937 811 978 canones
840 921 1100 987 Niczenos,
1132 921 1185 975 in
1224 919 1450 975 insulam
1477 919 1740 991 Cyprum;
1771 934 1891 974 cum
1920 928 2099 974 tamen
2147 919 2214 974 ab
2243 920 2552 990 apostolicis
2592 936 2758 991 usque
2800 920 3131 992 wmporibus
3158 931 3435 993 metropo-

197 1013 285 1066 lita
312 1013 588 1069 ordinatus
611 1013 795 1069 fuisset
816 1028 847 1067 a
874 1012 1080 1085 synodo
1104 1012 1394 1082 provincias
1422 1012 1607 1067 totius.
1650 1010 1831 1065 Vetuit
1854 1011 2089 1083 synodus
2134 1010 2423 1079 quidquam
2453 1012 2714 1079 innovari,
2740 1011 3007 1082 jussitque
3035 1014 3237 1069 servari
3266 1028 3433 1068 cano-

194 1115 311 1156 nem
339 1111 551 1158 sextum
576 1103 871 1167 Nictenum,
901 1102 1116 1171 suisque
1155 1100 1400 1156 dimcesis
1431 1099 1623 1155 ﬁnibus
1649 1114 1835 1154 omnes
1862 1114 1980 1154 esse
2004 1106 2305 1153 contentos.

266 1194 458 1249 Verum
478 1211 653 1266 neque
680 1197 953 1266 Rheginus
976 1195 1187 1250 videtur
1208 1210 1330 1249 cum
1358 1193 1604 1249 Patribus
1633 1193 1804 1262 egisse
1834 1193 1974 1247 bona
2004 1190 2136 1257 ﬁde;
2168 1207 2341 1261 neque
2384 1190 2573 1248 Patres
2600 1192 2884 1249 admodum
2911 1193 3074 1250 fuisse
3113 1194 3328 1251 solliciti
3364 1192 3433 1250 de

192 1285 466 1342 servandis
480 1285 688 1354 juribus
708 1283 928 1340 Joannis
956 1283 1292 1349 Antiocheni,
1318 1298 1478 1353 quem
1503 1282 1847 1353 pertinaciter
1866 1280 2139 1336 adhaerere
2164 1280 2379 1336 inimico
2400 1280 2597 1337 Christi
2623 1284 2934 1339 cernebant.

258 1376 476 1432 Interim
497 1375 765 1446 Ephesum
786 1375 1018 1430 Joannes
1038 1388 1307 1430 sacrarum
1328 1388 1509 1428 comes
1527 1373 1661 1427 mira
1683 1371 2021 1427 festinatione
2050 1372 2248 1439 tenuit;
2275 1371 2581 1441 statimque,
2607 1375 2874 1444 episcopis
2901 1376 3175 1430 ambarum
3200 1377 3433 1446 partium

193 1466 453 1532 salutatis,
486 1466 723 1521 condixit
749 1466 997 1521 omnibus
1023 1465 1077 1519 in
1104 1472 1418 1533 sequentem
1446 1462 1589 1518 diem
1626 1463 1695 1518 ad
1716 1478 1871 1517 suum
1898 1461 2280 1529 diversorium;
2325 1477 2460 1517 neve
2487 1463 2541 1517 in
2567 1464 2806 1534 ingressu
2837 1466 3092 1521 tumultus
3112 1464 3280 1532 ﬂeret,
3313 1467 3432 1522 ani-

192 1560 289 1615 mis
318 1561 578 1616 hactenus
605 1561 958 1625 exacerbatis,
991 1559 1319 1629 ingrediendi
1344 1559 1587 1614 ordinem
1611 1557 1949 1628 praescripsit.
1983 1556 2280 1613 Adfuerunt
2306 1572 2427 1612 cum
2449 1572 2642 1613 aurora
2670 1557 2782 1614 fere
2812 1558 3042 1615 Joannes
3070 1560 3434 1615 Antiochenus

190 1658 242 1705 et
263 1651 538 1708 Nestorius
565 1668 687 1708 cum
714 1654 861 1719 suis;
886 1652 1054 1707 adfuit
1095 1660 1150 1706 et
1175 1648 1404 1722 Cyrillus
1447 1666 1570 1705 cum
1599 1650 1716 1704 aliis
1741 1650 2039 1719 episcopis;
2091 1648 2430 1704 Memnonem
2458 1648 2603 1705 domi
2630 1651 2888 1719 tegritudo
2924 1653 3165 1709 retinuit.
3194 1652 3321 1708 Orta
3350 1659 3435 1708 est

191 1741 462 1798 altercatio
495 1744 743 1814 primum,
774 1751 829 1798 et
855 1744 1007 1812 quasi
1034 1757 1231 1813 pugna,
1263 1742 1381 1798 aliis
1404 1742 1724 1810 negantibus
1744 1741 2048 1796 Nestorium
2078 1742 2335 1796 interesse
2360 1740 2575 1805 debere,
2602 1758 2724 1797 cum
2752 1744 3057 1811 legerentur
3098 1746 3432 1816 imperatoris

190 1834 406 1901 litteras;
436 1835 554 1890 aliis
573 1842 759 1891 contra
782 1835 1246 1901 contendentibus,
1278 1842 1333 1888 et
1358 1832 1613 1904 Cyrillum
1651 1832 2013 1901 rejicientibus
2045 1851 2057 1884 :
2089 1832 2184 1887 sed
2212 1847 2411 1898 comes,
2444 1834 2727 1889 abstractis
2753 1849 2851 1904 per
2886 1836 2993 1889 vim
3019 1833 3218 1906 Cyrillo
3247 1844 3302 1890 et
3328 1835 3434 1891 Ne-

188 1929 373 1994 storio,
398 1929 606 1985 litteras
632 1930 790 1999 legit,
822 1937 877 1985 et
902 1943 1239 1998 nequaquam
1279 1927 1627 1981 frementibus
1655 1926 1895 1997 partibus
1912 1968 1926 1992 ,
1959 1934 2081 1996 post
2108 1925 2456 1994 depositionis
2476 1926 2933 1982 denuntiationem
2961 1927 3264 1983 Nestorium
3290 1926 3432 1983 Can-

184 2020 395 2078 didiano
421 2023 603 2078 comiti
628 2021 1033 2079 custodiendum
1053 2019 1303 2087 tradidit;
1332 2017 1532 2073 Jacobo
1552 2018 1733 2073 comiti
1759 2016 2013 2089 Cyrillum
2041 2026 2097 2072 et
2123 2017 2494 2082 Memnonem;
2533 2026 2588 2072 et
2626 2028 2837 2084 cuncta,
2866 2034 2984 2087 qua:
3012 2019 3184 2090 primo
3203 2020 3290 2075 die
3311 2028 3431 2075 acta

186 2122 379 2178 essent,
409 2116 790 2186 imperatorem
810 2115 1066 2170 continuo
1091 2113 1318 2179 monuit,
1342 2122 1502 2182 atque
1525 2112 1577 2168 id
1606 2113 1842 2183 insuper,
1873 2113 2081 2168 animos
2104 2112 2479 2183 episcoporum
2508 2112 2871 2183 implacabiles
2894 2113 3083 2178 videri,
3108 2128 3171 2168 ac
3194 2115 3433 2171 irrecou-

181 2204 456 2260 ciliabiles.
484 2205 619 2260 Data
647 2212 730 2261 est
754 2205 945 2260 relatio
977 2204 1233 2275 postridie
1261 2204 1540 2259 adventus.

247 2299 446 2356 Sancta
471 2300 706 2372 synodus
731 2300 925 2355 mirum
967 2300 1022 2355 in
1059 2299 1275 2355 modum
1307 2298 1533 2357 Comitis
1561 2298 1702 2355 facto
1740 2309 2027 2367 commota,
2051 2302 2207 2357 binas
2235 2301 2302 2357 ad
2331 2303 2711 2372 imperatorem
2745 2300 2950 2353 litteras
2978 2298 3211 2368 scripsit.
3242 2297 3432 2355 Primae

176 2391 387 2447 initium
407 2400 489 2447 est
520 2409 533 2445 :
574 2389 756 2445 Vestra
776 2390 977 2462 quidem
1008 2389 1254 2459 majestas
1296 2391 1535 2460 pietatem
1555 2390 1864 2459 conﬁrmare
1909 2392 2100 2454 volens,
2133 2397 2236 2445 etc.
2266 2389 2523 2445 Secunda:
2551 2406 2562 2442 :
2591 2388 3029 2442 Christianissima
3051 2396 3215 2440 vestra
3242 2388 3432 2458 majes-

174 2494 273 2551 tas,
306 2485 612 2555 pientissimi
639 2483 994 2553 imperatores,
1026 2489 1132 2537 etc.
1164 2480 1224 2534 In
1252 2481 1353 2535 hac
1380 2481 1611 2550 primum
1635 2489 1823 2550 questa
1852 2489 1952 2544 est,
1996 2481 2324 2535 mendaciter
2351 2487 2656 2547 suggestum
2685 2478 2846 2531 fuisse
2875 2475 3203 2545 imperatori,
3235 2490 3432 2545 appro-

172 2574 354 2629 batam
383 2589 501 2630 esse
522 2588 553 2627 a
581 2581 767 2627 sancta
790 2570 998 2641 synodo
1018 2567 1202 2640 Cyrilli
1226 2577 1282 2624 et
1309 2567 1607 2623 Memnonis
1628 2568 2039 2637 depositionem,
2068 2568 2558 2635 catholicorumque
2586 2566 2801 2620 nomina
2829 2563 3291 2618 schismaticorum
3326 2578 3427 2617 no-

172 2663 410 2718 minibus
438 2663 492 2716 in
520 2660 867 2729 inscriptione
909 2658 1167 2726 permista
1204 2672 1342 2712 esse.
1375 2655 1705 2723 Significavit
1728 2655 1939 2723 deinde,
1967 2657 2268 2712 nullatenus
2296 2672 2354 2711 se
2404 2672 2564 2726 posse
2606 2654 2963 2709 Orientalibus
3010 2652 3426 2719 communicare,

168 2753 485 2821 priusquam
513 2750 612 2821 ipsi
641 2749 963 2820 depositioni
991 2748 1222 2804 Nestorii
1246 2749 1660 2815 subscriberent,
1701 2756 1755 2803 et
1782 2749 1993 2817 objecta
2041 2748 2245 2820 synodo
2291 2764 2389 2819 per
2415 2747 2733 2803 calumniam
2762 2752 3097 2800 revocarent.
3136 2741 3430 2799 Postulavit

165 2841 408 2910 denique
434 2841 583 2897 reddi
611 2842 713 2897 sibi
757 2839 1015 2912 Cyrillum
1042 2855 1104 2896 ac
1132 2838 1489 2905 Memnonem,
1524 2838 1787 2908 fidemque
1813 2838 2042 2894 dilucide
2071 2839 2391 2909 explicatam
2425 2838 2478 2891 in
2508 2835 2906 2892 commentariis
2934 2833 3174 2898 retineri,
3209 2841 3265 2889 et
3290 2833 3429 2888 mitti

167 2932 358 3003 plures
384 2934 626 3002 partibus
652 2948 760 2988 non
786 2932 1045 2997 addictos,
1069 2931 1161 3000 qui
1182 2930 1388 2985 sincere
1417 2930 1795 2998 imperatorem
1820 2935 2123 2983 monerent.

242 3024 404 3080 Dedit
424 3025 612 3080 eadem
636 3024 872 3095 synodus
898 3023 1105 3079 litteras
1125 3022 1287 3077 etiam
1316 3022 1384 3077 ad
1412 3022 1694 3091 episcopos
1721 3019 2183 3091 Constantinopoli
2206 3028 2441 3089 agentes,
2472 3018 2814 3088 reliquosque
2842 3017 2987 3071 urbis
3009 3016 3351 3087 presbyteros
3374 3024 3430 3070 et

171 3115 447 3179 diaconos,
477 3116 669 3185 quibus
697 3116 959 3188 imprimis
998 3116 1258 3185 queritur,
1288 3130 1395 3169 non
1423 3116 1584 3170 licere
1608 3115 1708 3170 sibi
1745 3112 2267 3184 Constantinopolim
2307 3112 2559 3178 scribere,
2592 3120 2651 3165 ut
2676 3111 2873 3166 veritas
2913 3111 3232 3164 innotescat.
3277 3107 3430 3162 Sciat

172 3206 335 3276 pietas
365 3215 530 3260 vestra
556 3205 817 3278 Ephesum
859 3207 1072 3278 perinde
1109 3224 1170 3260 ac
1207 3223 1461 3261 carcerem
1488 3223 1695 3277 prorsus
1742 3222 1835 3260 nos
1870 3208 2177 3270 inhabitare,
2208 3208 2261 3259 in
2296 3223 2394 3278 qua
2416 3206 2528 3275 jam
2570 3205 2823 3258 trimestre
2846 3205 3068 3274 spatium
3106 3218 3261 3273 usque
3299 3200 3429 3254 adeo

172 3304 314 3349 arcte
341 3296 525 3349 inclusi
556 3304 802 3364 tenemur,
833 3307 890 3351 ut
934 3313 1093 3367 neque
1120 3313 1210 3367 per
1245 3313 1406 3361 mare,
1429 3313 1589 3368 neque
1615 3314 1705 3367 per
1727 3306 1889 3351 terras
1913 3297 2068 3351 libere
2089 3306 2139 3351 et
2178 3296 2365 3367 absque
2392 3296 2702 3361 discrimine,
2753 3296 3039 3366 quempiam
3090 3294 3316 3359 omnino,
3348 3292 3426 3346 vel

172 3384 242 3439 ad
268 3384 409 3452 pium
429 3387 741 3451 comitatum,
755 3384 831 3439 vel
856 3386 911 3438 in
932 3385 1153 3456 aliquem
1173 3384 1331 3438 alium
1368 3385 1553 3447 locum,
1577 3385 1859 3439 amandare
1877 3401 2139 3457 queamus.
2166 3384 2305 3438 Nam
2328 3386 2731 3456 quotiescumque
2759 3401 2819 3437 ea
2856 3400 2968 3455 qua:
2996 3384 3246 3449 misimus,
3271 3380 3418 3435 reddi

172 3478 402 3548 contigit,
425 3487 479 3531 ut
502 3477 753 3532 tabellarii
776 3486 1018 3532 sexcenta
1043 3478 1160 3532 vitta
1190 3477 1489 3532 discrimina
1517 3477 1803 3543 evaderent,
1826 3477 1881 3530 in
1915 3477 2048 3530 alias
2076 3486 2223 3547 atque
2250 3477 2379 3530 alias
2401 3476 2595 3547 formas
2626 3477 2997 3545 transformare
3017 3491 3071 3527 se
3098 3475 3260 3528 coacti
3283 3480 3424 3527 sunt.

239 3568 433 3623 Narrat
457 3569 649 3625 deinde
678 3584 798 3639 qua)
848 3570 949 3624 sibi
988 3570 1263 3627 calumniae
1291 3570 1359 3624 ab
1395 3569 1714 3624 adversariis
1742 3567 2079 3637 aﬂingantur.
2114 3568 2263 3633 Quod
2301 3578 2469 3622 autem
2522 3578 2627 3622 tam
2660 3567 2930 3638 diligenter
2968 3567 3299 3631 custodimur,
3331 3564 3429 3617 hoc

177 3662 382 3715 aliunde
412 3678 514 3717 non
536 3663 783 3733 provenit,
831 3680 982 3735 quam
1024 3664 1159 3736 quod
1196 3664 1266 3717 ad
1306 3665 1564 3733 piissimos
1592 3665 1924 3733 imperatores
1960 3664 2131 3717 omnia
2160 3673 2338 3717 contra
2365 3679 2458 3717 nos
2498 3662 2633 3733 falso
2675 3661 2993 3732 deferuntur.
3030 3659 3171 3715 Nam
3220 3660 3331 3726 alii,
3373 3669 3429 3714 ut

176 3752 470 3822 accipimus,
502 3752 647 3822 quasi
674 3752 941 3805 seditionis
967 3762 1218 3816 auctores,
1252 3752 1389 3822 apud
1408 3754 1520 3822 pias
1549 3753 1892 3823 Augustorum
1929 3768 2077 3805 aures
2099 3768 2191 3806 nos
2232 3753 2488 3805 incusant.
2521 3751 2623 3805 Alii
2664 3768 2932 3821 suggerere
2958 3752 3071 3805 ausi
3109 3760 3247 3816 sunt,
3279 3750 3426 3821 quasi

176 3843 479 3897 mcumenica
497 3852 675 3896 nostra
702 3843 928 3913 synodus
954 3842 1201 3915 Cyrillum
1228 3844 1606 3898 sanctissimum
1626 3842 1834 3915 Deoque
1862 3844 2246 3898 dilectissimum
2267 3844 2703 3915 archiepiscopum
2724 3844 3149 3909 Alexandrinum,
3190 3853 3241 3898 et
3276 3860 3428 3898 sanc-

180 3934 427 3987 tissimum
452 3931 661 4005 Deoque
680 3932 1056 3988 devotissimum
1084 3934 1436 4005 coepiscopum
1462 3942 1693 3987 nostrum
1736 3932 2062 3987 Memnonem
2102 3933 2435 4003 deposuisset.
2480 3929 2702 3995 Quidam
2729 3941 2778 3984 et
2816 3932 2910 3984 hoc
2940 3932 3174 4003 fortassis
3202 3931 3428 4001 adjicere

178 4024 312 4077 veriti
342 4039 453 4078 non
500 4032 638 4086 sunt,
689 4023 825 4094 quod
863 4039 977 4076 cum
1016 4022 1315 4094 defectionis
1353 4022 1711 4088 conciliabula,
1742 4023 1886 4092 cujus
1925 4021 2031 4075 dua:
2075 4030 2149 4075 est
2175 4020 2404 4076 Joannes
2450 4020 2815 4083 Antiochenus,
2849 4020 3069 4072 amicum
3119 4018 3425 4089 colloquium

176 4112 299 4167 inire
318 4111 469 4168 nobis
497 4112 767 4184 placuerit.
806 4110 889 4166 Ne
926 4113 1084 4183 igitur
1120 4112 1230 4165 hcec
1257 4112 1526 4183 pateﬁant,
1560 4120 1703 4165 tanta
1736 4110 2002 4181 diligentia
2029 4111 2362 4165 custodimur.

241 4200 498 4269 Denique,
540 4199 754 4254 laudata
795 4200 1034 4255 omnium
1077 4214 1294 4254 suorum
1338 4200 1658 4263 constantia,
1702 4201 1964 4269 siquidem
2007 4200 2228 4255 mallent
2273 4199 2425 4269 sequi
2452 4198 2693 4254 exsulem
2731 4196 2988 4268 Cyrillum
3037 4211 3197 4266 quam
3230 4195 3424 4255 Joanni

176 4292 462 4357 adhzerere,
494 4292 739 4347 hortatur
766 4299 826 4346 ut
854 4291 953 4361 ipsi
991 4297 1179 4361 petant
1205 4292 1272 4346 ab
1302 4292 1641 4360 imperatore,
1691 4293 1773 4346 vel
1801 4292 2050 4347 advocari
2088 4293 2373 4363 episcopos
2396 4291 2604 4359 aliquos
2642 4289 2733 4358 qui
2774 4288 2951 4359 palam
2992 4288 3309 4358 loquantur;
3338 4291 3423 4347 vel

180 4399 352 4440 omnes
381 4384 453 4439 ad
482 4400 607 4439 suas
651 4382 920 4439 Ecclesias
947 4382 1161 4447 dimitti,
1212 4398 1279 4437 ne
1307 4383 1635 4451 gravissimis
1683 4383 1876 4452 quibus
1905 4391 2221 4453 premuntur
2247 4382 2498 4436 :erumnis
2542 4380 2913 4436 conﬁciantur.
2953 4378 3229 4434 Certiorem
3269 4383 3426 4452 facite

180 4474 549 4543 imperatorem,
583 4480 631 4526 et
658 4472 960 4543 supplicate,
984 4480 1039 4524 ut
1062 4473 1224 4525 nostri
1252 4474 1505 4537 misertus,
1528 4488 1593 4525 ea:
1613 4472 1707 4526 hoc
1736 4472 1937 4526 tandem
1972 4473 2198 4542 specioso
2236 4470 2492 4541 ergastulo
2522 4486 2614 4525 nos
2643 4478 2867 4535 revocet;
2897 4478 2947 4523 et
2973 4471 3018 4523 si
3046 4469 3248 4542 quidem
3277 4472 3421 4543 digni

180 4582 340 4620 sumus
368 4567 459 4637 qui
479 4566 784 4636 pientissimi
812 4564 1096 4638 Christique
1130 4568 1348 4620 amantis
1374 4568 1698 4638 imperatoris
1738 4569 1922 4639 faciem
1964 4566 2241 4633 videamus,
2265 4566 2319 4619 id
2347 4566 2460 4636 ﬁeri
2482 4566 2723 4630 mandet;
2752 4566 2796 4619 si
2825 4580 2941 4619 vero
2986 4564 3186 4635 indigni
3209 4564 3419 4637 judica-

181 4675 284 4711 mur
308 4657 489 4730 quibus
520 4658 612 4713 hoc
633 4657 882 4730 obtingat,
909 4659 1092 4713 saltem
1122 4660 1189 4713 ad
1216 4658 1479 4713 Ecclesias
1514 4668 1718 4713 nostras
1748 4657 1913 4713 redire
1940 4675 2032 4712 nos
2061 4659 2220 4724 sinat,
2262 4675 2326 4712 ne
2363 4658 2445 4712 hic
2470 4659 2711 4724 universi,
2743 4658 2835 4711 alii
2871 4657 3082 4723 morbis,
3113 4656 3205 4710 alii
3226 4656 3418 4710 maesti-

182 4750 244 4801 tia
271 4750 558 4819 consumpti
587 4765 873 4819 pereamus.

245 4840 496 4895 Additum
523 4846 605 4894 est
643 4840 1129 4906 commonitorium,
1154 4839 1417 4894 Dalmatio
1445 4839 1893 4905 archimandritaa,
1925 4849 1984 4895 ut
2002 4841 2212 4911 opinor,
2244 4841 2559 4897 nominatim
2588 4841 2869 4907 directum,
2907 4840 3050 4910 quod
3077 4839 3419 4895 commisera-

180 4932 369 4986 tionem
392 4946 613 4987 movere
634 4932 822 5003 possit,
854 4932 937 4987 vel
966 4931 1250 4987 durissimo
1276 4931 1469 5001 cuique
1500 4949 1513 4983 :
1548 4929 1808 4986 Necamur
1838 4930 2061 5001 testibus,
2086 4949 2199 4987 cum
2225 4949 2367 4989 aeres
2400 4934 2713 5004 sintgraves,
2746 4941 2795 4985 et
2813 4948 2941 5002 pene
2977 4930 3197 5002 quotidie
3232 4930 3417 5003 aliquis

182 5024 472 5091 sepeliatur,
497 5030 601 5078 etc.

247 5112 494 5169 Geminas
523 5130 555 5168 a
581 5113 786 5185 synodo
813 5114 1039 5185 scriptas
1060 5113 1219 5169 fuisse
1246 5113 1554 5184 imperatori
1583 5113 1805 5179 litteras,
1842 5113 1986 5182 quod
2014 5114 2252 5169 nonnulli
2281 5122 2475 5169 vocant
2503 5114 2556 5168 in
2584 5113 2833 5178 dubium;
2868 5113 3298 5182 singularumque
3325 5128 3419 5168 or-

186 5200 351 5258 dinem
380 5212 436 5259 et
464 5211 831 5273 argumentum
871 5219 980 5260 non
1028 5205 1100 5258 ita
1127 5202 1483 5258 communiter
1508 5211 1714 5268 notum,
1746 5202 2027 5257 manifeste
2054 5202 2249 5257 docent
2287 5202 2543 5273 epistolae,
2570 5216 2703 5270 quas
2742 5199 2971 5271 Cyrillus
2997 5215 3028 5255 e
3055 5215 3150 5255 sua
3178 5200 3420 5255 custodia

190 5293 339 5359 misit,
363 5309 525 5349 unam
553 5295 698 5349 clero
722 5294 1026 5364 populoque
1050 5293 1668 5363 Constantinopolitano,
1692 5308 1797 5362 qua
1830 5294 1883 5347 in
1910 5293 2097 5362 primis
2123 5294 2324 5348 amicos
2348 5308 2473 5348 suos
2501 5293 2666 5357 duos,
2697 5292 3011 5345 Dalmatium
3040 5292 3421 5348 archimandri-

192 5393 291 5440 tam
328 5389 736 5453 sanctissimum,
770 5388 1107 5459 Alipiumque
1136 5389 1498 5457 apostolbrum
1521 5389 1888 5459 presbyterum
1906 5429 1921 5453 ,
1961 5402 2163 5456 magum
2191 5398 2475 5458 utrumque
2495 5388 2636 5458 apud
2664 5388 3038 5457 imperatorem
3066 5389 3423 5457 auctoritatis,

194 5479 387 5532 monuit
412 5478 539 5547 quid
566 5486 844 5548 pararetur
886 5486 940 5533 et
975 5478 1103 5547 quid
1126 5479 1266 5533 facto
1288 5494 1423 5548 opus
1447 5487 1620 5545 esset;
1659 5480 1881 5533 alteram
1916 5480 2085 5534 tribus
2112 5480 2269 5533 simul
2310 5492 2418 5533 suae
2445 5479 2692 5534 dioecesis
2718 5478 3000 5548 episcopis,
3034 5477 3420 5550 Theopempto,

195 5566 384 5624 Danieli
421 5580 475 5625 et
502 5570 819 5633 Potamioni,
862 5571 916 5624 in
961 5571 1092 5624 urbe
1134 5570 1278 5637 regia
1300 5571 1650 5625 versantibus.
1681 5570 1852 5639 Atque
1888 5570 1991 5624 illa:
2018 5579 2143 5625 sunt
2161 5584 2294 5638 quas
2318 5583 2441 5624 cum
2469 5568 2881 5623 commonitorio
2910 5568 3139 5624 inclusas
3166 5569 3424 5625 arundine

196 5663 456 5717 mendicus
478 5664 684 5727 detulit,
727 5671 785 5717 ut
807 5662 1012 5715 falleret
1040 5670 1181 5716 artes
1208 5661 1553 5716 Orientalium
1574 5679 1670 5731 per
1697 5663 1896 5717 amicos
1917 5660 2311 5731 prohibentium
2341 5675 2408 5713 ne
2427 5659 2555 5728 quid
2574 5673 2605 5712 a
2634 5674 2783 5713 sacra
2813 5658 3017 5730 synodo
3042 5657 3422 5723 Constantine-

195 5746 347 5817 polim
376 5748 668 5814 afferretur,
700 5747 839 5818 quod
867 5748 1027 5802 rebus
1056 5751 1166 5803 suis
1197 5750 1626 5805 inconunodaret.
