3904 6272
507 290 603 347 731
1036 287 1401 363 rimimo
1439 292 1503 363 IN
1543 290 1907 363 SECUNDAM
1944 289 2227 359 PARTEM
2256 287 2541 361 OPERUM
2579 289 2771 355 MAR"
2799 286 3260 357 memnonis.
3663 290 3765 349 732

573 403 713 481 Quid
738 409 925 477 postea
952 396 1260 475 praestiterit
1287 400 1626 475 largitionum
1655 420 1855 473 comes,
1888 413 2100 471 constat
2121 421 2188 461 ex
2216 405 2442 475 epistola
2462 401 2646 477 Cyrilli
2675 404 2744 459 ad
2771 404 2976 463 clerum
3005 404 3372 476 populumque
3391 400 3765 457 Constantino-

504 494 817 572 potitanum.
851 497 977 551 Cum
1008 497 1306 569 predum,
1334 498 1428 563 ait,
1455 496 1994 569 Magniﬁcentissimus
2040 497 2117 551 air
2142 495 2219 550 nil
2249 506 2351 560 non
2398 496 2698 562 temarerit,
2728 504 2827 568 quo
2866 492 3096 549 Joannes
3129 502 3181 550 et
3201 496 3287 564 qui
3316 502 3434 546 cum
3462 498 3520 545 eo
3548 500 3684 555 sunt,
3716 510 3762 546 in

502 600 695 659 sanctis
706 588 897 662 synodi
926 591 1330 655 communicem
1352 574 1685 661 recipiantur,
1708 590 1764 651 in
1790 588 2095 651 hodiernum
2115 595 2272 661 usque
2300 580 2434 643 diem
2457 596 2521 647 ne
2543 587 2724 645 audire
2749 588 2952 662 quidem
2992 582 3289 661 hujusmodi
3316 590 3489 643 vocent
3515 585 3761 639 sustinue-

501 691 655 748 runt;
682 680 777 737 sed
802 681 1054 749 obsistunt
1073 678 1273 755 quidem
1296 684 1522 748 omnino,
1542 688 1597 743 et
1619 682 1837 743 ditant:
1867 679 2012 741 Fibri
2041 690 2142 737 non
2171 684 2355 752 potest,
2378 684 2433 735 ut
2471 679 2542 735 ad
2565 680 2661 737 hoc
2701 682 2981 745 veniamus,
3013 681 3115 737 nisi
3142 678 3279 752 quod
3306 686 3492 732 contra
3520 676 3675 747 legem
3702 677 3758 728 ab

496 774 605 828 illis
633 772 827 845 factum
842 776 924 828 est
951 771 1273 841 dissolvatur,
1305 780 1365 826 ac
1377 770 1576 844 simodo
1590 778 1851 846 tamquam
1873 770 1959 847 qui
1984 771 2285 846 deliquerint
2309 772 2561 845 supplices
2582 768 2842 838 accidant,
2866 781 2916 826 et
2945 769 3245 826 Nestorium
3264 764 3505 841 illiusque
3527 768 3756 838 dogmata

496 866 688 936 scripto
717 865 1152 920 anaihananzent
1166 882 1183 931 ;
1204 868 1255 919 et
1273 862 1328 919 iit
1349 864 1426 927 liis
1449 864 1687 919 arriserit:
1714 862 1898 936 synodi
1927 865 2161 920 consistit
2179 866 2448 922 instantia.
2482 864 2608 921 Cum
2631 882 2749 921 vero
2771 865 2868 919 hac
2887 862 2977 937 spe
2998 853 3545 937 magniﬁcentissimis
3574 860 3658 913 ille
3670 863 3751 921 rir,

496 956 642 1029 cujus
665 956 1004 1033 meminiinus,
1031 959 1307 1033 frustratus
1326 958 1476 1028 esset,
1508 960 1649 1017 aliud
1671 964 1874 1016 rursum
1888 962 2214 1035 excogitavit,
2226 959 2281 1017 et
2306 958 2533 1021 asancta
2553 960 2751 1034 synodo
2778 956 2923 1032 petiit
2951 969 3005 1014 ut
3024 958 3149 1031 ﬁdei
3176 954 3552 1031 expositionem
3580 956 3752 1025 scripto

494 1049 592 1103 sibi
617 1047 892 1115 exhiberet,
922 1054 978 1103 id
1005 1057 1118 1105 cum
1138 1046 1225 1107 illi
1243 1054 1437 1125 quoque
1450 1052 1609 1124 ipsius
1631 1052 1852 1124 impulsu
1881 1054 2221 1109 asseruissent
2256 1052 2315 1107 ac
2345 1046 2785 1122 subscripsissenl,
2815 1062 3044 1106 reversus
3071 1040 3265 1104 diceret
3290 1066 3311 1109 ;
3344 1040 3544 1123 Redegi
3572 1045 3680 1100 illos
3704 1049 3744 1098 In

492 1142 795 1207 amicititlm,
845 1144 930 1215 qui
952 1143 1193 1207 humanis
1239 1145 1449 1215 oﬁ'ensis
1503 1146 1638 1200 inter
1691 1163 1747 1201 se
1799 1140 2133 1203 dissidebant.
2167 1136 2283 1199 Hoc
2336 1140 2623 1217 intelligens
2678 1152 2860 1197 sancta
2897 1136 3125 1214 synodus
3170 1138 3357 1203 iterum
3409 1136 3637 1195 surrexit
3680 1139 3750 1189 di-

492 1232 626 1285 terte
671 1228 845 1287 dicens
876 1249 893 1286 :
926 1222 1184 1290 Nolumus
1210 1232 1353 1295 nobis
1394 1230 1519 1309 ipsis
1547 1246 1662 1291 eam
1701 1234 2063 1291 contumeliam
2091 1236 2351 1308 irrogare;
2383 1253 2487 1290 non
2514 1236 2650 1289 enim
2681 1224 2940 1307 tamquam
2984 1232 3214 1288 haeretici
3242 1226 3339 1287 huc
3375 1232 3544 1286 vocati
3571 1247 3746 1291 suum,

490 1321 583 1386 sed
634 1325 858 1378 venimus
906 1326 963 1377 ul
1008 1322 1165 1396 ﬁdem
1210 1320 1468 1381 labantem
1520 1336 1570 1382 et
1629 1322 1945 1400 exagitatam
1988 1320 2345 1392 stabiliamus,
2398 1334 2549 1397 quam
2595 1322 2645 1378 et
2702 1318 3070 1389 stabilivimus;
3122 1339 3214 1375 nec
3276 1322 3406 1391 opus
3473 1320 3551 1375 est
3604 1321 3747 1387 impe-

490 1413 654 1466 ratori
697 1416 756 1467 at
797 1408 953 1485 ﬁdem
998 1418 1134 1470 nunc
1182 1412 1372 1484 discat,
1416 1414 1529 1483 cum
1572 1414 1705 1485 hanc
1758 1414 1891 1483 sciat
1938 1427 1989 1472 et
2032 1418 2086 1471 in
2138 1434 2202 1471 ea
2239 1414 2527 1490 baptizatus
2577 1412 2663 1470 sit.
2710 1410 2883 1487 Quare
2922 1431 3014 1468 nec
3053 1406 3110 1468 id
3155 1411 3361 1485 quidem
3411 1402 3748 1465 Orientalibus

489 1505 746 1565 suecessit.
1112 1498 1115 1503 ⁴

558 1589 853 1675 Epistoiam
880 1595 1019 1653 hanc
1044 1592 1190 1659 dedit
1217 1594 1446 1669 Cyrinus
1466 1602 1749 1670 postquam
1774 1592 1975 1669 Ephesi
2000 1597 2253 1655 rescitum
2274 1606 2357 1663 est
2382 1592 2643 1654 Joannem
2663 1596 2917 1654 Comitem
2937 1600 3041 1651 nan
3062 1596 3234 1652 omnia
3259 1598 3395 1650 recte
3424 1593 3674 1659 retulisse,
3701 1604 3747 1648 et

485 1684 799 1759 priusquam
825 1686 1002 1742 tamen
1033 1692 1239 1763 septem
1265 1688 1331 1746 de
1355 1688 1575 1761 Singulis
1600 1690 1845 1764 partibus
1864 1688 2385 1762 Constantinopolim
2414 1690 2620 1747 evocati
2648 1698 2848 1759 essent,
2880 1694 3043 1758 atque
3064 1689 3138 1751 ita
3159 1687 3376 1744 circiter
3397 1682 3636 1741 medium
3655 1682 3746 1738 Au‘

484 1782 699 1846 gustum
729 1794 743 1831 :
782 1790 892 1849 quo
913 1776 1025 1836 fere
1054 1784 1296 1854 tempore
1343 1780 1582 1859 oportuit
1609 1778 1974 1840 evocatoriam
2002 1784 2332 1841 sanctionem
2373 1781 2646 1855 Ephesum
2674 1782 2872 1849 allerrl,
2905 1782 3341 1857 potestatemque
3368 1780 3621 1835 Nestorio
3651 1768 3745 1837 ﬁcri

486 1874 595 1939 quo
621 1870 784 1926 vellet
803 1872 978 1941 abire,
1010 1880 1066 1929 et
1086 1888 1193 1945 quo
1224 1874 1464 1946 placeret
1507 1892 1723 1932 secessu
1755 1874 2105 1946 depositionis
2144 1874 2380 1931 dolorem
2410 1875 2601 1941 solari;
2631 1870 2830 1947 Cyrillo
2873 1876 3054 1928 tamen
3094 1864 3309 1929 interim
3365 1865 3743 1937 Memno'neque

486 1957 543 2014 tn
564 1962 809 2017 ettstodia
832 1965 1071 2032 retentis,
1104 1964 1232 2021 dum
1260 1964 1499 2037 ipsorum
1529 1982 1708 2037 causa,
1733 1964 2153 2043 disceptantihns
2181 1967 2458 2037 utriusque
2497 1966 2665 2043 partis
2692 1965 2985 2038 episcopis,
3018 1960 3086 2020 ah
3108 1962 3442 2036 imperatore
3465 1958 3675 2031 cognita
3698 1970 3742 2015 et

480 2046 774 2118 diiudicata
801 2056 961 2108 esset.

483 2143 493 2173 ⁸
556 2134 889 2198 TbeOdOsius
917 2142 971 2198 id
997 2144 1210 2201 constiti
1244 2144 1406 2217 cepit,
1437 2148 1633 2217 partim
1655 2148 1780 2217 quia
1807 2142 2113 2205 Nestorium
2141 2148 2378 2219 legitime
2406 2148 2838 2218 exauctoratum),
2882 2142 2969 2204 vel
2997 2144 3111 2220 ipse
3142 2146 3378 2203 Ioannes
3408 2146 3597 2205 eomes;
3622 2148 3741 2203 relu-

487 2229 655 2317 lerat;
684 2232 879 2301 partim
906 2233 1049 2303 quod
1076 2236 1169 2304 qui
1197 2238 1515 2293 auctoritate
1544 2239 1795 2293 valebant
1834 2240 1887 2294 in
1916 2241 2139 2317 palatio,
2183 2255 2308 2295 cum
2344 2232 2649 2301 Nestorium
2689 2238 2989 2299 subducere
3016 2240 3124 2300 nun
3153 2238 3377 2310 possent
3407 2237 3615 2291 meritae
3640 2236 3740 2290 seo-

481 2314 687 2389 tentiaz,
719 2322 907 2379 eadem
930 2330 1203 2381 tentarent
1230 2326 1432 2393 artibus
1460 2329 1649 2395 aulicis
1677 2314 1949 2385 involvere
1969 2328 2227 2403 Cyrillum
2255 2336 2310 2385 et
2339 2326 2694 2400 Memnonem,
2719 2332 2908 2402 suique
2930 2328 3086 2389 amici
3108 2324 3342 2391 dedecus
3364 2328 3739 2387 immoriturum

485 2421 862 2478 communium
889 2423 1160 2491 minuere;
1191 2426 1386 2497 partim
1407 2423 1636 2497 denique
1666 2426 1735 2482 ob
1762 2425 2070 2501 religiosum
2098 2418 2438 2498 imperatoris
2466 2426 2733 2493 animum,
2766 2424 2927 2499 (luem
2954 2418 3207 2481 Dalmatii
3232 2425 3563 2483 sanctissimi
3590 2424 3741 2479 archi-

484 2508 763 2568 mander
808 2514 1014 2573 monita
1059 2514 1294 2591 clerique
1340 2513 1919 2591 Constantinopolitani
1961 2518 2271 2588 gravissima
2319 2514 2607 2576 ohtestatio
2655 2526 3039 2585 commoverat.
3080 2516 3222 2575 Iussi
3264 2534 3396 2588 ergo
3435 2534 3504 2573 ex
3537 2522 3740 2586 utraque

482 2608 636 2679 parte
661 2604 825 2677 legati
855 2600 924 2662 ad
961 2602 1148 2663 urbem
1194 2602 1397 2680 regiam
1424 2610 1641 2678 venire;
1691 2626 1791 2666 nec
1829 2610 2076 2667 videntur
2096 2612 2310 2676 morati,
2334 2610 2619 2681 quominus
2656 2608 2715 2671 se
2753 2606 2944 2671 darent
2983 2602 3236 2676 inviam,
3261 2610 3406 2664 circa
3445 2608 3738 2677 vigesimum

482 2692 626 2769 diem
655 2694 876 2768 Augusti
902 2718 914 2752 :
947 2700 1071 2753 nam
1090 2690 1390 2755 Orientales
1418 2702 1529 2757 suis
1549 2702 1617 2756 ad
1644 2700 1822 2759 socios
1852 2701 2044 2757 litteris
2074 2710 2337 2765 testantur
2377 2717 2435 2765 se
2458 2690 2800 2761 Chalcedone
2827 2694 2991 2756 fuisse
3030 2694 3115 2763 die
3143 2694 3337 2770 quarto
3366 2696 3707 2771 Septembris.

551 2784 727 2860 Elegit
773 2805 927 2846 saera
965 2788 1200 2863 synodus
1234 2788 1540 2871 Philippum
1579 2791 1950 2864 presbyterum
1970 2835 1984 2860 ,
2014 2792 2333 2858 Arcadium,
2364 2786 2707 2858 Iuvenalem,
2736 2784 3070 2871 Flavianum,
3100 2779 3357 2856 Firmum,
3392 2780 3732 2852 Theodotum,

482 2876 734 2939 Acacium
757 2924 773 2949 ,
816 2876 1100 2952 Evoptium
1124 2924 1138 2948 ,
1171 2866 1455 2954 episcopos
1477 2924 1492 2950 ,
1541 2878 1736 2953 quibus
1762 2883 2083 2953 proiecturis
2110 2876 2258 2941 dedit
2286 2880 2352 2937 ad
2381 2884 2758 2954 imperatorem
2786 2866 2995 2941 litteras
3012 2922 3032 2948 ,
3065 2880 3260 2938 etcum
3283 2876 3479 2945 litteris
3501 2874 3735 2943 mandata

480 2980 715 3045 quatuor
739 2988 858 3042 qua:
899 2982 1195 3029 servarent.
1237 2972 1476 3035 Primum
1499 3013 1514 3041 ,
1564 2982 1625 3029 ut
1660 2966 1844 3046 Cyrilli
1884 2982 1940 3029 et
1985 2966 2282 3033 Memnonis
2328 2973 2603 3039 securitati
2642 2964 3023 3040 consulerent;
3072 2973 3366 3029 secundum
3390 3015 3407 3040 ,
3456 2968 3538 3029 ne
3563 2969 3735 3029 ποιηῶ

480 3062 702 3135 ejusque
728 3066 889 3121 sociis
913 3064 1282 3141 iungerentur,
1323 3064 1524 3141 quippe
1551 3065 1645 3136 qui
1688 3071 1743 3121 et
1790 3060 2058 3127 noluerint
2103 3081 2228 3122 cum
2271 3064 2477 3141 Synodo
2522 3054 2829 3127 Nestorium
2867 3054 3140 3136 deponere
3163 3105 3177 3131 ,
3228 3072 3282 3118 et
3305 3066 3497 3123 centra
3522 3078 3735 3123 canones

479 3144 738 3226 Cyrillum
758 3148 1205 3224 Memnonemque
1240 3150 1496 3219 damnare
1539 3153 1653 3209 ausi
1692 3148 1825 3221 sint,
1861 3156 1915 3212 et
1962 3170 2070 3210 non
2108 3154 2329 3208 minima
2370 3168 2440 3208 ex
2483 3156 2638 3225 parte
2675 3148 2991 3215 Nes‘toriana
3032 3146 3282 3223 dogmata
3318 3144 3735 3222 leestianaq'ue

474 3242 737 3304 hactenus
778 3242 1152 3312 defenderint,
1202 3248 1257 3301 et
1302 3245 1468 3302 totius
1507 3242 1653 3300 orbis
1697 3242 1965 3317 synodum
1990 3238 2137 3299 velut
2174 3245 2483 3300 haereticam
2520 3238 2777 3299 infamare
2824 3260 2932 3298 non
2978 3238 3358 3307 dubitaverint.
3401 3238 3658 3309 Tertium,
3694 3244 3734 3296 si

477 3334 912 3395 communionem
958 3334 1247 3405 imperaret
1274 3328 1608 3405 Theodosius
1630 3376 1646 3403 ,
1686 3338 1941 3419 parerent
1983 3335 2198 3406 quidem
2222 3377 2236 3402 ,
2287 3334 2381 3391 sed
2409 3328 2491 3390 his
2529 3334 2922 3393 conditionibus
2944 3377 2959 3403 ,
2992 3334 3051 3390 ut
3072 3332 3392 3419 Orientales
3421 3330 3735 3391 damnationi

459 3421 710 3481 .Nestorii
730 3420 1145 3499 subseriberent,
1178 3422 1359 3482 libello
1381 3424 1595 3483 veniam
1626 3414 1875 3497 peterent
1907 3432 2240 3498 patratorum
2268 3423 2323 3480 in
2348 3420 2603 3498 praesides
2623 3420 2840 3499 synodi,
2872 3414 3107 3481 Nestorii
3134 3424 3385 3497 dogmata
3416 3443 3541 3489 cum
3578 3422 3734 3485 secta-

476 3514 573 3571 riis
618 3512 953 3581 damnarent,
982 3508 1377 3573 collaborarent
1414 3514 1621 3590 synodo
1660 3518 1714 3572 in
1752 3514 2081 3574 restituenda
2125 3510 2325 3589 Cyrillo
2372 3508 2749 3586 Memnonique
2776 3510 3053 3585 dignitate.
3095 3512 3387 3585 Quartum,
3422 3525 3482 3572 ut
3511 3520 3581 3571 ne
3598 3517 3733 3587 prius

478 3605 911 3661 communionem
938 3602 1283 3677 sponderent,
1313 3622 1475 3676 quam
1495 3607 1725 3662 restituti
1749 3606 1945 3663 fuerint
1965 3606 2235 3685 praesides,
2264 3609 2548 3680 omniaque
2576 3606 2793 3665 interim
2821 3608 2888 3665 ad
2907 3612 3172 3683 synodum
3193 3604 3479 3666 referrent.
3523 3600 3732 3667 Additur

476 3696 578 3757 sub
601 3693 779 3764 linem,
806 3697 907 3759 nisi
933 3698 1199 3752 mandatis
1227 3706 1471 3769 pareant,
1502 3690 1765 3772 synodum
1793 3704 1893 3773 nec
1911 3702 2086 3754 ratum
2114 3698 2418 3761 habituram
2446 3697 2590 3771 quod
2619 3698 2857 3769 egerint,
2890 3716 2991 3757 nec
3029 3704 3124 3763 eos
3141 3700 3489 3775 postmodum
3516 3702 3574 3758 in
3598 3696 3730 3767 suam

477 3788 908 3844 eonnnunionem
934 3784 1304 3853 admissuram.

548 3872 836 3935 Orientalis
864 3872 1024 3937 factio
1052 3877 1274 3935 totidem
1301 3876 1369 3940 de
1393 3879 1507 3945 suis
1534 3878 1819 3953 episcopos
1845 3878 2077 3951 legavit,
2126 3874 2386 3945 Ieannem
2414 3876 2805 3936 Antiochenum
2829 3922 2845 3948 ,
2886 3874 3146 3938 Joannem
3186 3874 3421 3941 alterum
3458 3872 3727 3939 DamaScé—

476 3972 635 4031 num,
659 3962 980 4045 Himeri‘um,
1011 3960 1260 4034 Paulum,
1283 3964 1600 4043 Macarium,
1626 3966 1940 4040 Apringium
1996 3977 2051 4025 et
2078 3962 2496 4037 Theodoretum,
2528 3966 2725 4039 quibus
2752 3964 2854 4029 etsi
2881 3968 3105 4031 liberam
3130 3968 3258 4026 fecit
3275 3984 3459 4033 rerum
3483 3962 3729 4043 gerenda-

476 4062 596 4110 rum
622 4060 947 4126 poteStatem
970 4098 985 4123 ,
1033 4052 1087 4113 id
1116 4062 1294 4112 tamen
1322 4056 1592 4114 mandavit
1619 4062 1677 4115 ut
1704 4054 1889 4132 Cyrilli
1916 4057 2115 4131 capita,
2150 4060 2418 4129 tamquam
2454 4052 2707 4115 bzeretica
2731 4056 3013 4130 alienaQue
3038 4050 3109 4121 ab
3130 4052 3371 4121 Eeclesia
3398 4058 3662 4119 catholica
3684 4058 3731 4121 et

476 4149 809 4223 apostolica",
858 4148 1031 4207 modis
1058 4147 1304 4211 omnibus
1331 4148 1621 4225 rejicienda
1658 4152 1926 4211 (iurarent.
1968 4138 2262 4218 Adjunctus
2295 4146 2546 4205 mandato
2586 4144 2798 4203 libellus
2836 4153 3056 4217 precum
3097 4147 3167 4204 ad
3194 4150 3613 4223 imperatorem,
3638 4166 3731 4221 quo

472 4242 573 4317 per
598 4238 854 4311 quidquid
873 4242 1084 4297 sacrum
1105 4234 1187 4299 est
1213 4239 1625 4297 Obsecrarentur
1653 4257 1722 4297 ne
1750 4238 1834 4297 cui
1854 4238 2041 4298 liceret
2070 4242 2285 4317 impune
2319 4240 2479 4295 aliam
2509 4236 2632 4296 ﬁdei
2659 4232 2975 4309 formulam,
3016 4236 3213 4313 prmia;
3246 4236 3556 4314 symbolum
3584 4242 3731 4301 Nice-

473 4338 621 4402 num,
645 4326 1013 4408 subscribere;
1036 4334 1091 4389 et
1114 4338 1177 4389 ut
1194 4333 1261 4391 de
1288 4330 1670 4406 qurestionibus
1698 4336 1923 4409 quisque
1951 4335 2150 4408 scripto
2176 4335 2315 4406 apud
2338 4326 2718 4405 imperatorem
2738 4326 3036 4405 deponeret
3060 4337 3403 4403 sententiam,
3426 4354 3539 4408 qua

473 4423 624 4494 argui
639 4420 683 4480 si
703 4420 832 4494 quid
851 4422 1040 4495 postea
1063 4424 1116 4480 in
1137 4428 1464 4493 contrarium
1485 4437 1765 4494 assereret,
1790 4435 1849 4482 ut
1874 4436 2013 4483 esset
2038 4444 2140 4485 una
2162 4426 2399 4483 Omnium
2422 4424 2726 4492 consensio,
2743 4442 2844 4482 nec
2870 4423 2989 4481 duae
3007 4414 3652 4496 permitterentur-libens
3673 4427 3731 4483 de

472 4504 855 4586 quaestionibus
881 4512 1179 4589 opiniones,
1208 4510 1306 4581 sed
1328 4534 1415 4573 res
1437 4526 1551 4577 tota
1571 4515 1892 4588 disputando
1920 4510 2247 4574 deliniretur.
2290 4514 2346 4570 ld
2373 4532 2502 4571 vero
2533 4514 2613 4571 sin
2633 4516 2811 4570 minus
2839 4514 2891 4567 in
2920 4514 3204 4584 praesentia
3243 4508 3384 4571 ellici
3410 4508 3629 4586 meset,
3661 4508 3730 4569 fas

473 4600 577 4663 sibi
605 4610 748 4667 esset
791 4598 860 4660 ad
895 4600 1167 4665 Ecclesias
1205 4612 1339 4666 suas
1361 4600 1559 4665 redire.
1614 4605 1926 4663 Iuvenalem
1953 4624 2117 4678 porro
2147 4604 2690 4677 Hierosolymitanum
2726 4604 3119 4673 insimularunt,
3150 4602 3304 4677 quasi
3337 4602 3502 4664 malis
3542 4602 3729 4661 artibus

468 4707 755 4755 conaretur
789 4696 1117 4757 Phreniciam
1145 4701 1434 4758 secundam
1465 4709 1520 4757 et
1553 4698 1803 4757 Arabiam
1824 4698 1879 4756 in
1911 4710 2095 4773 partes
2120 4690 2303 4773 Cyrilli
2331 4715 2544 4756 vocare.
2587 4695 2851 4754 Dolebant
2888 4697 3034 4754 enim
3060 4706 3247 4763 unum
3268 4698 3415 4757 hunc
3444 4715 3478 4755 e
3517 4700 3730 4773 patriar-

466 4788 582 4845 chis
610 4790 924 4851 nominatim
949 4807 1059 4848 non
1088 4791 1248 4848 fuisse
1275 4801 1602 4853 accusatum.

537 4872 765 4941 Exstant
807 4874 1002 4936 litterae
1047 4880 1134 4939 die
1162 4874 1231 4938 i3
1270 4882 1499 4955 Augusti
1540 4883 1753 4956 script;
1799 4881 1865 4938 ad
1893 4880 2101 4950 sacram
2143 4882 2406 4959 synodum
2446 4885 2513 4941 ab
2556 4886 2824 4957 episcopis
2870 4874 3117 4956 septem,
3148 4874 3382 4951 Eulalia,
3429 4872 3723 4948 Eutrechio,

467 4968 693 5042 Acacio,
716 4970 1078 5048 Chrysaphio,
1109 4974 1359 5043 Ieremia,
1393 4972 1691 5045 Theodulo,
1722 4974 1880 5041 Isaia,
1912 4976 2003 5047 qui
2032 4972 2499 5047 Constantinopoli
2527 4972 2897 5032 versabantur.
2920 4976 3087 5031 Suum
3113 4977 3187 5031 illi
3208 4970 3445 5039 studium
3470 4977 3527 5032 in
3546 4974 3725 5031 tuenda

465 5064 570 5123 ﬁde
619 5066 821 5139 scripto
868 5069 1204 5124 testabantur
1241 5066 1508 5137 Patribus,
1558 5074 1618 5135 ut
1661 5069 1755 5136 qui
1793 5075 1850 5133 et
1894 5068 1950 5127 in
1992 5068 2125 5123 urbe
2161 5083 2277 5127 rem
2303 5076 2523 5123 strenue
2550 5075 2826 5136 gererent,
2858 5075 2914 5121 et
2939 5065 3223 5136 Ephesinis
3251 5064 3505 5127 Patribus
3531 5064 3726 5119 animos

464 5152 722 5239 adderent
751 5154 818 5225 ad
846 5152 1055 5217 fortiter
1083 5154 1465 5229 absolvendan)
1502 5152 1799 5228 victoriam,
1832 5150 1886 5229 et
1925 5156 2100 5239 parati
2131 5169 2311 5221 essent
2352 5158 2419 5223 ad
2447 5158 2732 5231 petendam
2765 5148 3065 5230 Ephesum,
3106 5158 3536 5227 auxiliaremque
3576 5170 3723 5228 opem

463 5236 759 5318 ferendam,
790 5252 835 5308 si
865 5252 1102 5323 placeret
1128 5253 1367 5327 synodo,
1397 5253 1539 5313 unde
1568 5253 1821 5315 mandata
1850 5236 1953 5315 sibi
1981 5242 2048 5309 ad
2075 5252 2349 5323 negotium
2377 5266 2658 5311 commune
2685 5238 2980 5320 gerendum
3006 5251 3147 5309 mitti
3177 5258 3449 5319 peterent.

530 5334 829 5416 Rescripsit
856 5361 1071 5416 quoque
1108 5346 1164 5411 in
1203 5338 1448 5411 eamdem
1487 5345 1808 5409 sentcntiam
1842 5344 2137 5399 Dalmatius
2171 5351 2369 5407 sancta:
2414 5340 2638 5414 synodo.
2684 5330 2927 5411 Epistola
2955 5357 3119 5407 vero,
3163 5339 3290 5411 quia
3322 5338 3561 5403 nondum
3586 5339 3723 5396 edita

464 5438 565 5501 est,
597 5434 865 5493 afferenda
893 5436 1103 5494 videtur
1130 5437 1356 5508 integra,
1385 5446 1498 5495 tum
1520 5432 1705 5493 Grazce
1734 5446 1792 5490 ut
1820 5434 1980 5497 estin
2010 5434 2200 5490 codice
2227 5424 2506 5500 Vaticano,
2540 5442 2653 5491 tum
2681 5431 2888 5491 Latine.
2931 5430 3021 5488 Sic
3048 5447 3178 5502 ergo
3207 5448 3267 5491 se
3296 5430 3483 5487 habet.

466 5569 728 5628 νωτολή
756 5571 1047 5642 πεμφθεῖσα
1073 5570 1205 5646 rpit-
1231 5576 1321 5630 τήν
1348 5569 1496 5642 ἁγίαν
1525 5572 1576 5624 ἐν
1601 5576 1665 5642 «τῇ
1690 5568 1929 5639 ’κερασίων
1960 5584 2008 5622 αι

2177 5565 2337 5621 ὒνοδον
2365 5566 2509 5641 καρὰ
2534 5564 2819 5635 animum
2845 5570 2938 5619 σηῦ
2978 5563 3267 5637 ﬁrmitati
3294 5560 3719 5641 ἂρχιμιηὸρίτω.

536 5704 633 5764 τήν
661 5698 923 5765 {moralia
953 5712 1040 5767 τὴν
1077 5702 1391 5778 πεμφθεῖσάν
1426 5726 1510 5776 μοι
1552 5698 1694 5776 πηοσὶ
1738 5710 1827 5763 τῆς
1876 5698 2022 5772 ἁγίας
2073 5698 2294 5758 σννόδον
2336 5696 2594 5773 ἐδεξάμην,
2627 5701 2710 5754 καί
2745 5699 2891 5773 γυοῦς
2940 5700 3005 5756 τὰ
3048 5698 3095 5752 ἓν
3140 5700 3271 5774 αὐτῇ
3316 5697 3643 5775 ὶμφιρὸμςνα,
3668 5697 3720 5753 ἶν
