3904 6272
525 317 632 375 735
1055 310 1424 370 PREFATIO
1462 309 1527 366 IN
1566 307 1943 366 SECUNDAM
1985 302 2266 364 PARTEM
2305 302 2589 361 OPERUM
2632 297 2827 359 MAR“
2867 299 3333 356 MERCATORIS.
3720 300 3837 354 756

525 443 687 498 quam
714 425 1019 481 hortatione
1044 439 1153 478 non
1173 433 1255 479 est
1283 438 1437 494 opus,
1471 423 1716 477 novimus
1745 421 1890 475 enim
1917 420 2086 475 Deum
2114 419 2209 474 tibi
2238 418 2524 483 revelasse,
2548 431 2667 486 quae
2688 417 2966 470 Nestorius
2992 417 3046 470 in
3069 414 3234 470 corde
3252 410 3490 484 gereret,
3524 421 3836 481 antequam

469 517 474 528 “
527 517 993 588 Constantinopoli
1039 517 1217 588 palam
1262 523 1598 586 grassaretur
1623 555 1638 580 ,
1686 523 1850 583 teque
1883 513 1996 583 jam
2035 520 2148 567 tum
2192 511 2440 566 omnibus
2479 510 2535 564 in
2577 508 2908 564 monasterio
2955 506 3314 562 existentibus
3343 505 3530 560 dicere
3557 503 3832 560 solitum:

527 611 708 666 Cavete
733 609 891 676 vobis,
917 610 1126 680 fratres,
1157 608 1405 680 siquidem
1432 608 1572 662 mala
1595 606 1754 662 bestia
1785 607 1882 660 hac
1910 607 1964 660 in
1992 605 2117 659 urbe
2142 612 2428 676 grassatur,
2460 612 2510 656 et
2537 602 2724 656 multos
2751 617 2846 656 sua
2867 600 3104 656 doctrina
3123 599 3314 670 inﬁcit.

595 703 792 758 Sancta
827 710 882 758 et
915 701 1385 757 consubstantialis
1421 700 1654 755 Trinitas
1689 706 1868 755 servet
1909 708 1962 754 te
2002 699 2322 753 incolumem
2350 704 2529 752 mente
2569 704 2624 751 et
2650 710 2898 766 corpore,
2931 694 3316 766 praedicantem
3343 691 3624 750 Christum
3655 691 3828 748 Deum

527 803 790 851 nostrum.
832 793 935 848 Ora
959 809 1060 864 pro
1089 792 1262 860 nobis,
1293 793 1630 848 sanctissime
1658 792 1842 847 frater.

596 886 730 943 Cum
774 886 934 954 legati
981 885 1217 956 partium
1259 885 1359 940 sub
1389 885 1550 940 linem
1579 884 1804 954 Augusti
1830 875 2227 938 Chalcedonem
2267 883 2596 949 tenuissent,
2641 883 2778 951 jussi
2823 889 2949 937 sunt
2995 880 3195 936 ibidem
3233 879 3572 944 subsistere,
3599 886 3824 948 propter

528 977 913 1033 tumultuantes
946 975 1276 1039 monachos,
1313 975 1359 1030 si
1393 989 1499 1044 qua
1533 984 1716 1030 tamen
1753 971 2266 1029 lidesTheodoreto
2314 971 2368 1027 id
2409 971 2671 1028 causanti.
2723 970 2802 1026 Eo
2829 971 2935 1027 loci
2969 970 3112 1025 fama
3149 969 3481 1035 didicerunt,
3514 968 3820 1024 Nestorium

526 1077 652 1123 ante
679 1076 802 1123 octo
830 1067 964 1134 dies,
991 1081 1156 1136 quam
1193 1067 1540 1132 advenirent,
1589 1065 1805 1137 Epheso
1843 1066 2117 1121 dimissum
2136 1107 2151 1131 ,
2183 1072 2244 1119 ut
2273 1065 2376 1120 iret
2403 1080 2511 1134 quo
2538 1065 2749 1120 liberet.
2789 1063 2945 1131 Quod
2977 1078 3099 1120 cum
3122 1061 3262 1118 foret
3289 1061 3671 1133 praajudicium
3715 1077 3820 1115 non

526 1159 642 1214 leve
689 1175 891 1224 causa},
921 1168 1131 1216 tantum
1162 1160 1442 1216 catholicis
1469 1159 1667 1214 laetitiae
1704 1159 1964 1227 bonaeque
1991 1158 2106 1228 spei
2141 1156 2293 1222 fecit,
2337 1164 2596 1225 quantum
2624 1155 2862 1210 vicissim
2884 1154 3090 1209 doloris
3117 1159 3403 1220 metusque
3433 1147 3819 1215 Orientalibus,

526 1261 748 1324 propter
768 1253 1169 1308 inclinationem
1198 1251 1488 1308 Theodosii
1519 1253 1574 1306 in
1603 1252 1882 1306 meliorem
1904 1259 2133 1321 partem.
2161 1248 2447 1321 Postquam
2471 1248 2849 1302 Chalcedonem
2867 1249 3097 1302 venimus
3120 1247 3266 1316 (nam
3287 1243 3817 1313 Constantinopolin,

524 1361 685 1415 neque
703 1360 818 1407 nos,
851 1361 1011 1416 neque
1031 1345 1194 1398 nostri
1231 1343 1513 1398 adversarii
1535 1345 1736 1396 intrare
1756 1342 1991 1412 permissi
2020 1356 2214 1406 sumus,
2239 1348 2450 1410 propter
2477 1339 2752 1393 seditiones
2775 1338 3024 1393 bonorum
3045 1334 3471 1404 monachorum),
3503 1336 3654 1406 fama
3679 1351 3821 1388 acce-

525 1438 714 1506 pimus,
747 1434 920 1504 inquit
957 1434 1360 1500 Theodoretus,
1402 1433 1538 1506 quod
1577 1443 1700 1488 ante
1735 1443 1848 1488 octo
1878 1432 1986 1487 dies
2005 1472 2020 1496 ,
2052 1449 2206 1503 quam
2233 1448 2672 1503 compareremus,
2695 1431 2933 1485 dominus
2957 1428 3235 1485 Nestorius
3256 1427 3323 1482 ab
3348 1425 3566 1498 Epheso
3588 1425 3815 1480 dimissus

524 1529 612 1586 sit,
634 1534 691 1578 ut
712 1534 795 1578 eat
818 1542 917 1597 quo
937 1523 1114 1578 liberet
1137 1541 1154 1579 :
1184 1525 1320 1580 unde
1340 1523 1485 1578 valde
1513 1523 1788 1591 doluimus,
1811 1522 2225 1594 quandoquidem
2258 1539 2372 1577 vere
2398 1539 2460 1577 ea
2488 1538 2602 1594 qua:
2629 1522 2811 1576 itlicite
2836 1531 2888 1576 et
2921 1519 3110 1592 absque
3135 1519 3340 1591 judicio
3371 1520 3522 1590 facta
3564 1527 3683 1572 sunt
3707 1519 3816 1589 jam

525 1617 682 1672 robur
701 1619 888 1672 habere
917 1618 1173 1672 videntur.

598 1712 695 1766 Die
730 1720 924 1780 quarto
961 1711 1293 1783 Septembris
1331 1713 1682 1768 Orientalium
1724 1711 1888 1780 legati
1916 1710 1984 1765 ad
2012 1725 2138 1766 suos
2170 1709 2441 1780 Ephesum
2481 1712 2848 1782 scripserunt:
2873 1726 2984 1782 quo
3007 1711 3097 1766 die
3123 1709 3477 1766 Chalcedone
3503 1716 3816 1763 transuat-ns

526 1804 942 1875 exspectabatur
987 1805 1283 1874 imperator
1328 1806 1382 1859 in
1411 1805 1591 1859 villam
1641 1802 2002 1868 Rufinianam,
2047 1802 2138 1857 ubi
2178 1811 2443 1858 statuerat
2481 1804 2668 1860 audire
2705 1819 2942 1859 causam.
2985 1801 3055 1857 Et
3093 1818 3226 1858 vero
3267 1811 3692 1858 convocatoseo
3717 1800 3814 1854 loci

527 1896 731 1950 audivit
760 1910 868 1949 non
897 1898 1086 1964 semel,
1118 1898 1214 1953 sed
1241 1907 1492 1967 quartum
1521 1898 1712 1963 etiam,
1746 1897 1910 1950 immo
1937 1903 1993 1950 et
2013 1895 2257 1963 quintum
2277 1935 2291 1959 ,
2323 1905 2379 1951 et
2405 1895 2625 1964 quidem
2653 1895 2786 1951 satis
2810 1895 3077 1950 benevole
3098 1894 3153 1948 in
3181 1895 3454 1965 Speciem;
3490 1893 3637 1948 unde
3652 1892 3812 1947 victo-

527 1989 664 2043 riam
703 1991 805 2045 sibi
846 1991 1222 2061 intempestive
1269 1991 1521 2060 gratulati
1566 2001 1724 2057 sunt,
1777 1992 1972 2048 litteris
2015 1994 2084 2049 ad
2115 2007 2243 2049 suos
2288 1989 2562 2060 Ephesum
2604 1988 2766 2044 datis.
2807 1987 3042 2042 Narrant
3080 1987 3226 2042 enim
3272 2001 3338 2042 ea
3364 2001 3492 2056 qua:
3520 1985 3815 2040 obtulerant

527 2081 838 2152 imperatori
862 2093 1081 2154 accepta
1110 2085 1305 2150 fuisse;
1336 2100 1457 2154 quae
1477 2085 1669 2156 synodi
1695 2085 1888 2153 legati,
1919 2085 2160 2155 reiecta;
2190 2083 2580 2152 reprehensum
2603 2097 2634 2135 a
2657 2096 2717 2136 se
2746 2081 3024 2144 Acacium,
3055 2078 3202 2148 quod
3220 2077 3541 2149 passibilem
3565 2076 3813 2131 Deitatcm

527 2170 783 2236 dixisset,
835 2180 890 2227 et
933 2173 1000 2228 ad
1047 2180 1252 2228 tantam
1297 2174 1688 2244 blasphemiam
1735 2173 2080 2228 cohorruisse
2120 2170 2514 2236 Theodosium;
2556 2169 2625 2224 ab
2652 2184 2720 2225 eo
2749 2170 3073 2240 imperatum
3099 2166 3296 2232 fuisse,
3330 2176 3391 2222 ut
3419 2183 3582 2223 suam
3602 2167 3815 2236 quisque

527 2263 847 2320 sententiam
874 2264 1074 2335 scripto
1108 2264 1374 2331 traderet,
1408 2279 1508 2320 nec
1541 2265 1702 2320 aliam
1728 2265 1797 2319 ab
1826 2265 1955 2334 ipsis
1981 2263 2314 2334 propositam
2342 2277 2505 2330 quam
2525 2260 2827 2327 Nictenam;
2857 2261 3148 2332 populum,
3170 2262 3441 2331 probante
3470 2259 3810 2330 imperatore,

527 2348 994 2425 Cous‘tantinopoli
1023 2354 1091 2410 ad
1118 2371 1179 2411 se
1211 2355 1511 2424 conﬂuere,
1555 2357 1820 2426 enixeque
1857 2365 2043 2426 petere
2083 2363 2142 2409 ut
2180 2370 2281 2426 pro
2323 2353 2426 2410 fide
2463 2362 2684 2410 strenue
2717 2363 3052 2425 pugnarent,
3095 2354 3293 2424 vixque
3320 2369 3351 2409 a
3377 2369 3440 2410 se
3466 2352 3722 2419 retineri,
3751 2366 3816 2408 ne

530 2445 850 2503 adversariis
879 2456 1093 2504 noceat.

600 2539 733 2594 Tam
762 2540 971 2596 felicem
993 2543 1198 2597 exitum
1221 2543 1533 2598 certaminis
1559 2542 1860 2598 Orientales
1886 2542 2076 2611 legatis
2116 2541 2227 2596 suis
2268 2555 2336 2595 ex
2382 2539 2515 2596 urbe
2561 2538 2833 2609 presina
2861 2539 3222 2608 congratulati
3249 2546 3394 2604 sunt,
3426 2552 3640 2608 eosque
3663 2534 3812 2591 simul

529 2639 872 2697 monuerunt,
902 2631 1180 2687 catholica:
1221 2633 1410 2704 synodi
1451 2633 1673 2697 Patres,
1705 2648 1842 2702 quos
1884 2632 2168 2704 .Egyptios
2211 2631 2510 2696 vocabant,
2543 2629 2767 2701 perinde
2808 2646 2867 2686 se
2891 2645 3081 2700 gerere
3109 2643 3174 2685 ac
3201 2631 3380 2701 prius,
3410 2629 3468 2684 id
3496 2637 3602 2695 est,
3633 2643 3810 2683 causas

529 2719 824 2788 dijudicare
846 2761 861 2786 ,
913 2735 1031 2789 quae
1076 2722 1320 2790 plurima:
1367 2721 1762 2787 deferebantur,
1813 2721 2070 2777 Ecclesiis
2109 2721 2336 2778 diversis
2373 2720 2693 2791 providere,
2743 2728 2849 2776 etc.
2920 2719 3266 2776 Remiserunt
3294 2721 3425 2792 ipsis
3448 2734 3672 2790 quoque
3690 2719 3810 2774 sub-

531 2811 731 2881 scripta
771 2827 801 2865 a
843 2827 902 2866 se
939 2812 1264 2882 exemplaria
1305 2812 1412 2867 duo
1449 2813 1573 2868 fidei
1609 2813 1868 2880 Nicmntc,
1900 2827 2114 2881 unaque
2152 2812 2545 2882 expositionem
2583 2811 2942 2882 capitulorum
2983 2825 3015 2865 a
3053 2809 3257 2883 Cyrillo
3290 2826 3486 2866 recens
3508 2810 3726 2874 facta,
3753 2824 3811 2864 ac

532 2903 697 2956 etiam
739 2903 977 2957 libellum
1014 2904 1328 2974 imperatori
1359 2904 1711 2959 offerendum.
1769 2905 1884 2960 Hoc
1922 2905 1974 2959 in
2017 2904 2198 2959 libello
2231 2912 2353 2975 post
2381 2911 2532 2959 actas
2571 2919 2670 2974 pro
2697 2902 2884 2958 favore
2913 2903 3026 2958 suis
3052 2905 3292 2973 praestito
3313 2904 3519 2973 gratias
3537 2903 3812 2958 summisse

532 3010 632 3065 pro
655 2993 904 3050 Nestorio
929 3036 944 3062 ,
992 2995 1144 3064 cujus
1189 3012 1386 3052 nomen
1437 3004 1644 3061 tacent,
1685 2997 1811 3066 quia
1853 2997 2120 3064 ingratum
2156 2996 2470 3067 imperatori
2511 2995 2861 3059 audiverant,
2907 2993 3221 3064 abjecteque
3241 2997 3646 3066 supplicabant.
3686 2993 3811 3061 Quid

534 3084 678 3138 enim
699 3083 961 3154 abjectius
990 3086 1106 3140 istis
1136 3086 1315 3140 verbis
1345 3103 1356 3138 :
1390 3083 1632 3150 Oramus,
1665 3095 1712 3139 et
1741 3093 1860 3138 ante
1882 3087 2093 3156 vestigia
2122 3094 2287 3140 vestra
2315 3085 2676 3156 provolvimur,
2707 3093 2765 3138 ut
2795 3100 2888 3138 nos
2919 3101 3034 3137 cum
3062 3085 3462 3156 longanimitate
3491 3085 3813 3139 humiliatus

530 3183 711 3231 vestrae
745 3176 923 3244 pietati
951 3177 1279 3246 suscipiatis,
1321 3185 1372 3230 et
1392 3177 1533 3248 juste
1559 3185 1782 3246 petentes
1813 3174 1876 3229 de
1911 3175 2109 3244 o/I'ensa
2140 3193 2360 3248 persona
2398 3174 2462 3230 ab
2502 3176 2582 3230 his
2615 3178 2700 3249 qui
2733 3186 3033 3246 receperunt
3073 3179 3315 3232 hceretica
3354 3178 3588 3249 capitula
3618 3177 3809 3248 Cyrilli,

531 3272 634 3320 etc.
689 3265 960 3321 Dedcrunt
1006 3266 1226 3336 insuper
1259 3266 1313 3320 in
1351 3267 1616 3322 mandatis
1658 3275 1717 3322 ut
1752 3268 1878 3324 totis
1911 3268 2114 3325 viribus
2146 3285 2244 3340 pro
2280 3269 2530 3327 Nestorio
2568 3269 2835 3339 facerent;
2879 3287 3053 3341 neque
3079 3287 3181 3326 suo
3202 3272 3420 3326 nomine
3447 3272 3811 3327 consentirent

532 3370 785 3425 umquam
827 3357 879 3412 in
922 3357 1320 3412 restitutionem
1347 3356 1533 3430 Cyrilli
1562 3366 1617 3413 et
1645 3358 1972 3425 Memnonis,
2015 3361 2113 3415 nisi
2142 3361 2373 3431 capitula
2395 3362 2785 3419 damnarentur
2811 3382 2823 3418 :
2855 3379 2920 3420 ea
2942 3365 3142 3435 quippe
3168 3378 3236 3419 eo
3264 3378 3435 3432 usque
3455 3363 3809 3418 exsecraban-

535 3454 640 3513 tur,
674 3459 732 3503 ut
763 3465 830 3504 ne
858 3466 1024 3504 unum
1053 3450 1270 3519 quidem
1299 3452 1539 3521 recipere
1562 3451 1779 3515 vellent,
1804 3453 1904 3506 etsi
1934 3468 2080 3507 mors
2107 3453 2478 3509 intentaretur.

608 3537 961 3610 Compressus
1006 3548 1089 3594 est
1135 3541 1342 3609 aliquot
1388 3549 1511 3610 post
1550 3541 1738 3596 diebus
1788 3542 2019 3612 impetus
2066 3543 2384 3598 exsultantis
2430 3543 2828 3600 inconsiderate
2874 3544 3110 3600 lcetitite:
3160 3543 3423 3598 redeunte
3469 3542 3809 3612 siquidemin

538 3628 724 3682 urbem
768 3632 1095 3698 imperatore
1117 3669 1132 3694 ,
1173 3629 1308 3698 jussi
1353 3639 1476 3684 sunt
1503 3631 1693 3702 synodi
1741 3632 2022 3687 catholica:
2061 3634 2221 3701 legati
2251 3635 2524 3702 comitari,
2557 3643 2615 3689 ut
2643 3637 2957 3706 episcopum
2983 3636 3454 3706 Constantinopoli
3485 3635 3809 3698 ordinarunt,

535 3719 898 3775 Orientalibus
926 3721 1141 3776 interim
1168 3719 1510 3776 Chalcedone
1538 3723 1771 3788 relictis;
1799 3723 1890 3792 qui
1912 3725 2091 3780 libello
2112 3723 2179 3779 ad
2209 3725 2568 3781 Theodosium
2599 3729 2763 3782 misso
2793 3729 3084 3799 petierunt,
3118 3744 3185 3783 ne
3213 3743 3320 3798 qua
3349 3728 3504 3782 fleret
3531 3728 3810 3791 ordinatio,

534 3809 844 3880 priusquam
886 3811 1140 3878 dogmata
1186 3813 1640 3879 examinarentur,
1689 3815 2042 3870 vaticinantes
2091 3817 2288 3886 alioqui
2338 3819 2613 3887 iungentia,
2664 3836 2784 3889 qua:
2825 3821 2964 3876 forte
3011 3822 3480 3886 machinabantur,
3515 3820 3646 3876 inde
3689 3820 3810 3876 nisi:

534 3899 759 3953 oritura.
802 3900 1031 3955 Aiebant
1051 3901 1192 3956 enim
1219 3921 1232 3956 :
1266 3901 1632 3958 Necessarium
1653 3904 1890 3958 duximus
1921 3915 1978 3958 ut
2009 3906 2342 3977 prtrsentibus
2373 3908 2556 3964 litteris
2586 3911 2880 3965 doceremus
2910 3921 3128 3965 vestram
3150 3913 3412 3983 pietatem,
3438 3929 3619 3966 coram
3642 3911 3751 3967 Deo
3773 3921 3813 3965 et

535 3992 738 4051 Christo
784 3999 896 4067 ipso
927 4015 988 4052 ac
1029 4009 1210 4053 sancto
1254 3999 1473 4070 Spiritu,
1497 4001 1634 4072 quod
1671 4003 1714 4055 si
1754 4002 1865 4072 quis
1911 4002 2180 4056 ordinatus
2221 4005 2402 4075 fuerit,
2431 4015 2707 4075 antequam
2737 4006 3083 4060 discutiantur
3113 4016 3249 4060 recta
3289 4005 3535 4077 dogmata
3561 4007 3630 4059 ab
3653 4009 3717 4061 iis
3742 4006 3812 4076 qui

533 4089 774 4144 haeretica
815 4092 1059 4158 sentiunt,
1106 4109 1308 4147 necesse
1348 4095 1416 4148 sit
1463 4103 1518 4147 ut
1547 4102 1653 4147 tota
1694 4092 1927 4148 Ecclesia
1967 4095 2253 4160 scindatur,
2287 4105 2390 4148 tant
2431 4095 2566 4150 clero
2595 4113 2747 4168 quam
2777 4097 3006 4167 plebibus
3036 4096 3404 4150 dissidentibus
3431 4113 3448 4150 :
3481 4097 3662 4150 nullus
3693 4098 3812 4150 enim

533 4185 734 4252 piorum
756 4186 885 4255 feret
912 4184 1154 4239 heretica
1183 4185 1465 4241 colentibus
1496 4188 1902 4241 communionem
1924 4187 2056 4251 dari,
2080 4189 2440 4258 propriamque
2467 4189 2685 4242 salutem
2707 4189 3014 4243 annihilari.
3057 4189 3118 4244 Si
3149 4199 3318 4244 autent
3352 4190 3461 4245 licet:
3483 4192 3668 4261 futura
3689 4199 3812 4253 sicut,

536 4283 654 4328 tunc
682 4285 850 4329 vestra
880 4279 1044 4348 pietas
1064 4289 1252 4349 prteter
1271 4297 1420 4334 suam
1448 4289 1669 4333 mentem
1697 4296 1848 4350 agere
1875 4288 2115 4350 cogetur;
2150 4297 2272 4334 nam
2308 4289 2357 4334 et
2383 4281 2607 4334 schisma
2640 4291 2828 4351 prteter
2856 4282 3165 4335 sententiam
3187 4283 3493 4348 invalescet,
3525 4291 3576 4335 et
3617 4299 3710 4336 eos

535 4384 630 4438 pro
665 4367 853 4435 pietate
902 4377 1128 4436 certant,
1181 4373 1537 4437 contristabit,
1581 4388 1684 4424 non
1731 4373 1977 4442 ferentes,
2018 4380 2074 4424 ut
2111 4389 2220 4426 sua:
2262 4373 2450 4426 animae
2488 4382 2732 4443 pereant,
2756 4383 2806 4428 et
2826 4383 3062 4428 constent
3087 4375 3422 4428 contentiosis
3450 4375 3615 4445 impia
3649 4373 3814 4444 (ἒςτὲιᾶ

537 4457 782 4529 dagmata
804 4500 819 4523 ,
869 4477 984 4531 quin
1013 4463 1304 4532 justi/icore
1343 4464 1540 4518 volunt.
1593 4462 1747 4517 Multi
1783 4473 1980 4530 autem,
2015 4465 2100 4535 qui
2129 4466 2310 4534 pietati
2345 4464 2570 4528 student,
2603 4475 2653 4518 et
2680 4483 2856 4520 omnes
2877 4483 2989 4531 nos,
3023 4468 3110 4538 qui
3130 4483 3196 4521 ea:
3218 4464 3476 4521 Orientali
3507 4466 3741 4531 dicet-esi,
3777 4474 3817 4518 et

535 4559 716 4605 vestra:
744 4554 1021 4621 provincia:
1057 4571 1124 4606 ea:
1162 4555 1363 4610 diwcesi
1405 4554 1595 4619 Ponti,
1632 4565 1681 4608 et
1709 4555 1879 4619 Asiae,
1921 4565 1971 4609 et
2002 4554 2267 4622 Tltracite,
2295 4567 2345 4610 et
2376 4556 2604 4628 Illyrici,
2627 4568 2676 4612 et
2701 4556 2974 4613 Italiarum
3007 4560 3190 4630 Cyrilli
3211 4560 3458 4632 dogmata
3487 4561 3704 4615 admitti
3725 4577 3815 4615 non

535 4643 731 4705 sinent;
761 4645 846 4714 qui
874 4653 924 4696 et
955 4652 1134 4698 vestra:
1161 4646 1340 4715 pietati
1371 4644 1556 4699 librum
1585 4645 1866 4699 beatissimi
1895 4644 2154 4699 Ambrosii
2183 4647 2432 4699 miserunt
2453 4647 2666 4700 adversa
2696 4631 2972 4718 pullulanti
3002 4648 3121 4701 huic
3143 4649 3500 4719 superstitioni
3531 4648 3812 4704 docentem.

537 4729 864 4803 Quapropter
897 4750 962 4786 ne
1000 4733 1096 4787 hoc
1134 4735 1357 4799 eveniat,
1390 4744 1438 4788 et
1479 4744 1645 4789 vestra
1672 4736 1836 4805 pietas
1866 4735 2031 4806 magis
2059 4734 2405 4801 conturbetur,
2441 4737 2815 4808 supplicamus,
2847 4755 3137 4808 precamur,
3169 4738 3523 4807 obsecramus,
3554 4750 3612 4794 ut
3636 4740 3817 4804 edicat,

534 4841 600 4878 ne
627 4825 887 4879 ordinatio
908 4834 1060 4879 antea
1081 4826 1195 4896 fiat,
1232 4826 1392 4881 donec
1414 4827 1704 4882 orthodoxa
1724 4827 1854 4897 ﬁdes
1883 4828 2138 4897 ﬁrmetur.

607 4913 811 4970 Libello
837 4917 967 4971 nihil
996 4917 1141 4972 aliud
1170 4919 1413 4988 responsi
1442 4920 1644 4983 datum,
1674 4919 1775 4974 nisi
1810 4920 1956 4988 quod
1981 4919 2122 4978 facta
2151 4931 2234 4978 est
2260 4923 2449 4992 legatis
2489 4922 2870 4992 Orientalium,
2903 4927 3123 4997 suisque
3147 4927 3291 4998 apud
3317 4927 3596 4998 Ephesum
3624 4929 3818 4991 sociis,

534 5007 702 5064 libera
734 5018 974 5079 potestas
994 5009 1251 5066 redeundi
1271 5012 1337 5067 ad
1368 5027 1494 5067 suas
1513 5011 1803 5068 Ecclesias.
1827 5012 1984 5080 Quod
2009 5031 2132 5070 cum
2159 5016 2470 5071 reseiissent
2486 5058 2501 5082 ,
2531 5017 2769 5072 libellum
2794 5019 3014 5074 tertium
3047 5021 3367 5090 imperatori
3397 5021 3697 5086 miserunt,
3722 5036 3820 5076 non

533 5100 696 5154 modo
728 5100 1013 5156 iracundiae
1041 5102 1278 5171 plenum,
1307 5103 1402 5158 sed
1431 5103 1680 5158 vecordis
1707 5104 1870 5160 etiam
1893 5107 2342 5176 exprobrationis,
2375 5108 2539 5163 immo
2585 5120 2639 5163 et
2668 5110 2994 5180 impudentis
3032 5113 3493 5169 comminationis.
3529 5115 3671 5169 Ausi
3708 5121 3820 5168 sunt

533 5190 734 5261 quippe
757 5189 1064 5246 Theodosio
1093 5191 1328 5260 objicere
1361 5211 1373 5245 :
1403 5192 1654 5262 primum,
1681 5193 1826 5262 quod
1849 5194 1991 5264 ipsos
2022 5196 2293 5252 illusisset.
2335 5197 2514 5252 Vocati
2542 5215 2738 5261 sumus,
2771 5200 3106 5269 inquiebant,
3142 5203 3212 5256 ad
3238 5204 3673 5274 conﬁrmandam
3706 5223 3821 5259 san-

533 5288 730 5332 ctorum
758 5278 976 5333 Patrum
1003 5281 1193 5350 ﬁdem;
1224 5291 1568 5336 verumtamen
1589 5299 1747 5354 usque
1774 5285 1828 5336 in
1857 5296 2160 5354 praesentem
2187 5288 2322 5341 diem
2351 5286 2674 5344 Chalcedone
2705 5293 2887 5345 retenti
2915 5310 3113 5358 sumus,
3143 5303 3193 5348 et
3229 5311 3370 5348 nunc
3409 5296 3481 5349 ad
3499 5299 3727 5367 propria
3749 5297 3816 5349 if-

533 5371 801 5424 mittimur.
836 5370 1038 5426 Deinde
1060 5413 1074 5436 ,
1107 5373 1251 5440 quod
1277 5371 1579 5427 Orientales
1603 5389 1713 5443 prte
1758 5374 1876 5430 aliis
1905 5375 2206 5446 despiceret
2235 5397 2248 5431 :
2281 5377 2534 5433 Ceterum
2562 5397 2665 5433 non
2693 5381 2902 5436 illorum
2934 5393 3160 5450 tantum,
3191 5385 3283 5439 sed
3320 5396 3372 5440 et
3409 5398 3589 5442 noster
3616 5407 3721 5443 rex
3747 5407 3814 5450 es,

532 5477 693 5532 neque
719 5464 854 5516 enim
873 5481 1032 5534 parva
1053 5467 1219 5534 portio
1235 5467 1377 5534 regni
1399 5467 1470 5519 tui
1495 5475 1572 5520 est
1596 5464 1802 5522 Oriens.
1830 5466 2032 5532 Tertio,
2051 5469 2197 5537 quod
2212 5470 2369 5525 tidem
2395 5471 2648 5540 proderet
2668 5482 2890 5542 propter
2911 5475 3150 5530 rationes
3164 5475 3418 5546 politicas
3435 5495 3449 5531 :
3465 5475 3555 5531 Ne
3568 5478 3820 5550 despiciat

532 5559 697 5602 vestra
724 5553 968 5622 majestas
995 5555 1170 5624 fidem,
1202 5573 1315 5627 qua:
1342 5556 1682 5623 adulteratur,
1713 5560 1764 5611 in
1796 5575 1948 5629 quam
1974 5568 2025 5612 et
2053 5576 2158 5627 vos,
2201 5573 2250 5615 et
2279 5565 2629 5633 progenitores
2651 5567 2804 5619 vestri
2833 5565 3080 5637 baptimti
3107 5570 3259 5635 estis;
3289 5588 3394 5642 qua
3432 5581 3484 5625 et
3511 5589 3660 5627 nunc
3702 5588 3820 5643 opus

532 5640 727 5733 habetis
753 5645 803 5696 in
833 5645 962 5704 bello
999 5665 1097 5718 quo
1127 5651 1359 5720 Africam
1381 5652 1630 5721 premitis.
1655 5650 1879 5717 Quarto,
1903 5651 2050 5720 quod
2089 5653 2453 5709 damnationis
2479 5664 2697 5711 interna:
2719 5672 2779 5712 se
2794 5673 2948 5713 reum
2967 5659 3172 5715 faceret
3203 5679 3216 5712 :
3244 5640 3412 5732 liqui
3433 5666 3687 5733 permissi
3709 5640 3819 5717 sunt

533 5727 790 5787 Ecclesias
822 5737 1023 5803 habere,
1056 5742 1257 5795 animus
1284 5760 1457 5797 eorum
1486 5745 1573 5812 qui
1603 5743 1672 5795 ad
1708 5760 1762 5796 se
1790 5742 2053 5808 accedunt,
2085 5753 2134 5797 et
2160 5746 2206 5799 si
2235 5748 2346 5817 quis
2376 5749 2514 5817 ipsos
2557 5750 2687 5802 volet
2716 5750 2925 5818 audire,
2972 5751 3235 5809 occidunt.
3271 5727 3474 5822 Quinto
3494 5793 3509 5821 ,
3545 5757 3818 5830 denique,
