3904 6272
107 345 195 407 731
612 330 979 390 PREFATIO
1018 330 1081 385 IN
1120 327 1486 386 SECUNDAM
1525 326 1806 383 PARTEM
1847 322 2127 381 OPERUM
2168 319 2356 377 MAR]!
2394 317 2857 376 MERCATORIS.
3217 320 3321 374 758

104 450 227 523 quod
253 463 372 503 eum
400 461 459 502 se
488 452 764 516 pmstaret
783 459 906 499 cum
932 458 1040 512 quo
1062 441 1282 512 perinde
1311 440 1573 509 agendum
1601 439 1672 495 sit
1704 454 1767 494 ac
1794 454 1915 493 cum
1935 437 2299 506 rejicientibus
2326 436 2547 490 verbum
2570 434 2685 499 Dei,
2718 441 2879 503 atque
2904 435 3180 504 apostolos
3201 447 3327 504 per-

104 541 441 614 sequentibus.
469 538 530 594 Si
558 547 674 611 post
698 538 833 591 hanc
856 547 1083 593 nostram
1110 537 1527 601 obsecrationem,
1560 536 1692 589 hanc
1711 552 1825 607 qua:
1853 552 2025 589 coram
2045 534 2155 589 Deo
2179 536 2301 589 data
2321 544 2398 590 est
2417 534 2702 589 doctrinam
2730 550 2831 588 non
2860 536 3135 602 susceperit
3162 542 3332 592 vestra

103 638 259 708 pietas,
287 649 379 687 nos
406 634 562 686 etiam
590 634 842 703 pulverem
870 631 1055 703 pedum
1086 630 1413 694 excutimus,
1445 636 1496 682 et
1538 624 1870 681 clamabimus
1902 642 2018 680 cum
2045 624 2188 680 beato
2215 624 2384 681 Paulo
2415 640 2433 680 :
2460 623 2647 679 Mundi
2674 640 2847 679 sumus
2874 640 2907 677 a
2930 625 3182 693 sanguine
3208 638 3325 678 ves-

105 734 168 779 tro
187 721 314 793 (Act.
347 736 437 783 xx,
461 719 573 789 26).

160 813 287 869 Nihil
314 810 562 867 effectum
591 812 695 868 hoc
714 812 875 867 etiam
899 811 1079 867 libello
1104 827 1116 864 :
1142 824 1310 881 quare
1336 817 1461 879 post
1486 816 1762 881 acceptam
1787 806 2017 864 abeundi
2054 814 2395 878 potestatem,
2426 805 2748 861 mandarunt
2775 806 2885 861 suis
2922 805 3192 877 Ephesum
3218 819 3327 874 quo

103 905 201 958 loco
220 915 306 955 res
331 907 527 965 essent,
552 900 883 971 deploratam
910 900 1113 956 scilicet
1141 899 1372 955 Nestorii
1397 915 1630 966 causam,
1660 914 1781 955 cum
1800 913 1958 953 nemo
1977 906 2159 969 posset
2178 898 2317 953 ferre
2338 898 2504 968 ipsius
2532 914 2729 954 nomen
2753 916 2767 951 :
2790 897 3111 970 Cyrillianos
3147 907 3329 970 tyran-

102 990 221 1053 nide,
243 987 533 1053 fraudibus,
560 986 881 1054 adulatione,
912 988 1068 1043 donis
1091 1003 1278 1043 omnes
1306 988 1582 1059 decepisse
1610 1006 1623 1041 :
1654 989 1744 1043 vix
1765 988 1978 1043 tandem
2008 988 2256 1058 precibus
2278 988 2343 1043 ab
2362 988 2685 1057 imperatore
2706 988 3045 1059 impetratam
3066 988 3325 1044 redeundi

100 1082 155 1136 ad
178 1095 295 1135 suas
322 1079 588 1136 Ecclesias
614 1080 938 1144 facultatem,
971 1080 1066 1135 sed
1086 1094 1149 1134 ea
1178 1080 1314 1149 lege,
1357 1089 1414 1133 ut
1441 1088 1491 1133 et
1516 1078 1799 1152 Egyptius
1840 1086 1891 1134 et
1935 1077 2181 1133 Memnon
2227 1078 2480 1148 Ephesius
2508 1080 2563 1131 in
2603 1079 2710 1132 suis
2753 1078 2878 1133 locis
2905 1088 3189 1133 manerent.
3235 1077 3327 1133 Sic

99 1174 227 1239 erum,
254 1171 488 1238 aiebant,
519 1174 705 1243 poterit
730 1171 1010 1244 Egyptius
1037 1188 1209 1226 omnes
1254 1187 1519 1227 excxcare
1563 1170 1854 1224 muneribus
1893 1171 1999 1223 suis
2028 1185 2047 1223 :
2077 1171 2152 1223 sic
2178 1178 2236 1223 ut
2271 1169 2359 1223 ille
2404 1169 2606 1241 quidem
2626 1209 2642 1235 ,
2675 1186 2791 1225 cum
2836 1171 3109 1225 innumera
3150 1171 3329 1241 fecerit

98 1265 234 1331 mala,
261 1266 335 1318 ad
362 1266 599 1321 thronum
626 1281 773 1320 suum
800 1266 1014 1331 redeat;
1041 1268 1139 1321 iste
1159 1267 1237 1320 vir
1261 1267 1503 1321 innocens
1531 1266 1618 1319 vix
1643 1263 1712 1318 ad
1738 1280 1885 1318 suam
1904 1264 2224 1317 mansionem
2252 1263 2555 1317 dimittatur.

154 1358 445 1426 Antequam
472 1371 601 1413 vero
621 1355 961 1413 Chalcedone
980 1358 1324 1422 recederent,
1355 1356 1729 1411 Theodoretus
1755 1369 2059 1410 sermonem
2097 1353 2282 1407 habuit
2326 1366 2456 1407 sane
2482 1352 2802 1407 virulentum
2819 1392 2834 1419 ,
2865 1367 2973 1422 quo
3002 1352 3329 1407 valediceret

98 1449 371 1517 legatorum
401 1448 615 1504 nomine
642 1447 874 1504 Nestorii
900 1446 1218 1512 fautoribus,
1250 1448 1340 1517 qui
1368 1446 1763 1501 Chalcedonem
1801 1444 2142 1514 trajecerant,
2172 1450 2232 1497 ut
2270 1443 2535 1498 dicentem
2577 1442 2859 1497 audirent:
2892 1440 3168 1496 Terribiles
3198 1442 3328 1496 Pro-

96 1540 298 1612 pontidis
338 1542 522 1609 ﬂuctus
569 1542 791 1595 transire
829 1542 941 1595 ausi
964 1543 1114 1607 estis,
1147 1541 1447 1610 inquiebat,
1488 1549 1543 1593 ut
1589 1547 1817 1594 nostram
1854 1537 2078 1591 audiatis
2112 1553 2300 1601 vocem,
2332 1553 2483 1609 quam
2510 1537 2661 1590 vestri
2699 1536 2921 1606 pastoris
2949 1535 3082 1589 vocis
3111 1536 3327 1605 efﬁgiem

95 1630 259 1701 putatis
282 1646 306 1683 :
335 1629 637 1683 desideratis
665 1630 801 1683 enim
849 1630 1029 1683 audire
1058 1630 1320 1701 jucundas
1349 1630 1499 1684 vestri
1528 1629 1747 1700 pastoris
1773 1628 2004 1698 ﬁstulas,
2038 1628 2256 1697 pastoris
2295 1643 2442 1698 quem
2470 1634 2698 1696 pastores
2726 1625 2851 1679 socii
2890 1626 3102 1679 calamis
3130 1625 3328 1680 occide-

95 1729 210 1786 runt,
237 1730 346 1777 etc.
376 1720 610 1777 Joannes
637 1722 730 1791 qui
758 1722 965 1788 aderat,
996 1723 1209 1793 excepit
1227 1722 1297 1778 de
1320 1737 1470 1777 more
1492 1720 1718 1776 dicentis
1744 1720 1937 1785 verba,
1968 1719 2312 1788 salutansque
2341 1726 2637 1773 extremm
2681 1715 2979 1782 auditores,
3014 1731 3107 1771 eos
3136 1716 3203 1770 ad
3231 1715 3327 1771 oh-

92 1814 414 1870 stinationem
436 1815 488 1869 in
519 1830 704 1870 errore
727 1814 978 1881 incendit,
1012 1814 1151 1869 facta
1172 1812 1766 1878 catholiciscalumnia,
1797 1811 1951 1880 quasi
1979 1809 2251 1881 patibilem
2272 1809 2537 1864 Deitatem
2567 1807 2824 1871 dicerent,
2859 1805 3162 1875 factamque
3202 1821 3325 1862 cor-

91 1905 216 1976 poris
240 1912 295 1959 et
320 1905 541 1961 Deitatis
569 1913 815 1961 naturam
834 1921 1015 1971 unam,
1040 1905 1185 1975 quod
1211 1911 1369 1959 antea
1396 1919 1613 1973 quoque
1641 1902 2011 1958 Theodoretus
2031 1900 2305 1970 objecerat
2336 1918 2351 1954 :
2383 1900 2580 1955 Sancta
2606 1897 2692 1953 lex
2710 1906 2815 1963 est,
2858 1897 3037 1951 aiebat
3061 1896 3316 1963 Joannes,

90 2003 135 2047 ut
159 1992 381 2063 patribus
418 2004 627 2066 accepta
656 1998 889 2067 ferantur
922 2012 985 2050 ea
1008 2012 1121 2067 qua:
1144 1995 1371 2065 filiorum
1414 2003 1551 2048 sunt.
1585 1993 1734 2050 Meus
1757 1996 1916 2065 igitur
1958 2002 2034 2047 est
2063 1992 2298 2057 Galaad,
2329 2001 2377 2045 et
2416 2007 2556 2045 meus
2595 1998 2671 2044 est
2708 1988 3015 2047 Manasses:
3045 1990 3195 2043 immo
3224 2006 3327 2044 non

92 2085 176 2138 mei
199 2094 334 2149 sunt,
358 2085 451 2139 sed
474 2084 590 2152 Dei,
618 2088 703 2158 qui
727 2094 944 2141 vestram
973 2103 1087 2141 cum
1107 2096 1286 2141 nostra
1311 2087 1635 2157 congregavit
1655 2085 1945 2140 Ecclesium
1961 2125 1975 2150 ,
2018 2094 2068 2138 et
2106 2086 2239 2137 hunc
2258 2101 2352 2154 pro
2373 2084 2563 2154 pietate
2582 2081 2746 2136 zelum
2767 2097 2879 2135 cum
2902 2080 3019 2135 aliis
3044 2080 3191 2135 donis
3214 2085 3325 2135 lar-
3380 2137 3387 2144 ,

92 2178 207 2246 gitus
228 2187 321 2231 est.
355 2177 605 2250 Equidem
633 2180 767 2233 inter
792 2196 879 2233 vos
907 2178 1020 2235 ideo
1049 2179 1266 2245 surrexi,
1293 2187 1350 2232 ut
1374 2177 1588 2233 dicendo
1614 2178 1892 2232 salutarem
1915 2176 2073 2233 simul
2095 2185 2145 2232 et
2165 2176 2527 2240 valedicerem;
2555 2176 2742 2229 etenim
2778 2174 3033 2229 vobiscum
3064 2189 3237 2228 sumus
3259 2173 3328 2226 ad

94 2269 259 2338 fratres
288 2278 491 2324 nostros
519 2270 897 2326 contendentes.

145 2357 256 2413 Jam
282 2374 414 2417 vero
434 2361 563 2430 quid
582 2376 613 2415 a
638 2362 748 2417 suis
775 2361 965 2431 legatis
994 2361 1323 2417 meumenica
1352 2361 1586 2433 synodus
1613 2359 1899 2431 acceperit,
1930 2359 2032 2414 etsi
2059 2374 2167 2414 non
2195 2366 2278 2414 est
2297 2358 2571 2429 proditum
2597 2357 2809 2423 litteris,
2839 2356 2982 2427 quod
3021 2356 3217 2423 sciam;
3245 2372 3316 2413 ex

90 2464 144 2504 eo
168 2456 346 2505 tamen
366 2452 696 2522 intelligitur,
721 2454 864 2523 quod
892 2451 1096 2520 Patres,
1120 2462 1245 2523 post
1262 2452 1532 2509 difﬁcilem
1560 2467 1793 2524 pugnam
1813 2466 1934 2507 cum
1953 2449 2151 2507 Christi
2171 2452 2415 2509 hostibus
2431 2492 2446 2516 ,
2477 2452 2555 2507 sic
2581 2460 2854 2521 tamquam
2894 2450 3113 2519 gloriosi
3141 2450 3326 2514 duces,

89 2547 222 2609 parta
246 2541 491 2609 victoria,
516 2543 740 2598 laureati
764 2559 891 2598 suas
913 2542 1183 2601 Ecclesias
1202 2544 1520 2610 rcviserint;
1551 2545 1773 2614 ipseque
1798 2542 2028 2614 Cyrillus
2047 2543 2133 2598 die
2175 2543 2242 2597 ’50
2276 2541 2541 2609 Octobris,
2572 2544 2663 2612 qui
2704 2543 2892 2597 tertius
2914 2543 3111 2598 mensis
3138 2542 3327 2614 Athyr,

86 2634 366 2689 secundum
390 2634 689 2706 Egyptios,
714 2636 1091 2692 Alexandriam
1111 2635 1393 2706 appulerit,
1419 2635 1510 2690 ubi
1531 2650 1561 2688 a
1589 2634 1718 2701 suis,
1740 2635 1894 2703 quasi
1919 2634 2296 2704 triumphantis
2323 2635 2589 2689 exercitus
2608 2634 2816 2699 ductor,
2832 2629 3097 2703 acceptus
3128 2641 3231 2689 est.
3262 2632 3333 2688 Et

86 2737 196 2779 vero
215 2723 427 2780 decima
446 2742 589 2785 nona
618 2727 837 2783 homilia
856 2768 869 2793 ,
898 2742 1004 2797 qua
1036 2727 1177 2782 diem
1212 2725 1489 2782 Paschatis
1523 2726 1579 2781 in
1618 2741 1818 2781 annum
1844 2725 1949 2780 452
1975 2725 2171 2792 edixit,
2201 2724 2481 2797 Epinicion
2511 2726 2613 2781 sibi
2639 2726 2909 2795 quoddam
2936 2725 3149 2781 videtur
3185 2727 3329 2783 ceci-

84 2816 229 2879 nisse,
261 2815 410 2884 quod
436 2823 615 2872 tamen
655 2833 767 2888 prie
796 2818 1070 2873 modestia:
1091 2817 1297 2885 studio,
1328 2825 1387 2872 ut
1412 2826 1467 2873 et
1492 2818 1773 2874 classicum
1802 2818 1928 2872 anni
1954 2818 2150 2888 prioris
2170 2860 2184 2885 ,
2218 2819 2521 2889 allegoricis
2549 2819 2732 2889 figuris
2760 2820 3095 2890 temperavit.
3122 2817 3329 2891 Oppor-

86 2914 201 2968 tune,
236 2904 432 2973 inquit,
462 2922 683 2971 rursum,
708 2908 845 2979 quod
865 2906 1264 2979 Psalmographi
1293 2910 1406 2978 lyra
1435 2909 1660 2979 antiquis
1688 2909 1929 2973 occinuit,
1961 2924 2054 2962 nos
2083 2925 2280 2981 quoque
2307 2909 2377 2961 ad
2402 2926 2489 2963 vos
2518 2908 2876 2980 usurpabimus
2899 2927 2917 2964 :
2949 2907 3138 2964 Omnes
3157 2920 3331 2982 gentes

85 2991 296 3062 plaudite
325 2994 580 3059 manibus,
601 2994 823 3065 jubilate
843 2994 954 3050 Deo
977 2997 1032 3049 in
1061 3012 1181 3049 voce
1207 2997 1563 3049 exsultationis
1589 2995 1759 3066 (Psal.
1794 3012 1934 3061 vat,
1957 2996 2043 3066 2).
2075 2995 2191 3051 Hoc
2211 3006 2306 3060 est,
2330 2998 2594 3052 victoriale
2617 3016 2824 3053 carmen
2853 3001 3146 3054 occinamus
3175 2998 3328 3054 Chri-

86 3095 164 3150 sto,
187 3085 307 3139 vicit
335 3101 554 3157 namque
580 3104 673 3156 pro
698 3086 849 3140 nobis
867 3085 1112 3140 mundum
1136 3084 1271 3158 (Col.
1292 3102 1346 3152 ιι,
1372 3085 1481 3155 15),
1505 3086 1917 3159 quandoquidem
1937 3088 2133 3142 scilicet
2155 3089 2366 3159 ipsemet
2394 3090 2487 3154 ait,
2514 3090 2941 3161 triumphauitque
2972 3091 3290 3161 principatus
3308 3129 3323 3154 ,

89 3177 465 3243 dominationes,
499 3187 648 3249 atque
676 3178 854 3231 mundi
881 3187 1099 3234 rectores
1132 3178 1451 3233 tenebrarum
1476 3179 1679 3247 harum,
1704 3181 1990 3251 spiritualis
2020 3183 2259 3254 nequitia:
2278 3183 2334 3235 in
2363 3183 2645 3237 caelestibus
2669 3183 2687 3254 (
2708 3182 2861 3239 ICor.
2886 3201 2974 3254 xv,
2997 3183 3110 3254 24),
3143 3201 3333 3256 nosque

92 3268 169 3322 hoc
188 3279 338 3340 pacto
363 3277 563 3340 ereptos
584 3286 649 3325 ex
666 3268 873 3324 illorum
897 3271 1096 3325 stevitia
1125 3270 1188 3323 ab
1205 3270 1428 3341 antiquis
1459 3270 1759 3328 criminibus
1789 3271 2044 3341 liberavit,
2066 3272 2277 3345 afﬁgatis
2307 3274 2466 3341 cruci,
2507 3273 2644 3346 quod
2663 3283 2843 3328 contra
2863 3290 2956 3329 nos
2991 3283 3122 3342 erat,
3153 3274 3326 3329 chiro-

91 3360 320 3432 graphum
346 3359 480 3430 (Col.
514 3377 571 3427 ιι,
594 3360 705 3431 li),
726 3370 782 3414 ut
809 3360 871 3415 ob
891 3361 986 3415 hoc
1004 3364 1170 3432 ipsum
1190 3362 1384 3421 scilicet
1405 3363 1685 3438 gaudentes
1707 3366 1939 3421 dicamus
1962 3382 1979 3420 :
2024 3364 2123 3421 Ubi
2143 3377 2237 3431 est,
2262 3384 2421 3431 mors,
2460 3369 2674 3422 victoria
2699 3375 2786 3422 tua
2808 3364 2965 3440 (Osee
2988 3383 3100 3433 xm,
3126 3366 3259 3436 li)?

146 3452 528 3518 Quadrimestri
556 3452 731 3522 spatio
759 3460 883 3523 post
920 3453 1312 3514 abdicationem
1352 3458 1583 3514 Nestorii
1612 3457 1816 3527 elapso,
1848 3466 2042 3514 octavo
2070 3458 2182 3512 kal.
2211 3457 2557 3525 Novembris,
2591 3458 2645 3514 id
2672 3467 2782 3526 est,
2813 3458 2901 3514 die
2939 3458 3010 3513 25
3048 3457 3327 3528 Octobris,

90 3542 164 3611 qui
190 3542 511 3609 Dominicus,
542 3541 779 3614 synodus
806 3543 1200 3618 episcoporum,
1233 3550 1345 3604 sive
1363 3550 1453 3617 qui
1479 3565 1511 3603 a
1539 3548 1819 3605 catholicis
1851 3548 2065 3619 Epheso
2093 3549 2243 3607 missi
2264 3550 2506 3617 fuerant,
2530 3552 2644 3606 sive
2665 3552 2756 3620 qui
2785 3551 2922 3607 forte
2941 3550 3329 3607 Constantino-

92 3632 181 3700 Ροιί
202 3632 420 3703 repet”,
453 3640 545 3687 aut
574 3632 737 3692 etiam
764 3648 797 3692 θ
815 3639 1095 3708 provincia
1119 3647 1501 3706 convenerant,
1534 3640 1686 3695 urbis
1710 3642 1871 3709 regite
1898 3642 2209 3717 episcopum
2246 3642 2512 3698 ordinavit
2544 3642 2924 3699 Maximianum
2951 3659 3019 3699 ex
3057 3645 3325 3700 monacho

92 3724 469 3799 presbyterum,
501 3743 607 3783 non
638 3728 1059 3784 excultissimum
1087 3731 1301 3800 quidem
1332 3731 1525 3786 litteris
1544 3772 1558 3797 ,
1589 3731 1683 3786 sed
1711 3731 1833 3787 fidei
1856 3733 2125 3802 probatae,
2150 3735 2409 3804 pacisque
2436 3742 2725 3802 amantem,
2757 3742 2813 3790 et
2832 3736 3050 3806 pietatis
3076 3736 3333 3806 Operibus

92 3819 319 3874 deditum.
352 3819 498 3873 Nulli
526 3828 643 3873 erat
661 3820 749 3874 ille
776 3820 1093 3875 clericorum
1122 3822 1259 3891 parti
1281 3822 1535 3890 ingratus,
1563 3822 1727 3877 immo
1753 3823 1868 3877 sedi
1898 3824 2236 3894 apostolica,
2266 3825 2418 3894 cujus
2448 3825 2610 3893 legati
2637 3825 2892 3891 aderant,
2926 3841 2992 3881 eo
3033 3826 3324 3896 acceptior,

92 3910 211 3977 quod
230 3912 282 3966 in
306 3910 553 3967 Ecclesia
573 3910 813 3967 Romana
839 3920 1093 3981 posuerat
1112 3913 1283 3982 prima
1311 3928 1481 3971 sacrae
1503 3914 1705 3968 militiae
1724 3913 2047 3970 rudimenta.
2082 3914 2260 3984 Atque
2283 3917 2400 3971 haec
2427 3931 2588 3972 causa
2629 3917 2729 3973 fuit
2746 3933 2843 3972 cur
2872 3915 3064 3972 Proclo
3109 3925 3164 3971 et
3202 3915 3331 3969 Phi-

92 4000 213 4072 lippo
248 4003 627 4070 anteferretur,
650 4004 780 4059 viris
804 4004 1004 4074 alioqui
1025 4003 1267 4059 doctrina
1298 4011 1353 4059 et
1384 4005 1585 4075 pietate
1611 4004 2005 4076 praestantibus,
2029 4006 2127 4061 sed
2175 4006 2269 4075 qui
2296 4005 2487 4062 studiis
2529 4006 2846 4063 clericorum
2873 4006 3156 4062 contrariis
3182 4005 3330 4060 fove-

94 4100 269 4148 rentur.

148 4181 324 4238 Statim
351 4185 427 4239 ab
455 4183 792 4239 ordinatione
812 4183 1048 4255 synodus
1076 4183 1284 4237 litteras
1322 4182 1390 4237 de
1416 4197 1564 4239 more
1589 4182 1736 4241 dedit
1779 4182 1848 4236 ad
1876 4170 2077 4252 primas
2104 4183 2261 4239 sedes
2280 4224 2295 4249 ,
2328 4192 2492 4253 atque
2520 4184 2683 4239 etiam
2724 4185 2791 4239 ad
2819 4185 3106 4256 episcopos
3133 4186 3334 4241 veteris

93 4268 231 4339 Epiri,
252 4288 387 4342 quos
417 4272 741 4327 schismatici
768 4270 954 4325 fallere
975 4272 1271 4335 tentabant,
1302 4269 1528 4339 proinde
1552 4285 1615 4324 ac
1642 4269 1688 4323 si
1709 4279 1909 4326 sanctae
1931 4271 2125 4341 synodi
2144 4273 2522 4327 communione
2542 4271 2866 4341 fruerentur,
2898 4276 3143 4344 quamvis
3163 4291 3193 4330 a
3214 4278 3330 4346 pri-

95 4365 210 4419 stina
235 4364 506 4420 sententia
535 4380 641 4419 non
664 4363 1031 4418 recessissent.
1061 4360 1421 4427 Quamobrem
1463 4374 1699 4416 canones
1725 4361 1817 4428 qui
1847 4360 1899 4414 in
1928 4361 2154 4430 septima
2184 4362 2396 4416 actione
2423 4361 2691 4431 leguntur,
2727 4363 2797 4417 ad
2825 4365 2971 4434 ipsos
3004 4366 3151 4421 missi
3181 4375 3327 4431 sunt,

98 4468 151 4507 ex
172 4457 353 4523 quibus
380 4457 623 4510 certiores
652 4454 987 4508 redderentur
1025 4454 1090 4507 de
1115 4454 1178 4507 iis
1205 4468 1319 4524 qua:
1355 4461 1536 4506 contra
1564 4452 1925 4508 schismaticos
1948 4462 1999 4506 et
2028 4452 2369 4509 Nestorianos
2398 4453 2603 4510 decreta
2629 4456 2871 4527 fuerant,
2917 4466 2969 4513 et
3010 4460 3177 4531 qualis
3215 4460 3335 4514 dein

100 4561 222 4613 poena
240 4546 339 4599 illis
368 4545 648 4599 constituta
667 4551 818 4608 esset,
850 4545 934 4614 qui
961 4558 1076 4595 cum
1102 4543 1228 4611 ipsis
1247 4543 1624 4596 communicare
1645 4551 2031 4609 prcesumerent.
2964 4569 2991 4579 ~

157 4632 356 4690 Litteris
377 4651 409 4689 a
430 4634 639 4706 synodo
660 4632 1041 4687 Alexandriam
1061 4632 1126 4686 ad
1154 4630 1411 4703 Cyrillum
1441 4632 1677 4698 directis,
1705 4648 1829 4688 suas
1857 4633 2153 4703 singulares
2195 4633 2437 4703 adjunxit
2457 4651 2628 4690 novus
2649 4638 2953 4710 episcopus,
2984 4640 3177 4709 quibus
3204 4657 3332 4697 san-

101 4731 221 4779 ctum
244 4724 439 4781 Christi
467 4723 834 4780 confessorem
856 4736 956 4793 pro
977 4722 1182 4778 meritis
1209 4721 1470 4787 laudaret,
1502 4730 1816 4791 peteretque
1838 4724 1973 4778 tanti
2000 4722 2245 4793 praesulis
2262 4764 2276 4790 ,
2308 4725 2421 4780 sive
2458 4726 2706 4796 precibus
2725 4727 2921 4797 juvari,
2946 4729 3059 4783 sive
3097 4731 3335 4787 consiliis

103 4811 360 4879 informari,
384 4814 501 4869 sive
529 4819 793 4883 perpetuo
807 4811 1083 4867 charitatis
1096 4811 1310 4865 vinculo
1331 4810 1606 4867 devinciri.
1632 4811 1847 4866 Addidit
1867 4818 1922 4865 et
1941 4826 2065 4866 suas
2091 4820 2203 4867 tum
2217 4813 2506 4884 synodicis,
2530 4822 2646 4870 tum
2665 4816 3030 4886 imperialibus
3051 4818 3117 4873 ad
3137 4818 3194 4873 S.
3209 4817 3334 4874 Cai—

104 4896 320 4955 lestinum
342 4915 612 4956 summum
640 4898 965 4969 pontiﬁcem,
996 4914 1130 4968 quas
1158 4913 1346 4954 omnes
1372 4899 1716 4970 perferendas
1736 4910 2061 4971 acceperunt
2085 4901 2320 4959 Joannes
2340 4905 2641 4977 presbyter,
2666 4913 2721 4960 et
2748 4906 3025 4977 Epictetus
3053 4909 3330 4965 diaconus.

104 4987 198 5042 Non
224 5001 429 5046 exstant
456 4998 570 5046 tres
599 4992 721 5057 illac,
752 4989 896 5059 quod
924 4989 1120 5054 sciam;
1152 5004 1336 5044 earum
1376 4998 1556 5045 tamen
1584 4991 1787 5046 mentio
1819 4991 1879 5045 fit
1926 4992 1978 5045 in
2008 4995 2447 5064 responsionibus
2474 4995 2751 5054 leestini
2797 4999 2865 5055 ad
2892 5000 3125 5069 singulas
3149 5020 3161 5055 :
3194 5003 3337 5058 unde

103 5077 270 5134 scimus
295 5080 641 5150 epistolarmn
667 5079 965 5150 perlatores
984 5079 1197 5133 venisse
1224 5079 1454 5134 Romam
1474 5079 1539 5133 ad
1561 5079 1704 5135 diem
1730 5081 1965 5137 natalem
1986 5083 2227 5150 Domini;
2258 5085 2428 5140 lectas
2450 5086 2803 5156 imperatoris
2826 5090 3051 5154 litteras,
3077 5092 3333 5161 aliasque,

105 5175 153 5219 ut
168 5170 362 5237 opinor,
395 5172 449 5225 in
478 5170 712 5224 maximo
740 5174 881 5223 antu
907 5168 1051 5238 apud
1078 5167 1336 5224 Sanctum
1366 5168 1608 5236 Petrum,
1641 5186 1705 5226 ac
1743 5186 1953 5226 summa
1979 5174 2217 5229 omnium
2246 5176 2603 5244 gratulatione
2641 5189 2914 5251 exceptas.
2947 5182 3233 5254 Retigiosos
3272 5185 3339 5253 ﬁ-

107 5257 184 5313 lios
208 5277 354 5327 meos,
378 5263 551 5332 inquit
572 5260 829 5332 pontifex,
850 5259 1108 5315 Joannem
1135 5263 1505 5332 presbyterum,
1529 5272 1579 5315 et
1599 5261 1887 5331 Epictetum
1909 5264 2201 5331 diaconum,
2230 5275 2386 5321 tanta:
2414 5269 2487 5321 rei
2516 5271 2742 5336 nuntios,
2766 5287 2880 5325 cum
2914 5274 3065 5327 totius
3090 5273 3340 5330 Ecclesia:

108 5356 420 5420 gratulatione
441 5354 783 5424 suscepimus;
805 5360 854 5406 et
881 5353 1023 5405 lectis
1045 5352 1099 5404 in
1129 5360 1236 5406 tota
1262 5350 1571 5406 Christiana:
1590 5352 1750 5423 plebis
1781 5358 2178 5426 congregatione
2199 5394 2214 5419 ,
2241 5358 2380 5428 apud
2408 5357 2755 5415 beatissimum
2785 5366 3078 5433 apostolum
3102 5364 3335 5431 Petrum,

109 5452 261 5497 vestrm
286 5446 488 5514 pietatis
514 5441 762 5514 apicibus,
793 5440 904 5496 Deo
934 5450 1108 5495 nostro
1141 5458 1234 5511 pro
1262 5441 1398 5495 vobis
1435 5451 1553 5496 vota
1581 5444 1935 5513 persolvimus.
1965 5444 2049 5499 Ita
2081 5448 2218 5500 enim
2258 5447 2327 5501 ad
2355 5466 2469 5513 nos,
2502 5462 2685 5521 agente
2706 5452 2951 5521 Domino,
2984 5468 3338 5526 pervenerunt,

108 5542 155 5584 ut
178 5534 237 5585 ad
260 5552 370 5589 eum
398 5536 552 5597 diem,
584 5550 681 5605 quo
710 5532 1018 5586 celebramus
1049 5531 1237 5585 Christi
1262 5531 1359 5586 Dei
1386 5535 1549 5586 nostri
1578 5534 1822 5599 natalem,
1848 5536 2125 5590 secundum
2153 5554 2381 5605 carnem,
2408 5541 2489 5594 cui
2516 5544 2731 5613 quarstio
2760 5545 3094 5617 inferebatur,
3124 5566 3343 5603 concur-

111 5635 275 5691 rerent,
297 5636 344 5680 et
367 5628 679 5697 impietatem
706 5624 920 5677 convicti
945 5624 1181 5676 universa
1201 5626 1528 5694 congregatio
1556 5626 1870 5694 confutaret.
3283 5638 3286 5641 '

170 5712 473 5784 Orientales,
503 5731 625 5775 cum
650 5712 1051 5778 intellexissent,
1084 5712 1227 5767 nulla
1254 5726 1365 5769 sua:
1395 5713 1799 5783 protestationis
1828 5714 2010 5769 habita
2045 5715 2272 5783 ratione,
2307 5717 2690 5777 Maximianum
2720 5722 2885 5782 fuisse
2914 5725 3219 5782 ordinatum
3237 5768 3252 5794 ,
3284 5744 3343 5786 tu
