3904 6272
138 346 234 403 7η
658 339 1034 398 Ρῐιιεητιο
1064 337 1136 395 1N
1171 331 1546 395 SECUNMM
1586 335 1680 392 PA‘

1837 333 1864 389 ι
1896 327 2184 392 ορεκυη·
2217 327 2412 390 “Alii!
2445 327 2900 392 HERCATORB.
3271 331 3379 394 τις

135 459 317 515 Ioanni
343 455 693 522 Antiocheno,
727 456 921 512 Acacio
945 453 1220 516 Beroensi,
1244 455 1300 507 et
1317 451 1558 507 Simeeui
1584 449 1794 522 Stylitae
1815 465 1829 502 ε
1852 448 2042 505 Joanni
2061 448 2295 517 quidem,
2318 454 2378 502 ut
2396 447 2456 504 in
2473 446 2814 504 concordiam
2838 447 3077 515 veniret;
3092 440 3227 503 aliis
3247 460 3382 504 vere

135 548 348 612 duobus,
379 550 437 599 ut
465 546 583 600 suis
599 546 852 615 precibus
869 537 1013 616 apud
1037 545 1210 599 Deum
1232 541 1582 611 consiliisque
1604 540 1878 608 negotium
1903 533 2172 607 urgerent.

195 640 492 695 Aristonus
514 639 790 706 tribunus,
823 651 945 694 cum
972 643 1242 708 potestate
1265 635 1488 702 missus,
1533 633 1908 704 imperatorias
1931 633 2139 689 litteras
2176 632 2402 700 (ith,
2427 640 2716 703 utrumque
2751 635 3044 690 antistitem
3072 644 3372 705 coacturus,

130 744 213 794 aut
240 752 336 807 per
362 717 756 810 selconspirare
784 735 838 789 in
878 733 1212 789 conditiones
1249 719 1427 803 pacis,
1471 735 1566 786 sui
1609 719 1973 785 Nicomediam
2265 730 2467 810 tamdiu
2506 730 2708 786 ibidem
2739 735 3076 810 messanae,
3126 731 3246 785 sine
3279 745 3384 800 spe

127 825 331 898 videndi
358 827 632 898 principis,
663 826 916 896 quamdiu
943 825 1236 882 concordes
1276 840 1385 880 non
1412 823 1606 879 forent.
1655 823 1874 879 Sanctia
1911 822 2200 879 Theodosii
2229 829 2380 880 caret
2402 823 2616 900 quidem
2656 823 2883 879 omnino
2913 821 3172 896 temporis
3211 829 3372 884 nota:

126 936 299 976 mense
328 927 508 975 tamen
549 915 718 993 Aprili
745 921 922 975 datam
955 933 1022 974 cx
1059 911 1126 974 eo
1164 923 1403 981 constat,
1446 916 1593 986 quod
1629 917 1756 972 dum
1795 915 2032 980 daretur,
2075 913 2312 990 nondum
2345 913 2816 992 Constantinopoli
2852 914 3088 970 auditum
3128 921 3269 970 esset
3307 915 3376 969 de

124 1022 287 1069 morte
315 1009 612 1078 leestlni,
643 1025 764 1081 quae
788 1011 1010 1079 contigit
1037 1009 1122 1064 die
1149 1015 1303 1064 sexto
1329 1007 1542 1078 Aprilis.
1579 1006 1714 1061 Dum
1742 1005 1976 1078 praedicti
1991 1045 2005 1069 ,
2039 1005 2116 1058 ait
2140 1005 2451 1080 imperator,
2479 1005 2702 1077 episcopi
2736 1005 3047 1076 sponderent
3069 1005 3114 1058 si
3139 1001 3374 1058 Nectarii

125 1091 424 1179 tte-positioni
448 1103 816 1183 subscriberet,
849 1107 1084 1178 illiusque
1110 1104 1398 1160 doctrinam
1428 1103 1920 1183 artataematizarcs,
1953 1103 2066 1171 fore
2092 1105 2156 1155 ut
2176 1103 2344 1174 ornats
2373 1099 2720 1174 altercationis
2751 1097 2972 1153 materia
3002 1113 3124 1152 mox
3149 1114 3178 1152 c
3204 1095 3373 1151 medio

125 1200 395 1265 tolleretur,
430 1181 747 1271 Cyrillusque
774 1199 1126 1253 sanctissimus
1164 1181 1816 1266 Alexandrile'episcopus,
1849 1189 1962 1246 cum
1990 1192 2116 1256 suis,
2146 1198 2199 1244 et
2215 1192 2566 1245 sanctissimus
2591 1185 2888 1262 Cretede
2915 1205 3112 1264 quoque
3134 1188 3373 1259 gloriosis

128 1289 293 1344 Roma:
313 1291 598 1361 episcopus,
624 1306 684 1342 ac
712 1290 893 1362 reliqui
922 1301 1115 1354 omnes,
1140 1293 1386 1359 quotquot
1408 1277 1592 1358 ubique
1618 1293 1739 1340 sunt
1758 1283 2057 1340 orthodoxa!
2083 1283 2206 1354 ﬁdei
2231 1281 2540 1345 sacerdotes,
2574 1285 2692 1335 cum
2718 1289 2808 1336 tua
2831 1277 3020 1352 pietate
3048 1282 3122 1335 ad
3147 1295 3376 1334 commu-

128 1380 321 1444 nionem
352 1380 597 1458 redirent,
630 1387 732 1435 etc.

182 1468 434 1536 Joannes,
467 1473 698 1544 acceptis
738 1471 1020 1537 mandatis,
1056 1471 1338 1528 concilium
1365 1475 1540 1540 coegit
1568 1469 1712 1541 apud
1733 1467 1981 1526 Acacium
2006 1471 2348 1542 Bcroensem,
2380 1469 2494 1524 sive
2534 1465 2826 1543 Antiochiae
2855 1474 2982 1543 tunc
3009 1470 3097 1526 ille
3120 1468 3366 1536 adfuerit,

123 1568 174 1612 ut
199 1569 311 1614 erat
339 1561 528 1618 solitus
547 1603 560 1627 ,
594 1564 706 1619 sive
729 1565 908 1634 potius
949 1563 1175 1618 Bcroam
1201 1547 1436 1632 Joannes
1475 1552 1590 1633 ipse
1629 1560 1695 1616 ad
1720 1575 1903 1616 senem
1941 1561 2278 1617 contended:
2305 1568 2427 1617 cum
2454 1562 2566 1617 suis
2589 1562 2854 1632 episcopis
2879 1580 2891 1615 :
2922 1562 3067 1638 quod
3095 1575 3161 1618 ex
3189 1561 3368 1620 Theo-

120 1641 281 1706 doreti
303 1655 482 1723 verbis
510 1669 608 1710 suo
637 1657 758 1712 loco
785 1655 1162 1714 conclusimus.

182 1737 354 1796 Lectis
399 1743 454 1797 in
482 1746 710 1802 concilio
731 1747 996 1814 divalibus
1019 1751 1247 1821 scriptis,
1292 1753 1486 1821 quibus
1514 1753 1876 1822 imperabatur
1896 1753 2179 1809 co‘n‘Sensio
2219 1752 2270 1807 in
2296 1751 2651 1822 dejectionem
2690 1749 2938 1817 Nestorii,
2979 1758 3034 1806 et
3061 1751 3366 1822 dogmatum

121 1830 352 1900 ejusdem
376 1832 667 1904 damnatio,
701 1845 860 1908 atque
888 1837 1025 1912 adeo
1053 1839 1318 1896 confessio
1357 1843 1594 1898 victoriae
1633 1853 1662 1896 a
1703 1839 1902 1914 Cyrillo
1931 1843 2181 1908 obtentui,
2228 1843 2420 1897 mirum
2450 1845 2708 1912 quantum
2735 1842 2990 1896 commoti
3017 1841 3364 1900 Orientalium

121 1919 276 1973 annui
307 1914 542 1977 fuerint:
575 1939 634 1980 re
655 1917 840 1980 tamen
869 1919 1181 1995 deliberata,
1212 1929 1432 2000 placuit,
1465 1941 1572 1985 non
1602 1931 1750 2001 prius
1779 1931 2038 2001 imperata
2067 1931 2260 1999 facere,
2283 1941 2444 2002 quam
2471 1945 2657 1986 omnes
2684 1930 2900 1986 fallendi
2927 1939 3072 1987 artes
3096 1926 3334 2008 exhaust:

119 2023 309 2100 essent.
331 2012 693 2071 Constitutum
722 2018 884 2100 igitur
910 2027 971 2073 ut
997 2019 1234 2096 Joannes
1261 2021 1473 2090 quidem
1496 2037 1592 2091 per
1619 2037 1678 2075 se
1698 2037 1810 2098 rem
1838 2022 1986 2091 pacis
2011 2030 2191 2100 ageret
2209 2061 2222 2085 ,
2248 2037 2346 2076 nec
2374 2021 2480 2074 ulla
2507 2022 2715 2075 ratione
2741 2022 3096 2076 committeret
3125 2030 3182 2076 ut
3209 2011 3368 2098 Nico-

117 2096 336 2157 mediam
371 2101 448 2159 ire
477 2101 786 2178 tegeretur;
812 2097 1042 2183 Cyriiius
1068 2125 1199 2166 vero
1229 2099 1297 2165 ad
1334 2106 1670 2167 conditiones
1689 2096 1878 2167 callide
1904 2096 2226 2186 adigeretur,
2471 2110 2822 2166 Orientalium
2844 2113 3040 2168 honeri
3065 2122 3204 2168 esset
3230 2096 3363 2170 con-

115 2193 302 2249 saltum
329 2215 342 2250 ε
373 2212 566 2268 nempe
594 2206 654 2253 ut
675 2203 852 2256 omnia
875 2201 1041 2272 ipsius
1071 2203 1269 2275 scripta
1297 2204 1658 2267 abolerentur,
1690 2217 1981 2273 omnesque
2005 2205 2097 2259 uni
2117 2204 2342 2260 Nicena:
2369 2203 2688 2260 confessioni
2711 2205 3121 2260 Subscriberent.
3149 2207 3366 2262 Postea-

115 2301 254 2356 quam
296 2303 444 2355 vero,
490 2290 660 2360 inquit
700 2291 930 2364 Cyrillus
971 2280 1148 2366 (epist.
1182 2293 1254 2348 ad
1277 2283 1586 2372 Acacium),
1631 2285 1982 2349 Orientalibus
2021 2293 2216 2370 regium
2254 2293 2510 2349 decretum
2547 2297 2832 2368 expositam
2873 2301 2978 2360 est,
3019 2305 3070 2350 et
3110 2301 3365 2372 tamquam

114 2378 298 2446 factum
327 2396 394 2433 ea:
418 2393 591 2434 eorum
620 2383 972 2453 episcoporum
1010 2369 1290 2453 sententia,
1323 2387 1409 2456 qui
1437 2381 1882 2458 Constantinopoli
1911 2378 2155 2453 aderant,
2197 2385 2420 2440 concilio
2458 2387 2632 2442 nescio
2670 2401 2794 2459 quo,
2826 2385 2965 2457 apud
2990 2369 3366 2444 sanctissimum

112 2472 487 2546 piissimumque
529 2471 829 2538 Beroenscm
875 2479 1166 2548 episcopum
1212 2477 1455 2544 Acacium
1503 2475 1794 2551 congressi,
1825 2479 1980 2534 scribi
2019 2477 2086 2531 ad
2127 2493 2209 2531 me
2239 2485 2490 2532 curarunt
2532 2479 2876 2533 conventionis
2919 2479 3157 2542 modum,
3187 2480 3245 2533 id
3267 2491 3362 2545 est,

109 2573 400 2617 sanctarum
442 2561 792 2619 Ecclesiarum
829 2569 992 2637 pacis,
1034 2569 1134 2622 nisi
1172 2586 1230 2624 eo
1269 2570 1440 2635 modo,
1483 2581 1627 2642 quem
1654 2573 1752 2642 ipsi
1790 2570 2192 2642 prwscribercnt,
2225 2571 2342 2642 ﬁeri
2376 2585 2480 2624 non
2520 2571 2731 2637 debere;
2759 2577 2874 2625 crat
2907 2577 3078 2648 autem
3103 2589 3164 2626 ea
3188 2576 3366 2648 petitio

105 2656 266 2724 gravis
307 2673 367 2710 ac
397 2657 647 2712 molesta:
677 2658 912 2738 uolebant
940 2662 1075 2714 enim
1094 2678 1155 2714 ea
1184 2662 1358 2724 omnia
1380 2661 1592 2728 aboleri,
1624 2679 1736 2734 qua:
1775 2663 1851 2717 vel
1889 2663 2138 2733 epistolis,
2172 2662 2249 2716 vel
2279 2661 2448 2727 tomis,
2477 2661 2554 2717 vel
2580 2657 2727 2716 libris
2764 2659 3150 2733 cmdgavcrs‘m;
3179 2673 3230 2718 st
3266 2665 3365 2720 soli

102 2743 236 2812 ﬁdei,
271 2761 389 2818 quae
417 2763 448 2800 a
474 2749 666 2803 sanctis
688 2745 931 2804 Patribus
955 2754 1144 2806 nostris
1174 2750 1371 2818 Nictca:
1398 2754 1535 2807 edita
1565 2756 1751 2826 fuerat,
1777 2757 2080 2810 consentire.

161 2829 431 2891 Absurde:
459 2835 719 2908 ejusmodi
747 2840 1080 2910 conditiones
1099 2829 1460 2913 prOponenda:
1488 2845 1612 2899 visae
1641 2851 1784 2912 sunt,
1808 2845 2031 2918 privatis
2050 2845 2244 2902 litteris
2263 2859 2396 2915 quas
2415 2845 2640 2902 Aeacius
2667 2835 2970 2916 Beroensis,
2993 2848 3070 2904 sic
3095 2855 3366 2920 tamquam

103 2921 244 2994 pacis
271 2936 570 2996 sequester,
598 2924 798 3008 Cyrille
826 2933 1084 2995 scriberet
1109 2952 1120 2987 :
1154 2941 1211 2989 ut
1241 2935 1285 2990 sl
1313 2936 1699 3009 reciperentur,
1735 2945 1957 3010 propter
1985 2923 2357 2994 auctoritatem
2385 2940 2683 3016 scribentis,
2708 2939 2937 3013 Cyrillus
2960 2929 3184 3010 victoria
3220 2943 3365 2998 exci-

104 3017 233 3076 disse
263 3017 565 3112 videretur;
597 3025 678 3077 sin
710 3024 1112 3096 repellerentur,
1145 3027 1295 3085 locus
1323 3037 1465 3084 esset
1487 3027 1596 3096 jam
1626 3029 1905 3086 calumnia:
1925 3027 2125 3104 Cyrillo
2153 3021 2409 3094 facienda:
2433 3031 2580 3086 velut
2608 3033 2754 3112 pacis
2782 3032 2997 3096 inimico
3016 3075 3030 3100 ,
3067 3042 3121 3088 et
3148 3034 3366 3106 alterius

107 3111 367 3186 tentandae
393 3112 510 3180 vite,
533 3129 638 3182 qua
667 3119 950 3183 cogeretur
975 3117 1058 3170 vel
1084 3117 1296 3172 invitus.
1330 3117 1554 3188 Scripsit
1583 3117 1827 3183 Aeacius,
1860 3125 1919 3174 ut
1950 3126 2064 3175 erat
2085 3121 2463 3189 deliberatum;
2493 3119 2724 3194 Cyrillus
2751 3136 2900 3189 vero,
2921 3119 3054 3196 Ego,
3080 3123 3269 3193 inquit,
3295 3125 3370 3178 ad

108 3204 194 3257 ista
221 3207 295 3261 ita
323 3205 602 3276 rescripsi:
633 3201 963 3278 Expositioni
990 3203 1112 3275 ﬁdei
1138 3223 1291 3277 quam
1323 3201 1530 3262 Nicteni
1559 3205 1744 3262 Patres
1767 3209 2043 3272 ediderunt
2065 3209 2387 3264 adhaeremus
2417 3223 2611 3276 omnes,
2645 3203 2783 3265 nihil
2802 3224 3011 3282 prorsus
3051 3228 3224 3267 eorum
3253 3230 3366 3286 qui:

110 3296 154 3347 in
179 3297 289 3364 ipsa
319 3297 645 3349 continentur
684 3293 1084 3367 labefactantes;
1131 3305 1249 3351 sunt
1275 3300 1412 3352 enim
1451 3316 1510 3352 ea
1540 3299 1715 3353 omnia
1754 3310 1891 3353 recte
1928 3301 2284 3372 inculpathuc
2313 3297 2538 3366 tradita;
2579 3311 2739 3374 neque
2779 3305 2942 3376 lutum
2979 3311 3058 3357 cst
3081 3309 3199 3374 post
3220 3303 3365 3360 illam

112 3389 217 3458 ﬁdei
245 3389 522 3456 editionem
550 3390 826 3464 quidquam
855 3390 1022 3446 adhuc
1051 3393 1299 3458 curiosius
1330 3401 1570 3449 tractare.
1605 3391 1734 3456 Qui:
1759 3410 1874 3450 vero
1915 3402 2046 3450 recte
2074 3403 2254 3448 contra
2292 3383 2526 3456 Nestorii
2565 3392 2909 3462 blasphemias
2935 3395 3263 3466 scripsimus,
3303 3414 3366 3452 ea

112 3481 348 3553 ejusmodi
379 3499 518 3548 esse,
549 3491 604 3536 ut
632 3481 780 3538 nulla
820 3480 966 3537 nobis
993 3483 1191 3540 ratione
1217 3485 1514 3555 persuaderi
1545 3485 1708 3556 possit
1739 3493 1794 3538 ut
1820 3495 1953 3544 recte
1979 3486 2171 3556 scripta
2208 3497 2318 3540 esse
2355 3495 2611 3562 negemus.
2648 3485 2792 3556 Opus
2808 3483 3032 3557 proinde
3064 3489 3231 3558 magis
3254 3503 3366 3542 esse

113 3587 159 3628 ut
183 3577 273 3647 ipsi
295 3575 453 3646 juxta
482 3573 792 3646 picntissimi
819 3571 1106 3646 Christique
1134 3576 1356 3630 amantis
1384 3576 1709 3646 imperatoris
1741 3575 2016 3639 decretum,
2047 3577 2202 3632 immo
2237 3593 2352 3631 vero
2385 3585 2581 3632 sanctae
2618 3573 2808 3656 synodi
2831 3573 3110 3647 Ephesium
3135 3580 3363 3634 sanctio-

115 3686 232 3732 nem,
261 3669 428 3733 illum,
461 3668 548 3741 qui
574 3677 752 3722 contra
781 3667 1049 3722 salvatoris
1089 3665 1283 3722 Christi
1315 3667 1538 3740 gloriam
1577 3670 1840 3738 pugnavit,
1882 3668 2143 3738 ejicerenl,
2168 3670 2452 3744 impiosque
2487 3671 2627 3727 illius
2668 3671 3008 3745 blasphemiae
3041 3675 3366 3731 anathemate

115 3763 492 3828 insectarentur,
531 3761 736 3834 ejusque
775 3759 1090 3830 depositioni
1119 3761 1496 3824 consentirent,
1534 3776 1594 3812 ac
1633 3758 1949 3836 sanctissimi
1996 3760 2315 3834 piissimique
2360 3759 2585 3832 episcopi
2630 3759 2946 3817 Maximiani
2988 3764 3364 3820 ordinationem

116 3854 459 3923 approbarent.
2391 3839 2394 3841 Δ

172 3942 466 4006 Orientales
498 3961 590 4016 spe
617 3961 711 4000 sua
741 3942 998 4007 frustrati,
1031 3943 1224 4000 iterum
1255 3941 1322 3998 ad
1351 3950 1495 3998 artes
1523 3942 1894 4013 confugerunt,
1919 3959 2052 4015 quas
2072 3941 2300 4018 Cyrinus
2324 3945 2395 3998 ita
2427 3952 2608 3998 narrat
2634 3961 2646 3997 :
2672 3941 2772 3999 His
2802 3945 2982 4011 litteris
2999 3941 3100 3999 sibi
3127 3941 3358 4010 redditis,

116 4035 334 4090 miserunt
361 4035 736 4098 Alexandriam
764 4035 1206 4108 religiosissimum
1247 4043 1297 4089 et
1333 4035 1618 4105 piissimum
1658 4035 1950 4107 episcopum
1990 4033 2213 4096 Paulum
2252 4035 2590 4100 Emescnum,
2634 4045 2748 4102 cunt
2787 4051 2884 4107 quo
2927 4035 3014 4104 ditt
3049 4035 3369 4107 titullumque

118 4123 168 4176 de
199 4126 256 4178 iis
283 4124 436 4180 rebus
467 4125 732 4188 disseruit,
764 4140 877 4196 qua:
903 4122 1099 4194 Ephesi
1121 4131 1308 4195 praeter
1327 4125 1416 4194 jus
1435 4133 1486 4177 ct
1508 4125 1724 4193 oﬂicium
1759 4124 1911 4179 dicta:
1939 4127 2187 4198 factaque
2209 4128 2432 4195 fuerant.
2465 4123 2598 4190 Quia
2635 4139 2784 4191 vero,
2819 4127 2936 4182 istis
2959 4126 3199 4182 oblivioni
3237 4143 3363 4183 con.

119 4217 322 4286 traditis,
349 4218 421 4278 iis
449 4219 618 4290 potius
656 4219 792 4272 curis
819 4216 1162 4270 insistendum
1189 4212 1472 4279 videbatur,
1505 4231 1617 4286 qua:
1643 4217 1858 4285 majoris
1899 4217 2142 4270 momenti
2170 4231 2232 4268 ac
2270 4216 2511 4286 ponderis
2550 4226 2730 4282 erant,
2762 4218 3074 4289 interrogavi
3116 4218 3366 4289 nuntqaid

118 4309 370 4376 litterarum
405 4327 439 4361 α
466 4310 695 4380 piissimo
723 4307 926 4363 Joanne
968 4308 1206 4377 episcopo
1231 4304 1502 4358 attulisset.
1530 4304 1658 4359 Mox
1684 4305 1770 4359 ille
1797 4305 2069 4376 epistolam
2090 4305 2332 4371 reddidit,
2361 4321 2466 4360 non
2486 4323 2548 4360 ea
2585 4322 2699 4378 qui:
2725 4303 2940 4380 debebat
2961 4305 3247 4375 lim,
3269 4308 3362 4363 scd

117 4403 256 4468 potius
283 4419 384 4456 non
419 4418 515 4473 quo
555 4397 884 4455 conveniebat
922 4397 1074 4452 modo
1104 4395 1351 4450 dictatam
1392 4412 1409 4449 :
1452 4392 1880 4465 complectebatur
1907 4397 2043 4449 enim
2086 4397 2395 4450 irritationis
2435 4396 2534 4450 vim
2562 4397 2729 4466 patius
2768 4403 2922 4468 quam
2961 4398 3354 4455 exhortationis.

117 4489 244 4546 lianc
278 4497 453 4567 itaque
494 4510 598 4546 non
627 4493 906 4564 acceptavi.
941 4485 1083 4548 Nam
1109 4505 1223 4542 cum
1252 4505 1418 4543 meam
1446 4487 1609 4541 animi
1639 4487 2015 4559 wgritudinem,
2049 4503 2148 4560 qua
2178 4488 2378 4562 {ueram
2403 4487 2621 4556 aﬁ‘ccnts
2647 4503 2714 4542 ea:
2736 4489 2803 4542 iis
2829 4504 2946 4561 quae
2969 4491 3354 4560 praecucurrit,

118 4597 156 4638 et
179 4590 231 4650 ab
251 4590 368 4660 ipsis
401 4583 595 4660 Ephesi
625 4587 767 4658 facta
797 4586 1021 4658 fuerant,
1045 4583 1377 4637 excusatione
1404 4581 1577 4651 aliqua
1601 4579 1886 4633 demulcere
1913 4579 2222 4644 debuissent,
2253 4589 2450 4634 tantum
2477 4579 2620 4635 abest
2643 4585 2706 4634 ut
2727 4580 2783 4635 id
2804 4582 3034 4660 fecerint,
3065 4592 3126 4636 ut
3149 4597 3204 4637 se
3235 4599 3359 4655 quo-

119 4691 192 4742 que
213 4658 412 4748 propter
441 4658 704 4728 sacrorum
732 4673 1028 4744 dogmatum
1058 4671 1221 4725 zelum
1240 4671 1360 4742 jure
1392 4671 1583 4740 optimo
1614 4668 1738 4723 mihi
1769 4671 2116 4723 succensuisse
2143 4670 2386 4724 dicerent.
2419 4671 2486 4724 At
2513 4687 2579 4748 ea:
2601 4685 2684 4726 mc
2713 4658 2992 4727 audiebant
3015 4687 3108 4727 nec
3132 4673 3358 4729 diuinum

121 4769 254 4830 zelum
287 4771 429 4840 ipsos
458 4769 691 4831 movisse,
734 4781 825 4822 nec
872 4763 1008 4837 quod
1053 4781 1146 4834 pro
1190 4763 1419 4817 veritatis
1468 4762 1720 4833 dogmatis
1757 4771 2046 4834 pugnarent
2081 4763 2242 4816 aciem
2285 4762 2554 4841 adversum
2591 4775 2672 4818 nte
2709 4779 3042 4844 componere;
3089 4766 3183 4820 sed
3222 4767 3359 4838 quod

123 4860 348 4922 hominum
376 4856 812 4914 assentationibus
843 4856 1010 4914 locum
1034 4855 1236 4919 darent,
1262 4869 1324 4909 ac
1350 4869 1526 4908 eorum
1553 4855 1640 4925 qui
1669 4862 1771 4906 tum
1794 4859 2026 4922 potentes
2049 4849 2350 4906 videbantur
2377 4855 2633 4910 amicitias
2665 4853 2762 4908 sibi
2784 4856 3140 4910 conciliarent.

176 4951 341 5022 Neque
383 4966 518 5006 vero
558 4950 752 5006 Paulus
799 4949 912 5019 ipse
950 4946 1226 5002 fraudibus
1255 4947 1511 5004 abstinuit
1543 4963 1556 4998 :
1593 4960 1715 5000 nam
1743 4958 1863 4998 cum
1893 4945 2101 5000 litteras
2127 4944 2394 5001 attulisset
2425 4949 2764 5016 querelarum
2792 4948 2998 5018 plenas,
3030 4960 3276 5019 paratum
3298 4965 3357 5006 se

124 5051 271 5098 tamen
291 5043 542 5109 ostendit,
569 5043 668 5096 tria
687 5057 806 5110 quae
826 5039 1055 5111 Cyrillus
1082 5039 1317 5105 volebat,
1351 5054 1447 5094 suo
1477 5037 1931 5105 Orientaliumque
1959 5037 2200 5107 omnium
2225 5037 2443 5092 nomine
2480 5038 2744 5108 implere:
2775 5037 3060 5107 rarumque
3085 5053 3214 5096 vero
3241 5041 3354 5096 cal-

123 5130 224 5199 lidc,
245 5143 298 5190 ut
319 5135 581 5192 factorum
607 5132 817 5186 veniam
845 5130 1075 5202 Cyrillus
1097 5129 1392 5190 obtinuisse
1424 5130 1604 5202 potius
1631 5141 1791 5197 quam
1819 5125 2029 5182 dedisse
2056 5127 2346 5193 videretur,
2379 5136 2435 5182 et
2461 5125 2760 5182 Orientales
2781 5115 2986 5182 factum
3011 5126 3162 5183 Pauli
3201 5129 3357 5184 dissi-

124 5225 295 5284 mulare
322 5227 490 5296 magis
516 5239 574 5281 se
597 5231 961 5289 causarentur,
985 5236 1145 5292 quam
1173 5221 1262 5275 vel
1288 5221 1614 5290 approbasse
1640 5220 1728 5275 vel
1754 5221 2055 5276 mandasse.
2087 5219 2202 5287 Qua
2233 5219 2512 5292 prudentia
2540 5217 2780 5276 fraudem
2807 5219 3112 5275 dissolverit
3127 5219 3358 5292 Cyrillus

126 5325 278 5370 narrat
302 5316 380 5372 his
407 5311 586 5370 verbis
616 5312 820 5385 (Epist.
854 5312 922 5366 ad
954 5309 1245 5380 Donatum)
1273 5327 1285 5362 :
1319 5307 1444 5363 Cum
1474 5309 1566 5363 has
1598 5309 1794 5376 litteras
1823 5311 2091 5377 misissem,
2123 5311 2582 5365 animaduertentes
2609 5325 2666 5364 sc
2691 5309 3096 5364 communionem
3132 5311 3357 5380 recipere

125 5421 209 5458 non
229 5425 382 5477 posse,
413 5409 514 5462 nisi
544 5423 604 5460 ea
625 5421 736 5478 quae
766 5406 936 5478 {acere
965 5403 1213 5456 debebant
1241 5401 1381 5474 prius
1411 5402 1761 5472 perfecissent,
1793 5403 2044 5457 miserunt
2066 5401 2440 5458 Alexandriam
2479 5400 2702 5456 Paulum
2729 5402 3202 5458 rcvcrcndissintum
3230 5403 3356 5457 reli-

124 5500 532 5573 giosissimumquc
573 5498 878 5560 Emcsenum
916 5498 1227 5568 episcopum,
1261 5497 1344 5568 qui
1374 5495 1444 5548 ad
1470 5512 1548 5548 me
1576 5497 1772 5552 litteras
1814 5497 2042 5566 afferret,
2067 5498 2438 5553 communionis
2467 5496 2668 5569 quidem
2695 5497 3121 5550 instaurationem
3150 5512 3354 5551 cancer.

125 5602 298 5657 nentes,
317 5611 494 5664 parum
525 5602 695 5646 tamen
724 5601 856 5644 recte
884 5589 1100 5644 dictatas
1122 5605 1138 5642 :
1164 5604 1273 5660 pro:
1296 5604 1348 5641 se
1378 5587 1608 5659 ferebant
1628 5589 1762 5641 enim
1783 5589 2030 5661 quasdam
2059 5591 2290 5663 querelas
2315 5589 2556 5646 adversus
2585 5603 2680 5645 nos
2722 5590 2925 5655 habere,
2949 5592 3094 5664 quasi
3120 5589 3353 5663 quaedam

126 5682 171 5734 in
194 5700 327 5738 sacro
356 5686 586 5749 concilio,
619 5700 777 5756 neque
798 5690 932 5736 recte
961 5681 1116 5747 dicta,
1151 5697 1309 5750 neque
1339 5687 1472 5732 recte
1495 5680 1634 5749 facta
1655 5689 1840 5733 essent.
1881 5681 2062 5734 Verum
2089 5681 2386 5752 hujusmorh’
2412 5682 2616 5752 quidem
2637 5681 2882 5754 epistolas
2903 5698 3006 5736 non
3035 5683 3239 5746 admisi,
3263 5681 3353 5737 scd

129 5766 374 5838 respondi:
405 5776 528 5832 Cum
558 5777 620 5830 dc
647 5772 900 5847 prioribus
942 5774 1138 5827 veniam
1170 5781 1336 5841 petere
1367 5769 1622 5835 deberent,
1655 5771 1906 5840 quomodo
1950 5787 2105 5826 novas
2136 5774 2318 5828 iterum
2362 5773 2698 5829 contumelias
2733 5773 2930 5838 inferre
2962 5773 3188 5829 audent?
3227 5771 3352 5830 Cum
