3904 6272
501 250 610 309 745
1033 252 1396 312 PIUEFATIO
1433 255 1501 311 ΙΝ
1539 253 1905 312 SECUNDAM
1946 255 2224 313 PARTEM
2261 259 2548 318 OPERUM
2587 261 2782 318 MAR]!
2819 261 3288 319 MERCATORIS.
3641 265 3741 325 7η

500 372 671 442 autem
690 373 997 419 memoratus
1018 365 1277 436 piissimus
1304 368 1570 438 episcopus
1599 369 1790 440 {acntm
1817 378 2104 436 excusaret,
2128 375 2522 444 juramentoque
2549 376 2848 444 aﬂirmaret,
2879 391 2984 430 non
3021 391 3131 429 esse
3165 375 3260 430 hoc
3283 375 3492 430 illorum
3517 377 3738 449 proposi-

501 467 634 522 tum;
660 457 751 510 sed
774 473 838 510 ea:
874 474 1014 511 mera
1042 459 1204 512 animi
1241 459 1569 530 simplicitate
1595 460 1666 513 ad
1691 460 1747 514 id
1772 460 2100 516 scribendum
2139 481 2432 537 progressos
2458 483 2592 533 esse,
2641 467 2908 522 charitatis
2951 485 3110 523 causa
3149 471 3508 542 purgationem
3544 472 3742 534 admisi,

498 544 751 601 Ceterum
779 563 883 600 non
911 548 1053 617 prius
1080 547 1225 602 illum
1255 549 1323 602 ad
1345 552 1588 620 synaxim
1615 553 1801 623 recepi,
1831 570 1985 624 quam
2005 554 2126 610 dato
2152 555 2321 612 libello
2344 556 2578 614 Nestorii
2607 559 2851 632 dogmata
2876 577 2969 616 suo
3010 563 3201 632 scripto
3246 563 3732 630 anathematizauit,

494 655 647 710 seque
667 637 813 692 illum
840 656 933 709 pro
963 639 1192 710 deposito
1211 639 1397 696 habere
1417 644 1681 714 confessus
1707 653 1857 711 esset,
1879 654 1929 699 et
1949 646 2264 702 ordinationi
2285 649 2658 721 religiosissimi
2676 653 2903 723 episcopi
2923 651 3235 707 Maximiani
3254 655 3576 708 assensisset.
3597 655 3736 711 Petiit

494 736 664 781 autem
691 736 747 781 ut
773 729 884 781 istis
925 744 958 780 a
996 745 1051 782 se
1089 730 1316 782 omnium
1344 731 1848 802 religiosissimorum
1879 735 2208 790 orientalium
2235 739 2590 808 episcoporum
2627 741 2739 796 loco
2781 739 2965 796 oblatis
2994 741 3197 808 libellis,
3227 743 3359 797 nihil
3384 744 3604 814 amplius
3636 729 3744 800 exi-O

490 836 699 892 gerem:
728 819 864 892 quod
891 819 1033 874 nulla
1061 821 1261 876 ratione
1287 823 1405 892 fieri
1428 839 1541 876 sum
1565 840 1783 893 passus;
1812 825 1904 880 sed
1942 842 2048 880 una
2075 842 2191 882 cum
2218 829 2425 883 domino
2465 847 2577 885 meo
2614 833 3011 902 pmclarissimo
3048 831 3250 888 tribuno
3283 850 3347 887 ac
3387 835 3589 888 notario
3627 836 3734 889 Ari-

491 911 658 966 stolao
680 909 805 964 duos
831 927 859 962 e
885 911 1076 964 nostris
1101 911 1300 964 clericis
1321 913 1440 966 misi
1466 913 1815 980 Antiochiam,
1840 917 2169 990 chartamque
2196 919 2388 974 tradidi
2414 921 2692 986 mandans,
2722 931 2780 976 ut
2820 925 2867 978 si
2900 921 3132 978 Joannes
3160 924 3610 979 reverendissimus
3646 925 3736 980 Ec-

492 999 660 1052 clesia:
680 997 1008 1053 Antiochense
1025 998 1292 1071 episcopus
1317 1001 1695 1072 subscripserit,
1719 1011 1769 1058 et
1794 1004 1942 1059 illam
1969 1009 2241 1077 acceperit,
2267 1017 2386 1062 tunc
2409 1009 2612 1065 demum
2638 1011 2837 1067 litteras
2859 1012 2923 1067 de
2949 1015 3304 1068 communione
3327 1013 3616 1068 redderent.

560 1089 733 1146 Aliam
760 1105 946 1144 rursus
975 1097 1147 1146 artem
1174 1091 1416 1147 adhibuit
1432 1091 1628 1148 Paulus
1653 1093 1892 1165 pejorem
1919 1097 2119 1166 priore,
2143 1105 2204 1152 ut
2223 1099 2307 1154 vel
2327 1108 2524 1155 statuta
2543 1102 2733 1174 synodi
2758 1103 3104 1169 convelleret,
3153 1104 3240 1159 vel
3267 1119 3460 1160 causas
3486 1105 3734 1175 impedita.

489 1182 635 1252 pacis
658 1181 710 1236 in
737 1180 993 1253 Cyrillum
1014 1180 1259 1250 rejiceret
1282 1201 1294 1237 :
1327 1183 1588 1253 siquidem
1608 1186 1886 1241 contendit
1911 1203 2071 1242 unam
2094 1188 2330 1245 Nestorii
2344 1176 2734 1262 depositionem
2759 1194 3006 1251 sufﬁcere
3026 1195 3095 1252 ad
3117 1196 3402 1266 sopiendas
3420 1197 3605 1252 turbas
3616 1212 3732 1266 quas

492 1287 629 1327 unus
657 1274 946 1341 excitarat;
974 1283 1198 1333 cancros
1223 1278 1502 1349 episcopos
1530 1280 1585 1334 in
1613 1296 1740 1337 suas
1767 1281 1923 1338 sedes
1952 1284 2335 1351 restituendos,
2367 1295 2528 1356 atque
2548 1288 2694 1358 ipsos
2721 1288 2857 1345 adeo
2889 1297 3122 1359 quatuor
3147 1290 3466 1345 nominatim
3493 1289 3729 1359 dejectos,

493 1363 807 1431 Helladium,
855 1365 1185 1434 Eutherium,
1229 1369 1522 1426 Himerium
1568 1379 1624 1426 et
1668 1372 2018 1428 Dorotheum.
2050 1373 2198 1430 Sciat
2227 1385 2279 1430 et
2304 1376 2400 1431 hoc
2425 1393 2622 1448 quoque
2649 1388 2736 1432 tua
2759 1380 3028 1446 sanctitas,
3064 1379 3250 1436 scribit
3269 1379 3479 1435 Donato
3502 1377 3725 1451 Cyrillus,

493 1457 927 1528 religiosissimum
973 1461 1442 1534 pientissimumque
1485 1463 1778 1535 episcopum
1801 1463 2025 1518 Paulum
2069 1466 2217 1521 initio
2248 1467 2526 1536 plurimum
2564 1469 2829 1536 institisse,
2867 1467 3119 1534 IIelladii,
3150 1468 3409 1535 Eutherii,
3458 1469 3728 1524 Himeriiet

490 1547 736 1604 Dorothei
766 1550 1111 1621 depositorum
1131 1569 1307 1620 causa,
1331 1550 1616 1627 obnixeque
1642 1573 1851 1628 rogasse
1869 1567 1925 1610 ut
1948 1574 2062 1629 qua:
2089 1568 2270 1613 contra
2289 1562 2427 1631 ipsos
2448 1561 2652 1616 decreta
2672 1572 2841 1628 erant,
2868 1562 3240 1636 abrogarentur
3259 1580 3280 1619 .'
3301 1564 3596 1635 alﬁrmabat
3613 1564 3727 1618 enim

488 1660 664 1714 pacem
689 1643 1035 1701 Ecclesiarum
1064 1647 1218 1702 aliter
1241 1649 1358 1718 ﬁeri
1386 1667 1489 1704 non
1511 1667 1676 1722 posse,
1702 1652 1807 1706 nisi
1835 1652 1892 1705 id
1918 1669 2113 1724 quoque
2133 1654 2316 1724 fuisset
2336 1654 2616 1726 adjectum.
2645 1653 2758 1726 Ego
2786 1672 2902 1711 vero
2921 1655 3308 1728 respondebam,
3339 1672 3448 1710 rem
3468 1657 3631 1726 ipsum
3646 1658 3726 1710 int-

487 1734 778 1804 possibilem
806 1737 1002 1802 conari,
1029 1753 1089 1791 eo
1116 1736 1253 1809 quod
1272 1755 1364 1793 nos
1385 1740 1524 1793 istud
1543 1757 1822 1812 numquam
1842 1758 2064 1796 essemus
2085 1743 2404 1812 permissuri.
2430 1742 2738 1798 Manserunt
2763 1747 2934 1818 itaque
2953 1746 3008 1800 in
3036 1745 3212 1800 eodem
3243 1745 3541 1811 schismate,
3570 1746 3624 1798 in
3645 1763 3726 1816 quo

485 1831 640 1884 etiam
683 1847 819 1885 nunc
845 1840 1199 1902 perseverant;
1227 1849 1388 1904 neque
1426 1833 1536 1887 ulla
1573 1849 1748 1888 eorum
1774 1835 1830 1888 in
1853 1833 2231 1890 conditionibus
2260 1835 2325 1890 de
2355 1852 2482 1907 pace
2505 1844 2805 1892 sanctarum
2830 1835 3182 1892 Ecclesiarum
3207 1837 3487 1909 prapositis
3508 1838 3642 1908 facta
3665 1838 3726 1892 es!

485 1923 692 1976 mentio.

549 2011 863 2083 Orientales,
887 2031 1010 2072 cum
1036 2024 1322 2072 cernerent
1341 2033 1531 2075 omnes
1549 2034 1673 2075 suas
1698 2020 1973 2076 machinas
1996 2020 2228 2091 infringi,
2259 2029 2554 2092 paruerunt
2574 2021 2792 2078 tandem
2812 2022 3152 2092 imperatoris
3166 2021 3331 2092 jussis
3363 2029 3421 2077 et
3439 2019 3621 2094 Cyl-illi
3644 2036 3728 2092 po-

482 2102 723 2168 stulatis;
758 2119 866 2160 non
887 2111 1068 2160 tamen
1088 2105 1162 2160 ita
1188 2105 1319 2174 quin
1343 2105 1515 2161 adhuc
1538 2105 1736 2162 fraudis
1757 2108 2009 2176 quiddam
2030 2108 2309 2176 adderent,
2339 2124 2450 2178 quo
2477 2109 2789 2166 viderentur
2815 2110 2870 2166 id
2898 2111 3194 2168 obtinuisse
3217 2111 3362 2182 quod
3389 2110 3590 2182 Ephesi
3615 2127 3727 2168 con-

482 2193 780 2259 tenderant,
811 2209 1024 2264 nempe,
1056 2202 1116 2250 ut
1134 2196 1202 2251 de
1221 2195 1471 2264 dogmate
1490 2195 1638 2266 prius
1656 2204 1905 2265 ageretur
1923 2212 2085 2266 quam
2098 2197 2166 2252 de
2180 2198 2456 2268 personis;
2481 2206 2646 2268 utque
2666 2214 2792 2269 pars
2813 2199 3067 2268 quaelibet
3085 2215 3195 2255 suae
3217 2197 3341 2255 ﬁdei
3355 2199 3726 2270 expositionem

479 2286 677 2356 scripto
705 2286 876 2354 daret,
907 2294 964 2343 et
987 2287 1054 2343 de
1082 2286 1364 2344 duodecim
1392 2287 1640 2359 capitulis
1667 2288 1918 2344 sileretur
1943 2305 1956 2342 :
1988 2288 2041 2342 id
2069 2289 2213 2344 enim
2239 2296 2322 2344 est
2347 2290 2690 2361 impetratum
2719 2305 2752 2344 a
2777 2290 2998 2363 Cyrillo,
3026 2291 3297 2348 cordatius
3323 2291 3484 2356 forte,
3528 2299 3728 2362 propter

477 2380 712 2436 studium
736 2364 903 2450 pacis,
929 2395 988 2436 se
1016 2388 1236 2450 gerente
1262 2396 1386 2436 cum
1408 2379 1760 2436 fraudulentis
1786 2395 1948 2450 quam
1976 2394 2075 2451 par
2092 2389 2266 2448 esset;
2297 2381 2562 2452 siquidem
2585 2381 2709 2437 inde
2727 2379 3026 2438 Orientales
3046 2383 3385 2439 occasionem
3405 2391 3728 2454 sumpserunt

477 2473 762 2544 spargendi
791 2473 844 2528 in
869 2472 1056 2542 vulgus
1079 2473 1365 2539 mendacii,
1387 2471 1542 2541 quasi
1569 2484 1666 2527 sua
1686 2471 1916 2541 capitula
1939 2475 2303 2537 retractasset,
2333 2477 2388 2526 et
2413 2471 2466 2526 in
2491 2468 2841 2526 Orientalium
2869 2471 3190 2526 sententiam
3219 2471 3471 2526 venisset.

548 2563 773 2634 Scripsit
797 2563 957 2633 igitur
991 2561 1192 2636 Cyrillo
1217 2563 1470 2630 Joannes,
1518 2563 1613 2618 sed
1645 2562 1906 2630 ambiguis
1931 2561 2128 2627 verbis,
2173 2562 2366 2632 quibus
2396 2578 2505 2618 non
2543 2568 2655 2616 tam
2695 2562 2972 2632 aperuisse
3009 2569 3246 2618 mentem
3293 2561 3543 2617 videatur
3582 2577 3721 2632 quam

481 2655 678 2710 texisse
705 2672 718 2706 :
751 2661 976 2710 testatus
995 2655 1137 2710 enim
1165 2662 1247 2708 est
1275 2669 1449 2723 neque
1469 2663 1663 2724 sponte
1683 2670 1743 2709 se
1772 2654 1826 2708 in
1853 2654 2198 2710 concordiam
2227 2655 2453 2718 venisse,
2477 2655 2571 2710 sed
2594 2654 2749 2724 jussu
2767 2655 3138 2726 imperatoris;
3161 2669 3335 2724 neque
3355 2654 3460 2709 alia
3485 2654 3555 2710 de
3573 2669 3711 2711 causa

481 2745 873 2815 expositionem
915 2744 1036 2800 ﬁdei
1077 2745 1309 2810 mittere,
1334 2761 1496 2815 quam
1525 2753 1585 2800 ut
1611 2746 1919 2802 occluderet
1958 2762 2020 2801 os
2060 2745 2260 2802 adoriri
2302 2747 2640 2812 volentibus;
2682 2762 2856 2818 neque
2891 2748 3146 2803 unionem
3186 2756 3498 2803 naturarum
3539 2753 3720 2819 φνσυαὶν

477 2837 779 2902 admittere,
797 2835 891 2892 sed
905 2836 1157 2890 unionem
1174 2843 1378 2890 tantum
1394 2853 1408 2903 ;
1423 2850 1598 2905 neque
1611 2836 1884 2905 Virginem
1902 2836 2019 2906 sim]

2175 2852 2216 2892 er
2229 2839 2464 2894 Θιοτὸκον
2483 2839 2614 2894 κατὰ
2631 2839 2821 2897 ταύτην
2830 2847 2920 2900 τῆς
2939 2839 3252 2912 ἀσυγχύτον
3275 2838 3504 2902 iuuaret;
3519 2837 3717 2901 ἔννοιανς

478 2939 654 2996 neque
677 2924 934 2980 damnare
958 2923 1209 2992 dogmata
1236 2923 1488 2990 Nestorii,
1512 2923 1608 2978 sed
1628 2939 1790 2980 voces
1810 2939 1976 2979 novas
1997 2932 2052 2979 et
2071 2923 2340 2994 profanas.
2365 2925 2494 2991 Quae
2518 2927 2698 2981 omnia
2726 2926 3012 2996 ancipitem
3045 2925 3221 2982 facere
3241 2934 3718 2996 possunt'senSum:

477 3017 524 3073 si
543 3017 760 3089 quidem
779 3015 1099 3074 sententiam
1129 3013 1264 3070 dixit
1290 3029 1396 3070 non
1425 3013 1543 3068 aliis
1572 3013 1746 3070 verbis
1766 3029 1926 3083 quam
1955 3014 2146 3082 quibus
2175 3013 2291 3084 ipse
2315 3015 2478 3068 etiam
2505 3013 2785 3070 Nestorius
2812 3031 2920 3071 non
2949 3015 3147 3070 invitus
3177 3022 3437 3071 uteretur.
3469 3014 3720 3071 Nestorius

477 3111 621 3168 enim
646 3109 921 3168 confessus
948 3116 1050 3176 est,
1081 3115 1138 3164 et
1164 3106 1408 3166 Θιοτόκον
1436 3123 1555 3164 esse
1581 3107 1852 3177 Virginem
1881 3115 2150 3174 sanctam;
2174 3116 2231 3163 et
2257 3108 2432 3163 unitas
2461 3115 2679 3164 naturas
2719 3108 3027 3175 inconfuse;
3058 3115 3114 3164 et
3139 3125 3306 3165 unum
3329 3109 3524 3164 Filium
3566 3108 3721 3165 Domi—

477 3217 712 3273 numque
736 3202 1039 3270 Christum;
1069 3210 1127 3259 et
1152 3201 1388 3258 Verbum
1413 3215 1633 3258 carnem
1659 3200 1890 3266 factum;
1914 3206 1970 3256 et
1988 3214 2057 3255 ex
2084 3199 2200 3270 ipsa
2227 3199 2581 3270 conceptione
2608 3199 2866 3272 templum
2892 3200 3037 3270 quod
3059 3200 3347 3272 assumpsit
3367 3199 3470 3255 sibi
3489 3199 3718 3266 univisse,

475 3302 533 3350 et
558 3302 750 3350 caetera
777 3310 896 3364 qua:
920 3293 1154 3351 Joannes
1180 3298 1497 3364 prosecutus
1517 3300 1621 3348 est.

546 3380 682 3434 Dum
728 3382 801 3436 ita
828 3381 1030 3449 geritur
1065 3381 1338 3450 negotium
1363 3379 1530 3450 pacis,
1562 3383 1758 3449 partim
1788 3377 2104 3443 Antiochiae,
2137 3378 2332 3448 partim
2361 3378 2415 3432 in
2441 3375 2695 3449 Egypto,
2722 3375 3092 3432 Theodoretus
3115 3391 3259 3446 aegre
3285 3376 3466 3433 ferens
3491 3393 3603 3434 rem
3626 3394 3717 3434 non

477 3472 692 3528 evenire
711 3489 779 3528 ex
798 3474 961 3528 animi
981 3473 1064 3529 sui
1082 3473 1368 3536 sententia,
1388 3471 1595 3525 litteras
1619 3468 1768 3525 dedit
1787 3468 1855 3523 ad
1872 3469 2143 3537 geminum
2172 3468 2460 3535 Andream,
2492 3469 2814 3523 monachum
2834 3467 3038 3522 scilicet
3061 3466 3714 3540 Constantinopolitanum,

475 3567 531 3617 et
557 3560 963 3618 Samosatenum
1009 3563 1357 3632 episcopum;
1388 3560 1537 3616 dedit
1564 3566 1621 3615 et
1665 3558 1734 3614 ad
1769 3557 2031 3614 Joannem
2055 3559 2467 3625 Antiochenum,
2499 3568 2660 3629 atque
2705 3558 3001 3614 Himerium
3027 3558 3512 3626 Nicomediensem,
3544 3563 3717 3632 quibus

475 3663 699 3712 testatur
717 3671 777 3710 se
803 3655 1018 3724 quidem
1048 3654 1180 3708 nihil
1210 3653 1267 3707 in
1295 3653 1523 3723 epistola
1550 3649 1735 3724 Cyrilli
1754 3651 2020 3722 reperisse
2046 3651 2192 3721 quod
2209 3650 2480 3706 videretur
2505 3666 2651 3706 sana:
2670 3650 2925 3706 doctrina:
2945 3665 3206 3721 pugnare,
3233 3652 3432 3723 quippe
3453 3669 3573 3709 cum
3597 3655 3643 3708 in
3661 3670 3715 3709 ea

473 3747 718 3818 capitulis
745 3747 1016 3803 contraria
1042 3746 1480 3810 continerentur;
1509 3759 1569 3799 se
1598 3752 1777 3799 tamen
1803 3759 1911 3800 non
1930 3758 2110 3814 posse,
2133 3743 2235 3798 etsi
2261 3751 2501 3799 extrema
2519 3758 2743 3813 quaeque
2764 3743 3125 3814 impendeant,
3149 3761 3249 3801 nec
3270 3746 3324 3800 in
3345 3745 3713 3817 depositionem

470 3839 719 3904 Nestorii,
760 3852 918 3908 quem
956 3837 1105 3892 miris
1132 3836 1378 3892 laudibus
1405 3835 1588 3900 afﬁcit,
1633 3835 1976 3902 consentire;
2001 3849 2100 3892 nec
2122 3835 2432 3904 dogmatum
2453 3833 2851 3890 damnationem
2875 3836 3230 3901 subscribere,
3259 3837 3377 3892 sine
3397 3837 3710 3909 exceptione,

468 3946 574 4001 qua
599 3928 920 4000 signiﬁcaret
946 3929 1202 3984 damnare
1228 3943 1288 3983 se
1314 3927 1586 3997 dogmata,
1609 3926 1989 3996 cujuscumque
2014 3926 2225 3982 tandem
2247 3934 2446 3991 essent,
2477 3933 2536 3981 ut
2555 3927 2928 3983 consuleretur
2973 3927 3206 3984 Nestorii
3233 3931 3498 4000 personae.
3548 3927 3708 4002 Cujus,

467 4024 656 4095 inquit,
694 4023 1006 4080 sanctissimi
1043 4021 1299 4095 episcopi,
1351 4022 1438 4092 qui
1491 4019 1781 4076 doctrinam
1826 4019 2100 4075 indiscrete
2154 4019 2579 4087 anathematizet,
2639 4020 2878 4090 pietatem
2932 4020 3100 4092 ipsam
3157 4020 3594 4074 anathematizare
3643 4021 3708 4074 ri-

466 4115 664 4171 deatur.

532 4207 666 4264 Cum
695 4208 937 4264 tribunus
963 4223 1142 4265 moras
1167 4218 1447 4280 pertaesus,
1478 4207 1820 4275 Alexandria,
1850 4223 1960 4278 quo
1979 4216 2200 4264 venerat
2227 4207 2561 4264 accelerandi
2587 4207 2787 4277 negotii
2809 4221 2988 4272 causa,
3013 4207 3350 4264 Antiochiam
3372 4209 3440 4263 ad
3466 4207 3708 4264 Joannem

463 4299 756 4368 urgendum
784 4298 1000 4364 rediret,
1025 4297 1254 4372 Cyrillus
1296 4301 1442 4356 misit
1479 4315 1586 4356 una
1613 4299 1749 4358 duos
1777 4314 1809 4355 ο
1847 4299 1957 4355 suis
1997 4299 2222 4364 clericis,
2252 4299 2444 4368 quibus
2480 4300 2724 4353 chartam
2754 4297 2989 4362 tradidit,
3019 4297 3300 4366 mandans,
3331 4306 3394 4354 ut
3418 4299 3466 4354 si
3489 4297 3709 4354 Joannes

461 4391 822 4447 subscriberet
860 4399 916 4447 et
955 4391 1104 4446 illam
1131 4393 1426 4462 acciperet,
1451 4401 1580 4447 tunc
1598 4391 1814 4448 demum
1844 4393 2048 4447 litteras
2071 4391 2124 4447 ei
2159 4391 2226 4446 de
2251 4391 2628 4448 communione
2666 4389 2968 4447 redderent.
3010 4390 3071 4445 In
3094 4392 3280 4447 charta
3309 4392 3710 4448 continebantur

463 4490 573 4538 tres
599 4481 931 4536 conditiones
949 4481 1117 4551 pacis,
1147 4482 1226 4538 sic
1253 4483 1396 4536 enim
1423 4483 1609 4538 scribit
1634 4480 1866 4554 Cyrillus
1887 4480 2091 4554 (Epist.
2115 4481 2184 4535 ad
2210 4481 2506 4552 Donatum)
2533 4499 2545 4534 :
2577 4481 2705 4535 Cum
2731 4483 2890 4553 igitur
2916 4483 3175 4553 piissimus
3200 4482 3434 4539 Joannes
3461 4482 3707 4554 subscrip-

459 4579 627 4645 sisset,
650 4579 933 4650 ceterique,
959 4579 1046 4650 qui
1073 4594 1189 4632 cum
1208 4580 1320 4650 ipso
1347 4579 1652 4633 illustriores
1680 4586 1860 4638 erant;
1891 4593 2100 4648 cumque
2120 4574 2352 4630 Nestorii
2381 4575 2670 4631 doctrinam
2709 4575 3250 4641 attathematizassent,
3281 4585 3332 4630 et
3375 4573 3512 4649 quod
3548 4576 3705 4646 ipsum

458 4687 551 4742 pro
572 4671 800 4742 deposito
821 4671 1068 4724 haberent
1088 4667 1309 4739 professi
1327 4676 1516 4733 essent;
1533 4683 1594 4721 ac
1609 4665 1921 4721 Maximiani
1943 4664 2311 4735 religiosissimi
2340 4663 2742 4734 pientissimique
2766 4664 2993 4734 episc0pi
3021 4663 3402 4718 ordinationem
3426 4664 3704 4735 approbas-

456 4771 588 4829 sent,
620 4762 1024 4817 communionem
1049 4760 1156 4815 illis
1178 4761 1516 4814 restituimus.
1549 4757 1939 4824 Theodoretus,
1968 4765 2028 4811 ut
2053 4755 2243 4811 Joanni
2271 4772 2379 4811 non
2407 4756 2612 4820 aderat,
2655 4770 2778 4810 cum
2813 4767 2928 4825 pax
2948 4757 3384 4823 constitueretur,
3434 4757 3506 4812 ita
3539 4767 3706 4824 neque

456 4854 770 4924 subscripsit
796 4869 917 4910 cum
937 4853 1088 4920 aliis;
1119 4851 1218 4908 sed
1236 4851 1291 4906 in
1319 4866 1418 4907 suo
1439 4865 1655 4907 secessu
1682 4849 1867 4905 turbas
1894 4847 2268 4914 meditabatur,
2299 4847 2462 4904 immo
2489 4849 2812 4905 sollicitabat
2830 4849 3047 4904 animos
3064 4848 3440 4918 episcoporum
3458 4861 3567 4902 sua:
3585 4858 3705 4916 pro-

456 4946 662 5011 vincias,
693 4961 830 5016 quos
849 4947 1008 5001 etiam
1029 4945 1274 5015 cogebat,
1297 4942 1444 4998 velut
1464 4942 1516 4996 in
1536 4940 1790 5013 synodos,
1813 4938 1984 4995 sicubi
1998 4936 2338 4994 commodum
2357 4937 2532 4993 foret:
2563 4940 2912 5007 quamobrem
2932 4937 3000 4992 ab
3020 4936 3346 5007 imperatore
3370 4933 3704 5007 postmodum

452 5036 632 5106 jussus
659 5044 760 5104 est,
789 5037 954 5091 veluti
982 5034 1132 5107 pacis
1157 5034 1384 5106 publicae
1409 5032 1772 5102 perturbator,
1803 5029 1928 5102 Cyri
1965 5043 2024 5083 se
2050 5028 2343 5084 continere.
2804 5108 2814 5118 .
2884 5117 2891 5118 ί
3203 5035 3206 5038 '

523 5126 721 5182 Paulus
747 5125 1060 5192 Emesenus,
1092 5127 1253 5182 rebus
1281 5124 1532 5194 utrinque
1567 5122 1897 5192 compositis,
1947 5129 2229 5191 postquam
2269 5118 2549 5174 obtulisset
2582 5115 2821 5174 libellum
2865 5117 3094 5191 Cyrillo,
3138 5132 3248 5187 quo
3288 5117 3619 5174 consentiret
3653 5115 3705 5170 in

455 5233 643 5274 omnes
685 5217 1025 5273 conditiones
1063 5216 1230 5286 pacis,
1263 5231 1371 5270 non
1399 5223 1610 5269 tantum
1635 5213 2063 5269 communionem
2102 5211 2324 5281 recepit,
2366 5209 2461 5266 sed
2507 5210 2670 5265 etiam
2698 5217 3018 5280 potestatem
3043 5208 3303 5265 habenda:
3328 5209 3396 5264 ad
3426 5207 3700 5280 populum.

453 5310 768 5382 presidente
793 5307 992 5380 Cyrillo
1016 5308 1071 5363 in
1097 5321 1290 5378 magna
1323 5307 1569 5373 ecclesia,
1596 5304 1829 5362 homilize
1848 5303 1934 5361 die
1954 5303 2024 5356 25
2051 5303 2378 5368 Decembris,
2399 5316 2506 5372 qua
2526 5301 2792 5358 catholice
2809 5301 3022 5358 locutus
3054 5299 3122 5356 de
3146 5301 3512 5356 incarnatione
3540 5297 3706 5356 Verbi

453 5407 508 5453 et
531 5399 756 5469 Deipara
781 5397 1004 5466 virgine,
1035 5403 1214 5452 tantos
1254 5395 1472 5464 plausus
1513 5411 1545 5450 a
1572 5393 1730 5464 plebe
1757 5393 2089 5448 acclamante
2116 5391 2344 5462 accepit,
2376 5398 2435 5446 ut
2474 5407 2581 5446 non
2610 5391 2785 5447 solum
2809 5391 3129 5462 abrumpere
3157 5406 3460 5447 sermonem
3487 5398 3708 5446 coactus

454 5489 548 5551 sit,
579 5487 673 5543 sed
691 5487 850 5542 etiam
879 5494 1089 5557 partem
1115 5485 1170 5540 in
1193 5485 1422 5556 primum
1441 5483 1679 5540 Januarii
1707 5483 1850 5538 diem
1877 5480 2110 5536 diﬁ‘erre.
2142 5479 2378 5537 Observa
2401 5481 2454 5535 in
2483 5482 2711 5550 vulgatis
2738 5481 3060 5538 editionibus
3085 5483 3185 5537 sub
3214 5483 3374 5538 tinem
3400 5482 3562 5538 verba
3583 5496 3709 5552 per-

455 5579 608 5644 verti,
629 5594 747 5648 qua:
766 5579 843 5634 sic
861 5576 1188 5635 restituenda
1215 5585 1357 5632 sunt.
1389 5575 1620 5646 Populus
1649 5574 1782 5629 dixit
1806 5592 1818 5628 :
1847 5573 1953 5626 Fili
1978 5571 2264 5644 Theophili,
2286 5582 2336 5628 et
2361 5573 2652 5640 Athanasii,
2675 5583 2724 5628 et
2746 5572 2945 5645 Cyrilli.
2969 5572 3257 5646 Episcopus
3292 5573 3489 5629 Paulus
3531 5573 3670 5628 dixit
3686 5586 3707 5627 :

457 5671 631 5730 Patris
658 5673 963 5742 sapientiam
982 5673 1271 5738 audiamus,
1298 5687 1411 5744 qua:
1433 5679 1636 5728 nostras
1663 5669 1865 5743 quidem
1883 5667 2284 5726 orthodoxomm
2304 5676 2493 5724 mentes
2519 5669 2835 5723 exsuscitat:
2865 5668 3086 5724 hostium
3119 5685 3235 5723 vero
3279 5666 3526 5726 Ecclesia:
3569 5665 3707 5724 acies
