3904 6272
203 244 299 300 7ιό
719 234 1087 293 ΡΒΕῈΑΤΙΟ
1126 233 1195 293 ΙΝ
1231 233 1604 293 SECUNDAM
1642 234 1745 292 PA]

1912 235 1926 293 i
1964 235 2249 297 OPERUM
2287 236 2480 296 MARll
2517 236 2978 299 MERCATORIS.
3349 240 3454 298 746

200 353 475 429 prosternit,
505 358 609 408 etc.
632 354 867 409 incentis
894 353 1057 409 verba
1085 353 1299 423 excepit
1324 351 1556 424 Cyrillus
1583 352 1651 408 de
1678 367 1849 421 more,
1882 370 2294 427 sermonemque
2322 357 2723 426 commendans,
2756 357 3061 426 Hausimus,
3094 358 3283 428 inquit,
3316 357 3456 413 vobis

199 460 368 516 aquam
389 458 453 495 ea:
478 458 626 497 sacro
650 445 791 515 fonte
812 460 830 497 :
862 442 1107 509 doctoris,
1129 445 1361 515 inquam,
1385 445 1470 516 qui
1492 454 1613 497 ante
1633 460 1727 499 nos
1749 445 2024 514 disseruit;
2051 450 2135 521 qui
2158 450 2388 522 Spiritus
2433 454 2603 508 sancti
2632 454 2827 509 lumine
2860 451 3170 520 illustratus,
3212 453 3451 523 exposuit

198 534 329 590 nobis
352 549 593 604 magnum
612 550 675 588 ac
701 535 1049 590 venerandum
1069 536 1358 593 Saluatoris
1381 538 1545 593 nostri
1564 540 1882 610 mysterium,
1913 549 2016 596 etc.

1563 693 1701 733 ANNO
1740 694 2054 737 CCCCXXXIII.

260 810 540 880 Postquam
576 812 840 868 intellexit
859 812 1230 870 Theodoretus
1258 815 1533 883 negotium
1562 816 1783 872 omnino
1811 824 2090 887 peractum
2124 832 2259 883 esse,
2292 820 2657 890 scriptumque
2684 834 2715 875 a
2735 818 2945 875 Joanne
2965 816 3323 881 Antiocheno,
3348 830 3459 871 non

197 914 388 963 tantum
414 904 481 958 ad
510 905 743 975 majores
772 906 948 971 sedes,
972 906 1067 962 sed
1093 906 1256 963 etiam
1285 906 1353 961 ad
1375 907 1778 978 imperatorem,
1810 923 1919 978 quo
1951 918 2243 965 testaretur
2262 926 2321 965 se
2349 920 2404 966 et
2428 912 2680 981 dogmata
2710 911 2947 967 Nestorii
2968 909 3244 973 damnare,
3270 914 3323 961 et
3344 906 3462 975 ejus

192 1000 499 1072 depositioni
528 1001 960 1071 ordinationique
980 1002 1289 1057 Maximiani
1309 1003 1641 1069 consentire;
1674 1002 1821 1058 dedit
1841 1003 2035 1059 iterum
2065 1003 2132 1057 ad
2159 1002 2455 1060 Himerium
2480 1005 2704 1070 litteras,
2735 1006 2930 1074 quibus
2977 1002 3141 1057 animi
3168 1001 3250 1055 sui
3291 1000 3463 1069 impo-

192 1095 401 1157 tentiam
421 1094 581 1148 simul
608 1102 663 1149 et
680 1092 930 1150 factionis
950 1094 1164 1149 fraudes
1186 1095 1440 1166 prodidit.
1471 1095 1550 1150 Ad
1579 1096 1751 1166 ipsum
1778 1111 1992 1167 quoque
2019 1096 2322 1152 Nestorium
2351 1098 2636 1168 epistolam
2665 1098 2830 1164 misit,
2861 1098 3014 1167 quasi
3058 1098 3247 1167 pignus
3293 1091 3464 1163 quod-

188 1182 300 1238 dam
324 1198 432 1237 sua:
454 1184 508 1237 in
530 1183 741 1240 tuendis
764 1184 999 1240 haeretici
1021 1186 1260 1255 partibus
1286 1186 1618 1256 pervicacite.
1643 1186 1762 1251 His,
1785 1187 1975 1256 inquit,
1999 1205 2111 1260 quae
2132 1198 2314 1243 contra
2343 1198 2482 1243 tuam
2501 1193 2877 1246 venerationem
2904 1190 3096 1260 injuste
3116 1199 3265 1260 atque
3291 1188 3465 1257 inique

188 1284 381 1348 patrata
408 1285 548 1341 sunt,
581 1293 673 1330 nec
693 1277 738 1331 si
766 1276 893 1331 mihi
920 1287 1190 1349 utramque
1213 1295 1425 1332 manum
1445 1280 1555 1351 quis
1584 1277 1925 1345 abscinderet,
1959 1290 2134 1350 potero
2162 1279 2389 1351 prwbere
2415 1298 2740 1348 consensum,
2774 1282 2949 1336 divina
2980 1278 3315 1352 proculdubio
3337 1276 3464 1331 mihi

185 1378 480 1439 cooperante
503 1371 694 1440 gratia,
718 1378 768 1423 et
785 1370 1144 1439 inﬁrmitatem
1173 1370 1363 1425 anima:
1392 1370 1706 1424 sublevante.
1734 1369 1849 1425 Hoc
1873 1379 2043 1424 autem
2070 1373 2225 1425 etiam
2254 1372 2332 1426 Itis
2364 1374 2447 1444 qui
2492 1373 2602 1427 haec
2628 1374 2860 1444 exigunt,
2907 1381 3099 1425 certum
3130 1369 3312 1423 litteris
3344 1368 3461 1439 feci,

185 1471 231 1516 et
253 1472 428 1516 vestra:
455 1463 740 1527 sanctitati,
765 1460 887 1532 quid
911 1463 984 1517 eis
1014 1479 1046 1515 a
1072 1478 1150 1516 me
1179 1463 1485 1532 rescriptum
1512 1464 1599 1528 sit,
1623 1462 1861 1532 exempla
1891 1464 2172 1530 transmisi,
2205 1474 2453 1534 quatenus
2483 1474 2732 1536 agnoscat
2762 1463 2897 1535 quod
2922 1462 3119 1517 nullum
3157 1470 3349 1532 tempus
3371 1474 3464 1514 nos

183 1573 268 1627 per
295 1558 521 1611 divinam
546 1559 772 1629 gratiam
793 1555 1144 1612 commutabit.

247 1646 381 1714 Quin
412 1649 576 1703 etiam
606 1647 660 1702 in
682 1649 887 1704 vicinas
914 1648 1221 1719 provincias
1247 1648 1359 1704 suis
1380 1648 1574 1704 litteris
1599 1647 1795 1703 tamam
1816 1650 2033 1720 sparsit,
2067 1664 2241 1719 neque
2280 1649 2582 1720 apologiam
2612 1647 2968 1703 Orientalium
2998 1664 3028 1702 a
3056 1647 3289 1703 Nestorii
3336 1661 3463 1701 sen-

182 1738 341 1793 tentia
362 1737 675 1806 abhorrere,
707 1753 882 1809 neque
902 1737 1161 1810 Cyrillum
1190 1740 1244 1793 in
1270 1740 1495 1809 pristina
1524 1740 1782 1809 opinione
1812 1741 2105 1807 mansisse;
2129 1741 2225 1796 sed
2248 1741 2301 1795 in
2330 1741 2656 1797 contrariam
2689 1741 2867 1810 potius
2895 1741 3136 1806 venisse;
3173 1740 3335 1793 immo
3368 1752 3470 1793 no-

180 1844 295 1886 vam
332 1828 459 1884 ﬁdei
497 1832 890 1901 expositionem
930 1833 1217 1903 recepisse,
1248 1831 1463 1887 Nicmna
1501 1832 1775 1902 despecta.
1824 1832 1952 1889 Haec
1971 1841 2028 1889 et
2048 1833 2153 1889 alia
2172 1835 2433 1904 sparsisse
2454 1833 2855 1889 Theodoretum
2876 1840 3092 1889 constat
3112 1831 3275 1887 certis
3298 1846 3461 1900 argu-

180 1922 389 1989 mentis,
436 1924 537 1978 etsi
570 1939 765 1980 nomen
795 1924 962 1994 ipsius
1003 1925 1231 1980 tacuerit
1269 1923 1520 1996 Cyrillus,
1547 1924 1744 1980 Acacio
1784 1939 1847 1979 ea
1876 1925 1945 1980 de
1965 1939 2025 1980 re
2047 1926 2285 1981 monenti
2313 1925 2665 1997 respondens.
2698 1924 2882 1993 Neque
2908 1938 3039 1979 vero
3068 1929 3355 1977 contentus
3383 1921 3467 1976 his

181 2014 473 2071 mendaciis
492 2016 699 2072 vicinos
733 2024 989 2081 tentasse,
1020 2014 1543 2087 ConstantinOpolim
1573 2017 1765 2072 eadem
1793 2018 2024 2087 scripsit,
2059 2019 2225 2074 immo
2252 2027 2307 2074 et
2338 2019 2394 2073 in
2423 2017 2661 2088 Epirum,
2705 2024 2867 2086 atque
2897 2017 3081 2082 etiam,
3123 2024 3183 2071 ut
3210 2017 3378 2087 prius,
3412 2016 3467 2070 in

179 2105 385 2161 Italiam
433 2107 503 2162 ad
549 2107 936 2175 Ravennatem,
970 2107 1373 2177 Aquileiensem
1418 2116 1475 2163 et
1500 2108 1955 2165 Mediolanensem
1986 2111 2291 2181 episc0pos,
2324 2126 2445 2181 quae
2476 2119 2535 2165 ut
2572 2109 2842 2165 refelleret
2863 2107 3113 2181 Cyrillus,
3146 2118 3363 2165 coactus
3392 2114 3477 2163 est

180 2195 373 2252 Acacio
404 2197 459 2251 in
479 2194 895 2268 Cappadociam,
920 2198 1220 2269 etEulogio
1248 2200 1794 2272 Constantinopolim,
1819 2210 1875 2257 et
1906 2202 2118 2259 Donato
2159 2205 2214 2259 in
2243 2203 2464 2274 Epirum
2494 2211 2753 2269 veterem,
2786 2203 2995 2258 litteras
3023 2203 3257 2258 mittere.
3291 2202 3478 2271 Neque

180 2291 321 2345 enim
342 2307 411 2347 ea
440 2308 545 2363 pax
564 2293 811 2348 omnibus
840 2293 1066 2363 probata
1089 2294 1206 2360 fuit,
1240 2301 1351 2348 tum
1380 2292 1698 2360 Antiochiae,
1723 2294 2074 2350 dubitantibus
2112 2314 2177 2351 ea:
2212 2298 2567 2368 episcoporum
2586 2313 2797 2350 numero
2818 2295 2988 2348 adhuc
3010 2295 3287 2367 aliquibus,
3314 2293 3479 2348 verba

176 2390 302 2436 sunt
329 2381 588 2451 Liberati,
622 2382 816 2455 Cyrillo
837 2385 1233 2449 communicare,
1267 2383 1564 2454 putantibus
1592 2402 1707 2438 eum
1730 2401 1952 2453 errasse,
1983 2396 2033 2440 et
2060 2398 2237 2457 postea
2265 2389 2529 2441 veritatem
2559 2388 2845 2458 agnovisse,
2876 2396 2926 2440 et
2955 2385 3278 2456 culpantibus
3306 2383 3478 2439 Joan-

176 2491 314 2542 nem,
347 2494 441 2531 cur
477 2479 539 2532 ab
580 2496 639 2534 eo
665 2495 770 2533 non
808 2481 1075 2550 expetierit
1104 2477 1447 2549 capitulorum
1495 2480 1606 2548 ejus
1638 2478 2057 2545 damnationem;
2090 2490 2203 2534 tum
2229 2477 2719 2549 Constantinopoli,
2749 2479 2887 2533 unde
2915 2478 3124 2551 quidam
3153 2477 3217 2531 de
3255 2477 3476 2549 palatio,
3544 2462 3557 2475 ’

174 2571 355 2639 pergit
376 2569 681 2635 Liberatus,
705 2587 796 2639 per
816 2569 1096 2641 Eulogium
1116 2566 1467 2639 presbyterum
1495 2576 1544 2621 et
1584 2570 1983 2639 apocrisiarium
2010 2569 2384 2623 Alexandrina:
2431 2567 2679 2623 Ecclesia:
2708 2568 3040 2639 culpaverunt
3087 2566 3339 2638 Cyrillum
3387 2582 3481 2621 cur

173 2665 466 2734 susceperit
494 2662 557 2718 ab
590 2660 941 2717 Orientalibus
961 2662 1214 2733 episcOpis
1246 2660 1467 2714 duarum
1492 2663 1868 2732 confessionem
1890 2672 2214 2726 naturarum,
2242 2660 2379 2732 quod
2409 2658 2685 2715 Nestorius
2715 2659 2848 2713 dixit
2875 2666 2925 2712 et
2944 2658 3134 2713 docuit.

246 2755 596 2810 Alexandria:
620 2770 836 2825 quoque
864 2755 1107 2810 nonnulli
1132 2771 1243 2826 prae
1268 2754 1554 2825 imperitia,
1579 2762 1670 2808 aut
1698 2754 1859 2808 etiam
1879 2762 2103 2823 propter
2132 2752 2549 2824 improbitatem,
2581 2751 2984 2821 obstrepebant,
3019 2750 3174 2820 quasi
3205 2760 3298 2804 aut
3316 2748 3483 2804 Joan—

176 2864 275 2906 nes
297 2847 674 2904 Antiochenus
703 2848 818 2919 ipse
840 2863 949 2903 non
976 2848 1282 2917 scripsisset
1302 2855 1667 2903 consentanea
1688 2845 1843 2902 Pauli
1862 2846 2120 2910 sermoni,
2153 2852 2245 2899 aut
2264 2843 2493 2916 Cyrillus
2514 2844 2568 2897 in
2596 2842 2947 2899 Orientalium
2969 2850 3151 2912 partes
3172 2840 3335 2895 nimia
3357 2854 3485 2910 qua-

178 2940 306 2997 dam
338 2944 599 3015 οἰκονομίᾳ
627 2942 955 2997 inclinasset.
979 2939 1341 3007 Quamobrem
1370 2940 1425 2995 in
1446 2940 1693 3007 ecclesia,
1721 2939 1863 2995 facto
1892 2953 2162 3003 sermone,
2186 2935 2417 3009 Cyrillus
2440 2936 2601 3005 jussit
2628 2936 2807 3007 palam
2832 2943 3086 3004 utrasque
3107 2933 3313 2988 litteras
3334 2932 3485 3002 pacis

182 3029 429 3086 recitari.
461 3026 697 3101 Confessi
716 3040 857 3096 sunt,
882 3031 1073 3097 inquit,
1106 3030 1217 3085 Deo
1247 3032 1591 3085 amantissimi
1624 3032 1850 3102 episcopi
1888 3029 1959 3084 ibi
1989 3030 2253 3084 constituti
2282 3038 2475 3083 rectam
2504 3037 2554 3082 et
2580 3029 2691 3082 sine
2737 3029 3105 3100 profanatione
3143 3026 3318 3097 ﬁdem.
3355 3021 3485 3088 Quae

184 3132 359 3179 autem
387 3122 596 3191 scripsit
616 3120 684 3174 ad
702 3138 783 3176 me
810 3120 920 3175 Deo
941 3123 1328 3176 amantissimus
1349 3132 1399 3176 et
1428 3122 1881 3177 reverendissimus
1912 3124 2179 3193 episcopus
2202 3120 2493 3174 Antiochiae
2523 3119 2773 3184 Joannes,
2806 3135 2980 3191 quteve
3006 3134 3098 3188 ego
3130 3117 3199 3170 ad
3236 3133 3350 3169 eum
3398 3132 3483 3170 re-

187 3215 509 3286 scripserim,
539 3211 651 3269 Deo
683 3215 905 3286 favente,
928 3213 1169 3270 audietis.
1200 3213 1419 3285 lrrepsit
1445 3229 1598 3270 error
1626 3216 1887 3271 innotam
1908 3199 2185 3284 temporis,
2218 3228 2379 3283 quam
2399 3213 2603 3267 habent
2629 3212 2831 3281 vulgati
2859 3211 3103 3276 codices;
3129 3225 3305 3279 neque
3335 3208 3483 3265 enim

186 3306 274 3362 die
300 3306 568 3376 vigesimo
594 3314 791 3361 octavo
813 3303 1150 3371 Pharmuthi,
1183 3306 1279 3361 sed
1308 3305 1463 3378 Tybi,
1495 3305 1667 3361 factus
1695 3314 1778 3361 est
1802 3322 2002 3373 sermo,
2027 3306 2081 3360 id
2108 3313 2210 3372 est,
2241 3321 2350 3361 non
2380 3305 2638 3375 vigesimo
2667 3305 2828 3360 tertio
2858 3303 3073 3375 Aprilis,
3099 3303 3194 3359 sed
3213 3302 3477 3358 Januarii.

186 3393 321 3451 Nam
348 3395 628 3465 quomodo
653 3410 789 3467 pace
815 3395 1116 3466 composita
1143 3397 1242 3453 sub
1281 3396 1492 3451 initium
1518 3395 1780 3464 Januarii,
1807 3405 1901 3452 aut
1946 3398 2151 3453 tamdiu
2177 3396 2408 3470 Cyrillus
2455 3398 2726 3454 omisisset
2745 3395 2948 3453 referre
2977 3396 3044 3451 ad
3074 3397 3359 3467 populum;
3391 3402 3486 3452 aut

188 3485 439 3550 rationis,
470 3499 569 3541 cur
596 3484 802 3541 tamdiu
829 3484 996 3540 dilata
1025 3485 1097 3541 sit
1123 3485 1336 3553 relatio,
1369 3501 1479 3541 non
1509 3487 1883 3543 meminisset?

203 3599 212 3608 -
258 3576 361 3634 Ubi
392 3578 629 3649 primum
648 3593 757 3649 pax
782 3578 1083 3649 composita
1107 3587 1209 3645 est,
1240 3577 1474 3651 Cyrillus
1494 3586 1551 3635 et
1568 3578 1823 3646 Joannes,
1848 3579 1959 3635 suis
1986 3581 2181 3648 singuli
2207 3581 2402 3637 litteris
2430 3579 2500 3636 ad
2526 3594 2793 3636 summum
2827 3578 3138 3649 pontiﬁcem
3162 3577 3373 3632 Sixtum
3392 3593 3486 3634 reu-

190 3669 448 3725 tulerunt.
482 3671 701 3728 Litteris
719 3680 1083 3730 consentanea
1101 3681 1469 3744 exposuerunt
1494 3674 1659 3743 legati
1690 3674 1919 3731 Romam
1948 3676 2151 3731 reversi
2184 3677 2281 3732 sub
2310 3674 2472 3731 tinem
2495 3674 2714 3746 Aprilis.
2737 3672 2898 3729 Certe
2937 3673 3080 3745 apud
3108 3681 3352 3728 sanctum
3380 3670 3485 3727 Pe-

188 3771 349 3830 trum,
382 3771 442 3819 et
468 3764 661 3819 litterte
681 3766 735 3820 in
760 3781 1018 3825 consessu
1036 3766 1187 3822 lecta:
1216 3775 1360 3833 sunt,
1390 3774 1445 3823 et
1464 3767 1633 3822 auditi
1663 3768 1831 3838 legati
1862 3770 1930 3823 ab
1959 3770 2228 3839 episcopis
2267 3770 2359 3839 qui
2399 3768 2466 3824 ad
2495 3769 2637 3825 diem
2663 3768 2899 3823 natalem
2928 3766 3067 3822 Sixti
3095 3760 3484 3821 convenerant.

187 3853 237 3914 Is
254 3864 375 3913 erat
401 3856 523 3913 dies
551 3857 839 3927 vigesimus
858 3866 1040 3914 sextus
1066 3856 1287 3928 Aprilis.
1315 3856 1359 3912 0
1383 3860 1592 3924 relatio,
1617 3861 1791 3929 inquit
1817 3860 2062 3931 pontifex
2089 3861 2288 3933 (Epist.
2322 3862 2390 3915 ad
2411 3860 2572 3932 Cyril.
2594 3861 2635 3933 ),
2669 3860 2828 3932 digna
2856 3861 3103 3924 mittente,
3150 3859 3308 3929 digna
3355 3872 3483 3910 cen-

188 3952 373 4006 ventu!
395 3951 577 4023 gaudii
596 3951 809 4006 caelestis
823 3950 1079 4023 judicium
1101 3951 1225 4005 tales
1248 3951 1436 4007 habere
1456 3952 1629 4007 debuit
1658 3954 1981 4024 cognitores;
2003 3964 2052 4007 et
2074 3956 2193 4026 quia
2218 3970 2300 4008 res
2321 3962 2371 4007 et
2399 3968 2557 4006 causa
2578 3951 2826 4022 deposcit,
2850 3950 3017 4005 locum
3036 3965 3231 4020 quoque
3252 3948 3485 4000 convenit

189 4058 288 4097 non
311 4052 502 4095 tacere.
535 4041 618 4095 Ad
637 4042 838 4096 beatum
867 4043 1155 4113 apostolum
1176 4042 1391 4097 Petrum
1423 4044 1724 4114 fraternitas
1750 4044 1985 4097 universa
2008 4045 2260 4098 convenit.
2295 4042 2429 4097 Ecce
2462 4042 2777 4097 auditorium
2814 4055 3101 4111 congruens
3141 4038 3479 4104 auditoribus,

190 4135 495 4189 conveniens
518 4132 809 4188 audiendis.
832 4131 1138 4187 Habuerunt
1159 4134 1445 4205 coepiscopi
1460 4134 1622 4188 nostri
1642 4134 1789 4187 illum
1810 4135 2273 4204 congratulationis
2296 4142 2491 4198 testem,
2515 4148 2661 4203 quem
2682 4129 2925 4184 habemus
2948 4129 3157 4183 honoris
3178 4127 3476 4181 exordium.

192 4236 385 4281 sancta:
413 4243 637 4297 namque
664 4236 713 4281 et
740 4225 1018 4280 venerabili
1039 4227 1259 4297 synodo,
1283 4243 1438 4297 quam
1467 4227 1661 4280 natalis
1683 4227 1809 4279 mihi
1831 4226 1959 4291 dies,
1984 4229 2184 4297 favente
2217 4225 2462 4290 Domino,
2498 4231 2858 4296 congregarat,
2903 4223 3023 4294 quia
3061 4222 3135 4274 sic
3174 4219 3484 4273 credendum

192 4327 282 4385 est,
304 4320 421 4389 ipse
442 4316 703 4389 prwsedit,
735 4315 1143 4387 quandoquidem
1166 4315 1433 4387 probatur,
1458 4332 1550 4370 nec
1573 4318 1780 4387 spiritu,
1805 4333 1898 4369 nec
1919 4333 2132 4387 corpore
2155 4316 2396 4388 defuisse.
2422 4314 2605 4385 Adfuit
2639 4313 2845 4385 palmas,
2888 4312 2974 4383 qui
3020 4311 3332 4364 contentioni
3376 4324 3481 4363 non

194 4408 355 4480 defuit
377 4426 395 4464 :
420 4410 559 4482 juvit
580 4409 869 4462 animorum
889 4418 1005 4462 vota
1025 4418 1339 4472 nostrorum,
1363 4411 1450 4482 qui
1472 4409 1605 4463 videt
1622 4408 1852 4480 symbolo
1875 4411 2099 4479 primum
2119 4412 2254 4464 inter
2274 4409 2534 4481 apostolos
2559 4407 2749 4463 tradito
2770 4406 3009 4478 derogari
3032 4422 3049 4458 :
3073 4421 3175 4459 non
3200 4420 3382 4475 passus
3402 4412 3481 4456 est

192 4500 479 4572 nefandum
502 4508 655 4571 caput
678 4498 901 4570 gaudere
924 4499 1146 4566 solatiis,
1178 4516 1271 4553 nec
1296 4498 1493 4554 turbari
1513 4501 1602 4554 diu
1624 4502 1740 4554 sivit
1760 4500 2010 4555 lutulento
2040 4503 2239 4572 gurgite
2263 4503 2418 4573 fontis
2458 4501 2596 4555 illius
2626 4500 2881 4571 perspicui
2920 4499 3213 4569 puritatem.
3264 4497 3346 4550 Ad
3382 4512 3479 4550 nos

193 4595 376 4647 reversi
420 4596 633 4665 fratres,
675 4592 745 4645 ad
772 4609 886 4659 nos,
928 4593 1159 4665 inquam,
1203 4595 1287 4664 qui
1315 4592 1548 4647 morbum
1591 4596 1846 4648 communi
1866 4594 2036 4647 studio
2058 4603 2433 4665 persequentes,
2458 4594 2749 4647 animarum
2770 4592 3057 4646 curavimus
3077 4593 3370 4645 sanitatem.
3413 4588 3483 4643 Et

196 4683 337 4739 alibi.
364 4684 578 4737 Audiuit
604 4684 843 4737 universa
864 4685 1185 4755 fraternitas,
1218 4700 1333 4757 qua:
1353 4684 1421 4737 ad
1450 4685 1642 4739 natalis
1666 4687 1767 4740 mei
1790 4695 2094 4739 convenerat
2120 4686 2273 4751 diem,
2299 4692 2404 4741 etc.

261 4775 551 4831 Nestorius
580 4776 815 4841 interim,
846 4776 902 4830 in
941 4792 1039 4832 suo
1068 4792 1285 4833 secessu
1322 4778 1636 4832 monasterii
1665 4776 2012 4848 Euprepiani,
2058 4794 2164 4832 non
2194 4778 2476 4834 desinebat
2513 4777 2758 4844 turbare;
2796 4776 2893 4831 sed
2924 4791 3047 4831 cum
3074 4782 3215 4830 esset
3251 4773 3481 4844 superbe

194 4869 376 4934 miser,
411 4868 667 4934 audebat,
697 4868 991 4939 deploratis
1016 4870 1140 4925 licet
1167 4870 1329 4925 rebus
1349 4871 1477 4935 suis,
1503 4885 1722 4941 sperare
1750 4872 2032 4941 pristinam
2066 4871 2399 4939 dignitatem,
2433 4870 2661 4940 ideoque
2689 4869 2889 4924 coactis
2910 4868 3204 4922 amicorum
3225 4867 3475 4931 cmtibus,

193 4963 545 5032 collectisque
573 4962 885 5018 eorumdem
912 4978 1135 5019 munere
1164 4963 1375 5034 opibus,
1406 4964 1634 5033 parabat
1661 4963 1802 5017 unde
1830 4972 2013 5033 posset
2040 4963 2326 5033 aliquando
2347 4963 2612 5019 redimere
2632 4962 2882 5017 amissam
2908 4960 3202 5015 aulicorum
3229 4959 3475 5026 gratiam,

195 5054 355 5117 atque
383 5055 462 5109 ita
482 5054 739 5125 pergebat
766 5052 1011 5108 haeresim
1032 5054 1234 5121 fovere,
1258 5055 1475 5123 suisque
1496 5055 1548 5108 in
1571 5055 1812 5125 partibus
1833 5056 2067 5111 retinere
2093 5056 2382 5126 provinciae
2411 5056 2712 5126 episcopos,
2743 5040 3075 5123 clericosque
3104 5052 3284 5123 plures
3310 5070 3321 5104 :
3347 5051 3477 5120 quin

195 5150 251 5195 et
272 5140 603 5196 conciliabat
621 5146 725 5202 sibi
750 5161 858 5201 non
877 5160 1098 5217 paucos,
1131 5153 1186 5201 et
1213 5161 1308 5202 eos
1335 5146 1588 5211 maxime,
1612 5161 1749 5215 quos
1771 5146 1859 5201 vel
1886 5145 2071 5218 Cyrilli
2094 5148 2295 5213 odium,
2327 5148 2413 5203 vel
2440 5146 2641 5202 invidia
2663 5146 2717 5200 in
2744 5144 3026 5213 Joannem,
3050 5145 3137 5200 vel
3164 5145 3312 5215 pacis
3333 5144 3477 5198 inita:

195 5234 415 5289 taedium
444 5232 656 5287 urebat.

262 5324 385 5380 ³³111
412 5331 664 5394 quartum
703 5322 814 5378 fere
845 5337 1044 5377 annum
1070 5334 1344 5391 θιθεθιιαι,
1374 5330 1509 5381 nihil
1541 5332 1819 5388 remittens
1849 5334 2025 5403 impiae
2052 5332 2425 5389 sollicitudinis
2454 5332 2506 5386 in
2537 5332 2877 5402 procurando
2906 5331 3142 5399 negotio,
3166 5345 3288 5386 cum
3306 5329 3475 5385 Joan-

194 5432 289 5475 nes
314 5424 583 5489 pertmsus
611 5415 886 5469 turbarum
915 5415 1108 5483 quibus
1134 5416 1463 5485 provinciam
1491 5434 1641 5474 suam
1668 5422 1836 5478 scindi
1860 5424 2102 5489 videbat,
2136 5425 2544 5493 indignatusque
2571 5438 2667 5478 sua
2696 5424 2899 5478 monita
2930 5424 3279 5494 pertinaciter
3308 5439 3337 5477 a
3372 5422 3478 5477 Νε-

192 5511 363 5566 sterio
392 5507 690 5573 contemni,
716 5514 877 5576 atque
898 5507 1080 5575 etiam,
1106 5517 1164 5563 ut
1191 5510 1343 5565 multi
1373 5513 1611 5578 tradunt,
1644 5516 1903 5590 impulsus
1929 5519 2106 5574 studio
2128 5518 2269 5584 ﬁdei,
2298 5534 2459 5588 quam
2488 5520 2599 5590 peti
2628 5519 2846 5575 tandem
2876 5530 3185 5588 agnoverat,
3212 5530 3476 5574 conversa

190 5610 380 5660 vetere
410 5599 648 5655 amicitia
685 5597 918 5654 Nestorii
945 5599 999 5654 in
1022 5599 1221 5670 justam
1249 5605 1397 5674 pacis
1424 5605 1654 5676 tidetque
1682 5588 1962 5676 ultionem,
2001 5611 2157 5681 petiit
2187 5612 2255 5666 ab
2284 5588 2629 5681 imperatore,
2668 5612 2857 5684 procul
2895 5613 3171 5669 amandari
3208 5612 3477 5667 malorum

193 5702 631 5846 auctoremimec
658 5690 1073 5850 aegre
1099 5696 1374 5755 annitente
1406 5697 1620 5769 Proclo,
1657 5702 1750 5772 qui
1777 5702 2103 5763 Maximiano
2131 5712 2464 5782 successerat
2490 5705 2546 5765 in
2573 5706 2758 5766 sedem
2791 5705 3475 5780 Constantinopolitanam.

536 5800 758 5845 A'rnOL.
1077 5827 1097 5850 .
3116 5798 3195 5850 ρὰ.

536 5800 758 5845 Αγιιοι..
804 5798 915 5847 tu.
929 5798 963 5845 ν
979 5798 1097 5851 ιιι.
3116 5798 3195 5862 2's
