3960 6272
520 254 622 316 ΊΠ
1052 247 1422 316 ΡΒᾸΕΑΤΙΟ
1458 247 1524 314 IN
1563 245 1935 311 SECUNDAII
1973 244 2252 308 PARTEM
2290 242 2571 304 OPEBIJII
2607 241 2805 304 IARII
2842 239 3297 301 HERCA'I‘ORIS.
3647 249 3733 308 uc

585 368 989 442 Deportatiopis
1017 368 1252 436 edictum
1279 367 1508 435 habetur
1529 366 1582 430 in
1614 365 1799 435 quinta
1829 371 1980 434 parte
2012 362 2226 423 concilii
2253 361 2532 434 Ephesini,
2563 361 2737 432 capite
2766 358 2836 417 ιε
2861 356 3113 417 editionis
3133 353 3404 421 Peltanat;
3429 354 3570 412 deest
3592 357 3640 414 in
3662 358 3734 414 Bi-

511 467 674 530 niana
702 471 758 518 et
780 462 945 532 regia,
987 459 1219 528 refertur
1247 474 1278 524 a
1307 458 1540 524 Beronio
1561 456 1628 520 ad
1657 471 1855 518 annum
1895 453 2019 519 456,
2043 461 2192 512 caret
2219 469 2349 512 vero
2379 452 2637 523 temporis
2669 459 2797 512 nota
2824 469 2835 504 :
2861 449 3002 506 unde
3022 447 3225 504 factum
3258 454 3316 506 ut
3345 445 3606 511 Baronius,
3635 465 3735 506 cum

511 559 566 613 in
598 556 946 626 inscriptione
976 553 1118 625 apud
1148 553 1428 608 Peltanum
1456 552 1689 620 legisset,
1718 549 2098 621 Antigraphum
2125 548 2314 612 decreti
2342 548 2663 619 imperatorii
2686 545 2756 600 ad
2785 544 3046 602 Isidor-um
3073 543 3307 614 pratorii
3335 541 3614 612 rarefactum
3637 559 3737 597 con-

509 650 788 720 sulemque,
821 642 882 700 dé
910 646 1091 700 exsilio
1124 643 1355 700 Nestorii
1383 645 1613 710 missum,
1654 642 1722 697 ad
1749 658 1871 697 eum
1911 657 2108 696 annum
2137 642 2382 696 retulerit
2414 657 2520 710 quo
2566 640 2798 696 Isidorus
2831 638 3165 694 consulatum
3208 635 3393 703 gessit.
3431 633 3614 688 Verum
3637 651 3735 691 cum

511 741 791 796 Nestor-ius
812 748 1042 809 quatuor
1063 746 1269 792 tantum
1299 752 1469 791 annos
1498 736 1551 790 in
1581 735 1909 790 monasterio
1929 733 2184 804 Euprepii
2213 742 2337 789 ante
2367 733 2615 788 exsilium
2637 731 2827 800 egerit,
2859 745 3086 799 cumque
3105 729 3266 796 longe
3297 724 3736 797 probabilissimum

509 835 598 898 sit,
625 850 732 888 non
761 833 907 902 prius
935 831 1133 896 editam
1156 829 1488 893 sanctionem
1508 827 1576 888 de
1597 825 1976 886 comburendis
2004 824 2234 882 Nestorii
2263 824 2435 890 libris,
2465 839 2629 893 quam
2655 823 2724 878 de
2750 821 2998 878 Nestorio
3019 818 3379 892 deportando,
3411 816 3626 878 edictuin
3648 831 3736 886 quo

514 926 583 982 de
619 926 793 992 agitur
822 925 1090 994 pertinere
1119 930 1335 993 oportet
1357 921 1424 984 ad
1455 919 1667 976 initium
1695 918 1823 974 anni
1851 915 1974 987 455,
2007 916 2268 985 siquidem
2292 917 2518 974 alterum
2557 916 2624 972 de
2651 914 3029 971 comburendis
3059 913 3209 969 libris
3232 911 3567 979 consignatur
3589 913 3639 968 in
3663 930 3739 971 co-

509 1018 628 1074 dice
679 1015 1056 1079 Theodosiano
1099 1030 1158 1081 ιιι
1205 1030 1378 1070 nonas
1418 1013 1673 1082 Augusti;
1717 1012 1772 1072 in
1815 1010 2161 1072 Justinianaeo
2194 1026 2251 1067 ιιι
2289 1009 2394 1070 kal.
2443 1007 2703 1080 Augusti,
2753 1006 3057 1064 Theodosio
3097 1021 3167 1062 xv
3213 1013 3270 1062 et
3306 1003 3661 1062 Valentiniano
3697 1023 3739 1065 ιν

510 1108 622 1164 ΔΑ.
665 1104 768 1160 CC.
1171 1108 1174 1111 ’

577 1201 870 1270 Deportato
899 1199 953 1258 in
981 1196 1162 1262 Oasim
1197 1197 1465 1264 Nestorio,
1489 1196 1710 1266 ejusque
1739 1196 1890 1252 libris
1916 1196 2038 1264 igne
2059 1195 2345 1259 damnatis,
2379 1201 2722 1250 tentaverunt
2753 1193 3121 1258 nihilominus,
3143 1191 3234 1262 qui
3260 1191 3510 1248 heretico
3537 1193 3740 1250 adhere-

505 1291 655 1356 bant,
689 1290 922 1356 efﬁcere,
956 1290 1002 1345 si
1029 1305 1134 1360 qua
1163 1290 1370 1352 ratione
1409 1295 1647 1358 possent,
1681 1297 1740 1342 ut
1765 1286 2014 1357 injuriam
2050 1302 2239 1357 passus
2276 1286 2554 1342 Nestorius
2588 1285 2916 1352 crederetur,
2949 1293 3006 1341 et
3034 1285 3294 1341 librorum
3313 1284 3521 1354 jactura
3548 1287 3740 1344 sarcire-

506 1389 594 1437 tur
627 1402 636 1434 :
671 1400 792 1438 cum
821 1383 965 1440 enim
1001 1397 1067 1439 eo
1100 1382 1186 1438 vel
1217 1382 1391 1447 unico,
1422 1381 1508 1436 vel
1535 1381 1809 1451 praecipuo
1844 1381 2020 1450 capite
2049 1380 2332 1435 damnatus
2369 1387 2530 1444 esset,
2556 1378 2702 1448 quod
2729 1394 2866 1434 nova
2895 1378 2964 1434 de
2993 1376 3364 1433 incarnatione
3393 1377 3566 1443 Verbi,
3596 1377 3742 1435 Patri-

504 1474 724 1550 busquo
755 1476 1025 1537 contraria
1063 1475 1304 1540 doceret,
1337 1473 1555 1537 Diodori
1587 1473 1866 1531 Tarsensis
1901 1481 1956 1528 et
1991 1472 2260 1532 Theodori
2290 1469 2672 1540 Mopsuesteni,
2697 1471 2934 1525 virorum
2967 1467 3108 1524 fama
3147 1468 3463 1531 celebrium,
3487 1477 3538 1523 et
3563 1468 3611 1524 in
3636 1484 3743 1539 pace

505 1567 898 1634 defunctorum,
931 1568 1096 1621 libros
1129 1574 1458 1635 sparserunt,
1485 1573 1578 1620 aut
1611 1573 1757 1620 certe
1788 1566 2118 1620 collectanea
2158 1564 2379 1631 singulis
2414 1562 2598 1634 Cyrilli
2630 1563 2879 1633 capitulis
2907 1563 3310 1634 respondentia,
3347 1562 3744 1632 Nestorianisque

505 1679 764 1729 consona,
798 1677 986 1731 eaque,
1010 1669 1069 1716 ut
1089 1661 1157 1716 ab
1189 1660 1433 1722 omnibus
1465 1659 1570 1729 legi
1598 1667 1838 1729 possent,
1862 1659 1914 1714 in
1942 1659 2114 1728 ipsam
2135 1672 2349 1727 quoque
2377 1655 2636 1729 Syrorum
2675 1657 3134 1726 Armenorumque
3158 1666 3212 1712 et
3240 1655 3522 1712 Persarum
3548 1658 3744 1726 linguam

504 1762 799 1814 verterunt.
844 1752 956 1808 Hac
990 1760 1170 1814 autem
1199 1759 1316 1807 arte
1338 1750 1417 1812 usi
1452 1759 1596 1814 sunt,
1626 1758 1686 1806 ut
1714 1750 1903 1820 procul
1937 1767 1967 1806 a
2000 1749 2187 1819 primis
2216 1748 2434 1804 sedibus
2464 1749 2738 1817 negotium
2764 1755 3014 1816 ageretur
3053 1747 3308 1817 primum,
3333 1763 3404 1803 ne
3439 1747 3585 1803 facile
3610 1749 3746 1803 interb

504 1849 645 1904 verti
676 1855 886 1917 posset;
920 1856 1031 1908 tum
1065 1846 1322 1916 paulatim
1350 1845 1493 1912 inde,
1526 1860 1650 1900 cum
1677 1844 1930 1912 dogmata
1958 1842 2129 1900 videri
2157 1851 2384 1914 possent
2412 1842 2752 1898 multitudine
2786 1840 3008 1909 ﬁrmari,
3040 1841 3106 1896 ad
3134 1841 3368 1910 majores
3403 1841 3653 1897 Ecclesias
3675 1857 3746 1896 su-

499 1941 835 2010 breperetur.
872 1938 1037 2000 Erant
1065 1953 1192 1993 vero
1229 1937 1388 2007 hujus
1413 1937 1626 1994 consilii
1661 1944 1908 1995 auctores
1937 1935 2044 1991 duo
2074 1937 2346 2007 praecipui,
2372 1935 2743 1990 Theodoretus
2774 1943 2830 1990 et
2855 1935 2994 2002 Ibas,
3038 1935 3299 1990 societate
3327 1936 3613 1990 studiorum
3639 1950 3747 1990 con-

499 2029 854 2099 iunctissimi,
899 2036 956 2084 et
1002 2028 1244 2084 doctrina
1287 2028 1523 2094 nobiles;
1571 2027 1662 2084 ille
1701 2026 2003 2097 episcopus,
2063 2027 2166 2085 iste
2203 2027 2375 2083 adhuc
2417 2029 2733 2099 presbyter;
2777 2033 3004 2097 uter-que
3043 2027 3245 2097 pariter
3284 2027 3487 2100 Cyrillo
3527 2027 3744 2084 infensus.

499 2119 874 2182 Theodoretus
911 2120 1196 2189 episcopus
1229 2119 1515 2180 Phoenicia:
1552 2119 1925 2190 pervertendis
1958 2119 2229 2184 studebat,
2259 2119 2379 2176 Ibas
2404 2119 2554 2176 libris
2585 2120 2640 2175 in
2669 2121 3006 2191 peregrinam
3031 2120 3266 2190 linguam
3293 2120 3587 2188 vertendis;
3611 2121 3746 2177 ambo

502 2211 785 2270 turbanda:
813 2211 1178 2272 Ecclesiarum
1209 2210 1350 2281 paci.

583 2307 811 2362 Aeacius
837 2305 1102 2368 Meliteno:
1131 2313 1186 2360 et
1225 2304 1460 2368 Rabulas
1489 2303 1705 2367 Edessa:
1735 2303 1971 2374 episcopi
1992 2304 2256 2361 Armenes
2284 2303 2486 2374 scripto
2506 2313 2830 2360 monuerunt
2856 2305 2923 2360 de
2950 2306 3189 2362 cavendo
3222 2306 3442 2362 haeresis
3461 2305 3752 2362 Nestoriame

497 2409 730 2463 veneno,
756 2397 900 2466 quod
928 2396 1030 2458 sibi
1058 2395 1402 2466 propinatum
1431 2396 1769 2464 accepissent
1793 2395 2068 2454 Theodori
2105 2395 2276 2452 libris.
2310 2395 2583 2451 Admoniti
2612 2397 2686 2450 illi
2714 2407 3101 2463 convenerunt,
3138 2407 3193 2454 et
3221 2414 3288 2457 ex
3326 2400 3535 2471 synodo
3563 2401 3747 2471 presby-

500 2493 650 2552 teros
678 2487 830 2552 duos,
857 2485 1144 2552 Leontium
1165 2495 1220 2541 et
1248 2487 1504 2542 Abel-ium
1529 2485 2055 2557 Constantinopolim
2076 2487 2144 2546 ad
2165 2488 2411 2545 Proclum
2440 2489 2718 2556 miserunt,
2745 2505 2864 2548 cum
2895 2491 3088 2547 libellis
3108 2500 3162 2547 et
3190 2492 3464 2549 Theodori
3493 2494 3750 2559 volumine,

497 2578 682 2636 doceri
719 2589 1033 2650 expetentes
1061 2594 1184 2650 quas
1222 2579 1464 2636 doctrina
1493 2580 1702 2645 melior,
1736 2579 2008 2638 Theodori
2037 2597 2105 2636 an
2139 2581 2340 2650 Acacii,
2368 2589 2531 2650 atque
2559 2581 2778 2638 Rabulte
2812 2602 2824 2637 :
2858 2584 3100 2640 fecerant
3132 2587 3276 2642 enim
3301 2587 3436 2657 ipsis
3456 2588 3659 2643 dubium
3681 2586 3755 2642 Ci-

498 2666 638 2724 liciae
678 2671 940 2740 episcopi,
971 2669 1227 2735 Acacium
1262 2677 1318 2725 et
1343 2669 1606 2726 Rabulam
1645 2671 1843 2727 invidia
1871 2670 2149 2741 scripsisse
2173 2673 2396 2728 causati.
2428 2671 2649 2729 Proclus
2687 2690 2747 2728 re
2785 2674 3068 2745 diligenter
3095 2678 3424 2743 examinata,
3469 2679 3608 2734 misit
3635 2679 3755 2734 cele-

495 2761 650 2820 brem
679 2764 744 2820 ad
766 2763 1027 2820 Armenes
1047 2763 1116 2824 de
1144 2764 1514 2820 incarnatione
1533 2764 1836 2834 epistolam,
1867 2780 2030 2834 quam
2051 2772 2107 2820 et
2127 2764 2322 2822 Joanni
2347 2765 2682 2831 Antiocheno
2709 2768 3041 2838 probandam
3075 2769 3302 2835 direxit;
3335 2771 3389 2825 in
3421 2787 3484 2826 ea
3513 2787 3649 2835 vero,
3671 2764 3755 2824 etsi

505 2849 782 2916 Theodori
811 2854 1084 2922 dogmata,
1115 2868 1235 2923 quae
1264 2863 1319 2910 et
1345 2855 1550 2919 retulit,
1583 2863 1696 2912 tum
1721 2870 1822 2925 per
1841 2871 1900 2912 se
1928 2856 2246 2920 rationibus,
2272 2865 2386 2912 tum
2412 2857 2707 2927 subjunctis
2735 2858 2952 2916 Patrum
2974 2863 3297 2918 testimoniis
3326 2865 3542 2933 egregie
3577 2861 3758 2918 refello-

497 2945 592 3011 rit,
618 2945 904 3008 tacendum
930 2953 1108 3006 tamen
1131 2945 1403 3008 Theodori
1433 2963 1627 3007 nomen
1649 2949 1876 3018 putavit,
1903 2957 2123 3018 propter
2142 2947 2340 3004 famam
2358 2949 2458 3006 viri
2485 2950 2702 3006 Oriente
2736 2959 2852 3007 toto
2878 2953 3124 3012 celebris.
3154 2955 3329 3024 Atque
3358 2957 3486 3020 hinc
3505 2962 3629 3008 ortae
3656 2965 3759 3020 gra-

497 3053 596 3096 ves
625 3038 815 3108 turbae,
856 3039 1135 3103 monachis
1164 3054 1232 3102 ex
1275 3039 1528 3098 Armenia
1559 3041 1613 3096 in
1648 3039 1921 3098 Orientem
1949 3040 2264 3107 ferentibus,
2308 3041 2474 3096 immo
2502 3050 2559 3097 et
2596 3043 2650 3097 in
2675 3043 2863 3099 urbem
2892 3046 3115 3112 regiam,
3149 3054 3408 3114 excerpta
3453 3045 3682 3114 quasdam
3705 3058 3760 3097 ex

493 3128 647 3188 libris
669 3129 960 3197 Theodori,
983 3145 1122 3199 quae,
1154 3131 1200 3186 si
1223 3130 1345 3200 jure
1373 3130 1657 3192 damnatus
1685 3140 1829 3187 esset
1847 3130 2143 3197 Nestorius,
2176 3147 2283 3188 non
2304 3145 2465 3202 posse
2485 3146 2702 3202 quoque
2728 3148 2848 3189 cum
2878 3149 2976 3188 suo
3006 3118 3228 3190 auctore
3251 3151 3355 3190 non
3386 3135 3627 3190 damnari
3651 3148 3761 3188 con-

493 3224 799 3289 tenderent.
833 3223 970 3281 Hinc
1003 3233 1058 3286 et
1083 3225 1310 3296 quaestio
1339 3224 1408 3280 de
1444 3225 1659 3281 nomine
1683 3223 1952 3280 Theodori
1985 3225 2277 3284 commovit
2302 3225 2589 3284 Ecclesias.
2615 3226 2820 3283 Dicitur
2846 3227 2989 3283 enim
3018 3226 3250 3300 Cyrillus
3275 3231 3558 3300 scripsisse
3584 3237 3685 3285 tres
3707 3227 3762 3281 ll-

492 3315 621 3374 bros
651 3316 705 3372 in
727 3315 1091 3381 Theodorum,
1123 3332 1288 3374 unum
1317 3317 1370 3372 in
1390 3316 1702 3382 Diodorum,
1735 3317 1930 3388 quibus
1964 3317 2279 3374 nominatim
2308 3319 2586 3390 utriusque
2619 3319 2762 3375 dicta
2788 3319 3015 3376 referret
3048 3329 3212 3392 atque
3241 3324 3592 3379 convelleret.
3618 3320 3760 3376 Joan-

493 3425 594 3474 nes
622 3409 994 3472 Antiochenus
1023 3412 1201 3479 coegit
1220 3410 1504 3482 synodum,
1535 3427 1602 3469 ex
1623 3427 1728 3480 qua
1750 3418 1861 3468 tres
1881 3412 2140 3482 epistolas
2167 3412 2335 3480 dedit,
2359 3415 2554 3483 quibus
2582 3413 2923 3470 Theodorum
2963 3414 3295 3471 defenderet.
3323 3415 3551 3472 Proclus
3577 3416 3627 3470 in
3653 3429 3736 3468 seu

495 3503 667 3560 tentia
692 3505 945 3574 perstitit,
969 3519 1138 3573 eaque
1169 3505 1399 3560 scintilla
1427 3504 1595 3560 videri
1623 3505 1800 3575 potuit
1828 3513 1956 3561 tunc
1977 3507 2236 3576 temporis
2257 3508 2452 3578 sopita,
2487 3509 2658 3564 tribus
2686 3522 3001 3576 magnarum
3031 3508 3239 3564 sedium
3263 3509 3554 3581 episcopis,
3587 3505 3752 3579 Cyrillr

493 3593 704 3656 Joanne
733 3613 798 3653 ac
825 3595 1037 3663 Proclo,
1068 3613 1178 3654 non
1206 3597 1282 3652 ita
1302 3606 1426 3668 post
1449 3597 1558 3653 vita
1578 3595 1793 3664 functis,
1819 3596 1994 3654 donec
2013 3597 2231 3654 tandem
2259 3601 2438 3670 erupit
2457 3601 2511 3656 in
2541 3599 2866 3669 incendium,
2897 3602 2986 3658 cui
3007 3602 3393 3672 restinguendo
3422 3619 3522 3675 par
3544 3601 3637 3658 fuit
3666 3598 3762 3654 sola

491 3692 681 3759 quinta
711 3689 965 3762 synodus,
990 3689 1281 3757 Theodori,
1317 3690 1424 3747 Iba:
1460 3697 1516 3745 et
1541 3688 1868 3745 Theodoreti
1896 3690 2204 3747 nominibus
2225 3693 2568 3749 anathemate
2593 3693 2875 3764 perculsis.

563 3780 828 3841 Nonnulla
857 3782 1126 3853 excerpsit
1152 3781 1420 3843 Mercator
1449 3796 1517 3838 ex
1556 3779 1826 3836 Theodori
1857 3781 2006 3838 libris
2044 3781 2112 3837 de
2151 3781 2548 3852 incarnatione,
2583 3785 2880 3855 Latinoque
2907 3785 3046 3841 facta
3076 3786 3190 3841 suis
3227 3784 3499 3856 Operibus
3541 3781 3762 3840 inseruit.

490 3867 626 3927 Eam
649 3871 718 3926 ob
744 3885 860 3928 rem
884 3871 1123 3934 historia:
1143 3870 1368 3940 hujusce
1392 3869 1653 3934 memoria
1682 3869 1866 3926 habita
1893 3877 2012 3924 est:
2037 3869 2223 3939 quidni
2253 3873 2396 3928 enim
2425 3881 2481 3929 et
2501 3881 2629 3930 tunc
2657 3873 2900 3930 laborem
2920 3875 3063 3930 hunc
3087 3875 3322 3945 suscepit
3352 3874 3639 3937 Mercator,
3663 3886 3767 3926 cum

491 3965 581 4024 vel
609 3980 641 4024 a
669 3963 861 4020 Proclo
891 3971 1087 4030 totum.
1119 3965 1233 4024 sive
1261 3963 1488 4034 epistola
1513 3962 1815 4032 dogmatica
1843 3963 2194 4032 scriberetur,
2224 3966 2313 4022 vel
2340 3968 2594 4024 monachi
2631 3967 2870 4024 Armenii
2899 3976 3088 4039 postea
3115 3967 3644 4041 ConstantinOpolim
3670 3964 3768 4020 suis

493 4059 730 4130 querelis
757 4057 1064 4128 implerent.

563 4152 890 4222 Deportatus
917 4150 1078 4218 igitur
1105 4150 1160 4206 in
1198 4148 1380 4206 Dasim
1417 4149 1611 4219 impius
1637 4147 1840 4204 Christi
1878 4148 2067 4216 hostis,
2097 4149 2310 4218 longam
2352 4152 2566 4224 scripsit
2608 4168 2675 4208 eo
2703 4153 2809 4216 loci
2846 4153 3186 4210 miseriarum
3226 4169 3447 4210 suarum
3480 4152 3760 4210 historiam.

491 4245 813 4315 saepiusque,
845 4251 1067 4313 propter
1104 4243 1460 4311 barbarorum
1487 4241 1838 4306 incursiones,
1871 4241 2261 4298 habitationem
2305 4251 2517 4301 mutare
2557 4253 2796 4312 coactus,
2828 4245 2986 4302 malis
3020 4245 3235 4301 tandem
3276 4245 3560 4305 confectus
3599 4249 3692 4306 est,
3722 4244 3770 4292 et

493 4337 768 4394 vermibus
795 4334 1166 4392 detestabilem
1199 4335 1434 4404 linguam
1462 4334 1719 4405 depastis,
1754 4333 2039 4389 infeliciter
2067 4336 2227 4406 periit
2257 4336 2356 4409 (a).

569 4510 647 4592 (α)
672 4509 750 4564 Ex
770 4509 880 4592 hac
906 4508 1218 4592 praefatione
1239 4516 1486 4592 apertum
1494 4515 1582 4592 est
1597 4507 2082 4592 'guammultade-
2111 4513 2162 4572 Α
2186 4511 2403 4592 quidem
2441 4512 2613 4592 prima
2657 4526 2799 4592 pars
2819 4525 2940 4580 quae
2967 4526 2998 4592 ιι
3025 4510 3130 4565 ﬁne
3158 4510 3284 4592 anni
3318 4508 3525 4592 Hﬂad
3549 4507 3767 4592 Novem-

492 4575 602 4654 gin‘t
631 4575 683 4636 in
720 4575 1045 4654 editiotiibus
1089 4575 1315 4654 vulgatis
1354 4575 1847 4654 concilii_Ephesini
1867 4618 1880 4642 ,
1914 4578 2076 4632 etiam
2186 4575 2340 4637 brem
2361 4575 2488 4654 anni
2511 4582 2612 4653 450
2640 4575 2853 4654 scripta:
2868 4589 3000 4654 sunt
3027 4581 3483 4654 comprehendet;
3506 4575 3769 4654 secunda.

493 4649 771 4716 Romana,
801 4650 1080 4723 regiaque,
1106 4649 1278 4723 _imm0
1307 4656 1363 4703 θῑ
1387 4649 1719 4723 !'_¢cenli0re_.
1753 4663 1874 4702 cum
1899 4663 1964 4702 ea
1993 4657 2075 4702 ta-
2188 4668 2308 4723 qure
2338 4653 2405 4708 ab
2454 4655 2558 4708 hoc
2592 4648 2792 4707 'mens'c
2836 4651 3137 4723 Novembri
3152 4648 3238 4723 'ad
3273 4651 3419 4723 diem
3467 4648 3771 4719 vigesimum

491 4737 617 4777 men
647 4738 753 4776 non
795 4720 972 4774 minus
1011 4719 1078 4774 ad
1106 4720 1211 4791 hoc
1250 4718 1536 4791 concilium
1564 4719 1887 4791 pertineant,
1915 4727 2077 4786 atque
2187 4718 2482 4778 secundum
2503 4723 2646 4777 Junii
2678 4724 2801 4776 anni
2830 4721 2952 4786 451,
2979 4737 3086 4791 quo
3110 4721 3196 4776 die
3227 4721 3484 4777 inchoata
3509 4718 3593 4775 est
3617 4731 3768 4791 syno-

491 4793 657 4848 etiam
698 4791 868 4860 magis
915 4790 1218 4850 necessaria
1261 4789 1384 4854 sint,
1431 4803 1594 4858 quam
1643 4803 1764 4858 quae
1791 4789 2074 4844 habentur.

491 4861 954 4934 Apertumetiam
994 4874 1153 4932 quam
1196 4860 1508 4934 perturbate
1537 4860 1870 4934 collocentur
1898 4860 2078 4914 omnia

489 4929 603 5002 {ire
633 4934 684 4987 in
716 4929 1037 4986 editionibus
1077 4929 1341 5002 praefatis,
1395 4937 1449 4985 et
1492 4945 1598 5000 qua
1630 4931 1847 5002 ratione
1868 4937 2079 5000 pertur-

488 4999 638 5057 batio
681 5002 798 5058 tolli
840 5001 1040 5073 possit,
1078 4999 1388 5070 cunctaque
1431 4999 1586 5055 suum
1627 5001 1680 5054 in
1721 4999 1966 5055 ordinem
1995 5015 2081 5055 re-

489 5073 661 5130 stitui.

562 5143 785 5199 Videtur
811 5157 940 5213 ergo
979 5149 1152 5197 totum
1182 5157 1317 5213 opus
1343 5141 1588 5204 distribui
1617 5140 1816 5194 debere
1843 5148 2079 5213 quatuor

489 5212 546 5269 in
574 5222 756 5285 partes
774 5256 787 5280 ,
835 5209 1060 5285 quarum
1089 5209 1287 5285 prima,
1327 5226 1458 5285 quae
1484 5209 1908 5285 _antecesser_uli_t
1937 5209 2076 5263 indi-

491 5280 729 5338 ctionem
757 5280 990 5348 concilii,
1012 5280 1235 5351 ejusque
1254 5281 1522 5337 indicendi
1543 5295 1760 5339 causam
1789 5280 2070 5351 dederunt;

489 5354 743 5418 secunda,
772 5369 892 5424 qua:
918 5354 986 5408 ab
1020 5350 1310 5424 indictione
1346 5351 1414 5406 ad
1444 5352 1673 5420 primam
1699 5364 1872 5424 usque
1900 5350 2071 5404 actio-

490 5436 618 5478 nem
658 5420 992 5489 acciderunt;
1035 5423 1220 5487 tertia,
1261 5437 1382 5491 quae
1421 5430 1535 5478 toto
1559 5420 1773 5476 concilii
1808 5427 2069 5491 tempore;

488 5502 783 5564 postrema,
810 5509 928 5564 qum
959 5487 1245 5548 consecuta
1270 5487 1429 5564 sunt,
1442 5491 1521 5564 ad
1551 5506 1739 5564 pacem
1763 5487 1934 5559 usque
1973 5487 2076 5544 Ec-

490 5561 776 5633 clesiarum
801 5561 1384 5633 fdeportationemque
1411 5561 1642 5633 Nestorii
1667 5600 1681 5625 ,
1724 5569 1885 5629 atque
1926 5567 2075 5614 ortas

488 5631 547 5690 in
577 5634 826 5689 Armenia
859 5631 1067 5699 turbas,
1100 5631 1510 5704 complectatur.
1535 5631 1685 5704 _0pus
1713 5633 1873 5700 igitur
1901 5637 2074 5704 totum

489 5706 770 5782 continere
806 5705 965 5762 debet
1001 5700 1276 5778 negotium
1310 5703 1499 5760 decem
1523 5700 1638 5762 fere
1663 5716 1966 5774 annorum:
1996 5700 2074 5766 si-
2128 5770 2132 5774 ι

2187 4793 2318 4859 dus;
2350 4796 2508 4849 tertia
2533 4837 2547 4857 ,
2594 4809 2714 4863 quae
2756 4789 3482 4863 quatuor’consequentibus
3507 4789 3773 4863 mensibus

2187 4864 2355 4920 habiti
2375 4866 2586 4922 concilii
2601 4861 2628 4932 ξ
2646 4861 2858 4934 quarta,
2882 4879 3002 4934 qua:
3022 4879 3052 4918 a
3081 4861 3344 4934 ίὶιιθςειιιηὶ
3371 4861 3476 4925 451
3505 4861 3578 4934 ad
3605 4861 3769 4934 ipsum

2186 4950 2325 5006 pene
2371 4951 2570 4990 annum
2603 4929 2719 4989 ’437
2767 4944 2858 4989 aut
2899 4929 3066 5006 etiam
3113 4932 3236 4999 458.
3288 4933 3419 5002 Quae
3487 4929 3682 5002 desunt
3723 4929 3773 4985 in

2188 5005 2514 5062 editionibus
2540 5007 2791 5078 vulgatis,
2823 5005 3092 5060 asteriscis
3114 5011 3386 5059 notantur.

2424 5140 2641 5200 PRIMA
2667 5139 2846 5196 PARS
2873 5137 3163 5204 CONCILII
3191 5136 3534 5196 EPHESINI.

2254 5235 2296 5287 Α
2326 5234 2431 5304 ﬁne
2457 5235 2584 5288 anni
2609 5231 2712 5286 428
2744 5233 2815 5286 ad
2843 5232 2978 5286 diem
3001 5230 3068 5283 19
3086 5223 3394 5280 Novembris
3418 5225 3554 5280 anni
3583 5222 3706 5278 ‘50.

2184 5348 2203 5369 ‘
2240 5345 2471 5402 Nestorii
2508 5355 2686 5396 seruio
2727 5337 2929 5410 primus
2965 5336 3442 5410 deincarnatione
3465 5335 3772 5410 pominica.

2251 5430 2346 5470 seu
2391 5412 2459 5468 de
2503 5404 2743 5480 virgineo
2770 5417 2959 5479 partu,
3009 5406 3184 5464 dictus
3222 5407 3309 5464 die
3346 5404 3422 5460 25
3463 5405 3776 5464 Decembris

2252 5485 2380 5540 anni
2403 5482 2527 5546 4‘28,
2561 5481 2748 5536 Latine
2780 5486 3007 5534 tantum.

2181 5557 2202 5582 '
2239 5554 2704 5626 Ejusdemisermo
2747 5551 3039 5626 secundus,
3069 5550 3218 5626 velut
3253 5549 3520 5626 adversus
3551 5549 3776 5626 Ariano'

2252 5616 2308 5682 et
2333 5625 2744 5681 Macedonianos
2769 5663 2782 5684 .
2816 5623 3030 5677 habitus
3057 5621 3156 5675 sub
3195 5621 3409 5676 initium
3453 5620 3667 5678 mensis
3692 5616 3755 5674 Ja

2252 5697 2427 5760 tmarii
2454 5697 2578 5753 anni
2607 5694 2730 5759 429,
2756 5692 2941 5750 Grtece
2970 5699 3024 5748 et
3045 5691 3235 5752 Latine
