3904 6272
193 265 288 322 761

1365 257 1523 314 lMPll
1563 256 1876 315 NESTOBII
1915 257 2143 315 SERMO
2180 257 2221 313 l.

3341 266 3446 324 762

192 374 321 430 enim
346 369 407 425 de
433 385 587 423 carne
616 376 793 422 natum
818 375 925 434 est,
956 383 1076 422 caro
1097 374 1201 432 est;
1228 376 1277 421 et
1296 368 1431 438 quod
1459 368 1522 421 de
1549 368 1753 433 spiritu,
1784 375 1838 432 Α
1861 369 2028 424 altum
2072 369 2371 426 sublevavit
2418 387 2431 424 :
2482 371 2714 442 exempli
2765 386 2923 429 causa
2947 413 2962 438 ,
3019 374 3162 442 quod
3216 374 3442 442 dicitur.

192 465 393 536 spiritus
412 470 486 515 est
513 460 690 531 (Joan.
714 476 788 525 ιιι,
817 458 891 529 6).
920 468 946 495 ι
969 458 1085 513 Non
1106 458 1316 528 peperit
1343 467 1589 513 creatura
1613 473 1756 523 eum,

192 554 277 626 qui
304 561 386 608 est
412 552 751 617 increahilis;
796 566 902 606 non
931 557 1205 605 recentem
1241 548 1307 605 de
1336 549 1553 619 Virgine
1591 550 1760 604 Deum

192 643 417 699 Verbum
458 643 642 710 genuit
678 643 836 697 Pater
868 660 881 695 :
916 641 979 695 In
1015 642 1267 713 principio
1303 643 1439 696 enim
1481 651 1593 696 erat
1627 641 1759 696 Ver-

192 738 301 792 bum
323 735 498 807 (Ioan.
524 750 560 801 ι,
594 734 667 804 1),
693 736 831 791 sicut
850 734 1086 791 Joannes
1112 735 1205 789 ait.
1237 734 1355 791 Non
1382 735 1593 806 peperit
1614 750 1791 791 (ιι-οδε

190 838 303 885 tura
334 829 360 867 δ
387 828 702 883 Creatorem
750 829 958 902 [Baluz.
988 828 1351 901 increabilem]
1375 870 1390 895 ,
1421 830 1514 886 sed
1552 830 1761 902 peperit

189 922 455 976 hominem
479 933 500 959 ο
528 921 751 976 Deitatis
771 922 1213 989 instrumentum;
1238 937 1345 978 non
1365 922 1569 978 creavit
1588 923 1757 978 Deum

190 1010 420 1066 Verbum
441 1009 672 1081 Spiritus
699 1020 916 1069 sanctus
942 1029 954 1064 :
983 1010 1133 1075 Quod
1151 1014 1289 1066 enim
1310 1029 1375 1067 ea:
1401 1029 1462 1067 ea
1485 1022 1664 1067 natum
1681 1021 1760 1068 est

191 1105 249 1159 de
276 1103 475 1175 Spiritu
502 1114 683 1159 sancto
711 1114 787 1158 est
833 1102 1045 1175 (Matth.
1076 1120 1125 1171 ι,
1156 1103 1280 1174 20);
1308 1103 1403 1159 sed
1446 1103 1555 1159 Deo
1581 1103 1758 1161 Verbo

188 1192 213 1231 ἀ
235 1195 488 1265 templum
514 1193 804 1249 fabricatus
830 1202 931 1261 est,
962 1193 1107 1263 quod
1133 1194 1400 1249 habitaret
1427 1209 1496 1249 ex
1520 1194 1753 1265 Virgine.

251 1285 302 1340 8.
348 1294 373 1323 °
415 1286 725 1341 lncarnatus
773 1293 856 1341 est
899 1284 1115 1355 quidem
1161 1284 1341 1351 Deus,
1389 1285 1484 1341 sed
1523 1302 1633 1341 non
1677 1295 1759 1342 est

186 1386 426 1434 mortuus
458 1396 470 1430 :
501 1376 597 1433 sed
623 1378 771 1432 illum
799 1379 854 1433 in
875 1392 982 1447 quo
1010 1378 1321 1432 incarnatus
1341 1385 1423 1432 est
1449 1378 1756 1447 suscitavit;

188 1468 467 1524 inclinatus
489 1476 571 1523 est
600 1468 810 1523 elevare
838 1468 983 1537 quod
1011 1479 1209 1533 ruerat,
1237 1468 1354 1538 ipse
1378 1482 1507 1522 vero
1536 1484 1642 1524 non
1671 1484 1761 1525 ce-

186 1563 347 1620 cidit:
394 1563 645 1618 Dominus
673 1562 736 1617 de
771 1563 895 1618 calo
936 1564 1198 1634 prospexit
1236 1580 1391 1634 super
1419 1563 1556 1632 ﬁlios
1590 1562 1758 1616 homi-

144 1668 147 1669 '
185 1671 300 1709 num
328 1654 502 1726 (Psat.
536 1670 645 1721 xm,
674 1654 764 1725 2);
800 1652 820 1693 ί
862 1669 1057 1724 nempe
1096 1654 1362 1709 inclinans
1396 1669 1519 1709 eum
1550 1652 1754 1726 [Belum

1862 478 2044 518 nosce.
2070 461 2127 517 Si
2149 462 2418 532 jacentem
2440 465 2652 520 elevare
2679 456 2933 529 volueris,
2962 481 3141 522 nonne
3169 471 3447 540 continges

1860 568 2056 624 corpus
2083 570 2329 626 corpore,
2362 564 2417 611 et
2457 565 2510 611 te
2538 556 2711 627 ipsum
2740 557 2817 612 illi
2844 557 3220 627 coniungendo
3254 561 3445 619 elisum

1860 647 2032 716 eriges
2054 688 2070 714 ,
2110 656 2272 718 atque
2313 650 2385 704 ita
2432 649 2511 704 illi
2555 649 2871 719 coniunctus
2916 650 3031 720 ipse
3074 667 3260 707 manes
3300 654 3446 723 quod

1859 740 2014 794 eras?
2042 739 2118 795 sic
2146 747 2201 794 et
2222 740 2352 796 illud
2379 740 2765 797 incarnationis
2792 740 2998 796 aestima
3026 752 3441 799 sacramentum.

1930 829 1981 885 9.
2013 840 2037 879 8
2069 830 2297 902 Propter
2315 839 2561 888 utentem
2581 832 2711 888 illud
2733 832 3103 888 indumentum
3124 829 3154 869 ιι
3179 848 3286 901 quo
3317 834 3446 906 [Ba-

1857 923 1961 977 luz.
2003 922 2170 994 quod]
2200 924 2368 979 utitur
2408 924 2557 991 colo;
2606 933 2829 994 propter
2868 924 3239 980 absconditum
3275 924 3444 982 adoro

1860 1014 2065 1088 [Baluz.
2098 1013 2348 1085 adorans]
2378 1015 2524 1084 quod
2554 1014 2686 1072 foris
2713 1016 2942 1081 videtur,
2976 1016 3348 1088 inseparabilis
3375 1018 3445 1075 ab

1858 1119 1925 1161 eo
1951 1105 2043 1174 qui
2072 1103 2202 1160 loris
2232 1104 2437 1177 [Baluz.
2474 1105 2664 1178 oculis]
2693 1115 2849 1178 paret
2868 1115 2950 1163 est
2977 1108 3137 1164 Deus.

1930 1197 2014 1252 10.
2058 1197 2340 1265 Quomodo
2363 1198 2526 1267 igitur
2558 1199 2675 1269 ejus
2703 1201 2795 1270 qui
2825 1216 2931 1255 non
2965 1200 3237 1266 dividitur,
3269 1202 3444 1258 hono-

1858 1303 1973 1344 rem
2016 1288 2222 1362 (Batus.
2255 1288 2376 1343 add.
2422 1288 2543 1361 ego]
2581 1299 2636 1346 et
2674 1290 2989 1360 dignitatem
3028 1292 3256 1347 audeam
3296 1306 3445 1362 sepa-

1859 1382 2012 1436 rare?
2041 1381 2229 1437 Divido
2252 1390 2487 1448 naturas,
2512 1381 2604 1436 seni
2633 1382 2898 1452 conjungo
2919 1384 3298 1439 reverentiam.

1932 1471 2017 1525 ll.
2048 1472 2271 1528 Intende
2299 1472 2353 1527 in
2382 1473 2496 1529 htec
2521 1488 2639 1542 quae
2660 1474 2927 1529 dicuntur.
2957 1474 3072 1529 Non
3094 1491 3192 1545 per
3210 1476 3445 1545 seipsum

1861 1564 2002 1619 Deus
2030 1573 2109 1619 est
2134 1567 2225 1635 qui
2250 1567 2302 1621 in
2332 1576 2487 1622 utero
2517 1566 2774 1635 ﬁguratus
2809 1575 2892 1622 est
2922 1585 2934 1621 :
2968 1584 3090 1622 nam
3112 1571 3156 1623 si
3178 1570 3256 1625 sic
3280 1577 3442 1636 esset,

1862 1670 2099 1713 essemus
2127 1658 2359 1714 hominis
2384 1674 2512 1714 vere
2539 1658 2813 1725 cultores;
2855 1658 2948 1714 sed
2980 1660 3234 1729 quoniam
3264 1662 3317 1715 in
3356 1676 3445 1716 as-

186 1744 350 1816 reum]
386 1745 563 1800 levare
591 1744 681 1814 qui
711 1745 924 1810 cecidit,
956 1753 1226 1813 tamquam
1255 1745 1345 1799 ille
1365 1746 1645 1810 corruerit,
1676 1743 1760 1799 vi-
1791 1765 1838 1825 Β
1863 1758 2075 1819 ειιιιριο
2096 1750 2236 1806 Deus
2266 1760 2449 1818 est,ex
2479 1751 2570 1806 illo
2599 1752 2691 1820 qui
2721 1752 3115 1822 assumpsitqui
3144 1761 3446 1824 assumptus

186 1845 477 1906 tuperatur.
518 1834 671 1892 'Vidit
698 1834 840 1891 Deus
887 1844 1132 1890 naturam
1160 1836 1451 1906 collapsam
1475 1874 1490 1899 ,
1532 1850 1763 1905 eamque

185 1926 404 1983 Deitatis
428 1928 670 1998 potentia
697 1927 1049 1999 apprehendit
1076 1927 1281 1993 elisam,
1313 1936 1370 1983 et
1396 1929 1542 1991 illam
1572 1929 1761 1984 elisam

187 2015 388 2089 [Baluz.
420 2034 521 2073 om.
555 2014 764 2088 elisam]
782 2025 1001 2085 .tenens,
1031 2025 1087 2073 et
1114 2032 1337 2073 manens
1368 2017 1511 2087 quod
1541 2025 1676 2082 erat,
1708 2018 1763 2073 in

1863 1848 1964 1906 est,
1994 1843 2290 1911 appellatus
2322 1852 2423 1908 est,
2456 1851 2510 1898 et
2534 1843 2739 1915 [‘Baluz.
2770 1859 2873 1898 om.
2902 1842 3205 1913 appellatus
3233 1851 3345 1910 est,
3369 1841 3446 1916 et]

1865 1933 2164 2002 appellatur
2189 1933 2347 1989 Deus.

1940 2020 2022 2075 l2.
2070 2020 2345 2078 Formavit
2386 2024 2576 2080 Deusi
2621 2024 2956 2080 Dominicam
3004 2025 3446 2082 incarnationem.

1362 2115 1905 2188 CASTlGATIONES
1942 2133 2030 2188 ΕΤ
2069 2133 2294 2190 nom.

184 2242 293 2302 sum
320 2243 387 2280 ea:
414 2242 569 2280 carne
594 2228 736 2279 nasci
763 2242 929 2296 posse,
960 2229 1060 2281 nisi
1077 2242 1327 2302 carnem;
1365 2247 1382 2277 ι
1411 2243 1480 2302 ea
1506 2236 1655 2302 rectae
1698 2227 1766 2296 Ιί-
1874 2227 2213 2302 obedientiam
2255 2232 2539 2302 ingressum
2589 2233 2751 2286 rivum
2796 2232 2891 2285 sibi
2935 2232 3172 2302 templum
3219 2231 3450 2302 exwdiﬁ-
3533 2269 3546 2281 .

186 2297 262 2367 dei
288 2306 770 2367 consentaneanon
802 2313 937 2362 esse,
967 2298 1142 2350 statim
1179 2313 1272 2350 nos
1307 2298 1421 2367 capi
1450 2298 1626 2367 jussit,
1659 2304 1765 2351 etc.

184 2365 401 2421 Reducti
418 2367 581 2421 denuo
603 2366 666 2420 ab
689 2366 777 2420 illo
797 2368 851 2419 in
875 2368 1058 2437 faciem
1080 2367 1342 2421 caedimur.
1369 2365 1600 2437 Denique
1626 2383 1766 2420 com-

182 2438 349 2506 posita
373 2439 611 2507 oratione
628 2454 718 2507 per
743 2437 994 2507 (tandem,
1012 2454 1245 2490 assensus
1274 2446 1367 2501 est,
1398 2445 1453 2507 ut
1475 2446 1648 2506 postea
1660 2453 1766 2507 pa-

183 2504 307 2577 iuit,
320 2508 386 2560 de
406 2504 636 2577 naturali
648 2504 751 2559 Dei
766 2505 812 2558 F
816 2506 925 2571 ilio,
950 2507 1084 2577 quod
1104 2517 1256 2559 natus
1285 2508 1351 2558 sit
1372 2506 1432 2557 de
1447 2504 1627 2577 sancta
1650 2504 1767 2557 Ma-

179 2577 258 2629 ria
278 2576 533 2647 Deipara,
552 2576 767 2639 addens,
785 2576 1025 2647 quoniam
1048 2585 1120 2629 est
1141 2577 1294 2647 etiam
1317 2576 1449 2628 alius
1470 2576 1630 2645 ﬁlius,
1655 2583 1760 2647 etc.

250 2657 277 2684 ι
308 2645 597 2701 cassianus
624 2646 678 2699 in
705 2645 849 2701 hunc
886 2647 1062 2700 locum
1089 2646 1386 2714 spectabat,
1418 2661 1537 2714 cum
1566 2645 1767 2700 scribe-

174 2726 263 2771 ret
293 2716 435 2787 (Lib.
467 2734 557 2782 vn,
590 2733 704 2786 cap.
735 2714 825 2785 24)
860 2734 873 2767 :
910 2715 1007 2769 Ubi
1036 2713 1165 2787 illud
1189 2724 1327 2769 tuum
1357 2732 1373 2769 :
1411 2734 1428 2766 ι
1458 2713 1581 2769 Non
1604 2715 1767 2786 potuit

177 2785 417 2839 creatura
445 2804 626 2857 parere
654 2796 935 2840 creatorem
965 2802 982 2840 :
1005 2785 1140 2858 quod
1185 2794 1363 2839 natum
1382 2794 1458 2839 est
1494 2802 1559 2840 ea:
1585 2801 1761 2849 carne,

178 2872 300 2910 caro
331 2867 428 2920 est,
459 2866 561 2911 etc.
596 2877 614 2908 ι

248 2924 275 2963 ιι
308 2924 545 2993 Reponit
571 2925 898 2981 increabilem
921 2942 1019 2996 pro
1046 2935 1327 2996 creatorem
1353 2927 1620 2989 Baluzius,
1644 2928 1764 2983 sub-

182 2996 311 3050 dens
350 2996 419 3068 ad
443 2997 642 3068 c_alc_em
674 2997 815 3068 hanc
844 2995 1026 3052 notam
1058 3013 1071 3049 :
1122 3016 1140 3047 (
1170 2995 1248 3049 Ita
1281 2996 1651 3068 (increabilem)
1679 3012 1761 3053 ve-

183 3072 323 3121 teres
350 3066 492 3119 libri.
525 3064 814 3120 Garnerius
834 3082 962 3121 vero
990 3068 1230 3135 reposuit
1255 3064 1571 3133 creatorem,
1604 3064 1762 3122 secu-

186 3143 266 3191 tus
292 3136 439 3206 haud
466 3136 624 3206 dubie
653 3136 1022 3191 auctoritatem
1057 3135 1329 3201 Cassiani,
1361 3137 1451 3206 qui
1481 3137 1556 3206 sic
1582 3138 1769 3193 scribit

186 3206 273 3259 lib.
306 3222 381 3260 vn
410 3205 476 3260 de
504 3205 876 3275 lncarnatione
904 3206 1115 3260 Domini
1159 3223 1277 3275 cap.
1311 3205 1392 3258 24
1429 3224 1441 3260 :
1475 3205 1545 3260 Et
1583 3207 1669 3261 ubi
1696 3209 1765 3262 il-

187 3275 270 3346 lud
314 3286 456 3346 tuum
479 3292 495 3328 :
522 3274 645 3331 Non
674 3276 837 3346 potuit
867 3286 1101 3330 creatura
1124 3274 1305 3346 parere
1325 3287 1637 3342 creatorem;
1669 3286 1724 3333 et
1748 3297 1760 3331 :

189 3342 333 3410 Quod
362 3356 539 3400 natum
565 3363 629 3400 ea:
657 3342 828 3411 came,
861 3363 979 3399 caro
1009 3355 1103 3401 est.
1124 3342 1159 3397 ἰ
1191 3345 1345 3400 Enn.

255 3426 275 3453 ε
308 3416 577 3471 Mercator
617 3417 672 3470 in
701 3417 1120 3471 contradictione
1149 3416 1415 3471 undecimi
1455 3419 1765 3472 anathema-

186 3484 623 3562 tismi_addit,_et
670 3487 941 3562 hominem
986 3488 1256 3562 Θεᾳφόροη
1288 3502 1449 3562 quem
1495 3487 1548 3541 in
1588 3488 1764 3543 locum

187 3553 472 3628 intendisse
500 3556 1009 3628 videturiCyrillus,
1041 3553 1153 3611 sive
1184 3553 1321 3628 cum
1349 3558 1592 3628 quintum
1631 3574 1763 3612 ana-

186 3624 579 3699 thematismum
602 3624 858 3682 conderet
888 3627 941 3680 in
970 3627 1083 3681 ιιωο
1129 3627 1294 3699 verba
1328 3645 1339 3679 :
1367 3624 1435 3682 'Si
1473 3630 1581 3699 quis
1611 3628 1767 3683 audet

188 3694 358 3774 dicere
385 3696 648 3751 Christum
686 3714 794 3774 esse
835 3700 1092 3774 ἀνθρώπω
1119 3698 1380 3772 Θιοφόρον,
1425 3694 1614 3774 ειόιοη
1666 3716 1763 3774 pq-

189 3766 276 3840 tius
314 3765 485 3822 Deum
524 3768 801 3840 secundum
847 3765 1129 3840 veritatem,
1165 3765 1422 3840 tamquam
1448 3765 1763 3840 unicum'fi-

189 3786 276 3819 nus
314 3786 485 3822 ueum
524 3786 801 3821 secunaum
847 3786 1129 3833 vernalem,
1165 3786 1266 3821 tam
1337 3786 1422 3821 am
1448 3786 1654 3821 unicum
1692 3786 1763 3840 p-

188 3835 319 3902 lium,
352 3840 440 3909 qui
470 3838 794 3902 naturaliter,
825 3838 1103 3910 secundum
1124 3839 1259 3910 quod
1271 3786 1507 3892 (verbum
1529 3842 1764 3910 carofa-

188 3908 423 3980 ctumest,
446 3910 827 3980 participaverit
843 3908 988 3980 nobis
1008 3908 1243 3963 similiter
1259 3926 1412 3962 carne
1427 3919 1474 3963 et
1490 3908 1758 3980 sanguine,

188 3978 455 4049 anathema
503 3979 587 4049 si_t.
633 3978 758 4033 Sive
796 3994 917 4032 cum
946 3979 1019 4032 ita
1047 3981 1194 4049 prius
1221 3980 1481 4034 scriberet
1517 3978 1762 4036 Nestorio

191 4044 372 4120 (Epist.
401 4048 457 4116 1)
488 4066 499 4099 :
530 4046 703 4119 Prope
733 4050 939 4120 fuerunt
962 4044 1169 4120 quidam
1190 4059 1245 4103 ut
1266 4050 1633 4120 jamconﬁteri
1660 4052 1760 4104 mi-

188 4116 313 4171 nime
331 4116 1002 4211 patiantur_quia-Deus'est
1021 4116 1281 4211 Christus”:
1293 4119 1397 4211 “sed
1417 4116 1585 4211 potius
1607 4117 1762 4211 ὄργα-

187 4206 283 4267 ξξνζ
305 4192 388 4243 καὶ
417 4188 679 4267 ξργςιλιῖόη
705 4198 797 4252 τῆς
837 4190 1115 4267 acosmos;
1129 4194 1211 4245 καὶ
1232 4188 1487 4267 ἆγρρωτὲος
1508 4188 1755 4267 θεοφόῥος.

188 4252 247 4330 [ait
265 4256 319 4330 in
348 4252 576 4330 epistola
611 4258 682 4330 ad
712 4261 1007 4330 monachos
1038 4252 1353 4330 (Parteil9')
1384 4269 1506 4329 post
1533 4252 1759 4316 relatum

188 4322 896 4413 lsaitetestimonium'ﬂsai.
929 4322 1055 4413 nx,
1078 4330 1132 4400 5)
1169 4348 1185 4413 ι
1213 4329 1293 4413 ξπ
1325 4322 1576 4412 quomodo
1608 4331 1758 4413 veluti

1872 2301 2021 2352 cavit.

1947 2378 1969 2405 ο
2001 2368 2149 2425 Licet
2171 2370 2457 2426 Garnerius
2486 2373 2627 2428 hunc
2667 2373 2843 2428 locum
2873 2372 3127 2427 edidisset
3151 2372 3228 2427 sic
3265 2387 3451 2427 emen-

1871 2437 2073 2511 datum,
2107 2440 2171 2511 ad
2200 2457 2320 2494 eum
2350 2450 2528 2495 tamen
2556 2443 2811 2511 appendit
2836 2451 3016 2497 notam
3040 2450 3346 2497 contextam
3388 2456 3451 2498 ac

1871 2508 1916 2561 si
1944 2510 2342 2579 reproduxisset
2390 2508 2662 2579 antiquam
2708 2512 2949 2567 codicum
2998 2512 3302 2575 lectionem,
3335 2526 3452 2579 qua:

1871 2587 1951 2632 est
1979 2596 1991 2630 :
2023 2577 2138 2644 Est,
2167 2589 2216 2632 et
2236 2596 2335 2633 non
2357 2590 2432 2634 est
2450 2577 2678 2635 mortuus
2696 2583 2998 2635 incarnatus
3021 2581 3175 2636 Deus.
3210 2600 3228 2631 ‹
3256 2577 3452 2646 Quam-

1870 2648 1951 2722 vis
1979 2650 2190 2722 (inquit,
2221 2650 2319 2722 hac
2347 2651 2506 2722 allata
2535 2651 2795 2722 lectione)
2838 2652 3113 2721 utriusque
3135 2651 3330 2722 codicis
3357 2665 3452 2704 ea-

1871 2717 1993 2791 dem
2020 2720 2086 2773 sit
2129 2719 2308 2785 lectio,
2343 2721 2531 2775 vitiosa
2576 2730 2753 2776 tamen
2777 2717 2862 2777 est
2888 2717 3068 2791 atque
3106 2721 3450 2791 perturbata;

1871 2790 2078 2865 restitui
2107 2799 2285 2860 potest
2313 2791 2453 2846 hunc
2482 2792 2534 2845 in
2563 2793 2779 2865 modum
2805 2811 2817 2846 :
2852 2790 2947 2865 Est
2979 2790 3179 2865 quidem
3206 2793 3452 2865 incarna-

1871 2866 1950 2912 tus
1996 2858 2155 2927 Deus,
2188 2878 2290 2914 non
2318 2871 2393 2915 est
2438 2872 2683 2917 mortuus.
2710 2862 2862 2918 Hunc
2908 2858 3084 2918 locum
3114 2861 3334 2916 Proclus
3363 2876 3452 2917 ve-

1870 2928 2148 3005 hementer
2178 2941 2447 3001 oppugnat
2479 2931 2653 3005 (Orat.
2683 2932 2881 3005 Paneg.
2920 2943 3052 3005 part.
3081 2942 3114 2987 ν
3148 2942 3196 2987 et
3226 2931 3390 3003 seqq.)
3426 2950 3445 2984 ι

1873 2996 2121 3055 Baluzius
2150 2996 2366 3058 secutus
2393 3012 2473 3057 est
2486 2996 2730 3058 codices.
2762 2996 2918 3059 Ειῖιτ.

1948 3070 1965 3107 τ
1993 3068 2078 3124 Νε
2105 3089 2185 3143 me
2211 3072 2487 3127 inclinans.
2522 3074 2762 3143 Apparet
2780 3075 2925 3129 hunc
2952 3074 3129 3128 locum
3158 3087 3273 3127 esse
3294 3088 3450 3143 men-

1866 3138 2073 3213 dosum.
2106 3140 2394 3198 Garnerius
2422 3138 2651 3213 scripsit,
2684 3161 2863 3213 nempe
2888 3143 3143 3197 inclinans
3166 3159 3296 3196 eum.
3319 3140 3452 3213 Ger-

1866 3208 2138 3286 beronius,
2190 3229 2283 3286 nec
2322 3231 2401 3267 me
2439 3208 2718 3286 indignans
2762 3208 2901 3267 reum
2931 3215 3106 3286 levare
3136 3214 3219 3284 qui
3266 3212 3448 3286 cecidi.

1865 3276 1979 3348 Ego
2003 3276 2246 3351 putarem
2272 3276 2573 3351 legendum:
2605 3301 2695 3337 nec
2728 3300 2806 3337 me
2834 3283 3089 3337 inclinans
3119 3276 3259 3336 reum
3282 3282 3451 3335 levare

1865 3352 2191 3429 qui__cecidit,
2225 3354 2298 3406 ita
2320 3361 2378 3429 ut
2398 3355 2473 3429 sic
2499 3363 2803 3429 constructa
2821 3354 3074 3429 videatur
3104 3352 3275 3407 oratio
3311 3368 3324 3405 :
3348 3365 3451 3429 nec

1866 3420 2128 3477 inclinans
2160 3439 2309 3478 reum
2356 3423 2535 3478 le'vare
2571 3425 2663 3493 qui
2691 3424 2900 3489 cecidit,
2928 3423 2981 3478 id
3024 3431 3130 3487 est,
3164 3437 3278 3488 me,
3310 3420 3451 3475 vitu-

1864 3500 2085 3559 peratur
2114 3493 2201 3547 ille
2227 3501 2495 3561 tamquam
2522 3495 2802 3549 corruerit.
2822 3493 3019 3548 BALUZ.

1939 3571 1963 3608 κ
1996 3562 2122 3628 Quae
2148 3571 2300 3633 parte
2331 3580 2469 3618 nona
2510 3564 2823 3632 detimaque
2851 3573 2905 3619 et
2948 3563 3227 3619 undecima
3273 3562 3448 3618 conti-

1866 3640 2077 3704 nentur,
2111 3633 2562 3704 inductaiopinor
2600 3635 2654 3689 in
2701 3635 2842 3690 hunc
2889 3635 3063 3690 locum
3103 3648 3183 3704 ex
3199 3647 3450 3704 sermone

1866 3702 2092 3774 septimo
2124 3702 2295 3773 (Part.
2328 3702 2421 3768 26,
2441 3704 2528 3771 27,
2555 3704 2666 3773 28),
2691 3705 2736 3759 si
2765 3711 2943 3758 tamen
2972 3718 3141 3774 pauca
3172 3702 3285 3758 haec
3306 3703 3451 3757 exci-

1865 3771 1981 3844 pias
2011 3791 2021 3824 :
2049 3771 2275 3844 Propter
2323 3784 2545 3829 utentem
2590 3771 2718 3829 illud
2764 3771 3112 3844 indumentum
3156 3790 3253 3844 quo
3290 3774 3451 3826 utitur

1866 3841 1995 3913 colo.
2038 3841 2300 3912 Opinandi
2352 3846 2490 3899 ratio
2527 3853 2610 3900 est
2664 3845 2918 3913 quoniam
2962 3844 3010 3898 si
3052 3841 3339 3913 Cassianus
3384 3856 3449 3913 ea

1866 3912 2027 3983 verba
2056 3910 2273 3982 legisset
2303 3913 2354 3967 in
2384 3930 2633 3969 sermone
2661 3910 2781 3981 lioc,
2805 3929 2961 3982 quem
2990 3913 3131 3983 apud
3153 3928 3212 3967 se
3241 3910 3445 3983 habuit,

1865 3982 1979 4062 ipsa
2014 3981 2125 4038 non
2148 3985 2594 4062 praetermisisset,
2626 3984 2805 4062 credo,
2823 3981 2952 4062 sine
2977 3981 3126 4062 gravi
3154 3981 3448 4062 reprehen-

1864 4053 2034 4124 sione,
2067 4051 2188 4108 cum
2217 4054 2373 4123 plena
2401 4055 2506 4108 sint
2529 4054 2817 4124 impietatis
2838 4054 2996 4121 longe
3024 4051 3445 4124 nefandissima};

1863 4120 2066 4195 reliqua
2090 4120 2231 4178 enini
2259 4124 2541 4195 diligenter
2562 4120 2915 4195 persequitur,
2948 4129 3108 4193 prout
3131 4135 3371 4177 errorem
3392 4120 3447 4175 in

1863 4193 1948 4246 his
1976 4194 2360 4250 comprehendi
2390 4204 2536 4249 ratus
2561 4193 2660 4249 est.

1938 4262 1964 4299 ¹ι
2007 4261 2154 4318 Malit
2182 4264 2490 4336 Callandius
2511 4265 2647 4336 quod
2671 4268 2848 4321 utitur.
2879 4284 2896 4317 ι
2933 4265 3116 4329 Recte,
3147 4262 3341 4336 inquit,
3365 4261 3448 4315 in-

1866 4340 2071 4406 terpres
2091 4350 2189 4403 pro
2216 4351 2313 4406 quo
2332 4332 2724 4400 utitur,'Cicero
2754 4336 2819 4391 ad
2844 4336 3005 4406 Attic.
3033 4350 3119 4404 ep.
3145 4332 3205 4387 51
3231 4332 3324 4388 lib.
3348 4347 3443 4398 xu,
3487 4360 3494 4367 -

265 4399 689 4490 rspiritu“Inspiens
718 4394 1490 4490 limmJanuelemLetl-Jontinum
1519 4401 1755 4490 appellet,
1786 4430 1839 4490 D
1864 4394 2129 4490 Negsiiius
2153 4394 2662 4490 quidmnoquidq-uam
2682 4409 2861 4461 utitur.
2883 4426 2911 4488 ,ι
2943 4394 3095 4460 Emi.

187 4464 415 4541 et_D'eum
455 4464 720 4534 nominet,
749 4470 884 4541 quod
912 4486 1013 4523 non
1038 4471 1293 4524 hominem
1322 4464 1619 4541 simpliciter
1637 4464 1760 4530 eeo;

188 4534 323 4656 ἳξρον
348 4548 435 4592 aut
464 4534 789 4593 instrumenti
813 4541 923 4595 loco
957 4550 1272 4611 assumptum
1292 4534 1438 4595 illum
1469 4543 1636 4605 sciret,
1668 4544 1759 4597 sed

234 4623 340 4656 eum
363 4610 710 4656 incamatum-
738 4609 803 4656 Et
829 4618 1014 4656 nnsten
1044 4608 1227 4656 {Parte
1252 4610 1341 4656 ‘20)
1367 4613 1575 4656 nrnlntn
1597 4612 1758 4656 Imm-

234 4608 340 4661 eum
363 4610 718 4681 incarnatum.
736 4609 803 4681 Et
829 4618 1016 4680 postea
1044 4608 1227 4678 (Parte
1252 4610 1341 4677 20)
1367 4613 1575 4681 prolato
1597 4612 1758 4668 Joan-

189 4676 262 4762 qis
288 4680 593 4735 testimonio
627 4700 641 4762 ξ
688 4676 847 4762 Anddq'
873 4681 950 4762 his
998 4676 1425 4762 magnumnilluin
1468 4682 1757 4762 Daptistam

189 4744 585 4822 Joannem,cum
608 4751 682 4822 de
709 4748 912 4806 Christo
947 4744 1286 4805 concionandi
1319 4744 1583 4806 exordium
1614 4756 1755 4822 face-

189 4824 271 4881 ret,
301 4835 401 4893 non
430 4821 715 4893 divinitatis
741 4837 1021 4893 organum,
1058 4831 1147 4874 aut
1181 4822 1434 4876 hominem
1459 4821 1758 4893 simpliciter

189 4890 447 4962 ῥεοφόρον,
483 4890 759 4944 secundum
792 4890 1107 4962 nonnullos,
1137 4893 1302 4962 ipsum
1332 4890 1636 4962 appellasse,
1667 4895 1757 4948 sed

191 4953 340 5033 Deum
365 4953 713 5033 incarnutum,
744 4961 800 5013 id
818 4972 913 5027 est,
942 4953 1197 5033 hominem
1218 4953 1429 5033 factum.
1470 4961 1537 5015 Et
1564 4953 1755 5018 iterum

192 5024 363 5103 (Parte
384 5029 475 5103 21)
512 5048 523 5081 :
559 5027 708 5093 Quod
736 5024 915 5103 siquis
948 5032 1093 5086 illum
1129 5024 1274 5086 aliud
1302 5032 1433 5086 nihil
1472 5050 1625 5103 quam
1661 5051 1756 5087 nu-

191 5094 299 5151 dum
326 5098 421 5170 Dei
450 5094 701 5170 organum
731 5094 985 5155 exstitisse
1027 5104 1363 5167 contenderit,
1386 5104 1431 5156 is
1466 5094 1542 5156 r'el
1570 5105 1755 5159 invitus

191 5180 344 5221 veram
364 5169 461 5239 ﬁlii
489 5169 735 5242 rationem
764 5172 842 5242 illi
868 5174 1083 5242 auferet.
1098 5171 1165 5225 Et
1196 5172 1379 5242 (Parte
1406 5172 1497 5242 25)
1533 5191 1545 5225 :
1577 5171 1756 5228 Neuti-

191 5252 328 5305 quam
353 5256 471 5310 ergo
504 5239 741 5310 templum
769 5239 1085 5313 illud,un
1130 5239 1383 5296 ex‘sacra
1426 5239 1638 5313 Virgine
1666 5261 1753 5297 as-

190 5318 428 5382 sumptum
465 5312 780 5382 est,¥organi
820 5311 929 5365 loco
963 5311 1223 5382 acceptum
1252 5314 1486 5377 dicimus,
1517 5311 1620 5368 etc.
1652 5313 1754 5369 De-

192 5376 338 5455 nique
360 5380 545 5455 (Parte
563 5376 693 5449 26)}
720 5380 885 5435 Porro
906 5376 1169 5455 autem,_si
1191 5400 1349 5455 neque
1366 5376 1511 5455 (verus
1536 5382 1633 5437 Dei
1655 5383 1753 5437 Fi-

191 5444 382 5523 liu_s__est
413 5444 664 5523 Christus,
690 5467 854 5523 neque
874 5462 1059 5523 natura
1080 5444 1226 5506 Deus
1244 5444 1371 5519 {sed
1408 5470 1546 5523 atque
1572 5471 1633 5507 ac
1662 5471 1753 5510 nos

192 5517 309 5571 nihil
334 5521 474 5573 aliud
498 5517 844 5593 quamghomo,
878 5532 965 5593 aut
988 5517 1283 5577 Divinitatis
1327 5517 1748 5593 instrumentum,

190 5600 490 5663 nequaquam
511 5591 614 5663 per_
629 5591 794 5646 Deum
822 5592 1035 5647 salutent
1065 5596 1319 5649 consecuti
1344 5611 1535 5649 sumus.

308 5658 524 5736 Proclus
554 5661 727 5736 (Orat.
759 5678 942 5733 paneg.
990 5673 1124 5736 part.
1150 5664 1207 5733 2)
1237 5682 1249 5719 :
1296 5664 1393 5719 Ubi
1414 5682 1634 5736 serpens
1662 5683 1752 5736 per

192 5725 570 5787 inobedientiani
610 5725 931 5788 virus'suum
968 5725 1262 5806 infuderat,
1299 5737 1366 5789 ibi
1412 5725 1628 5790 Verbum
1661 5725 1752 5806 per

1941 4473 1955 4510 ί
2010 4473 2407 4530 Bellovacensis
2451 4473 2624 4531 codex
2662 4492 2768 4532 non
2825 4477 2999 4531 minus
3041 4482 3324 4542 corruptus
3362 4481 3447 4528 est

1860 4560 2022 4613 quam
2052 4543 2359 4602 Vaticanus.
2389 4543 2478 4600 Sic
2504 4546 2648 4601 enim
2678 4547 2841 4601 habet
2875 4565 2886 4598 :
2921 4545 3131 4599 Domini
3160 4546 3332 4615 itaque
3358 4545 3445 4597 in-

1858 4616 2213 4687 carnationem
2231 4617 2579 4687 intremiscam
2604 4618 2959 4687 susceptricem
2980 4616 3081 4687 Dei
3100 4617 3318 4687 formam
3339 4629 3447 4667 una

1858 4700 1919 4756 ac
1948 4686 2062 4754 pari
2091 4702 2192 4756 qua
2219 4684 2385 4740 Deum
2419 4685 2638 4756 Verbum
2670 4684 2928 4756 tamquam
2967 4684 3296 4756 Divinitatis,
3333 4692 3440 4737 etc.

1859 4751 2147 4823 Utriusque
2175 4756 2375 4811 codicis
2394 4755 2579 4810 vitium
2611 4751 2884 4812 emendari
2912 4756 3114 4820 debuit,
3147 4753 3346 4823 partim
3375 4769 3444 4808 ex

1857 4822 2135 4897 Cassiano,
2164 4826 2359 4897 partim
2381 4841 2447 4880 ex
2477 4824 2696 4897 Cyrillo.

1927 4892 2181 4968 Gassiani'
2196 4904 2320 4950 sunt
2348 4896 2462 4968 haec
2489 4892 2649 4968 verba
2675 4897 2727 4951 in
2754 4897 2982 4968 vulgatis
3007 4892 3438 4968 codicibus_(Lib.

1856 4980 1925 5017 vn
1953 4964 2016 5038 de
2054 4964 2169 5020 Inc.
2219 4964 2423 5038 c_ap.78_)
2453 4985 2464 5019 :
2510 4967 2616 5038 Sed
2650 4976 2817 5038 tamen
2853 4964 2923 5038 ne
2950 4966 3227 5022 Dominum
3267 4964 3444 5038 Iesum

1856 5036 2001 5108 quasi
2029 5052 2185 5108 unum
2209 5034 2289 5091 de'
2298 5036 2441 5108 plebe
2470 5037 2697 5091 crederes
2715 5078 2728 5103 ,
2762 5037 2945 5091 dedisti
2973 5040 3018 5091 ei
3046 5038 3240 5108 aliquid
3268 5034 3441 5108 digni-

1858 5107 1997 5167 tatis,
2026 5105 2246 5161 tribuens
2277 5105 2323 5160 ei
2349 5107 2590 5160 honorem
2619 5116 2672 5159 ut
2699 5117 2877 5161 sancto
2916 5105 3140 5170 homini,
3166 5123 3268 5162 non
3295 5105 3443 5159 Divi-

1857 5176 2068 5228 uitatem
2115 5193 2228 5231 vero
2268 5177 2462 5230 homini
2507 5194 2566 5229 ac
2590 5194 2704 5231 vero
2749 5177 2879 5232 Deo.
2930 5177 3066 5242 Quid
3094 5180 3230 5232 enim
3271 5177 3441 5231 dicis:

1864 5262 1881 5293 (
1923 5244 2186 5299 Formarit
2226 5245 2367 5299 Deus
2404 5244 2731 5301 Dominicam
2776 5249 3224 5303 incarnationem:
3270 5246 3440 5301 Theo-

1857 5317 1953 5389 tgci
1989 5317 2208 5389 formam
2237 5318 2538 5389 honor-emus
2562 5333 2675 5389 cum
2704 5317 2841 5382 Deo,
2873 5320 3003 5372 sicut
3031 5336 3187 5389 unam
3221 5321 3441 5389 formam

1856 5383 2107 5449 Deitatis,
2152 5388 2282 5440 sicut
2337 5386 2516 5459 divinis
2571 5388 2841 5442 voluntatis
2894 5383 3287 5459 inseparabilem
3328 5396 3439 5459 sta-

1858 5459 2191 5529 tuam,_sicu_t
2214 5527 2221 5529 _
2242 5458 2524 5529 imaginem
2557 5458 2761 5513 latentis
2804 5458 2940 5529 Dei?
2969 5458 3215 5529 Superius
3254 5458 3439 5529 imagi-

1856 5540 1969 5599 nem
2014 5524 2111 5580 Dei
2139 5527 2307 5581 Adam
2344 5524 2453 5581 esse
2492 5527 2687 5594 dixisti,
2730 5530 2812 5583 hic
2860 5524 3115 5584 Christum
3162 5524 3438 5599 imaginem

1854 5595 2014 5669 dicis;
2050 5599 2195 5669 illum
2222 5608 2466 5661 statuam,
2500 5608 2548 5669 et
2577 5599 2710 5652 hunc
2732 5609 2973 5653 statuam.
3002 5600 3107 5654 Sed
3140 5595 3321 5669 grati-tv
3361 5600 3437 5669 vi:

1857 5666 2037 5742 delicet
2068 5668 2157 5742 tibi
2183 5686 2273 5737 pro
2304 5668 2497 5742 honore
2517 5668 2614 5723 Dei
2634 5669 2849 5742 agenda:
2876 5680 3013 5734 sunt,
3036 5666 3170 5742 quod
3200 5668 3437 5723 Theotoci

1857 5688 2037 5720 (teucet
2068 5688 2157 5721 um
2183 5688 2273 5737 pro
2304 5688 2497 5723 uonore
2517 5688 2614 5723 ue:
2634 5688 2665 5723 a
2701 5688 2849 5725 enaa:
2876 5688 3013 5734 sunt,
3036 5688 3168 5742 quoa
3200 5688 3224 5722 ι
3242 5688 3435 5723 Ιιεοιοα

1856 5738 2077 5808 formam
2112 5738 2465 5794 honorandum
2506 5756 2617 5795 cum
2658 5688 2768 5797 Deo
2807 5758 2915 5797 esse
2956 5740 3189 5797 concedis
3216 5757 3233 5795 :
3260 5742 3315 5794 in
3339 5753 3435 5807 quo
