3904 6272
176 270 277 327 765

1343 257 1504 315 IMPII
1540 253 1852 313 NES'I‘ORII
1890 253 2123 312 SEBMO
2156 254 2245 312 Ill.

3324 251 3427 313 766

176 387 390 444 christus
415 380 629 436 Domini
655 380 723 435 sit
752 377 966 452 (lReg.
996 393 1142 444 xxrv,
1167 377 1254 449 7);
1285 377 1530 433 similiter
1557 384 1612 431 et
1638 374 1743 447 Cy.
1771 376 1817 435 A
1845 380 1907 429 ut
1955 375 2225 445 sapientes
2265 387 2299 429 ο
2346 371 2739 429 recentioribus
2776 370 3114 441 dogmatistis
3162 379 3428 429 asserunt.

176 496 291 537 rum
332 496 345 531 :
379 474 507 530 Haec
535 474 677 539 dicit,
709 473 901 542 inquit,
923 471 1177 526 Dominus
1234 471 1425 525 christo
1463 486 1575 524 meo
1613 467 1746 538 Cyro

176 570 327 643 (Isai.
370 583 489 631 ιιν,
516 565 603 636 1);
645 572 701 619 et
741 563 1091 635 Babylonium
1142 570 1386 616 sanctum
1412 579 1424 613 :
1450 560 1561 632 Ego
1590 560 1745 627 enim,

175 660 358 730 inquit,
397 657 640 729 pracipio
669 656 796 727 ipsis
816 654 1175 726 sanctiﬁcatis,
1222 661 1272 706 et
1315 669 1410 723 ego
1450 651 1579 705 duco
1610 652 1749 720 ipsos

177 753 324 824 (lsai.
357 767 467 816 xm,
497 750 582 821 '5);
626 749 699 802 ita
721 748 949 803 dicimus
974 747 1281 809 Dominum,
1305 752 1362 801 et
1378 744 1671 810 Christum,
1695 750 1752 799 et

175 845 357 905 Deum,
385 849 441 896 et
465 840 681 905 Filium,
708 846 765 895 et
783 847 1063 905 sanctum;
1090 837 1185 896 sed
1203 838 1508 893 communio
1533 836 1750 907 quidem

175 934 445 990 nominum
470 932 661 988 similis
688 939 792 998 est,
823 930 1053 1000 dignitas
1072 945 1205 986 vero
1222 946 1331 985 non
1359 929 1548 986 eadem
1575 937 1676 985 est.

240 1024 461 1091 Quoties
508 1024 670 1092 igitur
706 1030 895 1077 sancta
948 1020 1225 1092 Scriptura
1259 1021 1466 1077 dictura
1512 1026 1614 1087 est,
1663 1020 1751 1075 vel

172 1115 569 1186 generationem
600 1113 800 1169 Christi
825 1128 895 1169 ex
932 1112 1088 1167 beata
1117 1111 1354 1181 Virgine,
1387 1112 1469 1167 vel
1498 1118 1747 1179 mortem,

172 1222 427 1276 nusquam
456 1206 627 1263 Deum
656 1205 803 1272 dicit,
846 1205 943 1261 sed
971 1212 1063 1259 aut
1097 1201 1388 1269 Christum,
1420 1212 1515 1260 aut
1541 1203 1747 1269 Iesum,

172 1306 259 1353 aut
303 1298 621 1364 Dominum;
664 1296 923 1367 quoniam
950 1296 1064 1351 haec
1103 1296 1206 1350 tria
1258 1303 1478 1350 naturas
1514 1294 1753 1350 indicant

171 1390 316 1453 duas,
348 1388 515 1445 modo
544 1390 706 1457 hanc,
735 1387 900 1444 modo
938 1387 1104 1451 illam,
1132 1386 1294 1442 modo
1324 1394 1627 1456 utramque.
1658 1386 1753 1442 Est

170 1489 341 1536 autem
364 1481 475 1535 tale
496 1480 643 1550 quod
670 1479 810 1545 dico,
840 1479 1052 1549 quoties
1080 1479 1237 1535 nobis
1260 1479 1663 1548 generationem
1684 1494 1753 1534 ex

171 1572 387 1642 Virgine
434 1571 709 1642 Scriptura
758 1579 1164 1637 commemorat,
1218 1571 1349 1641 quid
1390 1571 1561 1626 dicit?
1606 1569 1754 1625 Misit

172 1662 303 1719 Deus
333 1662 535 1718 Filium
560 1680 707 1717 suum
739 1660 879 1733 (Gal.
906 1678 981 1727 ιν,
1002 1661 1091 1733 4);
1121 1677 1228 1716 non
1248 1660 1378 1717 dicit
1406 1680 1419 1714 :
1451 1660 1594 1719 Misit
1610 1661 1751 1716 Deus

1918 465 1997 520 Ita
2051 466 2214 521 etiam
2260 464 2533 520 Christum
2587 462 2880 519 secundum
2930 477 3169 529 carnem,
3210 471 3433 534 propter

1848 557 2300 625 conjunctionem,
2332 571 2492 625 quam
2533 556 2698 610 habet
2725 570 2848 610 cum
2878 555 2991 608 Deo
3030 553 3229 621 Verbo,
3262 554 3428 614 Deum
3454 574 3487 596 ο

1850 650 2208 713 nominamus,
2241 649 2474 704 scientes
2518 662 2639 702 esse
2686 646 2981 711 hominem,
3034 645 3124 714 qui
3180 654 3425 714 apparet.

1854 742 1993 797 Audi
2020 750 2307 811 utrumque
2355 739 2583 795 Paulum
2626 737 3006 809 praedicantem
3036 754 3050 790 :
3082 735 3167 791 Ea:
3210 735 3430 802 Iudicis,

1851 838 2047 908 inquit,
2076 835 2338 891 Christum
2364 833 2644 890 secundum
2671 847 2898 897 carum,
2920 832 3005 903 qui
3033 838 3111 885 est
3139 845 3298 901 supra
3320 846 3434 885 om-

1850 948 1942 987 nes
1970 932 2093 1007 deos
2133 929 2310 1001 (Rom.
2368 944 2441 995 ιι,
2496 925 2572 996 5).
2605 925 2760 980 Prius
2803 925 3077 980 hominem
3121 922 3430 991 conﬁtetur,

1852 1023 2067 1090 deinde,
2094 1020 2475 1090 conjunctione
2519 1018 2587 1073 ad
2614 1018 2801 1082 Deum,
2830 1016 2959 1071 dicit
2986 1016 3156 1071 Deum
3197 1030 3317 1069 eum
3339 1014 3435 1085 qui

1853 1120 2097 1184 apparet,
2138 1127 2208 1168 ne
2245 1110 2367 1180 quis
2392 1107 2855 1165 Christianitatem
2880 1106 3113 1163 hominis
3137 1113 3293 1177 putet
3317 1119 3437 1164 esse

1852 1201 2149 1261 cultricem.

1924 1290 2061 1347 Audi
2088 1291 2253 1346 etiam
2296 1290 2403 1345 hoc
2449 1303 2665 1353 nomen,
2722 1288 2998 1353 Dominus,
3041 1287 3330 1356 aliquando
3369 1287 3437 1344 de

1852 1384 2186 1439 humanitate
2210 1380 2433 1447 Christi,
2456 1379 2744 1450 aliquando
2771 1380 2839 1435 de
2856 1380 3147 1434 Divinitate
3172 1378 3307 1448 ejus,
3337 1378 3437 1433 ali-

1851 1477 2065 1546 quando
2093 1477 2161 1531 de
2198 1483 2425 1544 utraque
2452 1474 2705 1544 positum.
2756 1469 3178 1542 Quotiescumque
3217 1470 3438 1525 mandu-

1853 1568 2034 1623 cabitis
2062 1585 2267 1640 panem,
2309 1577 2358 1620 et
2378 1566 2590 1620 calicem
2620 1564 2818 1628 bibetis,
2842 1572 3055 1618 mortem
3086 1562 3295 1617 Domini
3336 1578 3435 1616 an-

1853 1660 2153 1715 nuntiabitis
2198 1658 2398 1731 (ICor.
2450 1674 2521 1723 xx,
2569 1656 2681 1726 ‘26).
2727 1654 2865 1709 Audi
2919 1669 2986 1709 ex
3012 1653 3440 1723 praecedentibus

173 1756 443 1821 Verbum;
472 1754 568 1810 sed
603 1754 774 1809 utitur
800 1769 866 1809 eo
904 1753 1143 1819 nomine,
1172 1752 1317 1822 quod
1357 1760 1575 1807 naturas
1615 1752 1753 1807 indi—
1780 1757 1829 1817 B
1854 1753 2176 1823 imperitiam
2216 1750 2603 1821 objicientium,
2627 1746 2773 1816 quod
2799 1744 3086 1799 maximam
3114 1759 3231 1799 esse
3258 1745 3438 1812 legant

170 1853 251 1903 cat
269 1846 425 1902 duas.
459 1844 594 1912 Quia
621 1844 764 1899 enim
792 1843 958 1901 Filius
984 1843 1146 1899 homo
1185 1851 1270 1899 est
1300 1851 1355 1898 et
1381 1844 1541 1911 Deus,
1572 1844 1702 1899 dicit
1733 1861 1745 1897 :

170 1935 311 1991 Misit
334 1935 479 1991 Deus
518 1934 714 1989 Filium
742 1950 891 1989 suum
943 1937 1135 2006 factum
1175 1952 1239 1989 ea:
1264 1935 1507 2000 muliere;
1552 1942 1608 1988 ut
1629 1949 1751 1989 cum

168 2028 416 2094 audieris,
462 2029 655 2099 factum
689 2044 753 2081 ea:
797 2026 1033 2090 muliere,
1081 2026 1263 2081 statim
1306 2034 1526 2096 reputes
1554 2040 1751 2080 nomen

168 2124 420 2193 positum,
438 2120 585 2192 quod
604 2129 827 2177 naturas
849 2120 1048 2176 indicat
1070 2119 1201 2175 duas
1223 2138 1238 2186 ;
1270 2127 1323 2175 et
1348 2120 1751 2189 generationem

169 2228 231 2269 ex
257 2214 416 2269 beata
443 2212 663 2282 Virgine
689 2212 812 2268 Filii
836 2228 1019 2269 voces.
1066 2211 1258 2268 Filium
1288 2213 1431 2267 enim
1454 2213 1551 2267 Dei
1580 2227 1748 2283 pepe-

168 2305 234 2360 rit
260 2306 427 2376 Virgo
471 2307 808 2383 πρωτοτόκος
841 2325 854 2361 :
899 2322 1023 2361 nam
1052 2306 1309 2376 quoniam
1328 2305 1494 2361 Filius
1532 2307 1629 2361 Dei
1658 2307 1753 2361 du-

167 2394 286 2466 plex
313 2404 398 2451 est
438 2397 491 2450 in
522 2398 746 2464 naturis,
779 2396 987 2468 peperit
1012 2397 1226 2466 quidem
1257 2395 1449 2450 Filium
1479 2397 1594 2463 Dei,
1625 2396 1751 2466 quia

166 2488 376 2558 peperit
403 2489 677 2544 hominem
696 2530 713 2555 ,
736 2490 828 2559 qui
848 2497 931 2544 est
950 2488 1118 2544 Filius
1139 2489 1264 2553 Dei,
1291 2497 1517 2560 propter
1535 2489 1755 2559 conjun-

164 2586 309 2633 ctum
341 2580 391 2633 ei
422 2578 616 2633 Filium
645 2578 759 2633 Dei.

229 2673 390 2739 Quod
419 2674 476 2728 in
505 2674 784 2729 nativitate
808 2688 874 2729 ex
899 2671 1098 2729 Christi
1129 2674 1389 2743 genitrice
1429 2674 1649 2743 Virgine
1674 2674 1755 2729 di-

162 2763 287 2816 vina
347 2761 624 2833 Scriptura
670 2771 835 2833 ponat
889 2763 1009 2818 Filii
1065 2780 1279 2831 nomen,
1340 2765 1748 2820 declaravimus.

164 2850 299 2906 Audi
323 2851 439 2919 jam
467 2861 521 2907 et
545 2854 598 2908 in
620 2862 830 2919 morte,.
844 2862 899 2909 et
923 2855 1046 2910 vide
1073 2856 1242 2911 sicubi
1286 2856 1501 2911 tandem
1534 2856 1626 2912 Dei
1649 2874 1745 2912 no-

163 2957 285 2998 men
325 2949 411 2997 est
456 2944 713 3013 positum,
759 2954 819 3000 ut
846 2946 1154 3015 passibilem
1198 2946 1367 3001 Deum
1416 2947 1749 3004 inducamus.

165 3032 291 3087 Cum
325 3035 526 3088 inimici
570 3050 812 3101 essemus,
846 3036 1037 3105 inquit,
1087 3037 1405 3091 reconciliati
1438 3053 1612 3091 sumus
1646 3036 1751 3093 Deo

1851 1845 2013 1915 hujus
2037 1844 2277 1917 mysterii
2298 1844 2603 1905 utilitatem,
2622 1847 2678 1895 et
2696 1837 2850 1907 cujus
2870 1836 3437 1893 commemorationem

1852 1940 2161 1995 hominibus
2188 1937 2417 2002 atterat;
2447 1942 2610 2003 atque
2631 1930 2755 1988 audi
2778 1946 2883 1985 non
2912 1943 3001 1984 me
3026 1929 3132 1983 hoc
3150 1928 3435 1993 dicentem,

1851 2031 1946 2086 sed
1990 2032 2209 2086 beatum
2254 2028 2480 2084 Paulum
2528 2046 2540 2079 :
2593 2023 3017 2095 Quotiescumque
3062 2020 3438 2076 manducabitis

1850 2140 2033 2195 panem
2065 2124 2231 2187 hunc;
2275 2137 2383 2176 non
2412 2119 2563 2185 dixit,
2588 2117 3035 2187 quotiescumque
3052 2113 3439 2169 ωειιὸηώἰὼ

1852 2214 2196 2270 Divinitatem
2248 2214 2407 2279 hanc,
2457 2209 2553 2266 sed
2606 2210 3016 2280 quotiescumque
3062 2204 3438 2260 mandacabitis

1853 2324 2040 2377 panem
2067 2307 2220 2361 hunc.
2264 2304 2400 2360 Vide
2426 2303 2494 2358 de
2521 2301 2753 2373 corpore
2776 2299 3057 2355 Dominico
3085 2298 3160 2352 illi
3190 2296 3436 2367 proposi-

1851 2408 1969 2454 tum
1988 2413 2108 2454 esse
2140 2416 2153 2451 :
2188 2397 2613 2465 Quotiescumque
2634 2389 3014 2447 manducabitis
3052 2404 3241 2460 panem
3278 2388 3434 2455 hunc,

1851 2487 2002 2556 cujus
2039 2495 2123 2541 est
2167 2486 2342 2555 ipsum
2386 2498 2582 2553 corpus
2609 2482 2929 2552 antitypum.
2974 2478 3261 2534 Videamus
3308 2489 3436 2544 ergo
3464 2526 3477 2539 κ

1851 2577 2006 2647 cujus
2030 2592 2193 2632 mors.
2228 2573 2649 2644 Quotiescumque
2667 2571 3044 2625 manducabitis
3066 2584 3252 2640 panem
3274 2568 3432 2633 hunc,

1850 2677 1899 2721 et
1919 2668 2130 2721 calicem
2158 2668 2291 2719 hunc
2321 2664 2519 2729 bibetis,
2548 2672 2765 2717 mortem
2792 2661 3005 2717 Domini
3033 2652 3433 2715 annuntiabitis.

1853 2759 1988 2814 Audi
2011 2759 2064 2813 in
2084 2758 2431 2827 sequentibus
2448 2756 2704 2827 apertius,
2730 2756 2889 2809 donec
2909 2755 3096 2807 veniat.
3115 2751 3243 2819 Quis
3258 2762 3437 2806 autem

1851 2851 2065 2906 veniet?
2094 2848 2352 2903 Videbunt
2375 2846 2573 2902 Filium
2594 2848 2815 2902 hominis
2844 2847 3123 2900 venientem
3143 2845 3197 2898 in
3220 2842 3436 2898 nubibus

1851 2942 1962 2997 ccli
1983 2956 2098 2995 cum
2127 2941 2295 3013 gloria
2313 2940 2478 2993 multa
2500 2936 2717 3008 (Matth.
2740 2952 2881 3003 XXIV,
2906 2935 3016 3006 ὅθ).
3042 2933 3129 2999 Et,
3159 2932 3303 3004 quod
3323 2948 3437 2989 ma-

1845 3032 1935 3103 jus
1964 3039 2065 3096 est,
2098 3038 2223 3085 ante
2251 3030 2527 3101 apostolos
2554 3030 2817 3100 propheta
2844 3025 3178 3099 manifestius
3209 3026 3435 3081 venien-

164 3140 249 3193 per
275 3134 492 3179 mortem
538 3123 665 3180 Filii
705 3127 817 3197 ejus
840 3125 1018 3197 (Rom.
1066 3142 1118 3193 v,
1148 3124 1269 3198 l0);
1308 3141 1413 3182 non
1459 3126 1607 3194 dicit,
1659 3146 1751 3201 per
1772 3126 1818 3189 C
1852 3130 1960 3177 tem
1988 3122 2243 3185 ostendit,
2293 3128 2349 3175 et
2367 3119 2564 3175 clamat
2590 3119 2657 3175 de
2693 3117 2891 3174 Iudaeis
2918 3118 3101 3173 dicens
3130 3135 3142 3170 :
3183 3115 3438 3170 Videbunt

170 3226 380 3271 mortem
400 3215 499 3270 Dei
529 3216 703 3271 Verbi.

229 3305 359 3360 Erat
387 3307 605 3375 quidem
634 3308 776 3363 Deus
807 3307 1039 3363 Verbum
1061 3317 1188 3365 ante
1217 3310 1662 3375 incarnationem,
1696 3317 1752 3366 et

167 3395 342 3460 Filius,
389 3406 443 3451 et
470 3398 611 3453 Deus
640 3414 760 3454 cum
788 3396 980 3467 Patre;
1010 3401 1239 3471 sumpsit
1265 3415 1396 3455 vero
1446 3401 1751 3456 novissimis

167 3490 496 3558 temporibus
524 3492 665 3546 servi
710 3490 936 3547 formam
969 3511 985 3546 :
1014 3491 1110 3548 sed
1138 3508 1261 3549 cum
1289 3494 1359 3549 sit
1386 3502 1441 3549 et
1473 3502 1630 3549 antea
1656 3493 1748 3548 Fi-

166 3578 277 3646 lius,
319 3591 377 3637 et
425 3583 502 3637 ita
533 3593 755 3639 vocetur
792 3594 914 3655 post
944 3588 1387 3657 assumptionem,
1421 3603 1529 3642 non
1570 3593 1751 3658 potest

167 3672 333 3727 vocari
364 3672 569 3727 divisus
614 3673 800 3740 Filius,
848 3691 917 3731 ne
963 3676 1099 3732 duos
1144 3676 1283 3733 ﬁlios
1326 3678 1748 3745 constituamus;

166 3762 249 3816 sed
275 3764 405 3833 quia
434 3764 511 3819 illi
539 3764 857 3834 conjunctus
884 3774 987 3835 est,
1027 3768 1120 3838 qui
1149 3777 1267 3824 erat
1310 3784 1341 3823 a
1368 3770 1635 3841 principio
1661 3769 1750 3826 Fi-

165 3851 279 3918 lius,
308 3871 424 3910 non
450 3863 633 3926 potest
678 3858 973 3915 secundum
998 3860 1317 3930 dignitatm
1362 3861 1636 3917 liliationis
1673 3862 1749 3917 di-

165 3946 417 4003 visionem
446 3950 740 4019 suscipere.
771 3950 963 4017 Quoad
988 3952 1303 4020 dignitatem
1340 3951 1631 4019 ﬁliationis,
1665 3954 1745 4009 in-

166 4050 331 4105 quam,
358 4054 469 4094 non
490 4040 667 4110 quoad
696 4049 944 4110 naturas;
970 4051 1256 4114 propterea
1278 4051 1332 4099 et
1352 4044 1491 4099 Deus
1510 4044 1745 4100 Verbum

167 4131 462 4184 nominatur
489 4128 754 4198 Christus,
786 4133 911 4202 quia
950 4135 1113 4189 habet
1142 4134 1581 4204 conjunctionem
1620 4150 1743 4192 cum

165 4213 367 4276 Christo
397 4229 751 4290 perpetuam;
781 4239 953 4293 neque
975 4225 1240 4294 contingit
1260 4234 1317 4279 ut
1339 4226 1483 4281 Dens
1505 4225 1743 4282 Verbum

166 4308 268 4365 sine
295 4312 631 4368 humanitate
660 4312 821 4369 faciat
849 4314 1084 4385 aliquid;
1117 4316 1373 4387 perducta
1402 4327 1485 4374 est
1509 4320 1650 4374 enim
1675 4319 1741 4375 ad

1848 3216 1904 3268 in
1932 3231 2079 3286 quem
2107 3219 2516 3285 comparuerant
2541 3209 2727 3280 (Zach.
2753 3226 2846 3274 ιη,
2873 3209 2985 3278 10).
3027 3208 3164 3275 Quid
3192 3208 3354 3277 igitur
3371 3208 3437 3263 ii-

1849 3305 1939 3361 lnd
1962 3314 2345 3376 compunctum
2370 3305 2486 3361 est?
2513 3302 2696 3359 Latus.
2725 3301 2889 3358 Latus
2918 3317 3046 3358 vero
3072 3318 3178 3357 non
3208 3308 3290 3356 est
3317 3296 3433 3368 Dei,

1849 3397 1944 3454 sed
1966 3399 2219 3454 hominis.

1920 3490 2255 3546 Inconl‘usam
2284 3491 2445 3560 igitur
2464 3503 2739 3545 servemus
2767 3493 3080 3542 naturarum
3106 3484 3438 3555 conjunctiov

1854 3599 2010 3650 nem;
2041 3583 2398 3639 conﬁteamur
2423 3584 2479 3638 in
2515 3582 2735 3639 homine
2760 3582 2957 3646 Deum;
2988 3580 3228 3636 colamus
3256 3579 3434 3634 divina

1851 3675 2082 3745 quadam
2106 3676 2488 3746 conjunctione
2515 3691 2637 3732 cum
2663 3674 2775 3731 Deo
2804 3674 3176 3745 omnipotente
3198 3673 3430 3729 adoran-

1850 3765 1977 3822 dum
2002 3768 2294 3823 hominem.
2506 3832 2509 3835 _
3417 3764 3435 3831 ἦ

1922 3858 2017 3915 Dic
2032 3858 2097 3914 de
2112 3867 2418 3915 assumente
2436 3859 2581 3929 quod
2600 3859 2742 3915 Deus
2762 3858 2859 3921 sit;
2885 3856 3055 3925 adjlcc
3069 3856 3135 3911 de
3155 3863 3430 3926 assumpto

1851 3950 1994 4020 quod
2021 3949 2162 4005 servi
2185 3950 2390 4015 forma;
2421 3948 2559 4004 infer
2576 3956 2764 4018 postea
2794 3946 3185 4017 conjunctionis
3199 3945 3429 4015 dignita-

1851 4048 1980 4107 tem,
2004 4038 2148 4110 quod
2174 4040 2473 4096 communis
2502 4040 2569 4104 sit
2589 4040 2817 4095 duorum
2836 4039 3150 4106 auctoritas,
3170 4039 3314 4113 quod
3338 4055 3403 4095 ea

1850 4132 1971 4189 dem
1992 4134 2062 4190 sit
2080 4131 2303 4189 duorum
2327 4132 2585 4203 dignitas;
2602 4134 3048 4203 manentibusque
3067 4134 3289 4201 naturis,
3306 4146 3411 4189 con

1850 4223 2003 4279 litore
2034 4225 2314 4279 unitatem.

2415 4320 2442 4351 ι
2470 4310 2701 4368 SERMO
2726 4312 2813 4368 Ill.

166 4414 413 4457 summam
429 4404 881 4475 conjunctionem,
900 4423 1011 4463 non
1029 4414 1211 4465 tamen
1234 4409 1733 4480 addeiﬂcationem,
1760 4405 1814 4466 D
1845 4413 2063 4469 Habitus
2101 4431 2136 4468 a
2176 4411 2420 4469 Nestoris
2456 4411 2485 4451 δ
2515 4413 2647 4467 velut
2678 4414 2734 4466 in
2760 4411 2987 4465 Arianos
3007 4420 3057 4466 et
3084 4411 3423 4466 Macedonia-

1337 4541 1878 4604 CASTIGATIONES
1916 4546 2006 4603 ET
2045 4545 2271 4603 NOTIE.

229 4660 250 4689 ι
272 4653 342 4719 id,
368 4662 430 4709 ut
450 4655 601 4709 initio
618 4654 868 4726 digrimus,
893 4662 1086 4724 praeter
1105 4654 1331 4711 Marium
1350 4656 1723 4726 Mercatorem,

169 4728 315 4793 testes
339 4725 583 4793 quinque
608 4720 898 4778 afﬁrmant.

225 4791 451 4869 Cyrilius
619 4793 767 4869 Cant.
789 4811 843 4869 ιτςΔ
852 4793 906 4863 9)
924 4811 937 4846 :
959 4793 1183 4869 Rursum
1201 4813 1423 4869 namque
1439 4800 1515 4852 sic
1532 4798 1725 4867 scribit,

168 4864 532 4935 cum’adversus
550 4866 777 4919 Arianos
792 4864 1188 4935 disputationem
1216 4864 1555 4923 instituisset:
1586 4890 1603 4920 ε
1633 4864 1729 4924 υἱὲ

375 4945 526 5002 certe,
551 4950 665 5007 quae
690 4936 860 5006 Major
876 4933 970 5007 est,
993 4935 1160 5007 ipsum
1186 4935 1285 5007 Dei
1318 4937 1534 4993 Verbum
1554 4956 1730 4993 recen-

171 5003 255 5079 tius
272 5020 380 5079 esse
399 5003 659 5079 uagantur
676 5023 697 5059 :
715 5003 911 5059 at'vero
928 5006 981 5059 hi
1002 5003 1149 5059 beata
1172 5005 1531 5079 Μανία-ἕρπω
1554 5020 1726 5079 poste-

168 5072 265 5150 rius
285 5072 525 5146 efficiunt,
548 5086 598 5131 et
614 5085 833 5130 matrem
854 5079 1182 5150 temporalem
1207 5078 1309 5150 ipsi
1330 5072 1525 5150 Deitati
1553 5072 1728 5150 opiﬁci

171 5144 431 5212 temporum
459 5156 781 5215 praeportant.
810 5165 827 5196 ι
859 5144 927 5199 Et
954 5144 1077 5199 alibi
1110 5144 1245 5217 (Lib.
1281 5165 1332 5202 1v
1364 5166 1408 5201 ε.
1450 5149 1511 5219 1)
1539 5168 1552 5198 :
1584 5144 1729 5204 Deus

178 5208 379 5287 Verbum
419 5218 612 5287 flenti!
637 5225 714 5269 est
740 5230 879 5281 caro,
906 5224 961 5269 et
983 5216 1231 5270 habitarit
1254 5218 1310 5271 in
1349 5218 1514 5273 nobis.
1542 5218 1729 5274 Secum

169 5285 557 5357 considerejecit
576 5285 737 5357 Pater
760 5294 1076 5357 assumptum
1103 5287 1488 5357 humanitatem,
1524 5297 1628 5345 etc.
1662 5289 1729 5345 Et

168 5468 963 5570 sim-fssgmw-f";s;g
976 5468 1429 5570 asinaria;
1460 5468 1600 5554 3;;
1616 5468 1721 5567 "es;

168 5563 246 5637 {qd
270 5562 431 5633 potius
459 5562 782 5637 assumenda,
807 5567 943 5637 quod
965 5562 1065 5620 non
1093 5576 1222 5633 erat,
1248 5562 1407 5622 audet
1428 5562 1720 5626 extenuare.

320 5646 636 5714 cum‘sancto
934 5645 996 5714 ut
1011 5628 1332 5714 dictum'est,
1358 5642 1720 5710 patrocinentr,

170 5697 345 5759 Filium
370 5708 527 5779 afﬁcit
547 5697 762 5780 injuria,
803 5697 904 5760 ubi
926 5707 1168 5762 adversus
1208 5697 1328 5763 Arii
1346 5697 1620 5765 sectatores
1638 5697 1721 5785 ita

1832 4662 1996 4716 dicit:
2026 4680 2046 4712 ‹
2072 4660 2331 4732 Majorem
2356 4677 2412 4715 in
2448 4662 2617 4732 ipsum
2641 4669 2899 4716 struentes
2922 4662 3265 4746 iujuriamtet
3284 4661 3410 4734 Spi-

3141 4740 3310 4786 ritum

1902 4870 1929 4909 δ
1952 4871 2095 4925 Duas
2114 4869 2533 4941 fecitNestorius
2558 4878 2737 4941 partes
2762 4871 2843 4925 sui
2866 4876 3122 4941 tractatus
3148 4888 3161 4924 :
3185 4871 3413 4941 primam

1831 4949 2024 4998 contra
2071 4940 2503 5007 Macedonianos,
2556 4938 2779 4995 alteram
2824 4941 2877 4994 in
2927 4938 3203 5007 Arianosf
3231 4943 3323 4996 sed
3352 4959 3416 4998 ea

1832 5019 2013 5066 tamen
2053 5011 2167 5066 sive
2207 5012 2526 5074 calliditate,
2558 5012 2670 5065 sive
2709 5011 2911 5064 malitia
2952 5018 3137 5066 contra
3180 5014 3417 5080 singulos

1831 5082 2064 5148 disserit,
2084 5089 2141 5136 ut
2160 5089 2446 5152 exaggeret
2466 5082 2554 5137 ille
2574 5080 2789 5150 quidem
2809 5082 3182 5137 haereticorum
3203 5082 3418 5151 dogma-

1832 5159 1945 5207 tum
1982 5151 2347 5222 impietatem,
2375 5168 2486 5207 non
2524 5167 2589 5206 eo
2626 5162 2807 5206 tamen
2843 5165 3047 5221 usque,
3077 5154 3207 5221 quin
3249 5154 3417 5208 videri

1830 5232 2053 5346 Eossent
2089 5223 2473 5279 catholicorum
2512 5222 2792 5277 sententiis
2810 5223 3213 5304 tolerabiliora.
3243 5223 3417 5293 Atque

1866 5308 1944 5346 (ec
1964 5309 2124 5346 causa
2148 5309 2243 5346 cur
2262 5293 2545 5346 Mercator.
2569 5300 2731 5346 atque
2751 5300 2913 5346 etiam
2934 5291 3185 5346 Cvnllus.
3210 5310 3417 5346 sermo-

1866 5308 1944 5347 :ec
1964 5309 2124 5348 causa
2148 5309 2243 5348 cur
2262 5293 2545 5357 Mercator,
2569 5300 2731 5363 atque
2751 5293 2913 5347 etiam
2934 5291 3185 5363 Cyrillus,
3210 5291 3419 5350 sermo-

1830 5378 1953 5417 nem
1985 5364 2224 5418 habitum
2250 5363 2393 5419 dicat
2420 5380 2528 5418 non
2556 5362 2869 5431 simpliciter
2889 5362 3143 5419 adversus
3164 5365 3416 5421 Arianos.

1904 5432 2191 5506 Utriusque
2232 5433 2877 5506 partis_fragmentaiquie
2916 5443 3153 5506 restant,
3195 5452 3294 5506 par
3336 5445 3419 5495 est

1837 5504 2058 5558 credere
2081 5519 2191 5572 prae
2218 5502 2332 5557 toto
2360 5502 2643 5558 admodum
2673 5505 2863 5572 exigua
2904 5520 3043 5560 esse.
3075 5502 3245 5562 Unica
3271 5507 3415 5561 enim

1830 5572 2343 5646 Macedonianorum‘
2368 5572 2851 5646 blasphemia_,4qua
2878 5575 3137 5646 Spiritum
3169 5591 3414 5633 sanctum

1826 5644 2137 5721 asserebant
2151 5642 2347 5721 Christi
2362 5635 2595 5708 servum,
2613 5635 2872 5721 refellitur
2891 5635 3137 5721 inprima
3155 5656 3336 5721 parte;
3360 5635 3433 5721 inf

1825 5714 1991 5768 altera
2020 5713 2209 5769 leviter
2238 5713 2558 5769 Arianorum
2586 5728 2747 5770 causa
2776 5710 3072 5789 attingitur.
3155 5710 3175 5721 ”
3323 5710 3331 5714 ’
3416 5710 3428 5731 ¹

3646 788 3707 861 ἢ

3546 846 3693 931 μέλε
