3904 6272
190 273 314 338 769

1396 264 1560 330 ῘΜΡΙΙ
1595 268 1910 331 NESTORII
1949 267 2182 332 SERMO
2214 268 2304 328 111.

3371 273 3476 335 ’170

189 393 428 465 quidem
451 388 731 462 proprium
756 387 933 447 omnis
959 393 1044 446 est
1080 387 1268 445 matris
1292 388 1789 445 consubstantivum
1815 394 1871 454 Α
1891 389 2001 461 ipse
2031 387 2376 460 (Nestorius)
2406 382 2460 442 se
2485 389 2786 460 interponit,
2809 403 3029 462 moxque
3054 389 3173 446 illos
3201 393 3472 462 approbat.

188 487 305 542 sibi
340 498 546 556 parere.

1888 498 2012 554 quos
2033 499 2128 536 sua
2157 481 2386 536 docendo
2406 481 2740 552 perdiderat:
2763 491 3001 538 ceterum
3026 483 3082 537 in
3103 499 3218 537 eum
3245 484 3476 556 linguam

267 577 418 647 Ergo
465 591 575 632 non
623 575 725 632 erit
771 583 980 642 mater,
1010 589 1130 644 quae
1157 573 1650 631 consubstantivum
1686 573 1787 628 sibi
1885 573 2089 627 exacuit
2108 574 2192 644 qui
2207 574 2365 643 ipsius
2388 573 2632 644 dogmata
2651 591 2756 629 non
2778 575 3108 640 sustinuerat,
3127 585 3176 629 et
3195 577 3246 630 in
3269 586 3476 632 sanctos

184 670 424 725 minime
449 667 680 738 peperit.
709 665 870 737 Ergo,
896 667 1021 736 quia
1046 675 1218 721 mater
1238 667 1306 720 ab
1327 666 1392 722 iis
1419 664 1630 732 dicitur,
1662 681 1784 720 eum

187 761 290 832 qui
344 759 636 815 secundum
683 759 1035 815 substantiam
1081 758 1271 815 similis
1298 767 1382 813 est
1407 758 1607 827 genuit.
1656 757 1785 824 Quis

182 860 379 907 autem
401 852 693 908 secundum
717 851 1070 907 substantiam
1091 849 1206 919 ejus
1228 850 1330 905 erit
1349 850 1568 905 similis?
1596 849 1645 905 Is
1668 851 1784 906 sine

181 941 362 998 dubio
387 944 480 1013 qui
500 943 732 1014 Spiritus
759 943 930 998 sancti
958 941 1171 1012 opilicio
1201 941 1437 996 exstitit:
1473 938 1624 1005 Quod
1646 943 1784 996 enim

180 1034 240 1087 in
272 1052 341 1088 ea
367 1045 548 1089 natum
573 1044 669 1101 est,
698 1035 762 1089 de
799 1033 1000 1105 Spiritu
1028 1042 1208 1088 sancto
1233 1042 1310 1088 est
1339 1031 1530 1104 (Matt.
1561 1050 1598 1097 ι,
1641 1031 1778 1104 20);

179 1141 314 1182 cun
338 1143 448 1198 quo
467 1128 831 1184 indesinenter
853 1135 971 1182 erat
988 1126 1223 1182 Verbum
1248 1126 1406 1182 Deus.

255 1216 502 1274 Verbum
531 1232 660 1287 ergo
701 1218 843 1274 Deus
868 1234 976 1272 non
1005 1225 1086 1272 est
1124 1226 1280 1272 natus
1301 1232 1369 1272 ex
1396 1216 1582 1283 Maria,
1607 1217 1702 1272 sed
1727 1217 1781 1272 in

176 1307 299 1374 illo,
334 1310 432 1378 qui
454 1324 522 1364 ex
551 1324 614 1364 ea
635 1316 791 1363 natus
820 1317 920 1373 est,
947 1308 1164 1363 mansit.
1195 1307 1313 1362 Non
1339 1323 1406 1362 ex
1427 1307 1646 1376 Virgine
1676 1308 1779 1362 ini-

176 1399 320 1454 tium
351 1399 558 1466 habuit,
585 1399 678 1455 sed
707 1399 780 1454 illi
803 1399 893 1469 qui
922 1397 1215 1454 crescendo
1237 1414 1334 1469 per
1356 1414 1570 1454 menses
1589 1399 1777 1469 paula-

173 1492 275 1547 tim
299 1493 639 1564 compositus
669 1493 723 1547 in
763 1501 917 1547 utero
948 1491 1180 1561 Virginis
1218 1501 1317 1559 est,
1350 1491 1780 1562 inseparabiliter

169 1585 331 1642 omni
357 1593 603 1655 tempore
626 1585 862 1640 sociatus
882 1593 983 1638 est.
1017 1583 1174 1639 Aliud
1203 1592 1286 1639 est
1329 1594 1508 1638 autem
1552 1581 1730 1638 dicere
1761 1600 1773 1636 :

169 1674 314 1731 Cum
347 1678 442 1733 illo
471 1677 562 1748 qui
602 1686 760 1732 natus
799 1685 899 1745 est,
942 1686 1156 1746 manet;
1203 1685 1258 1732 et
1298 1675 1472 1742 aliud,
1507 1677 1654 1730 illum
1684 1677 1777 1745 qui

1885 663 2070 717 Patres
2096 664 2180 735 qui
2209 665 2350 737 piam
2377 663 2498 735 ﬁdei
2525 664 2878 736 deﬁnitionem
2900 665 3046 720 nobis
3081 669 3472 736 constituerant,

1886 763 2039 827 atque
2067 755 2142 808 ait
2165 771 2183 810 :

1957 843 2178 900 Gaudeo
2220 854 2458 902 vestrum
2504 847 2770 918 aspiciens
2811 849 3021 903 zelum:
3048 848 3284 904 indidem
3329 850 3473 905 enim

1882 936 2168 1006 perspicue
2207 939 2423 1007 coargui
2452 948 2710 1009 possunt,
2751 955 2871 1010 quae
2911 940 2978 994 ab
3019 939 3216 994 infelici
3257 940 3475 996 homine

1881 1037 2008 1085 sunt
2033 1029 2298 1098 ﬂagitiose
2324 1030 2486 1085 dicta.
2527 1030 2659 1085 Nam
2685 1045 2915 1100 quorum
2940 1029 3058 1085 duae
3087 1039 3210 1086 sunt
3247 1045 3474 1100 genera-

1883 1120 2075 1188 tiones,
2108 1136 2295 1176 eorum
2342 1121 2449 1176 duo
2492 1122 2600 1176 sint
2645 1122 2737 1177 lilii
2786 1137 3037 1188 necesse;
3087 1122 3180 1178 sed
3228 1120 3471 1177 Ecclesia

1880 1229 2046 1268 unum
2075 1213 2317 1282 agnoscit
2336 1212 2529 1268 Filium
2562 1214 2736 1284 ipsum
2758 1214 3043 1269 Dominum
3066 1211 3358 1270 Christum.

1949 1302 2059 1358 Nos
2087 1311 2266 1358 autem
2308 1312 2525 1374 oportet
2564 1320 2721 1359 nosse
2762 1304 2816 1358 id
2856 1307 2999 1373 quod
3038 1305 3198 1359 modo
3240 1306 3386 1360 venit
3413 1304 3468 1360 in

1878 1395 2306 1451 recordationem
2335 1394 2362 1434 δ
2402 1396 2616 1451 concilii
2638 1396 2858 1460 Nicmni,
2899 1397 3042 1466 quod
3072 1413 3333 1467 nusquam
3369 1413 3469 1454 au-

1887 1502 2004 1542 sum
2033 1494 2116 1541 est
2143 1485 2323 1542 dicere
2351 1487 2474 1556 quia
2501 1485 2736 1542 Verbum
2765 1487 2904 1542 Deus
2935 1496 3118 1542 natum
3147 1496 3230 1543 est
3258 1504 3326 1543 ex
3362 1489 3472 1544 vir-

1877 1577 2000 1646 gine
2041 1577 2235 1644 Maria;
2279 1577 2355 1631 ait
2401 1577 2542 1632 enim
2582 1595 2594 1630 :
2642 1576 2906 1631 Credimus
2945 1579 2999 1632 in
3045 1596 3202 1633 unum
3251 1579 3465 1636 Patrem

1878 1671 2295 1740 omnipotentem,
2326 1679 2377 1723 et
2402 1671 2456 1723 in
2479 1686 2637 1723 unum
2662 1668 2943 1724 Dominum
2969 1670 2998 1722 J
3007 1687 3145 1724 esum
3183 1669 3461 1726 Christum.

169 1784 296 1825 cum
325 1780 459 1827 nam
479 1780 680 1834 manet,
699 1772 840 1826 hunc
861 1787 978 1827 ωδε
999 1771 1086 1826 cui
1101 1780 1160 1825 ιιι
1181 1778 1490 1826 nasceretur
1510 1770 1776 1826 mensium
1806 1771 1853 1830 Β
1879 1760 2170 1825 Attendite,
2189 1761 2312 1830 quia
2333 1761 2482 1831 prius
2502 1777 2624 1816 cum
2645 1760 2832 1816 Patres
2848 1763 3154 1832 posuissent
3173 1762 3466 1831 Christum,

168 1875 314 1931 opus
345 1861 536 1917 fuisset
563 1861 849 1916 curriculo.

240 1950 379 2007 Cum
411 1951 684 2008 Nestorius
726 1955 779 2007 in
815 1953 984 2008 media
1014 1952 1246 2007 Ecclesia
1279 1953 1516 2025 profanis
1545 1961 1774 2007 uteretur

168 2060 362 2098 vocum
412 2045 719 2099 novitatibus
751 2043 958 2118 (quibus
1005 2053 1054 2098 et
1095 2045 1374 2112 Θεοτόκον,
1426 2054 1476 2098 et
1515 2046 1772 2116 geminam

171 2133 375 2189 Christi
418 2137 736 2190 nativitatem
777 2136 1176 2208 insectabatur),
1213 2147 1237 2175 ι
1273 2138 1349 2190 vir
1386 2136 1595 2209 quidam
1648 2153 1773 2190 sane

166 2225 390 2297 probus,
421 2229 506 2300 qui
537 2226 703 2281 adhuc
724 2228 856 2282 inter
884 2227 1044 2282 laicos
1072 2239 1204 2294 erat,
1228 2227 1320 2283 sed
1349 2237 1519 2282 tamen
1541 2227 1773 2282 admira-

166 2317 326 2373 bilem
359 2319 454 2373 sibi
483 2319 757 2392 collegerat
795 2320 1164 2387 eruditionem,
1203 2323 1416 2393 ferventi
1445 2331 1494 2374 et
1531 2321 1771 2394 religioso

164 2410 278 2463 zelo
310 2420 596 2482 permotus,
639 2420 688 2465 et
727 2414 1029 2466 contentiori
1058 2430 1177 2467 voce
1214 2415 1503 2469 inclamans
1528 2432 1545 2469 :
1567 2413 1766 2486 Ipsum,

161 2502 364 2574 inquit,
395 2512 521 2559 ante
550 2505 743 2560 saecula
771 2503 1006 2559 Verbum
1030 2505 1191 2560 etiam
1220 2505 1514 2560 secundam
1543 2508 1767 2562 subiisse

159 2597 581 2664 generationem
600 2636 614 2662 ,
645 2597 700 2651 id
728 2606 835 2661 est,
866 2597 1012 2651 illam
1044 2597 1322 2653 secundum
1362 2615 1596 2665 carnem,
1628 2608 1678 2653 et
1705 2616 1769 2654 ex

156 2691 407 2744 muliere.
443 2689 887 2772 Tumultuantibus
917 2689 986 2742 ad
1012 2691 1111 2744 ista
1153 2691 1373 2761 populis.
1410 2699 1460 2744 et
1478 2691 1668 2762 majori
1709 2707 1770 2744 ac

158 2782 376 2835 saniori
399 2790 546 2852 parte
560 2782 799 2836 maximis
818 2781 965 2835 illum
985 2780 1221 2836 laudibus
1242 2781 1526 2845 attollente,
1552 2792 1607 2836 ut
1627 2783 1768 2853 pium

161 2882 212 2927 et
239 2875 536 2945 sapientem
564 2876 619 2928 in
659 2875 870 2946 primis,
910 2883 960 2928 et
998 2884 1251 2928 rectorum
1291 2874 1586 2946 dogmatum
1628 2874 1768 2927 haud

165 2973 468 3039 expertem,
514 2966 632 3021 aliis
671 2966 1006 3021 nihilominus
1045 2965 1288 3021 adversus
1326 2967 1474 3021 illum
1513 2967 1762 3037 e/feratis,

1876 1853 2020 1923 quod
2048 1852 2273 1907 duarum
2300 1860 2611 1908 naturarum
2645 1852 3079 1922 conjunctionem
3110 1853 3465 1923 demonstrat,

1876 1961 1984 2002 non
2013 1945 2296 2012 dixerunt,
2339 1961 2498 1998 unum
2534 1943 2701 2000 Deum
2737 1944 2996 2012 Verbum;
3025 1945 3119 2001 sed
3149 1955 3471 2016 acceperunt

1875 2055 2074 2096 nomen
2121 2038 2266 2108 quod
2310 2038 2633 2107 signiﬁcaret
2679 2047 2991 2109 utrumque,
3043 2048 3101 2094 ut
3147 2041 3470 2096 subdescen-

1875 2134 2070 2200 dendo,
2095 2149 2215 2188 cum
2245 2131 2399 2187 audis
2426 2139 2674 2198 mortem,
2700 2134 2845 2188 nulla
2875 2133 3113 2188 novitate
3135 2134 3382 2200 turberis,
3417 2142 3470 2189 et

1878 2244 2002 2283 cum
2032 2226 2346 2283 cruciﬁxum
2375 2235 2430 2281 et
2457 2227 2743 2296 sepultum,
2770 2234 3040 2297 tamquam
3080 2226 3369 2282 Divinitate
3393 2227 3467 2281 ita

1876 2319 2139 2390 patiente,
2173 2329 2195 2358 ο
2228 2333 2336 2373 non
2365 2317 2664 2373 vulnereris
2689 2318 2890 2373 auditu.

1946 2419 2148 2473 Deinde
2179 2418 2454 2474 videamus
2487 2417 2615 2486 quid
2648 2418 2722 2472 illi
2752 2417 3095 2486 subjungunt.
3129 2417 3393 2473 Credimus
3413 2428 3466 2473 et

1872 2511 1929 2563 in
1956 2526 2115 2563 unum
2143 2507 2423 2562 Dominum
2450 2507 2629 2561 Iesum
2649 2507 2926 2572 Christum,
2949 2509 3267 2579 unigenitum
3289 2507 3464 2575 Patri,

1873 2603 1957 2672 qui
1987 2609 2194 2670 propter
2219 2615 2313 2652 nos
2346 2598 2628 2664 descendit,
2657 2607 2706 2652 et
2733 2599 3035 2652 incarnatus
3064 2607 3140 2652 est
3169 2598 3232 2651 de
3264 2598 3467 2669 Spiritu

1871 2702 2071 2747 sancto.
2097 2691 2215 2746 Non
2235 2691 2487 2746 dixerunt
2507 2690 2631 2759 quia
2655 2698 2808 2745 natus
2831 2698 2913 2744 est
2933 2690 3000 2745 de
3021 2689 3460 2760 Spiritu'sancto.

1872 2783 2006 2839 Vide
2034 2781 2484 2852 quemadmodum
2515 2782 2936 2852 interpretentur
2961 2781 3456 2846 subdescendendo,

1871 2875 1997 2945 quia
2019 2874 2270 2929 dixerunt
2289 2873 2558 2928 hominem
2579 2871 2796 2928 factum.
2821 2874 3007 2942 Deum,
3031 2875 3294 2944 inquiunt,
3317 2873 3456 2930 dici-

1869 2983 1988 3022 mus
2016 2967 2370 3033 incarnatum,
2395 2981 2504 3021 non
2525 2966 2938 3022 mutabilitatem
2959 2967 3014 3022 in
3039 2981 3255 3030 carnem
3284 2966 3460 3022 susci-

1345 3103 1896 3164 CASTIGATIONES
1939 3106 2026 3162 ET
2062 3105 2289 3163 NOTAE.

240 3227 267 3256 α
299 3215 399 3271 Vir
418 3217 530 3301 ille,
548 3231 641 3301 qui
660 3216 1092 3301 probusdicitur,
1115 3215 1207 3286 qui
1233 3216 1617 3301 admirabiliter
1641 3233 1767 3301 eru-
1797 3220 1844 3283 C
1873 3217 2220 3301 Itabitqntibus
2246 3217 2316 3301 ad
2351 3219 2633 3301 euidentem
2667 3220 2896 3301 haeretici
2924 3217 3170 3301 Nestorii
3194 3231 3458 3301 confusio-

171 3286 310 3342 ditus
328 3329 344 3353 ,
377 3289 470 3356 qui
500 3287 620 3343 lidei
652 3286 828 3342 studio
858 3289 1138 3352 incensus,
1167 3287 1259 3356 qui
1291 3295 1416 3343 tunc
1440 3288 1579 3344 inter
1599 3289 1767 3345 laicos

173 3359 346 3414 adhuc
376 3369 513 3422 erat,
537 3375 659 3429 cum
689 3357 936 3415 Nestorio
957 3357 1370 3429 contradiceret,
1393 3360 1591 3428 quique
1611 3368 1762 3429 post-

171 3429 414 3500 modum,
446 3428 589 3500 quod
619 3445 724 3485 vox
749 3430 869 3495 ista,
894 3429 1082 3495 adhuc,
1101 3428 1396 3500 significat,
1433 3429 1487 3483 in
1516 3428 1762 3500 altiorem

174 3499 397 3571 gradum
421 3498 644 3571 evectus
660 3507 760 3566 est,
778 3501 912 3555 alius
925 3498 1276 3571 proculdubio
1296 3515 1405 3555 non
1425 3507 1508 3571 est
1522 3501 1588 3555 ab
1603 3499 1764 3555 Euse-

173 3570 260 3625 bio
282 3569 633 3640 postmodum
658 3571 885 3642 Dorylzei
907 3569 941 3626 e
979 3572 1183 3639 iscopo.
1211 3569 1328 3637 Quo
1349 3570 1491 3625 enim
1516 3578 1759 3641 tempore

173 3641 377 3696 primus
409 3642 648 3695 omnium
677 3641 909 3696 Nestorii
938 3587 1186 3696 haeresim
1229 3639 1609 3696 deprehendit.
1652 3657 1759 3696 non

173 3639 377 3710 primus
409 3642 648 3711 omnium
677 3639 909 3696 Nestorii
938 3639 1186 3711 haeresim
1229 3639 1609 3711 deprehendit,
1628 3639 1760 3696 ‘non

174 3703 382 3765 tantum
427 3709 653 3781 florebat
678 3712 892 3766 virtutis
937 3710 1092 3766 laude
1133 3703 1381 3781 famaque
1421 3703 1758 3778 eruditionis,

175 3790 227 3837 et
252 3781 436 3906 ειυὲἰῖ
462 3779 604 3848 fidei,
633 3781 727 3837 sed
750 3783 913 3838 etiam
941 3783 1082 3839 inter
1106 3779 1398 3838 advocatos
1427 3782 1574 3838 urbis
1601 3783 1763 3852 regia:

178 3867 334 3906 cense
378 3868 412 3906 a
438 3868 521 3906 ur.

178 3861 521 3907 censebatur.

243 3921 421 3993 Atque
451 3938 518 3994 ex
547 3923 630 3978 his
669 3931 854 3994 aperte
883 3924 1196 3994 intelligitur
1234 3939 1395 3994 quam
1437 3923 1508 3979 ob
1546 3939 1764 3979 causam

177 3991 440 4065 Eusebius
469 3991 727 4049 famosam
756 3995 899 4048 illam
923 3991 1076 4050 suam
1102 3991 1519 4065 obtestationem
1552 3995 1764 4065 publice

179 4061 640 4135 Constantinopoli
671 4066 1042 4135 proposuerit,
1085 4080 1189 4135 qna
1235 4065 1384 4120 Pauli
1425 4061 1762 4135 Samosateni

180 4132 967 4205 Nestoriiquecons'cns'ionem
997 4132 1408 4191 demonstraret.
1442 4133 1574 4190 Cum
1617 4137 1761 4191 enim

181 4205 348 4273 palam
393 4205 646 4260 haeretico
686 4208 1002 4272 restitisset,
1049 4207 1116 4261 ab
1152 4222 1327 4276 eoque
1369 4207 1509 4260 male
1549 4207 1764 4262 habitus

183 4284 332 4347 esset
363 4285 637 4345 tamquam
690 4277 853 4347 impie
899 4277 1141 4347 locutus,
1187 4277 1451 4347 sentiebat
1498 4276 1763 4333 interesse

184 4359 284 4416 sua:
312 4345 496 4411 famm,
521 4347 684 4401 immo
710 4345 1059 4403 etrcatholica:
1089 4346 1226 4414 lidei,
1256 4345 1562 4416 patefacere
1590 4349 1764 4402 omni-

182 4415 290 4482 bus,
322 4417 420 4472 sed
449 4418 742 4487 praesertim
779 4419 1004 4484 clericis,
1037 4433 1198 4486 quam
1223 4415 1415 4471 merito
1447 4417 1497 4470 id
1526 4415 1758 4473 fecisset.

246 4487 564 4556 lntelligitur
587 4488 752 4542 etiam
793 4497 1002 4558 tempus
1038 4488 1321 4558 publicatae
1355 4489 1758 4554 obtestationis;

185 4566 356 4612 secuta
386 4566 469 4612 est
488 4559 628 4612 enim
650 4573 953 4614 sermonem
978 4559 1208 4613 Nestorii
1231 4559 1484 4613 adversus
1512 4558 1757 4625 Arianos,

187 4629 465 4698 antecessit
493 4630 794 4683 orationem
825 4628 1020 4692 Procli,
1053 4641 1214 4698 atque
1243 4630 1315 4684 ita
1345 4629 1528 4684 incidit
1557 4631 1609 4683 in
1641 4646 1759 4686 me-

188 4695 318 4752 dium
344 4699 560 4770 circiter
595 4698 926 4770 Ianuarium.
959 4699 1047 4754 Sic
1075 4695 1217 4754 enim
1260 4715 1444 4754 verum
1473 4708 1583 4766 est,
1615 4701 1760 4770 quod

188 4770 387 4840 scripsit
416 4768 690 4831 Leontius,
717 4771 783 4824 ab
814 4769 1045 4825 Eusebio
1079 4770 1310 4840 primum
1345 4768 1754 4840 deprehensam,

189 4837 336 4894 immo
359 4849 418 4894 et
444 4840 654 4910 publice
677 4841 1058 4910 reprehensam
1082 4837 1317 4894 Nestorii
1347 4837 1593 4895 haeresim
1621 4860 1632 4894 :
1663 4859 1759 4897 ne—

189 4921 267 4981 mo
287 4911 427 4964 enim
468 4911 614 4979 prius
642 4911 952 4980 episcopum
980 4912 1140 4979 regiae
1168 4911 1332 4976 urbis,
1366 4919 1421 4966 et
1447 4912 1756 4981 imperatori

189 4977 414 5051 charum,
439 4977 599 5035 ausus
622 4977 703 5035 est
732 4977 907 5051 palam
932 4977 1174 5051 arguere.

251 5047 458 5121 Quaerat
487 5066 612 5106 vero
635 5047 828 5120 aliquis
855 5068 950 5107 cur
977 5047 1392 5107 obtestationem
1419 5067 1538 5121 quae
1560 5052 1612 5106 in
1639 5053 1755 5106 vul-

191 5120 313 5189 gatis
357 5119 613 5189 Ephesini
663 5119 874 5176 concilii
922 5123 1196 5178 codicibus
1244 5119 1495 5177 tribuitur
1547 5123 1755 5178 clericis

190 5185 799 5260 Constan'tinopolitanis,
844 5208 944 5247 nos
985 5191 1215 5248 Eusebio
1256 5200 1364 5246 tam
1405 5193 1750 5260 allirmanter,

191 5261 592 5330 repugnantibus
632 5263 753 5316 licet
776 5263 1022 5316 omnibus
1061 5263 1408 5318 conciliorum
1438 5263 1750 5330 editoribus,

193 5326 557 5395 adjudicemus.
583 5331 905 5401 Respondeo
930 5332 979 5386 id
1000 5347 1030 5386 a
1049 5334 1204 5387 nobis
1225 5333 1340 5387 tieri
1368 5334 1577 5387 ratione
1597 5326 1754 5389 simul

193 5403 240 5449 et
264 5402 573 5457 auctoritate
601 5412 863 5458 veterum.
890 5402 1022 5474 Nam
1046 5403 1279 5474 primum
1307 5404 1397 5472 qui
1428 5405 1748 5474 obtestatio-

191 5479 301 5548 nem
327 5474 609 5548 proponit,
641 5489 778 5528 unus
816 5471 1240 5548 quidam'homo
1269 5471 1368 5529 est.
1417 5471 1748 5548 Quicumque,

193 5543 273 5617 finit3
291 5543 525 5617 s_chedam
548 5545 683 5617 hanc
717 5543 973 5617 accepturi
995 5555 1131 5614 sunt,
1155 5561 1240 5600 eos
1261 5563 1350 5617 per
1369 5543 1751 5617 sacrosanctam

191 5604 476 5689 ﬁrmitatem
506 5615 714 5686 adjuro,
757 5604 1093 5689 obtestorque,
1120 5604 1474 5689 'etc.'Dei_nde
1514 5618 1751 5686 postulat

191 5676 269 5759 ille
287 5682 516 5759 chartam
541 5676 924 5741 cbmmunicari
945 5676 1214 5758 episcopis,
1234 5676 1557 5759 presbyteris,
1582 5689 1752 5743 diaco-

191 5752 280 5816 nis,
302 5752 583 5825 lectoribus,
611 5773 807 5813 necnon
833 5767 880 5813 et
911 5752 1059 5814 taicis
1091 5752 1286 5828 quoque
1305 5752 1749 5831 Constantinopoli

1713 5925 1783 5937 ,μυ-ι.
1799 5919 1821 5934 ἰ
1836 5916 1860 5931 ⁸⁵

1871 3308 2005 3363 item.
2032 3287 2157 3363 Haec
2181 3297 2358 3363 autem
2381 3290 2508 3356 duo,
2534 3299 2592 3344 ut
2613 3292 2903 3347 convenire
2932 3297 3135 3363 possint
3159 3298 3211 3351 in
3234 3287 3459 3355 clericos

1871 3358 2518 3434 Constantinopolitanos,
2542 3370 2666 3434 apte
2685 3364 2905 3418 omnino
2926 3358 3227 3434 congruunt
3256 3371 3345 3424 uni
3370 3369 3459 3425 ali-

1869 3432 1954 3485 cui
1983 3431 2218 3506 homini,
2250 3432 2366 3506 qui_
2389 3431 2591 3500 neqne’
2613 3432 2754 3488 inter
2794 3431 3079 3506 episcopos
3126 3449 3453 3506 censeretur,

1870 3517 2056 3575 neque
2066 3503 2206 3556 inter
2227 3503 2589 3575 presbyteros,
2615 3512 2707 3575 aut
2735 3504 2893 3558 etiam
2916 3503 3192 3575 diaconos,
3216 3519 3269 3566 et
3289 3503 3458 3567 lecto;

1868 3587 1957 3655 res
2019 3572 2488 3655 Constantinopoli
2516 3573 2888 3655 Jhabitantes;
2936 3576 3154 3655 Accedit
3179 3572 3188 3575 ⁷
3210 3591 3456 3655 apertum

1815 3690 1821 3693 _
1868 3641 2096 3722 Leontii,
2123 3641 2402 3722 Scolastici
2424 3644 2790 3722 testimonium
2812 3665 2823 3698 :
2843 3645 3122 3722 Proposita
3142 3641 3453 3722 estfinquit,

1865 3715 2127 3785 utriusque
2143 3715 2452 3785 confutatio,
2478 3713 2634 3769 Pauli
2662 3717 2856 3771 scilicet
2876 3727 2925 3771 et
2952 3713 3002 3770 Ν
3006 3724 3200 3784 estorii,
3223 3713 3290 3777 ea:
3315 3713 3456 3777 testi;

1866 3784 2563 3865 moniopubliceproposito,
2587 3797 2643 3840 ut
2668 3791 2830 3848 aiunt,
2863 3789 2927 3842 ab
2962 3787 3198 3856 Eusebio,
3227 3796 3312 3865 qui
3335 3803 3454 3847 tunc

1867 3853 2086 3934 florebat
2103 3856 2158 3934 in
2175 3853 2449 3934 iudicandi
2472 3867 2723 3934 potestate
2745 3875 2762 3911 :
2785 3870 2963 3934 postea
2985 3870 3154 3934 autem
3176 3853 3451 3934 pr'wfectus

1867 3926 1967 3995 fuit
1997 3923 2243 4000 Ecclesia:
2265 3923 2696 4000 Dorylteensium,
2722 3923 3010 4000 qui_divino
3036 3923 3245 3995 κρισξηε
3267 3923 3458 3987 testan-

1869 3996 2256 4072 tur,‘ince_nsus,
2286 3996 2481 4072 primus
2504 3996 2744 4072 ltwresim
2772 3996 3004 4072 Nestorii
3027 4012 3075 4054 et
3097 4001 3343 4072 Eutychis
3366 4004 3454 4058 de-

1867 4065 2154 4141 prehendit,
2179 4067 2485 4141 et‘conricit,
2510 4068 2732 4141 inﬁnitis
2765 4069 3004 4141 periculis
3026 4089 3119 4140 pro
3145 4065 3333 4141 pictate
3361 4073 3453 4127 ob-

1857 4136 2045 4212 jectu_s.
2071 4135 2219 4212 Audi
2227 4137 2382 4207 igitur
2413 4135 2722 4212 cumquibus
2743 4149 2792 4192 et
2818 4135 3103 4212 cujusmodi
3123 4135 3455 4212 blasphemiis

1865 4205 1931 4260 ea:
1972 4205 2140 4280 _Paulo
2181 4205 2800 4262 Stimosatensi'collectis
2842 4205 3071 4265 Nestorii
3113 4205 3456 4280 blasphemias

1866 4277 2153 4350 conjunxit,
2171 4287 2220 4331 et
2241 4295 2399 4332 unam
2417 4281 2681 4350 utriusque
2699 4288 2915 4350 mentem
2931 4277 3333 4338 amentissimam
3348 4302 3457 4340 esse

1866 4346 2252 4426 demonstravit,
2279 4349 2428 4426 etei
2446 4347 2562 4426 Lib.
2590 4346 2641 4404 in
2669 4361 2805 4426 con_t.
2833 4349 3176 4426 Nestorianos
3215 4363 3263 4407 et
3291 4353 3456 4426 Euty-

1866 4417 2097 4492 chianos,
2131 4429 2252 4492 tam.
2280 4417 2346 4471 IV
2373 4417 2716 4492 Antiquarum
2745 4419 3097 4492 Lectionum).
3397 4417 3406 4445 ⁵

1939 4487 1964 4526 b
1995 4488 2150 4567 Apud
2176 4487 2803 4567 Constantinopolitanos
2833 4507 2938 4545 non
2982 4487 3124 4547 aliud
3144 4496 3452 4567 symbolum

1867 4567 1985 4613 erat
2013 4559 2065 4613 in
2095 4576 2213 4622 usu,
2244 4575 2404 4627 quam
2433 4559 2724 4627 Nitxbnum,
2756 4570 3079 4618 cumtamen
3109 4559 3214 4620 alio
3245 4574 3454 4622 uteren-

1868 4637 1956 4683 tur
1975 4631 2312 4704 éntiocheni,
2338 4645 2638 4704 eoqueqnon
2663 4647 2850 4704 parum
2872 4632 3117 4704 diverso.
3155 4635 3451 4704 Nestorius,

1867 4707 1924 4753 ut
1969 4699 2436 4774 Constantinopoli
2477 4699 2782 4774 disputabat
2821 4703 3077 4759 adversus
3123 4699 3448 4774 catholicos,

1866 4771 2044 4824 attulit
2071 4769 2372 4838 Nicamum;
2397 4769 2686 4828 Cassianus
2714 4781 2900 4828 contra
2931 4774 3234 4830 Nestorium
3264 4769 3452 4832 Antio;

1864 4841 2096 4915 ebenum
2116 4842 2368 4915 adhibuit
2390 4840 2538 4912 (Lib.
2571 4859 2620 4915 vt
2651 4843 2814 4915 toto).
2855 4842 2924 4897 Ut
2963 4852 3141 4899 autem
3173 4847 3452 4915 utriusque

1864 4910 2162 4986 dillerentia
2193 4910 2512 4978 innotescat,
2538 4913 2710 4968 visum
2743 4910 2826 4968 est
2854 4929 3032 4983 opem:
3060 4918 3288 4986 pretium
3318 4910 3453 4972 alte-

1862 4998 1981 5036 rum
1993 4984 2165 5060 alteri
2181 4985 2527 5060 -παραλλὴλως
2557 4999 2849 5060 opponere.

1939 5064 1969 5127 ξ
1993 5052 2357 5127 ῌιμιοὲξοεῇψι
2401 5052 2862 5127 εξοιξῇθιξέχειεῃειι
2900 5053 3187 5112 Cassianus
3230 5057 3368 5127 (Lib.
3395 5074 3448 5113 vr

1864 5143 1910 5198 cﬁ.
1943 5123 2104 5198 9,10,
2139 5124 2223 5190 ll,
2258 5123 2368 5198 l2).
2398 5123 2535 5187 Quid
2567 5124 2696 5178 dicis
2718 5123 2745 5198 _(
2759 5123 3061 5179 Nestorium
3095 5123 3448 5198 alloquitur)?

1866 5191 2002 5257 Quid
2030 5206 2104 5249 est
2132 5211 2232 5278 cui;
2252 5191 2357 5278 quin
2369 5191 2799 5278 FIILXPtd’TOTJlEq’
2827 5205 2978 5278 natus
2987 5206 3113 5278 fst,‘
3137 5191 3304 5278 Filius
3347 5191 3447 5252 Dei

1863 5254 1965 5336 rion
1985 5267 2232 5336 putetur?
2262 5254 2279 5316 ἒ
2317 5263 2379 5320 Si
2401 5254 2706 5336 dixérimus,
2733 5254 2901 5336 inquis
2931 5283 2949 5320 :
2981 5254 3144 5336 Credo
3174 5268 3227 5320 in
3259 5267 3443 5334 Deum,

1871 5335 2094 5407 Verbum
2142 5335 2340 5407 Filium
2388 5335 2499 5407 Dei
2534 5335 2874 5407 unigenitum,
2917 5353 2982 5390 ex
3033 5335 3194 5390 Patre
3241 5348 3442 5404 natum,

1861 5405 2125 5489 ᾅμοούσιεν
2154 5406 2323 5489 Patri,
2356 5407 2443 5477 qui
2454 5405 2725 5489 descendit
2747 5415 2797 5460 et
2822 5408 3047 5489 sepultus
3071 5417 3177 5472 est;
3210 5424 3313 5462 non
3333 5419 3447 5489 _sta_-

1861 5475 1952 5530 tim
1982 5479 2186 5532 auditus
2218 5480 2329 5548 ipse
2354 5475 2544 5547 accipit
2572 5479 2802 5550 plagam.
2837 5475 3084 5550 idem
3113 5494 3235 5550 ergo
3262 5480 3445 5534 salutis

1858 5558 2068 5613 nostrte,
2108 5547 2487 5602 sacramentum
2525 5547 2635 5618 spei
2665 5547 3026 5618 ecclesiastica:
3056 5557 3107 5600 tu
3133 5547 3340 5604 auditus
3372 5552 3445 5603 tui

1858 5629 2010 5690 atque
2031 5620 2231 5672 aurium
2252 5619 2461 5689 plagam
2484 5616 2652 5689 putas.
2679 5616 2748 5671 Et
2770 5618 3020 5690 quomodo
3043 5620 3301 5690 quondam
3332 5636 3445 5690 cum

1857 5689 1934 5742 ad
1955 5690 2262 5753 baptismum
2291 5705 2539 5753 curreres,
2571 5690 2716 5743 sanis
2742 5689 2852 5744 htec
2879 5689 3204 5746 sacramenta
3220 5689 3443 5753 auribus

1857 5745 2138 5816 audiebas?
2161 5757 2426 5825 Quomodo
2455 5745 2570 5815 cum
2592 5770 2639 5815 te
2657 5761 2892 5830 magistri
2923 5745 3272 5816 Ecclesiaruin
3293 5760 3446 5815 doce-

1914 5921 1921 5927 '
1948 5921 2053 5935 "‘c..
