3904 6272
492 201 592 258 771

1022 197 1213 289 LlARll
1253 195 1690 256 MERCATORIS
1727 191 2291 253 TBANSLATIONES
2331 191 2684 250 VARIORUM
2728 191 3256 252 OPUSCULORUH.

3666 181 3762 254 772'

487 311 672 385 piente
691 309 870 368 divina
890 319 1100 381 natura,
1119 312 1214 368 sed
1241 311 1704 376 inhabitationem,
1731 323 1893 380 quam
1921 309 2088 380 gessit
2113 313 2160 372 Α
2263 307 2335 364 Et
2351 317 2468 382 post
2495 309 2761 380 aliquanta
2786 325 2802 363 :
2825 308 3089 376 Quoniam
3107 325 3239 365 vero
3259 309 3304 365 si
3324 309 3583 367 dixissent
3605 331 3618 366 :
3642 312 3759 370 Cre-

2186 401 2354 456 dimus
2382 402 2438 454 in
2457 416 2615 454 unum
2642 398 2808 454 Deum
2844 399 3084 465 Verbum,
3113 401 3358 456 futurum
3381 409 3495 457 erat
3532 411 3594 458 ut
3625 421 3760 464 mors

2182 492 2378 549 divinae
2426 500 2628 547 natura:
2686 493 3039 558 tribueretur;
3089 493 3212 550 ideo
3260 508 3456 550 nomen
3500 497 3757 568 accipiunt

2182 599 2488 652 commune,
2506 601 2701 656 nempe
2720 585 2870 640 Iesus
2893 583 3145 653 Christus,
3163 594 3222 641 ut
3242 594 3298 642 et
3326 594 3599 644 mortuum
3616 591 3749 649 illum

2180 677 2564 748 signiﬁcarent,
2596 684 2650 734 et
2677 677 2826 732 illum
2853 694 2964 734 non
2991 687 3279 735 mortuum.
3321 677 3508 750 Itaque
3546 683 3752 752 perinde

2187 783 2251 824 ac
2271 768 2317 824 si
2345 769 2466 842 quis
2485 767 2646 835 dicat,
2678 769 2769 824 ille
2797 769 2960 826 homo
2981 778 3065 826 est
3089 778 3354 838 mortuus,
3383 773 3630 842 quamvis
3657 777 3753 830 ani.

2179 875 2266 916 ma
2287 861 2356 916 sit
2375 861 2724 928 immortalis;
2747 869 2927 917 tamen
2941 862 3065 930 quia
3080 877 3278 918 nomen
3298 861 3434 917 dixit
3453 863 3601 934 quod
3619 865 3750 934 signi-

2180 947 2308 1008 ﬁcat
2335 951 2469 1008 duas
2495 960 2718 1008 naturas
2736 994 2752 1020 ,
2783 960 2838 1008 et
2863 968 3062 1024 corpus
3089 953 3234 1023 quod
3261 955 3509 1022 moritur,
3552 964 3609 1011 et
3645 959 3749 1012 ani-

2177 1059 2322 1098 mam
2351 1045 2730 1114 immortalem,
2757 1045 2879 1100 ideo
2907 1046 3038 1101 nihil
3067 1052 3151 1101 est
3169 1045 3395 1116 periculi
3423 1047 3481 1101 in
3505 1061 3573 1102 ea
3601 1063 3741 1115 voce;

2176 1143 2462 1204 utrumque
2489 1136 2632 1190 enim
2656 1142 2882 1191 vocatur
2909 1135 3090 1203 homo,
3133 1142 3189 1190 et
3225 1150 3442 1206 corpus,
3487 1144 3544 1192 et
3570 1138 3742 1194 anima.

2175 1227 2254 1284 Ita
2281 1229 2442 1299 igitur
2475 1230 2637 1285 etiam
2665 1244 2892 1301 magnus
2919 1229 3009 1285 ille
3040 1229 3240 1286 chorus
3273 1229 3342 1286 de
3373 1228 3589 1286 Christo
3613 1231 3741 1288 dixit.

491 405 550 464 in
581 391 817 474 homine,
845 406 1292 463 demonstrantes.

560 500 630 555 Et
661 508 776 574 post
814 502 1080 572 aliquanta
1102 516 1120 553 :
1144 499 1258 554 Hoc
1296 497 1544 564 retinete,
1576 495 1832 565 quoniam
1855 503 2078 568 praeter-

489 591 764 648 mittentes
798 590 976 646 dicere
1002 608 1014 642 :
1043 589 1306 644 Credimus
1335 590 1390 641 in
1427 586 1594 642 Deum
1633 585 1854 641 Verbum
1882 584 1930 638 F
1935 586 2080 641 ilium

486 685 599 754 ejus
629 685 976 755 unigenitum,
1015 683 1265 736 dixerunt
1289 699 1300 733 :
1327 680 1594 734 Credimus
1623 680 1678 732 in
1705 696 1863 733 unum
1890 677 2077 734 Domi-

484 794 609 834 num
648 777 826 832 Iesum
868 777 1156 842 Christum,
1199 773 1668 831 consubstantivum
1696 771 1846 826 Patri
1867 814 1881 838 ,
1914 771 2080 826 Deum

484 886 658 928 verum
687 876 749 924 de
771 868 879 924 Deo
900 884 1036 936 vero,
1063 884 1153 938 per
1179 883 1326 940 quem
1347 865 1522 918 omnia
1552 866 1722 937 facta,
1752 864 1838 935 qui
1869 871 2080 935 propter

484 976 577 1018 nos
598 961 824 1016 homines
853 968 903 1014 et
923 966 1153 1014 nostram
1173 957 1389 1012 salutem
1409 954 1694 1020 descendit,
1731 963 1881 1027 atque
1901 955 2079 1008 incar-

486 1061 640 1108 natus
669 1049 830 1106 estde
857 1049 1058 1121 Spiritu
1090 1056 1290 1116 sancto,
1312 1063 1378 1102 es:
1410 1044 1584 1100 Maria
1605 1046 1818 1118 virgine,
1849 1054 1898 1098 et
1925 1045 2077 1100 homo

487 1147 656 1218 factus
686 1153 779 1200 est.
812 1142 1087 1214 Nusquam
1127 1140 1408 1206 dixerunt,
1436 1147 1594 1194 natus
1635 1145 1737 1193 est.
1769 1135 1897 1205 Cur,
1922 1144 2078 1208 puta-

487 1242 643 1298 mus?
675 1239 744 1296 Ut
772 1255 881 1296 non
908 1239 1042 1296 duas
1082 1238 1389 1302 nativitates
1431 1234 1839 1294 introducerent
1875 1229 2077 1285 Divini-

489 1333 634 1390 tatis.

551 1424 623 1480 Et
659 1432 775 1496 post
801 1423 1108 1496 aliquanta:
1131 1422 1210 1478 sic
1240 1421 1384 1477 enim
1425 1418 1702 1490 Scriptura
1731 1415 1860 1472 dicit
1886 1431 1898 1466 :
1929 1412 2077 1466 Misit

481 1514 622 1572 Deus
652 1513 848 1570 Filium
875 1530 1024 1570 suum
1055 1515 1247 1585 factum
1276 1529 1340 1568 ex
1367 1513 1596 1575 muliere,
1629 1511 1824 1581 factum
1843 1506 1934 1561 sub
1965 1505 2074 1577 lege

481 1603 636 1677 (Gal.
681 1621 753 1672 ιν,
795 1604 885 1678 4).
915 1603 1014 1660 Hic
1049 1604 1267 1676 quidem
1294 1602 1427 1659 duas
1455 1602 1788 1660 demonstrat
1831 1606 2068 1652 naturas.

2178 1369 2479 1442 Symbolum
2494 1369 2788 1437 Nictenum,
2802 1372 2938 1442 quod

2246 1451 2296 1498 et
2399 1440 2937 1516 Constantinopolita-

2246 1529 2388 1565 num.

2244 1605 2524 1662 Credimus
2624 1605 2677 1661 in
2771 1620 2938 1660 unum

481 1694 636 1764 Quod
657 1704 834 1752 autem
865 1703 1074 1751 tantum
1095 1694 1239 1752 circa
1261 1694 1534 1752 hominem
1560 1691 1842 1760 contingit,
1867 1694 2067 1742 narrat.
2102 1685 2148 1746 Β
2175 1697 2371 1764 Deum,
2423 1695 2640 1751 Patrem
2686 1697 2937 1766 οωηίρο-

477 1787 646 1861 Exige
685 1795 834 1845 certe
862 1803 895 1843 a
921 1787 1262 1844 contentioso
1301 1786 1423 1856 quis
1461 1785 1561 1844 sub
1601 1784 1721 1854 lege
1758 1783 1829 1838 sit
1870 1779 2062 1836 factus.

478 1878 718 1936 Verbum
745 1879 922 1934 Deus?
952 1893 1310 1950 nequaquam.

549 1967 688 2036 Quid
710 1969 870 2038 igitur
897 1968 1241 2026 dicebamus?
1271 1965 1356 2024 Ne
1379 1968 1558 2022 timeas
1587 1967 1817 2038 accipere
1837 1961 2070 2017 Mariam

478 2061 746 2132 conjugem
789 2069 962 2127 tuam;
991 2060 1127 2134 quod
1167 2061 1305 2116 enim
1343 2069 1522 2112 natum
1561 2067 1637 2113 est
1675 2057 1823 2131 (sive
1859 2063 2065 2121 natum,

476 2156 589 2212 sive
616 2154 814 2210 factum
837 2154 1152 2221 dixerimus,
1182 2153 1366 2210 sensui
1395 2151 1528 2206 nihil
1551 2149 1756 2222 nocet),
1780 2149 1915 2222 quod
1934 2149 2068 2202 enim

474 2247 531 2299 in
552 2262 613 2298 ea
633 2254 813 2300 natum
835 2254 929 2311 est,
953 2263 1018 2299 ex
1040 2245 1242 2316 Spiritu
1268 2253 1448 2302 sancto
1475 2251 1552 2298 est
1577 2241 1756 2314 (Matt.
1788 2258 1842 2306 x,
1873 2239 1984 2312 20).
2009 2237 2067 2294 Si

473 2337 798 2406 dixerimus,
831 2337 975 2407 quod
1016 2337 1157 2392 Deus
1188 2337 1424 2394 Verbum
1466 2342 1651 2390 natum
1691 2340 1775 2390 est
1817 2333 1873 2387 in
1915 2341 2070 2388 utero

476 2431 584 2504 (est
603 2430 745 2486 enim
768 2429 914 2484 aliud
933 2429 1093 2486 simul
1113 2445 1233 2484 esse
1254 2444 1377 2486 cum
1399 2435 1673 2494 nascente,
1703 2425 1847 2482 aliud
1873 2425 2065 2494 nasci),

471 2524 608 2597 quod
628 2525 783 2590 enim,
817 2523 1008 2593 inquit,
1034 2523 1086 2578 in
1126 2539 1188 2578 ea
1216 2532 1396 2577 natum
1416 2530 1512 2591 est,
1555 2538 1620 2576 ex
1659 2519 1861 2593 Spiritu
1888 2527 2068 2573 sancto

470 2626 566 2683 est,
591 2615 694 2671 hoc
722 2622 823 2680 est,
847 2612 1080 2687 Spiritus
1099 2623 1317 2670 sanctus
1339 2611 1544 2669 creavit
1565 2610 1618 2666 id
1637 2609 1783 2681 quod
1803 2617 1886 2668 est
1906 2610 1960 2663 in
1981 2624 2063 2664 ea.

470 2706 734 2764 Viderunt
780 2706 941 2777 igitur
987 2705 1208 2770 Patres,
1259 2714 1450 2778 utpote
1493 2705 1727 2760 scientes
1767 2710 2070 2758 sanctarum

477 2798 898 2870 Scripturarum,
929 2797 1073 2868 quod
1094 2799 1139 2854 si
1159 2813 1283 2853 eum
1309 2798 1403 2871 qui
1434 2798 1744 2854 incarnatus
1771 2805 1854 2852 est
1883 2804 2068 2851 natum

474 2891 787 2956 dixerimus,
833 2891 1138 2948 invenietur
1179 2891 1323 2948 Deus
1363 2889 1602 2948 Verbum
1629 2890 1797 2945 Filius
1839 2888 2069 2961 Spiritus

469 2983 661 3048 sancti,
695 2991 788 3037 aut
815 2982 951 3037 duos
977 2981 1167 3038 Patres
1185 2984 1411 3038 habens.
1445 2981 1503 3038 Si
1530 2999 1660 3039 vero
1689 2982 1889 3038 factum
1917 2982 2068 3037 dixe—

2174 1796 2377 1844 tentem
2395 1829 2410 1853 ,
2463 1788 2703 1843 omnium
2748 1787 2936 1842 visibi-

2174 1878 2304 1933 lium
2331 1886 2386 1933 et
2407 1877 2750 1934 invisibilium
2778 1893 2934 1934 crea-

2169 1978 2346 2027 torem
2354 2011 2368 2025 .

2240 2061 2309 2117 Et
2348 2063 2402 2118 in
2442 2078 2608 2120 unum
2646 2062 2932 2118 Dominum

2170 2154 2353 2212 Jesum
2397 2154 2690 2224 Christum,
2735 2155 2933 2210 Filium

2171 2247 2268 2303 Dei
2290 2248 2642 2318 unigenitum,
2659 2255 2844 2302 natum
2864 2263 2934 2303 ex

2172 2337 2350 2407 Patre,
2383 2340 2491 2398 hoc
2515 2346 2617 2407 est,
2651 2355 2721 2396 ex
2759 2338 2932 2394 Patris

2171 2431 2491 2498 substantia,
2516 2431 2687 2486 Deum
2707 2430 2774 2485 de
2796 2431 2929 2495 Deo,

2170 2521 2352 2577 lumen
2390 2521 2458 2578 de
2495 2522 2730 2589 lumine,
2763 2521 2935 2576 Deum

2169 2627 2355 2669 verum
2378 2612 2446 2668 de
2467 2612 2580 2668 Deo
2601 2629 2733 2669 vero
2749 2654 2764 2680 ,
2791 2611 2937 2681 geni-

2169 2713 2286 2762 tum
2311 2721 2421 2761 non
2450 2705 2670 2774 factum,
2702 2706 2935 2762 consub-

2169 2801 2474 2856 stantialem
2484 2799 2650 2855 Patri:
2666 2815 2763 2871 per
2773 2815 2935 2870 quem

2170 2894 2351 2948 omnia
2371 2893 2512 2949 facta
2532 2901 2691 2957 sunt,
2729 2901 2787 2948 et
2816 2907 2936 2964 quas

2171 2982 2226 3038 in
2257 2984 2428 3052 creto,
2451 2993 2508 3039 et
2533 3000 2653 3054 qua:
2681 2985 2928 3039 intem.

468 3075 657 3142 rimus,
709 3075 1012 3131 invenietur
1059 3077 1202 3133 Deus
1249 3077 1486 3134 Verbum
1540 3085 1788 3133 creatura
1834 3076 2064 3147 Spiritus
2091 3066 2138 3132 C
2237 3074 2340 3142 Qui
2367 3085 2592 3147 propter
2629 3092 2731 3132 nos
2757 3076 2932 3130 homi-

467 3170 661 3227 sancti.
686 3168 977 3239 Fugientes
997 3171 1160 3240 igitur
1180 3170 1545 3241 generationis
1571 3169 1882 3238 dictionem,
1914 3170 2064 3227 dixe-

465 3269 594 3316 runt
621 3261 693 3316 ita
721 3279 733 3315 :
765 3259 865 3326 Qui
895 3261 1160 3317 descendit
1178 3271 1388 3334 propter
1415 3271 1646 3318 nostram
1673 3262 1889 3317 salutem
1908 3273 1957 3316 et
1981 3264 2064 3316 in-

467 3364 712 3408 cantatus
739 3364 833 3409 est.
877 3353 1017 3422 Quid
1044 3363 1158 3421 est,
1190 3355 1533 3414 incarnatus?
1561 3372 1671 3412 non
1711 3371 2003 3412 conversus
2032 3372 2063 3412 a

469 3443 760 3502 Divinitate
785 3447 841 3502 in
867 3462 1107 3504 carnem.

537 3537 595 3591 In
621 3551 688 3592 eo
715 3537 862 3606 quod
889 3536 1159 3606 dixerunt,
1193 3539 1504 3596 incarnatus
1531 3555 1596 3598 ex
1627 3540 1831 3610 Spiritu
1851 3547 2061 3606 sancto,

469 3627 641 3684 secuti
669 3635 793 3683 sunt
823 3629 1207 3698 evangelistam
1235 3648 1247 3684 :
1281 3646 1404 3686 nam
1448 3646 1570 3686 cum
1611 3631 1938 3702 evangelista
1966 3645 2062 3686 ve-

477 3722 646 3778 nisset
673 3723 740 3777 ad
769 3725 1164 3800 ἕνανθρώπησιν,
1196 3723 1331 3796 fugit
1357 3727 1761 3796 generationem
1791 3727 1858 3783 de
1884 3725 2063 3784 Verbo

472 3813 674 3881 dicere,
699 3822 756 3870 et
774 3814 911 3869 dixit
930 3814 1375 3871 incarnationem.
1401 3815 1540 3871 Audi
1565 3834 1577 3870 :
1601 3815 1673 3871 Et
1700 3815 1922 3871 Verbum
1941 3832 2063 3873 caro

464 3907 659 3978 factum
682 3915 757 3962 est
780 3905 830 3977 (1
839 3921 962 3961 oan.
987 3922 1033 3972 ι,
1061 3905 1188 3981 id);
1219 3923 1330 3962 non
1357 3906 1528 3963 dixit:
1568 3906 1791 3962 Verbum
1824 3925 1915 3978 per
1942 3925 2062 3962 car-

460 4014 579 4054 nem
608 4002 822 4073 factum.
859 3998 962 4055 Ubi
1002 4001 1149 4056 enim
1191 4008 1282 4056 aut
1323 4001 1555 4074 apostoli
1595 4007 1686 4057 aut
1724 4001 2064 4071 evangelista:

458 4090 579 4147 Filii
625 4091 828 4148 faciunt
854 4093 1213 4160 mentionem,
1264 4092 1452 4152 dicunt
1496 4103 1677 4150 natum
1717 4110 1783 4150 ea;
1827 4095 2058 4148 muliere.

460 4182 716 4252 Adverte,
747 4200 955 4254 quasso,
987 4185 1079 4240 ubi
1109 4185 1296 4241 dicunt
1325 4199 1523 4242 nomen
1549 4184 1689 4252 Filii,
1725 4184 1776 4239 id
1796 4183 1942 4255 quod
1962 4200 2061 4239 na-

460 4283 574 4329 tum
616 4284 719 4342 est,
764 4292 832 4331 ex
861 4277 1087 4334 muliere
1117 4285 1303 4334 natum
1332 4277 1536 4336 dicunt.
1584 4277 1686 4334 Ubi
1728 4292 1856 4333 vero
1896 4277 2060 4332 Verbi

461 4363 666 4419 faciunt
694 4367 1044 4436 mentionem,
1072 4385 1231 4426 nemo
1261 4370 1424 4427 audet
1449 4371 1630 4428 dicere
1651 4370 2058 4440 generationem

2165 3183 2290 3236 nes,
2320 3176 2376 3224 et
2420 3177 2642 3240 propter
2688 3177 2928 3224 nostram

2164 3258 2394 3315 salutem
2421 3257 2730 3324 descendit,
2763 3265 2817 3314 et
2843 3258 2927 3313 in-

2163 3357 2416 3405 carnatus
2475 3358 2593 3416 est,
2651 3358 2707 3405 et
2760 3349 2926 3406 homo

2163 3437 2339 3497 factus
2367 3449 2448 3496 est
2465 3481 2479 3506 ,
2518 3448 2576 3496 et
2603 3455 2793 3512 passus
2821 3450 2923 3509 est,

2165 3538 2221 3586 et
2268 3531 2425 3587 tertia
2471 3531 2557 3588 die
2594 3533 2924 3601 resurrexit;

2166 3621 2406 3677 ascendit
2451 3622 2520 3677 ad
2563 3622 2762 3690 caelos,
2791 3638 2926 3679 ven-

2167 3719 2320 3768 turus
2369 3711 2611 3784 judicare
2670 3715 2820 3774 vivos
2873 3723 2928 3771 et

2167 3813 2433 3861 mortuos.

2235 3895 2305 3952 Et
2317 3897 2372 3952 in
2387 3897 2647 3968 Spiritum
2661 3906 2924 3958 sanctum.

2235 3988 2339 4058 Qui
2360 3999 2539 4047 autem
2563 3991 2749 4048 dicunt
2769 4011 2782 4046 :
2801 3991 2928 4048 Erat

2167 4082 2457 4154 aliquando
2477 4100 2600 4142 cum
2625 4101 2734 4141 non
2762 4093 2925 4154 esset,

2165 4184 2223 4234 et
2249 4178 2562 4247 priusquam
2592 4187 2924 4244 nasceretur,

2165 4285 2274 4326 non
2323 4278 2440 4326 erat
2479 4289 2492 4324 :
2533 4272 2621 4327 vel
2663 4272 2810 4342 quod
2860 4289 2926 4328 ex

2164 4377 2275 4420 non
2313 4363 2667 4419 existentibus
2685 4406 2699 4430 ,
2732 4373 2826 4421 aut
2855 4381 2924 4422 ex

459 4474 560 4528 per
599 4459 1010 4516 humanitatem.
1057 4463 1194 4519 Audi
1221 4464 1440 4519 beatum
1478 4463 1742 4520 Joannem
1783 4464 2058 4533 evangeli-
2085 4454 2139 4516 D
2165 4453 2270 4510 alia
2292 4454 2611 4518 substantia.
2635 4455 2720 4510 vel
2749 4470 2925 4513 essen-

457 4559 616 4619 stam,
648 4567 771 4607 cum
803 4554 1036 4612 venisset
1064 4556 1131 4610 ad
1162 4555 1398 4612 Verbum
1430 4567 1479 4612 et
1505 4561 1885 4636 ἑνανθρώπησιν
1917 4557 2051 4628 ejus.

456 4641 594 4698 Audi
621 4642 750 4712 quid
778 4642 924 4699 dicat
967 4663 978 4698 :
1026 4645 1250 4704 Verbum
1292 4665 1414 4704 caro
1456 4651 1651 4721 factum
1680 4660 1787 4718 est;
1817 4652 1922 4708 hoc
1950 4659 2052 4719 est,

454 4735 744 4805 assumpsit
789 4750 1036 4804 carnem;
1087 4747 1137 4792 et
1182 4739 1432 4794 habitavit
1467 4742 1522 4794 in
1563 4741 1710 4796 nobis
1725 4760 1743 4809 ;
1787 4744 1892 4800 hoc
1937 4753 2050 4811 est,

453 4833 692 4880 nostram
736 4825 906 4880 induit
946 4835 1216 4884 naturam.
1262 4828 1330 4884 Et
1372 4831 1588 4886 vidimus
1627 4833 1850 4905 gloriam
1888 4838 2052 4908 ipsius

453 4913 611 4983 Filii;
642 4933 752 4972 non
780 4917 916 4974 dixit
941 4937 954 4976 ξ
987 4919 1220 4978 Vidimus
1241 4924 1624 4994 generationem
1661 4925 1834 4984 Verbi.

2161 4545 2238 4599 tia
2259 4546 2329 4600 sit
2353 4563 2365 4598 :
2391 4553 2483 4600 aut
2503 4547 2594 4614 qui
2616 4545 2807 4602 Filium
2830 4548 2924 4603 Dei

2163 4637 2467 4703 mutationi,
2494 4647 2584 4692 aut
2615 4639 2924 4694 alterationi

2161 4728 2456 4784 obnoxium
2498 4739 2776 4799 asserunt;
2821 4732 2922 4788 hos

2158 4818 2427 4874 catholica
2499 4827 2554 4874 et
2625 4821 2922 4892 apostolica

2157 4913 2574 4968 anathematizat
2595 4912 2856 4971 Ecclesia.

1623 5039 2169 5106 CASTlGATlONES
2209 5047 2297 5104 ET
2338 5046 2565 5103 ΝΟΤᾸΕ.

2151 5150 2320 5196 autem
2339 5139 2541 5197 Iudicis
2564 5145 2754 5198 vocatis
2777 5153 2827 5197 et
2848 5140 3042 5199 Crwcis
3067 5144 3325 5198 Christum
3356 5143 3455 5198 Dei
3484 5144 3712 5201 virtutem,

2151 5221 2206 5285 et
2227 5211 2325 5267 Dei
2356 5214 2665 5285 sapientiam
2697 5212 2740 5284 (Ι
2768 5211 2888 5285 Cor.
2922 5214 2998 5285 1)?
3172 5213 3714 5285 Vulnerabantureryo

2149 5283 2356 5338 illorum
2384 5282 2533 5357 aures
2562 5284 2631 5337 ad
2657 5282 3082 5357 praedicationem
3110 5301 3171 5339 ac
3199 5286 3488 5357 passionem
3518 5282 3712 5357 Dei,_si-

2148 5364 2232 5406 cut
2270 5370 2405 5428 nunc;
2451 5351 2782 5428 vulnerantur
2822 5364 2940 5410 tute.
2987 5351 3212 5428 Plagam
3249 5373 3359 5412 esse
3396 5356 3492 5410 hoc
3516 5351 3714 5428 auditus

2146 5440 2228 5478 sui
2257 5424 2680 5499 putabant,sicut
2701 5427 2783 5499 tui
2811 5435 2982 5499 putgs.
3011 5425 3079 5499 Et
3093 5423 3223 5482 'hinc
3249 5435 3364 5499 erat
3391 5423 3611 5499 quodad
3632 5437 3712 5474 no-

2145 5493 2264 5570 men
2285 5493 2381 5570 Dei
2410 5513 2471 5549 ac
2500 5495 2710 5570 Domini
2735 5493 2861 5570 Iesu
2891 5495 3103 5570 Christi,
3129 5493 3448 5570 prcedicanie
3477 5494 3712 5550 Christum

2143 5564 2310 5649 Deum
2341 5568 2620 5649 4postolo,_
2639 5566 2950 5627 claudebant
2978 5568 3058 5626 illi
3087 5564 3270 5644 capitis
3297 5570 3381 5626 sui
3402 5588 3568 5639 aures,
3595 5570 3712 5624 sicut

451 5135 584 5190 rent,
617 5142 767 5205 aures
810 5135 1050 5205 tutamen
1081 5129 1364 5205 vulnerata:
1409 5134 1568 5190 sunt?
1606 5132 1738 5190 Sine
1775 5137 1885 5192 ulla
1926 5147 2046 5205 tunc

451 5206 586 5278 certe
613 5197 787 5281 plaga,
812 5196 1005 5281 duplici
1043 5201 1331 5281 erisnalque
1360 5205 1563 5260 aurium
1584 5206 1898 5281 fungebaﬁs
1931 5199 2043 5281 om".

454 5267 553 5344 cio,
586 5267 779 5344 cantet
803 5267 1076 5344 audi_t_a_ab
1106 5270 1224 5326 aliis
1247 5267 1471 5344 diceres,
1501 5285 1551 5330 et
1578 5267 1764 5344 i'pse'te
1793 5267 2044 5336 dicent'em

455 5337 619 5392 dictur
646 5337 872 5394 audires.
911 5337 1009 5394 Ubi
1030 5350 1178 5396 erant
1209 5351 1325 5398 tunc
1347 5337 1683 5400 base-aurium
1706 5356 1908 5404 tuarum
1934 5351 2044 5404 vul-

453 5421 582 5491 nera
594 5408 737 5491 ?_ubi
759 5409 866 5491 haec
889 5411 1106 5491 auditus_
1123 5413 1195 5468 tui
1220 5413 1521 5486 plaga
1556 5415 1724 5491 Plaga
1745 5436 1865 5491 ergo
1887 5423 2008 5476 audi
2017 5453 2040 5462 -

456 5485 534 5556 tus
567 5479 656 5540 tui,
688 5487 737 5532 et
776 5481 954 5556 vulnus
993 5479 1438 5556 aurium_'tudrum
1475 5497 1550 5543 est
1595 5479 1734 5544 Deus
1780 5479 1951 5556 natus,
1993 5503 2040 5546 et

453 5543 594 5633 Deus
634 5565 836 5633 passus.
861 5549 931 5605 Et
953 5552 1052 5633 _ubi
1087 5554 1235 5633 illud
1248 5564 1399 5633 tuum
1438 5567 1530 5625 est,
1558 5557 1721 5633 Paule
1747 5543 2035 5633 Apostolevs

454 5613 578 5702 Nos.
612 5613 782 5675 autem
817 5623 1157 5702 praedicamus
1195 5624 1456 5702 Christum
1473 5613 1818 5702 crucifixam,r
1831 5613 2033 5688 iudicis

454 5686 662 5762 olidam
693 5686 1019 5764 scandalum,
1056 5699 1292 5771 gentibus
1329 5713 1500 5760 autem
1535 5686 1808 5768 stultitiam
1844 5686 1878 5760 :7
1900 5686 2038 5776 ipsis

2140 5644 2191 5689 tu
2221 5635 2422 5692 claudis
2459 5640 2620 5694 animi
2627 5679 2641 5693 .

3009 1369 3315 1443 Symbolum
3371 1371 3740 1430 Antiochenam.

3079 1601 3257 1659 Credo
3279 1606 3334 1659 in
3349 1621 3518 1660 unum
3531 1614 3584 1661 et
3596 1607 3737 1664 solum

3008 1711 3196 1750 verum
3217 1696 3408 1764 Deum,
3425 1696 3636 1754 Patrem
3654 1716 3737 1754 out

3007 1787 3342 1857 nipotentem
3367 1832 3382 1855 ,
3468 1800 3735 1846 creatorem

3007 1881 3248 1936 omnium
3277 1882 3568 1938 visibilium
3593 1894 3639 1938 et
3672 1886 3735 1938 in-

3007 1971 3298 2026 visibilium
3319 1982 3691 2029 creaturarum.

3074 2061 3143 2116 Et
3158 2062 3214 2118 in
3225 2063 3512 2118 Dominum
3530 2074 3733 2121 nostrum

3002 2151 3186 2208 Iesum
3232 2152 3531 2219 Christum,
3576 2155 3732 2212 Filium

3003 2244 3120 2316 ejus
3154 2247 3527 2316 unigenitum,
3567 2255 3615 2303 et
3647 2251 3733 2318 pri-

3003 2339 3338 2407 mogenitum
3360 2339 3531 2394 totius
3557 2348 3732 2395 creatu-

3003 2446 3116 2498 rae,
3176 2447 3246 2487 ex
3295 2447 3362 2488 eo
3409 2441 3596 2488 natum
3634 2443 3730 2489 ante

3005 2524 3189 2577 omnia
3217 2524 3431 2590 saecula,
3463 2534 3522 2580 et
3557 2541 3648 2580 non
3671 2525 3730 2580 fa-

3006 2622 3171 2680 ctum,
3187 2613 3356 2669 Deum
3370 2631 3554 2671 verum
3570 2633 3625 2672 ex
3639 2617 3724 2672 Deo

3006 2720 3157 2770 vero,
3181 2705 3449 2778 ὁμοούσιον
3478 2705 3632 2773 Patri,
3651 2721 3726 2776 per

3005 2811 3168 2866 quem
3196 2805 3252 2852 et
3278 2798 3476 2853 saecula
3503 2799 3726 2868 compagi-

3004 2897 3132 2943 nata
3151 2900 3296 2956 sunt,
3319 2898 3376 2945 et
3403 2889 3722 2963 omnialfacta.

3075 3071 3177 3141 Qui
3212 3083 3435 3145 propter
3466 3091 3568 3130 nos
3591 3073 3721 3138 venit,

3001 3173 3056 3221 et
3084 3174 3244 3222 natus
3269 3174 3353 3222 est
3373 3183 3443 3223 ex
3463 3166 3620 3222 Maria
3645 3167 3723 3222 vir-

2999 3257 3162 3327 gine,
3215 3267 3270 3314 et
3325 3258 3607 3314 cruciﬁxus
3647 3257 3722 3311 sub

3001 3346 3196 3405 Pontio
3220 3347 3414 3415 Pilato,
3434 3358 3489 3405 et
3502 3349 3721 3420 sepultis,

2998 3448 3053 3494 et
3105 3441 3268 3496 tertia
3333 3440 3421 3496 die
3469 3439 3722 3499 resurrexit

2999 3534 3295 3590 secundum
3334 3532 3646 3605 Scripturas,
3677 3538 3720 3586 et

2997 3625 3051 3681 in
3122 3625 3291 3681 cmlos
3354 3625 3622 3689 ascendit,
3681 3630 3722 3677 et

2997 3717 3193 3773 iterum
3221 3719 3402 3774 veniet
3423 3719 3650 3789 judicare
3664 3715 3721 3769 vi-

2997 3825 3096 3866 vos
3123 3817 3180 3866 et
3205 3819 3471 3878 mortuos.
