3904 6272
156 332 259 390 773

1343 332 1501 390 IMP"
1540 334 1855 392 NESTORII
1895 336 2125 392 SERMO
2163 334 2246 393 Ill.

3303 334 3406 405 7'74

160 441 520 522 EPlSTOLA
549 453 588 522 _I
634 442 856 522 ΜᾼΒζζ
906 443 1374 522 MEBCATORIS
1426 446 1502 522 D_e
1547 447 1728 522 disgri-
1758 453 1808 513 Α
1832 448 2034 521 inquit,
2067 466 2222 507 unum
2251 446 2507 507 Christum
2548 449 2768 519 deﬁnio,
2806 453 2892 522 qui
2929 469 2962 511 α
2993 452 3267 510 chrismate
3304 473 3407 511 un-

218 518 351 570 mine
378 518 511 568 inter
539 515 772 569 liceresim
803 514 1051 580 Nestorii,
1086 526 1135 568 et
1162 515 1403 580 dogmata
1432 516 1589 571 Pauli
1619 517 1721 572 Sa-

218 588 483 651 mosateni,
508 585 742 653 Ebionis,
766 585 981 640 Photini
1011 595 1160 657 atque
1185 585 1242 639 Μ
1246 587 1442 641 arcellt.

152 709 343 771 Marius
362 708 646 771 Mercator,
670 706 697 746 δ
727 723 912 832 servuls
927 706 1154 832 lChristi,
1187 707 1376 764 lectori
1409 720 1431 749 ο
1462 724 1724 766 conservo

808 795 865 832 83
890 797 921 832 u
948 794 1053 832 em.

808 794 1053 834 salutem.

222 913 269 967 l.
290 911 315 951 ἀ
337 913 675 969 Samosateni
697 912 845 968 Pauli
868 921 1028 983 atque
1048 913 1277 970 Nestorii
1295 921 1377 970 est
1391 914 1493 968 ista
1508 929 1613 967 non
1628 913 1727 967 min-

152 1022 248 1061 nus
289 1002 446 1076 impia
479 1021 637 1076 quam
668 1022 803 1061 vana
843 1006 1102 1063 doctrina.

217 1097 491 1153 Nestorius
538 1097 678 1153 circa
706 1096 911 1170 [Balus.
937 1096 1174 1169 quidem]
1215 1098 1449 1157 Verbum
1473 1098 1586 1163 Dei,
1620 1114 1729 1159 non

150 1187 359 1258 quidem
386 1195 445 1241 ut
474 1186 670 1246 Paulus
698 1189 885 1253 sentit,
916 1189 1006 1261 qui
1038 1204 1143 1242 non
1184 1189 1605 1255 substantivum,
1637 1188 1729 1244 sed

150 1282 471 1356 prolatitium
494 1282 746 1351 potentiae
768 1281 863 1336 Dei
892 1280 1083 1336 efﬁcax
1105 1281 1340 1337 Verbum
1369 1298 1486 1336 esse
1506 1281 1690 1337 deﬁnit
1715 1300 1726 1337 :

153 1384 175 1413 ο
200 1391 305 1430 non
336 1373 624 1431 conﬁtetur
650 1382 827 1429 tamen
850 1373 990 1430 idem
1016 1373 1292 1431 Nestorius
1316 1374 1382 1430 de
1402 1374 1578 1435 Verbo
1608 1376 1733 1431 sub-

150 1466 399 1521 stantivo.
434 1466 606 1534 ipsum
641 1464 831 1519 Filium
861 1465 955 1520 Dei
985 1466 1300 1520 naturaliter
1336 1480 1484 1529 esse;
1524 1465 1618 1520 sed
1653 1466 1732 1520 di-

150 1558 243 1619 cit,
274 1556 291 1595 τ
329 1566 519 1624 argute
557 1556 805 1633 quidem,
839 1557 962 1629 quia
1000 1571 1392 1627 nonexpresse,
1429 1556 1495 1609 ab
1521 1556 1735 1611 aeterni-

151 1657 251 1703 tate
282 1649 474 1705 Filium
512 1665 618 1705 non
648 1663 793 1714 esse,
826 1647 920 1703 sed
948 1647 1182 1703 Verbum
1223 1655 1455 1711 tantum,
1497 1647 1640 1717 quod
1680 1648 1731 1707 in

149 1740 441 1795 substantia
466 1738 637 1799 Patris
666 1754 907 1802 manens,
937 1739 1077 1794 Deus
1096 1740 1167 1795 sit
1187 1748 1214 1788 8
1243 1738 1729 1803 consubstantialis,

1827 547 1936 595 ctus
1965 541 2033 593 sit
2060 540 2334 604 dicendus;
2364 557 2520 594 unum
2550 541 2684 594 hunc
2721 544 2889 612 ipsum
2918 560 3028 598 esse
3054 542 3252 599 Filium
3282 546 3401 613 Dei,

1826 630 1946 699 quia
1975 628 2178 702 [Baluz.
2215 629 2341 701 qui],
2376 638 2433 684 ut
2462 632 2705 701 superius
2742 632 2941 690 dictum
2970 643 3071 701 est,
3106 636 3408 694 indivisibili

1826 721 2070 775 societate
2123 720 2234 777 Deo
2292 722 2457 778 Verbo
2504 726 2804 797 conjunctus
2859 736 2964 791 est;
3020 744 3407 803 nonnumquam

1828 812 2032 889 [Baluz.
2066 813 2186 871 add.
2221 814 2368 888 sane]
2406 828 2615 893 propter
2644 818 2777 875 hanc
2815 820 2979 891 ipsum
3012 821 3407 891 inseparabilem

1828 907 2260 977 conjunctionem,
2290 908 2367 965 vel
2403 912 2789 977 connexionem,
2822 914 2977 969 etiam
3016 912 3240 969 Verbum
3277 914 3409 973 illud

1826 996 2011 1051 iisdem
2050 999 2436 1071 cognominibus
2478 1003 2884 1073 connuneupari,
2914 1018 3027 1074 quia
3063 1002 3128 1055 ab
3164 1004 3275 1073 ejus
3308 1020 3409 1058 na-

1832 1099 1946 1147 tura
1966 1099 2083 1147 sunt
2102 1092 2301 1161 penitus
2330 1092 2530 1159 aliena;
2560 1110 2624 1147 ea:
2644 1095 2825 1149 merito
2848 1094 3053 1149 tandem
3074 1095 3207 1148 hunc
3233 1094 3262 1147 J
3270 1112 3412 1151 esum

1832 1181 2091 1241 Christum
2118 1182 2398 1253 singularis
2428 1186 2729 1251 nativitatis,
2760 1196 2810 1240 et
2836 1187 3254 1257 incomparabilis
3274 1189 3408 1258 vitat,

1831 1272 2043 1347 dignum
2065 1275 2223 1344 fuisse
2237 1273 2484 1341 habitum,
2508 1286 2765 1347 tamquam
2788 1278 3046 1349 templum,
3073 1289 3178 1333 tota
3199 1280 3416 1350 plenitu-

1833 1365 1953 1421 dine
1966 1365 2269 1435 divinitatis,
2284 1378 2434 1439 atque
2447 1367 2509 1422 ab
2523 1369 2618 1424 hoc
2630 1368 2739 1425 Deo
2753 1380 2802 1424 et
2814 1370 2912 1425 Dei
2934 1371 3097 1428 Verbo
3110 1373 3411 1429 inhabitari.

1902 1458 1954 1513 4.
1984 1459 2043 1517 In
2072 1476 2137 1515 eo
2168 1461 2328 1528 igitur
2365 1459 2531 1517 Paulo
2573 1462 2927 1520 Samosateno
2956 1466 3315 1535 conjungitur,
3357 1466 3411 1522 in

1832 1564 1939 1620 quo
1968 1550 2325 1607 habitatorem
2351 1560 2407 1607 et
2435 1553 2796 1608 habitaculum
2817 1570 2916 1625 pro
2945 1558 3149 1611 meritis
3176 1567 3409 1628 separat,

1834 1641 2074 1699 dividens
2096 1644 2240 1714 quod
2268 1645 2555 1715 unicuique
2583 1661 2770 1701 eorum
2797 1648 2868 1703 sit
2906 1650 3199 1721 proprium,
3233 1666 3299 1706 cx
3334 1651 3413 1706 di-

1834 1737 2087 1795 versitate
2124 1746 2360 1805 naturae;
2409 1737 2555 1807 quod
2592 1739 2808 1808 quidem
2845 1739 2951 1797 illis
2996 1741 3255 1799 ambobus
3292 1759 3413 1801 cum

150 1844 303 1899 quem
336 1829 507 1884 Gneci
540 1830 804 1902 ὁμοούσιον
829 1829 1041 1896 dicunt;
1076 1829 1267 1884 Filium
1290 1844 1420 1884 vero
1441 1829 1588 1884 illum
1617 1844 1735 1885 esse
1765 1839 1812 1899 Β
1836 1824 2062 1893 Ebione,
2087 1836 2142 1882 et
2162 1826 2390 1882 Photino
2406 1867 2420 1894 ,
2450 1836 2503 1885 et
2522 1827 2710 1884 Galate
2732 1829 2985 1886 Marcello
3005 1847 3290 1889 commune
3312 1843 3412 1890 est.

150 1928 199 1976 et
227 1920 329 1976 dici
352 1921 546 1977 debere
576 1921 784 1987 asserit,
817 1921 908 1991 qui
937 1936 1003 1975 ex
1032 1920 1197 1976 Maria
1219 1921 1288 1977 sit
1309 1929 1481 1981 natus.

212 2012 262 2069 2.
301 2013 474 2081 Atque
502 2012 575 2069 ita
604 2013 792 2069 dividit
820 2020 1081 2071 aeternum
1101 2028 1131 2073 ιι
1164 2012 1481 2083 temporali;
1512 2012 1589 2073 illi
1609 2012 1729 2082 quiv

147 2102 263 2156 dem
287 2104 398 2157 Deo
426 2112 481 2157 et
502 2104 596 2158 Dei
613 2103 791 2159 Verbo
818 2118 937 2175 qua:
957 2102 1255 2171 majestatis
1274 2111 1414 2171 sunt,
1451 2104 1574 2158 huic
1602 2118 1731 2158 vero

147 2194 300 2251 alteri
325 2210 445 2264 qua:
474 2195 721 2250 humana:
751 2194 1074 2251 inﬁrmitatis
1102 2204 1243 2267 sunt,
1269 2196 1530 2271 deputans
1563 2215 1575 2249 :
1605 2212 1731 2268 pro-

146 2296 263 2358 pter
277 2288 603 2347 individuam
627 2297 805 2345 autem
826 2296 987 2360 atque
1003 2288 1413 2360 inseparabilem
1438 2289 1730 2345 connexio-

148 2393 268 2433 nem
297 2379 514 2447 dignum
550 2381 716 2435 fuisse
758 2381 1001 2436 habitum
1028 2383 1429 2452 nuncupatione
1464 2381 1583 2436 Filii
1613 2381 1726 2447 Dei,

146 2470 343 2541 quippe
372 2471 577 2546 [Baluz.
611 2490 714 2528 om.
738 2471 959 2544 quippe]
988 2473 1080 2543 qui
1114 2474 1219 2531 hoc
1242 2473 1417 2545 ipsum
1440 2472 1468 2510 ιι
1491 2489 1589 2545 pro
1618 2489 1731 2533 me-

144 2562 279 2627 ritis,
315 2573 369 2617 et
398 2578 466 2619 ex
497 2563 789 2635 adoptione
823 2564 1038 2629 habeat,
1065 2579 1173 2621 non
1203 2579 1268 2618 ex
1295 2572 1507 2623 natura.

214 2652 267 2706 5.
315 2652 511 2707 Verum
551 2667 673 2707 cum
719 2653 769 2707 ei
807 2668 837 2707 a
876 2653 1155 2708 catholicis
1193 2654 1463 2721 obiicitur,
1505 2669 1601 2711 cur
1636 2670 1732 2725 per

141 2740 290 2797 hunc
339 2758 554 2797 sensum
593 2742 727 2797 duos
763 2742 973 2818 [Baluz.
1005 2742 1129 2796 add.
1171 2741 1346 2814 Jesus]
1383 2742 1625 2799 Christos
1676 2754 1731 2799 et

143 2832 283 2891 duos
312 2832 478 2889 Filios
505 2835 721 2902 sentiat,
746 2849 844 2906 pro
874 2849 932 2897 se
971 2834 1086 2905 ipse
1114 2834 1186 2889 ita
1216 2833 1507 2907 respondet
1542 2853 1554 2888 :
1588 2833 1721 2907 Ego,

1906 1924 1958 1981 5.
1992 1922 2051 1978 In
2081 1939 2147 1978 eo
2180 1939 2329 1991 vero,
2362 1923 2505 1993 quod
2533 1923 2739 1997 [Baluz.
2771 1923 2829 1979 In
2854 1923 2906 1979 id
2935 1924 3077 1995 quod
3109 1926 3261 2000 vero]
3291 1928 3417 1985 sub-

1832 2015 2085 2077 stantiale
2113 2015 2348 2071 Verbum
2376 2015 2471 2073 Dei
2508 2014 2813 2085 conﬁtetur,
2851 2025 2907 2077 et
2948 2033 3066 2075 esse
3107 2020 3174 2079 ab
3211 2027 3415 2079 interno

1831 2121 1956 2162 cum
1984 2105 2144 2161 Patre
2175 2106 2344 2163 Deum
2372 2108 2583 2171 asserit,
2615 2124 2646 2163 a
2673 2109 2988 2165 metueretis
3016 2117 3163 2166 recte
3203 2111 3415 2169 dissen-

1832 2196 1916 2267 tit,
1953 2204 2008 2251 et
2037 2195 2161 2251 ﬁdei
2189 2205 2351 2252 rectm
2380 2197 2739 2270 conjungitur.

1903 2289 1955 2345 6.
1979 2288 2086 2347 Sed
2110 2290 2253 2363 quod
2281 2290 2476 2349 iterum
2516 2290 2658 2351 idem
2692 2291 2926 2351 Verbum
2956 2292 3123 2349 Deum
3152 2296 3415 2352 naturali-

1831 2388 1913 2437 ter
1950 2381 2045 2436 Dei
2086 2380 2259 2438 Patris
2301 2398 2410 2439 non
2449 2396 2571 2441 esse
2617 2383 2812 2443 Filium
2851 2385 2997 2451 dicit,
3048 2386 3144 2443 sed
3183 2386 3415 2447 Verbum

1831 2478 2059 2536 tantum,
2103 2481 2161 2525 ut
2202 2474 2449 2543 superius
2478 2475 2842 2544 exposuimus,
2874 2483 2931 2530 et
2967 2477 3020 2530 in
3052 2475 3269 2533 Christo
3313 2479 3419 2533 Do-

1832 2562 1979 2617 mino
2007 2560 2210 2634 [Baluz.
2244 2563 2612 2637 nihilominus]
2643 2564 2831 2621 dividit
2858 2567 3050 2622 merita
3081 2569 3419 2638 uniuscujus-

1831 2667 1939 2722 que
1965 2653 2295 2720 substantitc,
2331 2654 2623 2724 impietatis
2655 2670 2903 2725 magnum
2929 2658 3130 2717 crimen
3170 2660 3412 2728 incurrit,

1832 2752 1888 2799 et
1914 2745 2041 2800 hinc
2080 2754 2349 2816 tamquam
2372 2747 2578 2802 alienus
2606 2756 2662 2804 et
2688 2750 2920 2806 extorris
2957 2750 3025 2806 ab
3053 2751 3416 2809 ecclesiastica

1832 2835 1938 2893 ﬁde
1962 2837 2083 2909 jure
2118 2837 2131 2875 ί
2170 2839 2454 2895 damnatus
2482 2848 2580 2895 ost.

1316 2922 1859 2987 ()ASTIGATIONES
1897 2927 1985 2982 ET
2025 2927 2252 2985 ΝΟΤΔΕ.

215 3020 243 3053 ι
268 3010 387 3077 Qua
426 3011 709 3083 occasione
740 3011 955 3083 scripta
985 3012 1318 3083 sit,quoque
1357 3020 1618 3083 tempore,
1650 3016 1731 3072 di-

149 3092 291 3138 ctum
337 3090 418 3152 est
457 3082 509 3134 in
547 3081 861 3152 praefatione
906 3081 1192 3147 historica;
1238 3098 1430 3152 nempe
1459 3081 1599 3138 anno
1640 3102 1727 3141 se-

149 3097 291 3138 ctum
337 3097 418 3135 est
457 3097 509 3134 in
584 3097 861 3135 raetauone
907 3097 1192 3147 msrorica;
1238 3098 1430 3152 nempe
1459 3099 1599 3138 anno
1640 3102 1727 3141 se-

147 3152 322 3208 cando
345 3097 593 3215 Nestori],
616 3165 799 3223 mense
818 3149 1089 3223 Januario,
1108 3153 1207 3206 sub
1229 3153 1453 3218 initium,
1480 3163 1601 3223 post
1622 3162 1730 3211 tres

151 3224 360 3294 priores
387 3237 663 3294 sermones
691 3220 758 3294 de
779 3236 883 3294 sua,
904 3222 1178 3292 impietate
1204 3237 1233 3277 a
1262 3220 1511 3279 Nestorio
1546 3226 1598 3279 in
1626 3225 1730 3282 Ec-

152 3292 309 3347 clesia
334 3292 564 3357 habitos,
590 3301 666 3357 ut,
693 3292 972 3347 silentibus
994 3308 1102 3363 pra:
1124 3302 1268 3347 metu
1291 3294 1519 3357 clericis,
1541 3309 1733 3363 argue-

152 3372 295 3445 retur
325 3363 555 3446 nefanda
585 3363 802 3446 haeresis
830 3362 1028 3446 ab‘isto
1059 3363 1395 3446 e'tiam_laico
1429 3383 1441 3417 :
1469 3362 1637 3446 quare
1672 3376 1733 3422 ut

154 3435 360 3502 gemina
404 3442 486 3487 est
520 3448 643 3487 cum
685 3432 1044 3487 obtestatione
1084 3432 1319 3500 Eusebii,
1352 3435 1425 3488 ita
1454 3432 1575 3489 vitae
1609 3446 1735 3492 sunt

153 3506 333 3568 ambae,
360 3520 483 3559 cum
504 3505 671 3557 altera
695 3504 851 3557 alteri
875 3503 1048 3558 lucem
1076 3502 1283 3569 aﬁ'erat,
1307 3519 1414 3558 non
1435 3505 1729 3561 dissocian-

153 3573 245 3641 ὼε,
276 3574 375 3628 sed
412 3574 701 3645 obtestatio
742 3575 900 3638 notis,
931 3589 1158 3643 quarum
1199 3574 1368 3629 instar
1409 3576 1603 3631 merito
1641 3579 1729 3645 sit,

155 3643 499 3713 subjicienda.
534 3644 650 3699 Non
683 3652 862 3698 tamen
898 3660 967 3699 ex
1005 3645 1307 3700 recentiore
1337 3647 1584 3701 versione
1620 3643 1735 3705 sive

155 3712 391 3788 Peltana,
409 3715 521 3788 sive
544 3714 785 3788 Romana
804 3756 829 3788 ,_
841 3728 1033 3788 verum
1049 3730 1122 3788 ex
1134 3714 1357 3788 antiqua
1379 3718 1573 3784 potius,
1591 3733 1729 3788 quae,

155 3792 209 3857 ut
248 3783 539 3857 Latinitate
585 3784 741 3839 cedat
772 3785 958 3857 alteri,
1002 3783 1447 3857 ﬁdelitate’certe
1490 3783 1727 3857 prmstat,

160 3854 313 3908 immo
360 3854 572 3909 videtur
612 3870 730 3909 esse
768 3855 1047 3925 ipsiusmet
1087 3854 1421 3919 Mercator-is,
1462 3854 1584 3912 cum
1625 3875 1733 3914 non

157 3926 438 3996 abhorreat
471 3942 501 3980 a
533 3926 743 3996 ratione
775 3926 1182 3996 interpretandi,
1218 3941 1379 3996 quam
1414 3942 1472 3981 se
1505 3930 1733 3986 consilio

157 3997 295 4067 sequi
325 3994 525 4050 Marius
546 3995 818 4067 professus
839 3994 939 4059 est,
967 3996 1019 4050 in
1042 3994 1353 4067 praefatione
1374 3996 1441 4051 ad
1457 4014 1734 4056 sermones

157 4063 377 4139 l‘lestorii
404 4063 607 4139 contra
620 4064 983 4139 Pelagianos,
1000 4063 1238 4139 etplena
1259 4068 1330 4139 sit
1356 4068 1577 4139 vocibus
1599 4085 1733 4139 quas

159 4134 340 4189 Marius
370 4151 511 4208 pene
532 4134 777 4201 affectat;
799 4144 855 4208 et
878 4138 1039 4192 verba
1062 4134 1294 4208 Nestorii
1320 4134 1729 4208 complectatur,

159 4220 264 4278 quas
278 4207 405 4278 aliis
433 4207 487 4260 in
515 4208 767 4277 operibus
796 4206 1062 4278 Mercator
1080 4207 1301 4277 perinde
1328 4206 1726 4278 interpretatur.

224 4275 355 4346 ξιΕο
405 4292 465 4331 se
504 4275 720 4331 nomine
756 4277 1017 4340 inscribit,
1056 4275 1163 4346 quo
1204 4278 1451 4332 solebant
1472 4275 1631 4343 laici,
1674 4289 1733 4336 ut

159 4344 271 4399 inde
296 4355 509 4401 constet
537 4362 658 4401 eum
689 4356 816 4401 tunc
852 4344 1105 4417 temporis
1135 4364 1243 4402 non
1272 4347 1435 4403 fuisse
1460 4352 1725 4405 constitu-

160 4422 261 4469 tum
289 4418 339 4470 in
377 4417 485 4471 ullo
514 4418 644 4471 cieri
672 4417 873 4486 gradu;
899 4418 987 4472 illa
1017 4418 1159 4472 enim
1188 4425 1348 4472 aetate
1383 4434 1543 4474 nemo
1572 4421 1731 4475 cleri-

158 4498 243 4539 cus
266 4489 344 4557 sui
375 4487 571 4555 gradus
600 4504 797 4542 nomen
820 4504 928 4547 non
956 4488 1223 4557 gaudebat
1244 4488 1513 4557 praeferre.

225 4505 243 4539 s
266 4505 344 4540 sun
375 4505 571 4555 grauus
600 4505 797 4542 nomen
820 4505 928 4547 non
956 4505 1223 4557 gauuenat
1283 4505 1513 4544 ranerre.

225 4568 243 4595 ε
274 4556 341 4642 lit
363 4559 741 4642 erat_epistola
774 4559 1067 4642 spargenda
1102 4560 1154 4612 in
1173 4505 1388 4642 litigas,
1412 4568 1466 4642 et
1492 4575 1590 4642 per
1617 4576 1732 4615 ma-

160 4641 247 4680 nus
265 4627 535 4701 tradenda
549 4620 722 4683 'obvio
751 4620 963 4701 cuique,
996 4631 1068 4701 ita
1098 4630 1229 4685 nulli
1261 4620 1513 4701 singulari
1543 4620 1811 4701 perso-‘D

159 4699 514 4770 nminscripta
548 4707 661 4763 est;
693 4699 787 4770 sed
813 4700 1137 4767 generaliter
1164 4715 1427 4755 conservo
1458 4699 1592 4769 ejus,
1632 4702 1723 4770 qui

160 4780 210 4841 ss
234 4767 669 4841 diceret‘seryum
697 4768 916 4835 Christi,
949 4770 1099 4841 cilius
1126 4771 1295 4839 gloria
1325 4767 1731 4841 periclitabatur

160 4836 220 4893 ab
238 4838 504 4912 hatretico.
531 4836 735 4909 Opinor
763 4848 943 4912 autem
978 4836 1161 4895 (ἕτωὼ
1188 4836 1418 4912 primum
1448 4844 1722 4911 scriptam,

162 4912 259 4979 tum
282 4907 489 4975 Latine,
515 4907 606 4963 aut
628 4918 851 4979 utraque
873 4911 1052 4979 lingua
1075 4907 1233 4965 simul
1254 4928 1283 4965 a
1315 4907 1634 4977 Mercatore,
1666 4920 1727 4965 ut

161 4978 337 5052 nullius
367 4980 554 5052 gentis
594 4978 838 5052 homines
878 4978 1195 5052 praeteriret.
1240 4980 1426 5037 Simile
1473 4982 1727 5051 quiddam

162 5042 342 5121 Marius
363 5042 419 5103 in
440 5042 1156 5121 Crommonitorio'prmstitit.

222 5118 245 5153 ά
274 5118 445 5188 Super
479 5120 579 5174 hac
616 5118 905 5177 collatione
933 5121 1165 5178 Nestorii
1197 5138 1318 5177 cum
1347 5122 1723 5190 Samosateno,

162 5199 333 5261 gpcne
358 5190 587 5261 pretium
625 5198 707 5245 est
740 5193 1039 5259 consulere,
1072 5200 1265 5261 praeter
1302 5194 1718 5251 obtestationem

162 5252 378 5331 Eusebii,
412 5259 715 5315 Nestorium
754 5262 929 5331 ipsum
957 5252 1037 5319 et,
1058 5252 1440 5329 Mercatorem;
1474 5272 1529 5318 et
1568 5264 1718 5318 illum

163 5328 356 5392 quidem
392 5332 677 5402 postremis
705 5328 913 5388 duobus
940 5334 1294 5398 sermonibus,
1322 5334 1372 5388 in
1402 5335 1595 5402 quibus
1623 5349 1717 5389 co-

164 5407 305 5451 natur
324 5401 532 5455 amoliri
554 5418 583 5455 a
604 5417 663 5456 se
691 5404 892 5458 crimen
919 5405 1291 5459 consensionis
1319 5401 1441 5459 cum
1469 5404 1719 5458 Samosa-

162 5472 276 5521 teno
302 5479 355 5523 et
378 5469 635 5535 Photino;
667 5472 791 5529 hinc
811 5490 940 5529 vero
960 5474 1384 5530 contradictione
1412 5473 1477 5528 ad
1498 5475 1719 5529 anathe-

163 5540 449 5613 nnatismmn
482 5542 549 5595 12
580 5542 839 5610 Nestorii,
872 5546 971 5600 sub
1000 5545 1177 5600 ﬁnem.
1212 5545 1288 5599 De
1330 5545 1443 5613 ipsa
1480 5544 1718 5600 dicemus

163 5610 351 5681 prolixe
367 5615 417 5666 in
433 5614 686 5681 singulari
708 5613 1081 5671 dissertatione
1094 5616 1160 5670 de
1173 5610 1362 5669 haeresi
1381 5614 1716 5671 Nestoriana.

227 5688 248 5755 ξ
279 5680 451 5737 Baluz.
482 5702 493 5737 :
519 5680 803 5755 Conﬁtejur
833 5696 1001 5741 tamen
1023 5687 1157 5740 idem
1180 5685 1452 5740 Nestorius
1472 5687 1526 5740 in
1551 5685 1716 5741 Verbo

164 5748 456 5814 abstanqu
491 5748 661 5825 ipsum
693 5754 891 5813 Filium
916 5774 1057 5826 raro,
1081 5758 1199 5813 licet
1227 5767 1423 5827 ragute,
1463 5759 1582 5827 quia
1610 5774 1717 5813 non

1756 3234 1804 3299 C
1834 3230 1962 3286 bum
2002 3230 2125 3286 ante
2166 3233 2587 3288 incarnationem
2630 3241 2683 3289 et

1835 3035 2073 3091 expresse
2092 3019 2156 3074 ab
2176 3023 2463 3077 artemitate
2486 3021 2681 3077 Filium
2706 3023 2833 3079 dicit
2859 3022 3080 3080 Verbum
3100 3042 3228 3083 esse.
3257 3025 3411 3084 Eutr.

1913 3090 1931 3129 ί
1961 3090 2268 3146 Admonitio
2298 3093 2411 3147 haec
2442 3093 2774 3149 observanda
2801 3102 2901 3154 est.
2927 3112 2995 3151 ne
3014 3096 3259 3152 videatur
3279 3096 3411 3154 Mer-

2560 3130 2592 3147 δι
2610 3130 2774 3149 vauuu
2801 3130 2901 3163 σοι,
2927 3130 2994 3151 uc
3022 3130 3249 3152 νιυῠιιιυι
3279 3130 3418 3154 αισι·-

1836 3169 1990 3231 cator
2033 3163 2309 3231 imponere
2349 3162 2596 3219 Nestorio
2626 3163 2678 3219 in
2707 3162 2941 3231 speciem
2977 3166 3261 3221 allirmanti
3284 3168 3418 3223 Ver-

2774 3236 2921 3289 ilium
2961 3244 3016 3290 et
3044 3236 3211 3290 Deum
3253 3237 3416 3295 fuisse

1838 3301 2031 3372 (Serm.
2057 3303 2145 3370 5);
2178 3318 2363 3357 verum
2392 3319 2513 3358 cum
2544 3304 2739 3373 ubique
2768 3305 2965 3373 passim
2994 3306 3132 3361 dicat
3160 3305 3279 3362 Filii
3314 3325 3414 3364 no-

1835 3373 1981 3446 mine
2007 3373 2296 3446 signilicari
2326 3373 2458 3428 duas
2483 3382 2707 3446 nsturas
2738 3373 2933 3446 (Semt.
2956 3375 3033 3446 9),
3066 3385 3213 3432 recte
3252 3378 3416 3435 infert

1834 3442 1902 3496 ab
1935 3457 2002 3497 eo
2032 3442 2298 3498 Mercator
2326 3445 2493 3499 asseri
2522 3442 2756 3500 Verbum
2785 3446 2853 3501 ab
2881 3442 3182 3503 aeternitate
3221 3447 3415 3504 Filium

1835 3528 1942 3586 non
1964 3527 2101 3586 esse,
2134 3514 2229 3586 sed
2255 3512 2487 3586 Verbum
2522 3522 2766 3586 tantum:
2792 3530 3116 3586 quamquam
3140 3526 3286 3573 totus
3324 3520 3412 3577 hic

1834 3582 1984 3637 locus
2006 3584 2140 3657 adeo
2167 3584 2591 3657 implicatusAest,
2622 3601 2689 3640 ne
2717 3582 2893 3657 dicam
2920 3582 3222 3657 corruptus,
3246 3599 3305 3644 ut
3325 3590 3415 3646 vix

1834 3666 2022 3729 sensus
2044 3655 2229 3729 attingi
2246 3654 2447 3729 queat.
2476 3654 2532 3709 in
2561 3656 2713 3729 novis
2740 3655 2880 3712 forte
2906 3654 3097 3722 rebus,
3117 3674 3292 3729 neque
3310 3659 3416 3716 No-

1834 3724 2053 3797 storius,
2077 3723 2242 3797 utﬁt,
2266 3723 2477 3795 aperuit
2496 3725 2624 3797 satis
2651 3734 2917 3793 mentem;
2949 3743 3124 3797 neque
3146 3723 3416 3787 Mercator

1834 3794 1967 3850 satis
2004 3810 2070 3849 ex
2098 3796 2277 3850 verbis
2304 3794 2564 3864 ambiguis
2598 3796 2863 3855 intellexit
2892 3794 3215 3854 sententiam
3243 3800 3390 3857 homi

1836 3864 1919 3919 nis
1949 3880 2065 3935 eam
2096 3874 2279 3935 tegere
2306 3868 2615 3935 quturentis.

1909 3945 1935 4005 tt
1965 3933 2254 3991 Garnerius
2283 3933 2337 3989 in
2376 3950 2544 4005 marg.
2586 3938 3049 3993 consubstantivus.
3082 3938 3235 3995 Enn.

1908 4003 1933 4042 ιλ
1966 4005 2042 4060 Ne
2085 4006 2275 4060 merita
2308 4003 2516 4073 cogites
2552 4010 2767 4077 proprie
2803 4007 2963 4071 dicta,
3008 4009 3121 4062 sive
3160 4024 3413 4077 operum;

1834 4076 1929 4134 sed
1951 4078 2107 4141 ἀξίαν,
2141 4076 2191 4131 id
2215 4082 2314 4141 est,
2346 4076 2727 4143 dignationem,
2761 4092 2988 4147 eamque
3028 4077 3121 4132 Dei
3150 4076 3415 4147 adoptané-

1833 4149 1934 4212 tis;
1967 4162 2141 4215 neque
2168 4147 2311 4200 enim
2332 4147 2583 4216 opinatus
2611 4154 2693 4203 est
2724 4162 2976 4216 umquam
3005 4148 3298 4213 Nestorius,
3324 4164 3413 4204 re-

1834 4228 1921 4275 cte
1964 4217 2117 4271 factis
2156 4216 2318 4271 ﬁlium
2359 4216 2591 4286 Virginis
2628 4216 3061 4286 coniunctionem
3090 4234 3212 4275 cum
3239 4217 3415 4275 Verbo

1836 4289 2151 4352 obtinuisse,
2178 4303 2299 4342 cum
2330 4285 2547 4345 inﬁnitis
2575 4287 2629 4342 in
2658 4285 2790 4343 locis
2818 4288 3009 4343 doceat
3030 4288 3082 4342 in
3104 4290 3224 4357 ipso
3246 4288 3418 4357 Virgi-

1834 4360 1917 4414 nis
1982 4366 2134 4412 utero
2190 4364 2407 4439 naturas
2472 4357 2634 4413 fuisse
2698 4358 3058 4440 coniunctas.“
3091 4356 3415 4440 P’opularem

1834 4444 1996 4499 super
2025 4445 2085 4483 ea
2114 4444 2174 4482 re
2197 4428 2504 4497 opinionem
2532 4428 2899 4483 convellamus
2927 4429 2981 4482 in
3007 4427 3220 4484 dissert.
3255 4428 3307 4483 1.

1912 4499 1927 4538 ί
1964 4499 2043 4553 Ab
2067 4498 2299 4552 Eusebio
2328 4498 2512 4566 utique
2541 4499 2593 4551 in
2630 4499 3010 4563 obtestatione,
3034 4507 3089 4554 et
3120 4514 3150 4553 a
3172 4498 3418 4557 ﬁdelibus

1835 4570 2056 4639 reliquis
2098 4569 2165 4625 ab
2191 4569 2446 4637 episcopo
2471 4568 2868 4624 discedentibus
2890 4568 3041 4639 (νέα.
3067 4574 3221 4624 sehn.
3247 4568 3323 4639 5).

1836 4676 2120 4733 Obtestatio
2162 4674 3135 4760 publicaproposita.ponstantinopoli
3173 4676 3415 4731 adversus

2253 4756 2438 4815 impios
2461 4756 2694 4805 Nestorii
2714 4763 2994 4803 sermones.

1905 4856 1923 4917 ς
1950 4836 2187 4917 ῼοῃῇιιιιο
2210 4837 2562 4917 accipientem
2591 4837 3014 4917 banc_chartam,
3045 4851 3144 4917 per
3172 4844 3413 4917 sanctam

1829 4906 2163 4973 Trinitatem,
2198 4915 2255 4963 ut
2288 4906 2406 4967 eam
2432 4908 2611 4977 palam
2641 4907 2801 4965 faciat
2822 4906 3108 4976 episcopis,
3135 4908 3413 4977 presbyte-

1827 4979 1920 5043 ris,
1952 4978 2282 5044 diaconibus,
2326 4978 2633 5043 lectoribus,
2678 4978 2828 5033 laicis
2864 4977 3230 5033 habitantibus
3268 4977 3412 5033 Con-

1827 5048 2254 5128 stantinopolim.
2285 5051 2510 5128 insuper
2546 5049 2706 5128 etiam
2736 5048 3025 5128 exemplar
3065 5047 3412 5128 eispraebeat

1828 5120 1895 5179 ad
1917 5119 2342 5189 increpstionem
2379 5118 2629 5183 Nestorii,
2658 5118 2783 5187 quia
2812 5118 3003 5173 similia
3026 5118 3165 5187 sapit
3186 5118 3415 5173 anathe-

1827 5188 2080 5246 matizato
2102 5188 2269 5245 Paulo
2289 5191 2642 5248 Samosateno
2670 5196 2795 5247 ante
2823 5203 2993 5245 annos
3018 5195 3235 5245 centum
3266 5202 3417 5242 sexa-

1822 5261 1973 5328 ginta
2012 5261 2079 5316 ab
2120 5262 2436 5317 orthodoxis
2474 5260 2759 5329 episcopis.
2793 5258 2932 5315 Sunt
2970 5267 3149 5329 autem
3188 5258 3414 5329 quteiab

1823 5327 2053 5400 utroque
2081 5331 2222 5386 dicta
2252 5340 2375 5387 sunt
2395 5327 2548 5387 haec:
2572 5362 2642 5373 -
2661 5327 2859 5385 Paulus
2884 5329 3019 5400 dixit
3044 5346 3056 5382 :
3079 5327 3256 5400 diaria
3294 5328 3419 5382 Ver-

1823 5400 1939 5455 bum
1965 5396 2071 5457 non
2094 5403 2286 5471 genuit.
2312 5401 2589 5457 Nestorius
2609 5399 3000 5471 consonedixit
3021 5417 3050 5471 :_
3069 5396 3193 5471 Non
3220 5400 3415 5471 genuit,

1822 5474 2028 5541 Optime,
2055 5468 2230 5527 Maria
2259 5471 2592 5527 Divinitatem
2618 5469 2813 5541 (Serm.
2839 5469 2915 5539 i).
2932 5503 3003 5517 --
3021 5468 3373 5541 Paulus;di;it
3400 5488 3411 5522 :

1823 5538 2004 5616 Neque
2027 5545 2164 5599 enim
2185 5544 2283 5616 fuit
2302 5552 2422 5598 ante
2444 5538 2652 5616 stecula.
2682 5538 2959 5616 Nestorius
2988 5541 3121 5597 dixit
3148 5558 3184 5616 :_
3198 5538 3267 5616 Et
3294 5538 3419 5616 Md-

1824 5610 1950 5669 trem
1984 5610 2312 5684 temporalem
2340 5614 2514 5684 opiﬁci
2539 5620 2822 5684 temporum
2851 5615 3122 5684 assignant
3142 5610 3416 5684 Divinitati

1824 5632 1950 5669 trem
1984 5632 2081 5668 tem
2117 5632 2312 5669 cratem
2340 5632 2370 5669 ο
2427 5632 2513 5684 per
2539 5632 2822 5683 temporum
2851 5632 3122 5684 assignant
3142 5632 3412 5665 summa"

1823 5684 2016 5765 (Serm.
2051 5632 2125 5754 ὃς.
2155 5718 2227 5729 --
2256 5632 2453 5765 1)δυῖἇέ
2480 5683 2659 5765 dixit“:
2692 5681 2869 5765 diaria
2906 5682 3127 5765 Verbum
3151 5681 3412 5765 suscepit,

1818 5748 1870 5811 et
1910 5773 2016 5811 non
2060 5748 2136 5814 est
2174 5759 2347 5814 senior
2390 5756 2575 5815 Verbo.
2611 5754 2891 5819 Nestorius
2924 5753 3061 5817 dixit
3092 5771 3105 5807 :
3145 5748 3419 5818 Quomodo
