3904 6272
166 339 272 397 777

1362 339 1522 394 IMPII
1559 339 1877 396 NESTORII
1916 336 2146 397 SERMO
2184 334 2269 395 ΙΙΙ.

3341 354 3445 410 778

232 450 368 532 Deus
394 458 611 532 tantum,
636 468 795 525 neque
822 469 979 532 purus
1004 453 1173 532 homo,
1199 450 1642 532 sed-Emmanuel,
1670 456 1751 507 in-
1777 460 1829 521 Α
1856 458 1999 510 enim
2029 472 2250 527 serpens
2280 472 2375 527 per
2398 456 2818 513 inobedientiam
2840 476 3109 517 venenum
3139 464 3344 532 eﬁudit,
3371 470 3441 526 ibi

238 524 451 595 confuse
478 531 527 575 et
545 522 1031 579 incommutabiliter
1065 522 1203 578 Deus
1223 533 1272 577 et
1291 524 1461 578 homo.

376 637 404 667 ⁸
429 635 729 701 Interpretc,
752 645 807 690 ut
827 639 1035 701 videtur,
1060 638 1211 689 Mario
1238 638 1529 691 Mercatore.

234 727 279 781 l.
323 727 607 797 Virginalis
644 730 806 786 hodie
833 731 1148 787 solemnitas
1196 731 1436 800 linguam
1476 740 1742 799 nostram,

158 818 370 885 fratres,
404 819 457 873 in
478 822 805 889 praeconium
826 831 1000 889 vocat,
1025 830 1079 878 et
1098 836 1335 893 praesens
1356 823 1620 879 festivitas
1640 824 1742 891 his,

157 912 247 982 qui
279 922 671 979 convenerunt,
695 917 848 985 quasi
875 917 1123 987 provisor
1149 916 1397 973 utilitatis
1418 916 1667 983 efﬁcitur,
1692 925 1748 973 et

154 1005 313 1062 valde
342 1015 735 1077 competenter.
766 1008 1043 1065 Castitatis
1069 1010 1213 1065 enim
1243 1010 1407 1065 habet
1435 1011 1740 1073 materiam,

156 1106 210 1153 et
239 1098 457 1154 feminei
486 1098 711 1168 gloriam
741 1116 920 1167 sexus,
950 1111 1173 1172 propter
1200 1117 1318 1155 eam
1364 1118 1483 1171 quae
1523 1103 1577 1157 in
1608 1111 1743 1157 tem-

155 1205 287 1262 pore
307 1198 482 1246 mater
503 1197 604 1257 est,
630 1201 684 1247 et
712 1207 923 1263 semper
949 1193 1117 1262 virgo.

219 1281 272 1335 2.
316 1281 457 1338 Ecce
478 1285 623 1339 enim
646 1293 701 1341 et
727 1293 871 1340 terra
899 1292 955 1339 et
982 1299 1131 1339 mare
1162 1300 1385 1339 munera
1412 1284 1617 1353 Virgini
1658 1284 1741 1339 of-

154 1375 525 1430 ferunt:illud
570 1377 789 1447 quidem
830 1375 1082 1432 fluctibus
1130 1376 1350 1431 dorsum
1404 1392 1560 1431 suum
1591 1385 1741 1430 tran-

152 1469 315 1538 quille
345 1470 731 1537 substernens;
761 1471 877 1525 haec
904 1478 1084 1525 autem
1116 1469 1471 1538 gradientium
1501 1470 1619 1523 sine
1639 1470 1742 1523 im-

152 1560 462 1631 pedimento
491 1561 726 1630 dirigens
755 1561 997 1630 vestigia.
1032 1558 1279 1614 Gaudeat
1310 1568 1520 1623 natura,
1554 1559 1744 1613 mulie-

150 1667 235 1706 res
264 1652 621 1719 bonorentur,
654 1653 850 1707 choros
879 1651 1041 1707 ducat
1070 1652 1412 1717 humanitas,
1438 1650 1744 1721 gloriﬁcen-

151 1753 235 1800 tur
259 1747 494 1818 virgines
524 1766 535 1800 :
580 1746 679 1801 Ubi
713 1748 851 1800 enim
894 1744 1173 1799 abundavit
1199 1755 1492 1815 peccatum,
1524 1762 1741 1815 supera-

1857 547 2091 602 Verbum
2111 564 2209 618 per
2230 548 2589 605 obedientiam
2619 551 2925 620 ingrediens
2954 554 3211 624 templum
3233 558 3446 617 vivilice

1852 640 2157 709 plasmavit.
2186 640 2335 697 Unde
2356 643 2559 713 primus
2577 645 2788 715 peccati
2802 645 3095 716 discipulus
3121 646 3255 705 Cain
3276 665 3446 705 emor-

1851 732 1938 797 sit,
1965 732 2088 788 inde
2115 735 2329 802 generis
2353 736 2524 791 nostri
2552 736 2809 793 liberator
2827 736 3074 795 Christus
3094 740 3213 796 sine
3236 743 3445 799 semine

1851 823 2150 892 pullulavit.

1924 913 1973 967 5.
2017 915 2135 971 Non
2165 918 2379 973 erubuit
2408 928 2619 975 amator
2656 921 2936 977 hominum
2975 925 3267 981 muliebres
3308 942 3437 997 par-

1850 1015 1953 1073 tus,
2005 1008 2129 1063 vita:
2169 1010 2313 1064 enim
2360 1019 2477 1066 erat
2508 1012 2801 1080 negotiatio
2847 1028 2968 1083 qua:
3010 1016 3288 1085 agebatur.
3321 1017 3441 1075 Non

1849 1099 2223 1168 coinquinatus
2252 1110 2334 1156 est
2361 1102 2608 1159 habitans
2630 1104 2855 1170 viscera,
2887 1121 3009 1175 quae
3037 1107 3151 1178 ipse
3172 1110 3288 1166 sine
3308 1127 3441 1167 con-

1848 1194 2068 1248 tumelia
2099 1194 2430 1250 condiderat.
2463 1197 2518 1250 Si
2549 1213 2657 1251 non
2695 1198 2847 1267 virgo
2890 1203 3088 1256 mansit
3116 1212 3307 1269 mater,
3339 1222 3439 1276 pu-

1846 1302 1939 1341 rus
1977 1294 2059 1343 est
2085 1288 2248 1343 homo
2276 1288 2369 1357 qui
2396 1298 2551 1345 natus
2571 1299 2683 1355 est,
2718 1300 2773 1345 et
2807 1309 2915 1349 non
2942 1296 3147 1349 exstitit
3176 1298 3439 1355 mirabilis

1848 1388 2062 1448 partus;
2094 1380 2137 1435 si
2167 1388 2348 1435 autem
2374 1388 2428 1435 et
2454 1390 2575 1450 post
2596 1392 2809 1451 partum
2829 1385 2980 1453 virgo
3010 1391 3323 1456 permansit,
3349 1391 3441 1445 ille

1848 1470 2189 1527 ineﬁ‘abiliter
2217 1490 2285 1528 ex
2314 1488 2378 1528 ea
2409 1483 2566 1529 natus
2580 1484 2687 1542 est,
2710 1477 2803 1545 qui
2830 1478 2948 1533 sine
2972 1482 3338 1549 prohibitione
3354 1484 3442 1553 ja-

1847 1564 1967 1617 nuis
1996 1564 2191 1619 clausis
2220 1564 2489 1633 ingressus
2510 1575 2611 1629 est,
2634 1566 2787 1636 cujus
2814 1568 3249 1638 conjunctionem
3278 1582 3438 1630 natu-

1847 1672 2027 1711 rarum
2054 1672 2351 1727 agnoscens
2376 1657 2629 1724 Thomas,
2655 1660 2976 1717 exclamavit
3002 1662 3187 1720 dicens
3216 1684 3228 1719 :
3262 1664 3442 1722 Domi-

1847 1765 1943 1803 nus
1972 1766 2113 1804 meus
2135 1759 2184 1804 et
2203 1750 2343 1804 Deus
2371 1767 2511 1804 meus
2543 1750 2720 1822 (Joan.
2752 1768 2841 1817 xx,
2873 1752 2985 1824 28).

150 1838 393 1891 bundavit
420 1840 587 1909 gratia
620 1837 795 1909 (Rom.
828 1854 881 1902 v,
911 1836 1025 1908 20).
1066 1835 1399 1893 Convocavit
1441 1853 1539 1892 nos
1583 1838 1741 1891 beata
1774 1854 1820 1915 Β
1918 1841 1969 1895 6.
2017 1843 2136 1899 Non
2165 1844 2487 1909 erubescas,
2545 1860 2577 1898 ο
2631 1844 2825 1911 homo,
2867 1854 3101 1915 partum,
3134 1848 3248 1919 ipse
3293 1852 3439 1907 enim

152 1928 351 1996 Maria,
379 1931 780 1986 immaculatum
822 1931 1146 2001 virginitatis
1174 1947 1301 1997 vas,
1332 1931 1613 1987 rationalis
1652 1948 1741 1987 se-

151 2026 309 2081 cundi
355 2025 524 2081 Adam
561 2026 874 2097 paradisus,
904 2026 1179 2095 opiﬁcium
1218 2026 1477 2081 unitionis
1517 2034 1741 2081 natura-

151 2134 287 2185 rum,
320 2119 633 2175 solemnitas
660 2118 891 2173 salubris
911 2119 1365 2185 commutationis,
1391 2119 1558 2175 rubus
1580 2134 1740 2189 quem

150 2208 313 2264 divini
344 2218 529 2280 partus
557 2209 695 2279 ignis
728 2226 836 2266 non
866 2211 1193 2278 combussit,
1226 2226 1356 2267 vere
1376 2211 1511 2267 levis
1540 2213 1739 2278 nubes,

150 2314 265 2369 qua:
294 2316 437 2368 eum,
468 2302 561 2371 qui
588 2317 751 2373 supra
772 2303 1049 2359 cherubim
1072 2312 1173 2371 est,
1198 2319 1324 2359 cum
1351 2320 1584 2375 corpore
1604 2321 1735 2375 por-

151 2394 297 2447 tavit.
325 2392 370 2447 Ο
389 2394 624 2450 caelestis
644 2394 828 2451 imbris
845 2397 1194 2466 purissimum
1213 2397 1405 2463 vellus,
1435 2413 1503 2454 ex
1523 2414 1633 2468 quo
1649 2413 1717 2469 pa
1730 2429 1745 2440 -

149 2494 265 2541 stor
287 2502 392 2542 ove
414 2487 631 2543 indutus
659 2488 773 2543 est!

217 2579 271 2633 3.
316 2579 483 2635 Maria
512 2589 685 2635 mater
713 2589 769 2635 et
798 2582 990 2635 ancilla
1016 2623 1031 2646 ,
1062 2580 1229 2649 Virgo
1260 2589 1317 2636 et
1350 2582 1566 2646 omium,
1599 2583 1746 2637 solus

145 2672 242 2727 Dei
275 2673 346 2727 ad
373 2673 621 2728 homines
651 2689 822 2742 pons,
870 2673 1125 2729 terribilis
1155 2666 1574 2743 dispensationis
1602 2676 1709 2730 tela
1727 2715 1743 2741 ,

143 2762 200 2818 in
220 2779 336 2833 qua
358 2764 642 2819 ineﬁabilis
671 2765 1058 2819 incarnationis
1088 2773 1234 2819 texta
1264 2773 1346 2820 est
1369 2766 1570 2832 tunica,
1595 2766 1746 2836 cujus

144 2856 333 2924 operis
377 2865 719 2927 supertextor
746 2856 976 2928 Spiritus
1006 2866 1224 2913 sanctus
1264 2866 1379 2925 est;
1426 2860 1645 2925 textrix,
1676 2874 1745 2915 ex

147 2947 422 3003 altissimis
444 2948 773 3003 obumbrans
803 2950 1000 3015 virtus;
1034 2950 1197 3004 vestis
1225 2958 1426 3015 autem,
1464 2951 1744 3021 antiquum

152 3040 321 3097 Adam
364 3039 767 3106 indumentum;
810 3041 995 3104 ﬂocci,
1040 3058 1105 3097 ex
1142 3041 1363 3111 Virgine
1403 3042 1743 3099 immaculata

150 3147 311 3196 care;
345 3131 544 3197 radius,
578 3133 1031 3188 immensurabilis
1058 3132 1334 3189 induentis
1358 3135 1560 3204 gratia;
1606 3137 1741 3191 arti-

1848 1934 2004 1988 nobis
2048 1936 2220 1990 factus
2260 1943 2341 1991 est
2379 1936 2594 1991 occasio
2616 1937 2823 1992 salutis.
2854 1936 2911 1992 Si
2939 1955 3045 1994 non
3099 1957 3167 1996 ex
3212 1944 3440 2001 muliere

1846 2036 2181 2093 nasceretur,
2214 2043 2558 2097 nequaquam
2596 2038 2929 2095 moreretur;
2954 2032 2999 2086 Si
3041 2049 3150 2088 non
3198 2051 3438 2093 morere-

1846 2126 1953 2183 tur,
1984 2134 2327 2189 nequaquam
2356 2135 2455 2190 per
2480 2129 2710 2175 mortem
2738 2121 3040 2178 destrueret
3072 2143 3186 2180 eum
3215 2130 3299 2199 qui
3342 2130 3438 2183 ha-

1847 2210 1926 2264 bet
1945 2212 2127 2266 mortis
2148 2212 2421 2283 imperium
2446 2209 2643 2281 (Hebr.
2676 2228 2731 2278 ιι,
2766 2212 2887 2283 14),
2916 2215 2970 2268 id
3008 2225 3108 2282 est,
3142 2217 3434 2275 diabolum.

1845 2304 1963 2360 Non
1993 2313 2076 2360 est
2118 2305 2313 2374 injuria
2360 2304 2657 2360 architecto
2704 2320 2925 2362 manere
2965 2307 3019 2362 in
3049 2308 3133 2365 his
3172 2326 3293 2381 quae
3322 2312 3439 2383 ipse

1842 2398 2163 2464 aediﬁcavit;
2194 2412 2306 2453 non
2344 2397 2659 2465 coinquinat
2689 2394 2907 2465 ﬁgulum
2946 2399 3117 2453 lutum
3166 2418 3437 2458 renovan-

1845 2497 1976 2554 tem,
2004 2490 2151 2559 quod
2182 2490 2543 2558 plasmaverat
2577 2490 2691 2544 :sic
2734 2504 2843 2544 non
2894 2490 3210 2560 coinquinat
3249 2494 3439 2549 incon-

1846 2582 2215 2636 taminabilem
2266 2595 2333 2634 ex
2382 2579 2614 2648 Virginis
2660 2587 2849 2634 ventre
2893 2581 3188 2649 procedere
3207 2582 3236 2649 ;'
3276 2600 3439 2653 quam

1847 2676 1991 2730 enim
2018 2674 2145 2729 dum
2169 2674 2481 2744 plasmaret,
2514 2688 2623 2727 non
2652 2672 3030 2741 coinquinatus
3058 2681 3172 2739 est,
3197 2688 3295 2745 per
3314 2692 3435 2733 eam

1847 2767 2119 2821 transiens
2148 2781 2257 2820 non
2288 2764 2524 2835 pollutus
2554 2770 2655 2818 est.

1920 2861 1970 2913 7.
2011 2858 2055 2913 Ο
2078 2868 2247 2925 utere,
2275 2859 2327 2913 in
2349 2874 2457 2928 quo
2477 2858 2778 2914 communis
2804 2859 3067 2916 libertatis
3087 2863 3268 2917 cautio
3289 2879 3438 2919 com-

1844 2952 2021 3022 posita
2051 2951 2165 3006 est!
2189 2950 2235 3004 Ο
2261 2958 2469 3016 venter,
2502 2950 2556 3004 in
2578 2965 2686 3019 quo
2706 2958 2895 3006 contra
2924 2960 3155 3009 mortem
3177 2954 3439 3012 fabricata

1845 3051 1970 3097 sunt
1999 3058 2147 3096 arma
2173 3043 2185 3094 !
2219 3040 2264 3095 Ο
2283 3056 2429 3109 area,
2464 3042 2519 3096 in
2548 3056 2653 3110 qua
2682 3051 2889 3097 natura:
2909 3045 3145 3113 agricola
3167 3044 3433 3115 Christus,

1846 3135 1984 3190 sicut
2012 3134 2189 3204 spica,
2222 3134 2340 3188 sine
2369 3134 2574 3189 semine
2611 3133 2923 3202 pullulavit!
2958 3133 3002 3188 Ο
3031 3138 3287 3208 templum
3312 3181 3326 3205 ,
3384 3141 3437 3195 in

152 3221 252 3286 fex,
284 3221 433 3291 quod
470 3238 571 3294 per
597 3223 960 3279 obedientiam
991 3224 1192 3280 insiluit
1219 3224 1471 3280 Verbum.
1505 3225 1636 3294 Quis
1659 3228 1741 3282 vi-
1765 3229 1811 3292 C
1845 3243 1954 3297 quo
1983 3226 2125 3282 Deus
2148 3225 2319 3281 factus
2341 3233 2424 3281 est
2451 3224 2721 3289 sacerdos,
2761 3241 2869 3281 non
2900 3234 3151 3281 naturam
3193 3245 3438 3286 commu-

151 3313 242 3379 dit,
274 3314 398 3383 quis
424 3314 644 3381 audivit,
677 3316 802 3384 quia
835 3316 1049 3370 vulvam
1075 3316 1217 3372 Deus
1246 3317 1744 3389 incircumscriptus

154 3404 436 3473 habitavit,
466 3414 521 3462 et
549 3422 711 3477 quem
739 3408 937 3464 cmlum
970 3424 1083 3465 non
1112 3418 1365 3481 caperet,
1395 3418 1587 3467 venter
1614 3411 1738 3467 Vir-

156 3496 283 3565 ginis
310 3499 475 3569 cepit.

219 3587 267 3642 4.
310 3588 479 3646 Natus
498 3599 581 3646 est
623 3606 691 3647 ex
714 3592 941 3648 muliere
965 3593 1134 3659 Deus,
1168 3594 1262 3650 sed
1294 3610 1407 3650 non
1445 3595 1653 3661 nudus;
1685 3602 1741 3650 et

156 3689 302 3736 natus
329 3690 417 3737 est
442 3682 626 3749 homo,
651 3682 745 3737 sed
772 3699 885 3739 non
916 3700 1113 3754 purus;
1145 3693 1201 3740 et
1227 3686 1319 3755 qui
1347 3694 1507 3742 natus
1534 3694 1617 3742 est
1644 3703 1737 3742 ve-

157 3770 275 3826 teris
315 3772 527 3841 peccati
567 3780 812 3843 portam,
855 3780 1067 3843 portam
1108 3775 1296 3831 salutis
1333 3777 1609 3831 ostendit:
1644 3777 1737 3833 ubi

1848 3327 1989 3383 tans,
2018 3317 2113 3373 sed
2153 3332 2297 3383 eum,
2330 3315 2750 3385 quisecundum
2778 3316 3024 3371 ordinem
3047 3327 3131 3373 est
3158 3318 3439 3377 Melchise-

1844 3411 2001 3477 dech,
2029 3418 2254 3479 propter
2281 3408 2686 3463 miserationem
2716 3407 2936 3465 indutus
2964 3412 3075 3465 est!

1916 3501 1970 3556 8.
2020 3500 2244 3555 Verbum
2266 3517 2388 3555 caro
2410 3502 2606 3572 factum
2626 3510 2704 3555 est
2725 3500 2905 3571 (Joan.
2936 3519 2971 3566 ι,
3006 3502 3115 3574 14),
3142 3506 3243 3561 etsi
3266 3504 3437 3563 Judzni

1844 3608 1955 3647 non
1984 3590 2217 3647 credunt
2234 3599 2466 3661 partum.
2501 3589 2642 3646 Deus
2689 3591 2922 3646 hominis
2948 3592 3177 3648 formam
3218 3596 3437 3654 indutus

1843 3693 1961 3750 est,
1990 3684 2093 3739 etsi
2138 3682 2335 3753 pagani
2380 3682 2671 3737 detrahunt
2711 3682 2971 3739 miraculo
3006 3703 3017 3736 :
3064 3696 3287 3757 propter
3328 3690 3432 3746 hoc

1841 3777 1985 3833 enim
2014 3784 2064 3831 et
2090 3774 2288 3829 Judwis
2308 3773 2633 3839 scandalum,
2664 3782 2713 3827 et
2741 3773 2975 3844 gentibus
2998 3777 3217 3832 stultitia
3241 3778 3282 3850 (Ι
3308 3779 3430 3836 Cor.

1315 3865 1856 3924 CASTlGATlONES
1892 3867 1981 3922 ET
2019 3864 2248 3920 ΝΟΤᾸΕ.

156 3942 253 3991 tam
278 3934 558 4005 Virginem
585 3951 694 3991 non
721 3950 841 3991 esse
866 3938 1135 4004 Θεοτὸκον,
1189 3938 1243 3993 id
1268 3946 1380 4003 est,
1422 3938 1589 3993 Deum
1620 3955 1730 3994 non

158 4007 454 4081 peperisse;
500 4022 693 4075 purum
731 4006 893 4081 fuisse
919 4008 1222 4081 hominem,
1254 4024 1415 4078 quem
1450 4008 1607 4081 Virgo
1636 4026 1733 4081 pe-

156 4078 298 4146 perit,
325 4093 433 4132 nec
472 4092 501 4129 a
542 4085 789 4132 creatura
828 4079 971 4151 gigni
1010 4095 1168 4149 posse
1204 4078 1734 4151 creatorem;’Spiri-

158 4157 258 4202 tum
282 4156 529 4203 sanctum
549 4162 762 4204 creasse
785 4150 1062 4220 templum,
1090 4149 1234 4219 quod
1256 4150 1490 4205 Verbum
1522 4149 1732 4206 inhabi-

158 4226 308 4286 taret;
333 4220 630 4291 Deuntnon
650 4235 810 4290 posse
829 4219 957 4275 vere
976 4219 1079 4275 dici
1094 4236 1311 4291 passum
1333 4228 1426 4275 aut
1441 4230 1731 4287 mortuum;

158 4291 389 4361 Qtoréxou
422 4288 734 4346 defensores
773 4288 1317 4361 mysterium'divinae
1346 4292 1734 4349 incarnationis

159 4359 425 4416 ridendum
444 4361 734 4483 fgentilibus
755 4359 1056 4428 traducere,
1083 4362 1403 4432 Arianisque
1425 4379 1571 4417 arma
1600 4380 1724 4434 snp-

160 4430 389 4483 peditare
411 4446 441 4483 a
481 4446 667 4483 versus
695 4432 1011 4483 catholicos.

160 4430 389 4499 peditare
411 4430 667 4487 adversus
695 4432 1011 4487 catholicos.

220 4500 336 4557 llaec
357 4501 543 4557 omnia
569 4503 881 4573 perstringit
910 4501 1161 4569 Proclus,
1194 4504 1401 4573 triaque
1429 4504 1481 4558 in
1511 4513 1730 4559 contra-

162 4571 287 4647 rium
312 4571 933 4647 dogmata'demonstrat
958 4593 969 4627 :
1004 4590 1197 4647 nempe
1224 4571 1328 4647 qui
1345 4575 1557 4647 genitus
1585 4584 1668 4630 est
1701 4592 1731 4629 a

166 4641 360 4713 Virgine
392 4660 582 4713 purum
610 4659 717 4698 non
745 4660 864 4699 esse
899 4641 1201 4713 hominem,
1231 4641 1325 4699 sed
1356 4641 1489 4701 vere
1528 4646 1731 4711 Deum;

166 4712 314 4769 Deum
343 4712 474 4769 vere
516 4730 732 4784 passum
771 4731 835 4769 ac
876 4725 1175 4782 mortuum;
1208 4716 1421 4771 beatam
1464 4716 1733 4785 Virginem

1839 3942 2027 4019 dicitur
2074 3939 2238 4019 oratio
2262 3935 2449 4019 Procli
2480 3937 2543 4019 de
2571 3936 2810 4019 laudibus
2857 3936 3319 4019 Virg‘iniszuFacit
3339 3944 3435 3999 de.

1840 4010 1964 4065 inde
1988 4008 2133 4079 quod
2162 4005 2415 4061 Ricbardi
2438 4008 2575 4083 ratio
2603 4008 2837 4083 exstqu
2864 4005 3064 4083 petita,
3097 4008 3227 4064 illud
3256 4013 3430 4083 ipsum

1841 4076 2064 4153 evertat
2093 4083 2315 4148 propter
2359 4076 2504 4153 quod
2551 4076 2925 4153 stabiliendum
2956 4078 3214 4153 affertur:
3259 4076 3435 4153 neque

1843 4153 1987 4207 enim
2015 4146 2158 4203 idem
2184 4146 2267 4220 est
2290 4189 2336 4220 ,Α
2355 4146 2501 4216 quod
2537 4148 2720 4220 aiebat
2742 4148 2998 4220 ,Mveteris
3032 4146 3431 4220 interpretis-ac

1845 4220 2083 4301 Dionysii
2100 4218 2288 4301 stylus,
2304 4217 2722 4301 licet-utriusque
2734 4218 2912 4301 dictio
2926 4220 3039 4301 sivne
3055 4217 3291 4301 humilis,
3316 4224 3429 4281 sive

1846 4289 2089 4361 neglecta
2128 4289 2229 4355 sit;
2272 4297 2453 4361 potest
2491 4290 2635 4344 enim
2663 4289 2832 4361 videri
2862 4289 2915 4344 id
2942 4290 3220 4347 affectasse
3264 4295 3430 4350 inter-

1838 4360 1983 4434 pres,
2016 4369 2075 4417 ut
2094 4367 2246 4434 tanto
2281 4360 2557 4434 sincerius.
2571 4360 2811 4434 auctoris
2839 4374 3054 4434 sensum
3080 4365 3426 4432 exprimeret,

1839 4429 2042 4503 quanto
2082 4432 2261 4503 minus
2290 4432 2532 4503 aphrasi
2561 4429 2746 4503 Graeca
2775 4430 3083 4503 recederet,
3116 4429 3261 4501 quod
3290 4429 3428 4491 Mer;

1840 4498 1992 4573 dator
2020 4503 2074 4556 in
2105 4517 2165 4557 re
2192 4498 2366 4573 simili
2382 4500 2450 4556 de
2477 4517 2535 4573 se
2564 4498 2848 4570 proﬁtetur
2870 4500 2959 4573 (In
2978 4498 3149 4573 prwf.‘
3164 4505 3233 4557 ad
3260 4509 3428 4563 varios

1842 4572 2055 4646 Nestor.
2087 4572 2291 4641 serm.).
2318 4570 2931 4646 FacitgdeniqueanOd
2960 4570 3164 4627 eum'in
3194 4577 3429 4646 antiquis

1841 4645 2118 4700 codicibus
2140 4642 2537 4712 manuscriptis,
2571 4650 2626 4696 et
2654 4644 2708 4695 in
2740 4641 2998 4697 Vaticano
3028 4646 3259 4700 maxime
3290 4650 3307 4712 (
3324 4641 3428 4701 Va-

1844 4718 1930 4769 tic.
1967 4715 2081 4769 cod.
2115 4715 2464 4783 manuscripto
2491 4712 2675 4781 2856),
2710 4712 2849 4766 unde
2878 4714 3161 4783 exscripsit
3200 4712 3425 4772 Richar-

165 4786 359 4856 pr0prie
416 4775 661 4842 ΘεοῙι-ὁκον
716 4786 1110 4855 appellandam.
1165 4775 1434 4853 Quartum
1481 4775 1733 4856 quiddam
1762 4775 1973 4852 Ddus,
2007 4787 2221 4853 ignotus
2249 4775 2474 4856 dicatur,
2525 4775 2845 4856 relinquitur
2891 4775 3419 4856 locus‘conjecturaa.

166 4855 321 4909 obiter
348 4856 545 4924 attigit,
579 4856 722 4925 quod
753 4866 933 4910 tamen
962 4857 1211 4912 Nestorio
1237 4858 1400 4911 bilem
1437 4855 1729 4912 vehemen-

167 4932 235 4978 ter
258 4926 523 4989 accendit,
576 4934 635 4980 ut
682 4926 734 4980 id
776 4928 1117 4996 postmodum
1157 4942 1261 4996 qua
1291 4927 1416 4981 data
1447 4929 1733 4983 occasione

168 4997 340 5115 genter
369 5008 745 5067 oppugnaret,
788 4995 1098 5067 pontiﬁcem
1147 4995 1393 5053 nostrum
1440 5014 1566 5053 vere
1613 5014 1732 5054 esse

207 5080 334 5115 eum.

207 5080 334 5121 eum.

230 5144 253 5171 ι
278 5134 393 5209 Cur
416 5138 488 5191 ita
516 5137 778 5203 videatur,
802 5147 989 5193 contra
1017 5139 1326 5209 Opinionem
1358 5139 1732 5209 nonnullorum

170 5207 449 5292 versionem
497 5209 753 5292 orationis
801 5206 1145 5292 tribuentium
1187 5206 1461 5292 Dionysio
1505 5207 1727 5291 Exiguo,

172 5272 281 5330 facit
302 5278 469 5347 primo
506 5278 651 5349 quod
681 5295 803 5333 cum
834 5295 990 5334 nemo
1030 5281 1230 5335 veteris
1269 5272 1423 5349 huius
1471 5272 1731 5335 versionis

172 5347 737 5421 auctorem_credid_erit
778 5349 1085 5421 Dionysium
1124 5347 1409 5421 Exiguum,
1451 5358 1575 5405 ante
1604 5349 1732 5405 Vin-

173 5418 403 5491 centium
414 5416 756 5484 Richardum,
779 5420 871 5491 qui
892 5416 1061 5491 nuper
1081 5416 1247 5476 edidit
1268 5422 1322 5475 in
1352 5422 1524 5491 lucem
1553 5422 1731 5476 omnia

173 5481 328 5544 Procli
370 5488 544 5559 Opera
566 5530 581 5554 ,
621 5497 677 5543 et
713 5481 983 5545 eruditum
1008 5490 1311 5557 Labbeum,
1348 5492 1439 5560 qui
1466 5490 1732 5547 Richardo

174 5561 450 5627 consensit;
500 5569 727 5628 uterque
756 5570 935 5617 tamen
964 5578 1072 5618 non
1098 5562 1447 5617 vehementer
1478 5561 1532 5616 id
1587 5560 1732 5615 afﬁr-

173 5638 296 5697 tnet,
326 5632 416 5687 sed
454 5631 573 5697 ille,
606 5629 832 5687 fortasse
860 5633 933 5688 ita
966 5649 1081 5689 rem
1108 5649 1167 5689 se
1198 5633 1395 5688 babere
1426 5632 1600 5697 dicat;
1633 5633 1732 5688 iste

173 5695 413 5757 Vincentii
434 5695 633 5775 dictum
655 5712 912 5773 praestare
942 5705 1204 5775 noluerit,
1220 5704 1288 5759 de
1317 5703 1573 5775 Dionysio
1590 5695 1733 5775 con-

170 5776 339 5845 lentus
354 5773 586 5828 scribere
612 5773 663 5827 in
696 5774 808 5829 hazc
834 5776 995 5829 verba
1025 5775 1116 5842 (In
1149 5774 1235 5829 lib.
1275 5775 1337 5829 de
1367 5772 1558 5845 Script.
1588 5772 1727 5828 Eccl.

172 5842 297 5897 verba
323 5844 613 5913 DIONVSIUS)
644 5863 654 5895 :
688 5844 763 5896 Ab
796 5847 973 5900 eodem
1007 5857 1214 5902 auctore
1244 5864 1306 5900 ex
1330 5842 1509 5901 Grteco
1534 5845 1733 5900 reddita

426 5940 699 5999 Pyrum“
752 5940 1029 6000 XLVIII.

1836 4856 2102 4922 Quoniam
2134 4856 2294 4923 igitur
2320 4854 2503 4908 isthaac
2531 4854 2709 4908 versio
2741 4869 2846 4907 non
2869 4854 3125 4907 abhorret
3151 4870 3182 4909 a
3213 4858 3425 4915 ratione

1836 4925 2222 4997 interpretandi
2252 4939 2413 4993 quam
2443 4924 2709 4997 Mercator
2736 4931 2955 4997 secutus
2966 4932 3055 4997 est
3077 4925 3129 4997 in
3157 4930 3427 4987 vertendis

1836 4996 1904 5052 de
1936 4993 2128 5066 verbo,
2160 5004 2220 5049 ut
2246 4997 2352 5061 ait,
2396 4994 2463 5049 ad
2496 4996 2718 5066 verbum
2735 4993 3062 5066 Nestoriiet
3088 4994 3270 5066 Cyrilli
3293 5002 3426 5054 scri-

1836 5069 1944 5138 ptis
1968 5065 2200 5139 Graecis,
2252 5081 2360 5120 non
2405 5064 2831 5139 improbabiliter
2868 5064 3011 5118 credi
3052 5064 3233 5139 potest
3265 5069 3425 5139 hujus

1838 5134 2102 5193 versionis
2149 5145 2354 5192 auctor.
2418 5134 2574 5190 Fides
2623 5135 2807 5203 augeri
2854 5144 3066 5203 potest,
3118 5138 3201 5190 vel
3239 5154 3305 5193 ex
3336 5134 3421 5198 ’ρο

1876 5208 1983 5263 uod
2010 5209 2093 5263 sin
2121 5208 2296 5261 minus
2324 5206 2588 5261 Mercator
2616 5204 2789 5261 Procli
2812 5206 3110 5259 orationem
3136 5205 3424 5269 Latinitate

1877 5289 2126 5342 onasset,
2176 5285 2447 5349 pecasset_
2466 5277 2653 5346 procul
2698 5275 2871 5349 dubio
2909 5277 3284 5349 inconsilium
3315 5296 3423 5349 quo

1837 5351 2008 5422 voluit
2030 5344 2368 5422 blasphemias
2394 5344 2626 5422 ἐκτρήρ
2648 5364 2679 5400 a
2708 5346 2947 5422 [iactibus
2967 5348 3159 5422 lingua:
3179 5366 3286 5404 suae
3313 5344 3425 5422 fru-

1841 5420 2001 5475 tribus
2023 5420 2349 5491 cognosciet
2389 5420 2557 5471 vitari.
2599 5418 2830 5491 lntelligi
2865 5418 3005 5471 enim
3036 5419 3123 5472 vix
3154 5435 3217 5475 ac
3244 5418 3425 5479 ne'vix

1834 5491 2050 5573 quidem
2078 5488 2498 5573 potuerintqua:
2525 5497 2719 5573 quarto
2743 5488 2997 5557 quintove
3028 5505 3277 5573 sermone
3301 5509 3429 5573 con-

1834 5560 2095 5627 tinentur,
2128 5562 2291 5614 immo
2321 5560 2790 5631 etisequentibus;
2828 5573 3053 5631 quaeque
3080 5561 3133 5614 in
3160 5562 3287 5631 ipsis
3315 5565 3423 5631 Cv-

1834 5633 1941 5688 rilli
1969 5632 2212 5702 epistolis
2230 5672 2243 5695 ,
2276 5639 2332 5685 et
2351 5630 2470 5703 aliis
2499 5632 2551 5685 in
2583 5630 2750 5703 libris,
2786 5629 2890 5703 nisi
2920 5628 3201 5703 perspecta
3224 5628 3420 5703 Procli,

1836 5702 1890 5759 in
1919 5700 2078 5773 quem
2107 5716 2274 5773 unum
2314 5702 2545 5755 maxime
2585 5700 2863 5756 Nestorius
2892 5701 3187 5773 spectabat,
3222 5700 3424 5761 oratio;

1836 5790 1905 5829 ne
1931 5771 1954 5827 ξ
1978 5774 2060 5827 his
2100 5772 2242 5827 enim
2281 5773 2528 5829 omnibus
2558 5773 2642 5827 vel
2674 5788 2777 5827 una
2798 5812 2810 5835 ,
2856 5771 2940 5827 vel
2970 5772 3229 5835 maxime,
3267 5789 3424 5843 argu-

1836 5854 2077 5901 mentum
2107 5844 2351 5915 prazbuit.

2909 5937 2989 5998 95
