3960 6272
452 377 558 433 779

969 371 1162 429 MARII
1198 369 1636 428 MEliCATORIS
1677 363 2247 424 TRANSLATIONES
2288 365 2646 424 VARIORUM
2683 365 3211 425 OPUSCULORUM.

3631 354 3742 427 780

451 510 488 562 ι,
519 493 610 564 27))
641 502 723 548 est
752 490 1094 563 mysterium,
1123 491 1247 559 quia
1276 489 1416 542 ultra
1455 487 1719 541 rationem
1760 492 1842 539 est
1870 482 2039 536 mira-
2069 485 2123 542 Α
2149 481 2458 549 collatione;
2476 480 2599 536 inid
2620 480 2853 551 denique
2867 482 3012 552 quod
3028 481 3284 539 sacerdos
3307 492 3408 549 est,
3435 485 3488 540 id
3511 487 3659 556 quod
3677 489 3748 544 ad

453 587 652 643 culum.
697 582 755 638 Si
783 599 893 637 non
925 581 1158 636 Verbum
1188 580 1484 635 habitasset
1531 578 1584 632 in
1619 587 1803 632 utero.
1836 589 2044 644 nequa-

451 693 614 750 quam
643 691 770 732 caro
817 675 1029 730 sederet
1077 688 1238 744 super
1279 673 1552 727 thronum.
1605 669 1662 724 Si
1690 669 1804 724 Deo
1850 665 2045 736 injuria

453 759 642 827 luisset
669 771 720 824 in
753 768 966 822 vulvam
988 766 1212 836 ingredi,
1239 773 1294 821 et
1315 765 1520 834 angelis
1549 762 1746 833 injuria
1775 770 1920 816 esset
1948 757 2047 814 ho-

455 865 691 920 minibus
719 863 1040 917 ministrare.

527 959 579 1012 9.
621 957 723 1024 Qui
752 964 833 1010 est
862 954 1154 1010 secundum
1178 962 1446 1016 naturam,
1482 959 1669 1022 utpote
1707 950 1878 1015 Deus,
1905 952 2045 1006 ἀπα·-

451 1037 564 1116 Θής,
595 1053 818 1118 propter
841 1043 1262 1100 misericordiam
1285 1042 1455 1100 factus
1484 1051 1566 1099 est
1587 1044 1906 1103 πολυπαθής.
1930 1040 2046 1094 Non

450 1158 524 1199 ex
558 1148 818 1213 provectu
848 1138 1019 1195 factus
1048 1147 1129 1193 est
1157 1139 1298 1193 Deus
1327 1137 1592 1203 Christus,
1626 1137 1783 1201 absit,
1810 1133 1902 1190 sed
1924 1150 2048 1204 pro-

451 1245 575 1311 pter
600 1235 1004 1291 miserationem
1023 1273 1037 1298 ,
1071 1233 1519 1303 quemadmodum
1549 1232 1846 1295 credimus,
1877 1228 2049 1284 factus

451 1339 536 1388 est
556 1331 741 1386 homo.
774 1326 893 1383 Non
922 1327 1195 1382 hominem
1218 1325 1527 1380 deiﬁcatum
1557 1324 1930 1395 praedicamus,
1955 1320 2048 1376 sed

452 1420 625 1477 Deum
674 1420 1011 1476 incarnatum
1069 1415 1409 1473 conﬁtemur.
1463 1416 1745 1487 Propriam
1801 1415 2048 1470 ancillam

453 1514 778 1585 conscripsit
816 1520 1064 1566 matrem.
1099 1510 1201 1576 Qui
1249 1510 1545 1565 secundum
1598 1508 1887 1564 essentiam
1934 1507 2050 1560 sine

452 1615 629 1664 matre
649 1615 752 1671 est,
785 1614 869 1660 est
888 1603 1183 1660 secundum
1211 1603 1672 1674 dispensationem
1703 1602 1818 1656 sine
1846 1606 2000 1671 patre
2031 1617 2044 1652 :

453 1717 582 1758 nam
608 1699 881 1770 quomodo
911 1699 1045 1769 ipse,
1077 1695 1373 1752 secundum
1401 1695 1657 1760 Paulum,
1701 1695 1814 1748 sine
1835 1700 1981 1764 patre
2000 1698 2051 1744 et

453 1796 567 1849 sine
594 1805 760 1848 matre
779 1802 857 1847 est
883 1789 1069 1863 (Hebr.
1089 1807 1180 1857 vu,
1205 1791 1300 1861 5)?
1329 1788 1386 1843 Si
1414 1805 1580 1859 purus
1601 1789 1766 1843 homo
1795 1793 1905 1852 est,
1941 1800 2051 1838 non

2149 575 2687 644 repraesentatiouem
2710 583 2828 629 erat
2847 574 3101 630 idoneum
3123 573 3359 631 ollerens
3379 596 3390 630 :
3408 593 3643 647 quorum
3663 581 3750 634 ni-

2150 667 2225 721 hil
2237 667 2410 721 simile
2423 667 2658 722 inveniet
2669 667 2908 736 quis,aut
2921 668 3153 723 vicinum
3169 669 3459 737 aliquando
3473 671 3747 740 in-aliquo.

2224 757 2310 812 14.
2353 759 2584 815 Attende
2613 759 2756 814 enim
2789 758 2905 830 ejus
2933 744 3001 814 in
3043 760 3295 815 homines
3335 777 3601 818 amorem.
3644 763 3753 819 Vo-

2151 851 2381 906 luntarie
2407 852 2743 921 adjudicatus
2766 853 2948 918 morti,
2978 869 3118 919 eam,
3151 869 3273 923 qua:
3300 863 3493 910 contra
3523 857 3752 912 cruciﬁ-

2150 953 2338 1011 gentes
2363 953 2499 1010 erat,
2531 945 2776 1000 dissolvit
2808 952 3061 1010 mortem,
3099 957 3155 1002 et
3173 949 3442 1004 convertit
3469 949 3751 1020 perimen-

2151 1036 2284 1089 tium
2314 1052 2373 1092 se
2403 1037 2739 1106 iniquitatem
2763 1038 2818 1091 in
2839 1039 3145 1107 iniquorum
3169 1040 3418 1096 salutem.

2224 1128 2309 1183 15.
2339 1129 2582 1186 Hominis
2631 1132 2793 1199 igitur
2835 1133 2955 1203 puri
2997 1133 3207 1189 salvare
3237 1152 3344 1191 non
3373 1146 3520 1204 erat,
3546 1141 3750 1196 etenim

2150 1223 2267 1294 ipse
2317 1224 2479 1278 etiam
2527 1224 2802 1294 indigebat
2845 1227 3147 1294 salvatore,
3181 1230 3475 1286 secundum
3519 1233 3753 1290 Paulum

2151 1314 2417 1370 dicentem
2452 1335 2464 1370 :
2512 1315 2704 1372 Omnes
2731 1320 2868 1372 enim
2913 1333 3269 1390 peccaverunt,
3310 1333 3360 1377 et
3386 1336 3539 1395 egent
3581 1327 3754 1397 gloria

2151 1407 2249 1462 Dei
2275 1408 2451 1482 (Rom.
2477 1426 2550 1477 ιιι,
2575 1409 2687 1481 28).
2721 1409 2855 1478 Quia
2881 1427 3012 1468 vero
3042 1425 3323 1483 peccatum
3350 1416 3574 1474 diabolo
3600 1433 3754 1474 reum

2151 1501 2399 1559 tradebat
2417 1505 2711 1571 hominem,
2729 1505 2976 1586 diabolus
2997 1507 3252 1562 traditum
3281 1509 3336 1563 in
3365 1519 3601 1568 mortem
3629 1527 3757 1582 age-

2150 1595 2245 1650 bat
2276 1613 2289 1649 :
2322 1596 2375 1650 in
2407 1611 2604 1666 magno
2629 1598 2870 1667 periculo
2890 1613 2953 1654 ea
2981 1613 3101 1668 qua:
3121 1599 3263 1656 circa
3282 1617 3379 1656 nos
3403 1613 3552 1670 sunt,
3574 1614 3754 1674 erant,

2153 1687 2612 1759 impossibilisque
2641 1698 2758 1745 erat
2786 1690 2986 1746 solutio
3013 1693 3224 1747 mortis.

2225 1780 2312 1835 16.
2337 1780 2441 1848 Qui
2461 1782 2611 1836 missi
2644 1789 2770 1837 sunt
2787 1782 3001 1848 medici,
3021 1785 3375 1852 accusabant;
3397 1786 3528 1856 quid
3557 1788 3759 1856 igitur?

454 1895 539 1942 est
566 1885 682 1940 sine
705 1893 906 1950 matre;
930 1883 975 1938 si
999 1882 1173 1937 nudus
1196 1883 1336 1937 Deus
1364 1888 1466 1946 est,
1492 1896 1600 1936 non
1620 1889 1704 1935 est
1724 1879 1841 1934 sine
1862 1885 2016 1948 patre
2041 1893 2054 1928 :
2088 1853 2137 1930 Β
2162 1873 2300 1929 Cum
2327 1875 2570 1929 viderent
2593 1876 2871 1946 prophetae
2893 1877 3032 1931 ultra
3052 1877 3341 1934 humanam
3363 1888 3538 1936 artem
3563 1883 3759 1939 vulnus

455 1995 600 2035 nunc
627 1986 808 2033 autem
835 1977 977 2032 idem
1008 1977 1122 2048 ipse
1149 1983 1252 2042 est,
1279 1975 1396 2030 sine
1423 1981 1596 2028 matre
1623 1972 1842 2043 quidem
1862 1977 1923 2025 ut
1940 1969 2056 2040 pla-

457 2083 692 2140 smator;
724 2073 840 2127 sine
860 2079 1015 2142 patre
1044 2077 1255 2136 autem,
1289 2077 1348 2124 ut
1377 2068 1692 2138 plasmatus.

533 2165 620 2218 10.
661 2163 934 2219 Erubesce
956 2162 1043 2217 vel
1066 2161 1481 2233 appellationem
1509 2156 1838 2227 archangeli,
1882 2170 1916 2210 o
1958 2154 2056 2208 ho-

455 2271 580 2322 mo;
612 2256 704 2324 qui
733 2254 954 2309 Mariam
983 2252 1390 2322 evangelizavit,
1416 2249 1638 2306 Gabriel
1665 2248 1881 2303 dicitur.
1916 2243 2058 2312 Quid

456 2358 639 2405 autem
664 2350 1048 2420 interpretatur
1072 2346 1326 2402 Gabriel?
1355 2346 1498 2401 Deus
1526 2352 1582 2399 et
1608 2343 1793 2398 homo.
1817 2338 2057 2396 Praeces-

457 2444 530 2500 sit
558 2443 870 2515 appellatio,
901 2451 962 2497 nt
990 2441 1304 2497 crederetur
1333 2438 1683 2509 dispensatio.

438 2569 440 2572 -
536 2535 620 2588 11.
663 2535 818 2590 Disce
847 2549 1065 2590 causam
1094 2533 1415 2605 praesentiae,
1448 2540 1503 2586 et
1523 2528 1765 2600 gloriﬁca
1793 2525 2060 2582 incarnati

455 2631 732 2686 virtutem.
766 2630 992 2685 Multum
1021 2629 1254 2684 debebat
1281 2643 1451 2698 genus
1480 2627 1808 2691 humanum,
1841 2630 1897 2678 et
1924 2618 2057 2676 deﬁ-

458 2722 639 2778 ciebat
667 2721 736 2776 ad
763 2721 1022 2775 debitum.
1067 2719 1172 2775 Per
1204 2719 1376 2774 Adam
1409 2733 1569 2774 omne
1607 2723 1891 2788 peccatum
1930 2729 2061 2768 con—

455 2819 789 2888 scripsimus,
817 2823 871 2872 et
900 2831 1086 2871 servos
1109 2832 1208 2870 nos
1237 2815 1504 2870 retinebat
1537 2813 1788 2868 diabolus
1812 2830 1824 2863 :
1858 2811 2062 2864 instru-

457 2920 644 2969 menta
675 2919 864 2968 nostra
889 2912 1218 2982 proferebat,
1251 2927 1350 2980 pro
1379 2911 1582 2964 chartis
1603 2916 1761 2964 utens
1782 2906 1946 2961 multa
1968 2921 2063 2975 pa-

461 3005 638 3058 tiente
681 3017 956 3075 corpore:
1003 3004 1181 3059 stabat
1232 3003 1406 3062 malus
1454 3002 1766 3071 passionum
1818 2998 2065 3055 falsarius

462 3093 782 3150 concutiens
819 3101 1010 3148 contra
1039 3105 1139 3147 nos
1167 3091 1407 3146 debitum
1431 3132 1444 3156 ,
1494 3098 1549 3146 et
1597 3091 1880 3162 postulans
1915 3089 2061 3159 judi-

461 3185 626 3241 cium.
658 3184 790 3239 Erat
819 3185 980 3254 igitur
1007 3183 1372 3238 necessarium
1393 3182 1621 3238 alterum
1643 3198 1675 3237 e
1701 3182 1912 3236 duobus
1929 3221 1944 3246 ,
1970 3185 2064 3234 aut
2115 3242 2118 3244 _

2161 1983 2300 2034 esse,
2333 1967 2401 2022 ad
2448 1969 2726 2024 ccelestem
2754 1970 3024 2026 medicum
3053 1971 3358 2028 clamabant
3389 1991 3402 2026 :
3435 1983 3493 2030 et
3519 1976 3610 2032 hic
3633 1980 3759 2047 qni-

2160 2063 2284 2118 dem
2311 2063 2525 2119 dicebat
2549 2082 2561 2116 :
2594 2063 2835 2132 Domine,
2865 2065 3060 2120 inclina
3079 2069 3231 2122 celos
3270 2078 3402 2136 tuos,
3430 2079 3481 2123 et
3505 2069 3760 2126 descende

2163 2156 2279 2229 (Ps.
2312 2172 2490 2224 exuti,
2519 2155 2592 2226 5).
2629 2156 2781 2213 Alius
2813 2176 2825 2211 :
2855 2158 3004 2214 Sana
3030 2177 3128 2226 me,
3172 2159 3425 2226 Domine,
3458 2172 3508 2217 et
3527 2163 3762 2220 δακρῦον

2164 2249 2315 2322 (Jer.
2344 2267 2470 2316 xvu,
2521 2249 2644 2322 14).
2696 2251 2848 2306 Alius
2891 2253 3161 2308 clamabat
3193 2271 3206 2306 :
3238 2253 3429 2310 Euius
3471 2258 3760 2327 potentias

2165 2352 2325 2408 tuam,
2350 2352 2400 2396 et
2428 2343 2562 2410 veni,
2600 2353 2656 2397 ut
2675 2342 2860 2398 liberes
2884 2360 2979 2399 nos
3011 2343 3138 2416 (Ps.
3173 2359 3354 2414 tum,
3383 2327 3462 2419 3).
3493 2347 3646 2403 Alius
3673 2349 3762 2404 di-

2163 2436 2360 2490 cebat:
2393 2435 2510 2488 Heu
2537 2437 2654 2490 me!
2675 2438 2852 2491 anima
2899 2455 3032 2502 mea,
3066 2440 3187 2510 quia
3208 2441 3362 2511 periit
3400 2441 3700 2497 misericors
3729 2460 3764 2496 α

2167 2537 2322 2582 terra.
2355 2528 2505 2582 Alius
2534 2528 2750 2584 dicebat
2781 2546 2794 2582 :
2827 2528 2889 2584 Si
2917 2547 3031 2584 vere
3067 2529 3210 2584 Deus
3237 2531 3489 2587 habitavit
3514 2545 3630 2587 eam
3661 2535 3762 2589 bo-

2163 2620 2406 2678 minibus.
2458 2622 2658 2677 Alter:
2702 2622 2816 2678 Cito
2852 2623 3209 2694 apprehendat
3257 2641 3350 2680 nos
3398 2627 3763 2680 misericordia

2167 2725 2274 2780 tua,
2306 2714 2548 2769 Domine.
2579 2712 2714 2770 Item
2743 2715 2881 2769 alter
2913 2733 2925 2767 :
2958 2713 3119 2780 Deus,
3148 2717 3202 2770 in
3235 2717 3554 2788 adiutorium
3589 2733 3764 2772 meum

2164 2810 2394 2875 intende,
2417 2808 2657 2876 Domine,
2690 2811 2759 2864 ad
2787 2809 3138 2881 adjuvandum
3166 2828 3250 2865 me
3269 2813 3456 2883 festina
3473 2811 3588 2882 (Ps.
3610 2829 3758 2876 uix,

2165 2902 2243 2972 2).
2296 2902 2447 2958 Alter
2483 2922 2495 2956 :
2531 2902 2632 2968 Qui
2671 2915 2912 2958 venturus
2947 2913 3025 2958 est
3064 2906 3258 2970 veniet,
3305 2915 3488 2960 etnon
3533 2906 3765 2961 tardabit

2170 2993 2398 3066 (Habac.
2434 3012 2487 3060 υ,
2519 2993 2595 3065 5).
2629 2994 2778 3049 Alius
2812 3015 2823 3049 :
2859 2996 3046 3050 Erravi
3071 2998 3201 3050 sicut
3231 2999 3337 3052 oris
3367 3015 3481 3069 qua:
3500 3000 3762 3070 perierat;

2168 3089 2368 3158 require
2395 3104 2592 3141 servum
2624 3097 2763 3142 tuum
2794 3087 2912 3159 (Ps.
2942 3103 3120 3154 cxvrlt,
3151 3089 3293 3162 176).

2243 3179 2330 3232 17.-
2353 3177 2470 3232 Non
2492 3179 2740 3248 despexit
2768 3180 2929 3248 igitur
2950 3181 3196 3235 humana:
3225 3188 3429 3236 naturae
3449 3182 3766 3251 Oppressit)-

462 3277 749 3348 importari
780 3293 847 3332 ex
884 3277 1087 3346 judicio
1117 3282 1374 3340 mortem,
1404 3273 1533 3343 quia
1571 3288 1760 3328 omnes
1799 3287 2060 3342 peccave—
2085 3261 2132 3324 C
2168 3285 2314 3336 nem,-
2355 3269 2448 3338 qui
2476 3277 2666 3323 natura
2717 3276 2891 3324 exstat
2938 3284 3038 3325 rex
3075 3278 3130 3325 et
3167 3271 3340 3336 Deus;
3369 3271 3467 3327 sed
3496 3273 3640 3328 venit
3669 3274 3766 3343 qui

464 3377 624 3434 runt;
663 3377 757 3422 aut
798 3369 958 3422 talem
983 3368 1099 3422 dari
1129 3368 1184 3421 in
1211 3366 1744 3437 compensationem,
1775 3365 1866 3433 qui
1896 3364 2063 3418 totius

413 3448 809 3528 'repetitionis
851 3456 1164 3526 justiticatio
1195 3459 1471 3513 existeret.
1526 3456 1595 3510 Et
1635 3458 1800 3512 homo
1844 3455 2064 3524 quidem

466 3550 680 3607 salvere
701 3565 808 3605 non
835 3558 1066 3620 poterat,
1099 3549 1411 3618 subjaceba’t
1431 3551 1576 3604 enim
1594 3549 1778 3604 debito
1806 3566 1818 3601 :
1844 3547 2066 3615 angelus

467 3642 739 3698 redimere
767 3658 877 3698 non
906 3643 1139 3708 valebat,
1173 3642 1459 3699 deﬁciebat
1483 3643 1626 3698 enim
1654 3644 1709 3698 in
1740 3642 1917 3713 pretio
1940 3642 2067 3696 libe-

468 3738 732 3804 rationis;
765 3751 888 3793 eum
917 3738 1008 3807 qui
1029 3739 1146 3793 sine
1169 3744 1395 3810 peccato
1419 3746 1537 3793 erat
1564 3754 1664 3808 pro
1687 3737 2066 3807 peccatoribus

473 3831 616 3887 mori
645 3832 933 3901 oportebat
966 3849 978 3885 :
1010 3832 1124 3901 ipsa
1171 3831 1318 3885 enim
1357 3832 1472 3886 hazc
1517 3838 1572 3885 et
1609 3830 1722 3886 sola
1757 3829 1946 3883 relicta
1987 3835 2070 3882 est

471 3925 603 3980 mali
631 3923 850 3981 solutio.

441 4053 447 4064 .
548 4015 634 4071 12.
679 4016 818 4085 Quid
847 4017 1015 4089 ergo?
1043 4017 1166 4089 Ipse
1195 4017 1285 4088 qui
1316 4033 1383 4072 ex
1413 4017 1583 4071 nihilo
1616 4015 1924 4071 universam
1974 4031 2068 4069 na-

470 4117 652 4164 turam
680 4118 740 4165 ut
760 4119 902 4165 esset
923 4110 1238 4175 adduxerat,
1263 4111 1354 4178 qui
1377 4110 1432 4164 in
1462 4109 1610 4164 nullo
1632 4108 1894 4164 bonitatis
1926 4108 2070 4162 dono

475 4201 782 4267 deﬁciebat,
817 4201 1108 4264 adinvenit,
1139 4210 1192 4255 et
1216 4201 1535 4271 adjudicatis
1565 4201 1728 4255 morti
1755 4201 1919 4253 vitam
1949 4213 2069 4254 cer-

474 4295 764 4358 tissimam,
806 4302 859 4348 et
905 4295 1065 4347 morti
1104 4293 1429 4349 solutionem
1473 4295 1906 4348 decentissimam
1957 4309 1969 4344 :
2012 4289 2074 4346 ﬁt

478 4387 624 4442 enim
647 4387 829 4452 homo,
855 4387 995 4441 sicut
1016 4387 1166 4440 novit
1197 4388 1308 4456 ipsc
1340 4389 1540 4458 (sermo
1563 4386 1707 4442 enim
1727 4385 2073 4455 interpretari

477 4477 798 4532 miracnlum
841 4489 953 4531 non
1003 4479 1227 4547 potest),
1259 4486 1313 4532 et
1341 4491 1408 4532 eo
1441 4477 1690 4540 moritur,
1733 4475 1877 4546 quod
1908 4477 2072 4531 homo

475 4569 649 4626 factus
682 4577 796 4638 est;
838 4578 893 4626 et
921 4585 986 4626 eo
1021 4571 1247 4634 liberat,
1280 4571 1422 4639 quod
1453 4571 1601 4640 prius
1629 4570 1941 4635 exstiterat,
1987 4584 2073 4623 sc-

2168 3377 2381 3431 semper
2408 3361 2613 3428 aderat,
2647 3371 2704 3417 et
2749 3363 2980 3420 exsolvit
3029 3363 3454 3434 redemptionem
3483 3366 3764 3436 proprium

2167 3454 2510 3522 sanguinem,
2544 3463 2599 3508 et
2642 3454 2788 3508 dedit
2816 3470 2915 3524 pro
2943 3469 3142 3524 genere
3167 3456 3402 3512 humano
3441 3471 3768 3527 comperien-

2167 3549 2372 3603 tionem
2418 3547 2614 3613 morti,
2646 3547 2793 3616 quod
2818 3563 2888 3603 ex
2916 3547 3136 3618 Virgine
3165 3549 3382 3605 indutus
3420 3557 3504 3605 est
3527 3563 3767 3620 corpus,

2170 3651 2224 3698 et
2253 3641 2484 3697 redemit
2511 3641 2769 3696 mundum
2797 3658 2867 3698 ex
2893 3643 3180 3699 maledicto
3207 3643 3369 3713 legis;
3395 3643 3536 3698 unde
3564 3643 3770 3699 clamat

2171 3733 2370 3789 Paulus
2394 3753 2405 3786 :
2440 3733 2674 3788 Christus
2695 3749 2788 3790 nos
2819 3735 3033 3790 redemit
3060 3735 3124 3791 de
3149 3737 3428 3791 maledica)
3457 3737 3586 3807 tegis
3614 3734 3763 3808 (Gal.

2171 3839 2246 3892 ut,
2276 3826 2398 3899 15).

2243 3918 2328 3972 18.
2377 3919 2478 3985 Qui
2521 3919 2680 3987 igitur
2707 3920 2936 3976 redemit
2979 3927 3109 3986 nos,
3139 3931 3247 3976 non
3294 3922 3460 3991 puras
3487 3918 3692 3985 homo,
3736 3937 3772 3976 o

2171 4011 2351 4069 ε]υάἱῦεὲ
2391 4033 2401 4067 :
2436 4015 2712 4070 hominum
2769 4015 2912 4070 enim
2958 4022 3147 4070 natura
3194 4009 3419 4084 petento
3463 4014 3769 4080 serviebat;

2173 4108 2267 4162 sed
2298 4124 2397 4162 nec
2431 4110 2568 4162 Dens
2611 4108 2803 4174 nudus,
2830 4122 3025 4177 corpus
3071 4110 3214 4163 enim
3241 4109 3490 4175 habebat,
3520 4125 3556 4164 ο
3595 4107 3772 4163 Mani-

2173 4201 2337 4266 chaee,
2364 4200 2465 4253 nisi
2490 4201 2631 4255 enim
2662 4213 2748 4254 me
2787 4199 3005 4255 indutus
3034 4207 3195 4266 esset,
3222 4211 3307 4256 me
3337 4208 3446 4255 non
3473 4199 3770 4268 salv'a'sset;

2175 4291 2267 4347 sed
2295 4293 2386 4362 qui
2417 4293 2470 4346 in
2497 4301 2651 4347 utero
2696 4289 2931 4359 Virginis
2959 4293 3281 4347 sententiam
3312 4292 3524 4356 tulerat,
3555 4291 3774 4347 indutus

2175 4394 2258 4440 est
2284 4401 2453 4452 reum,
2475 4394 2528 4439 et
2552 4385 2624 4439 ibi
2653 4377 2907 4439 terribilis
2934 4384 3072 4441 facta
3103 4393 3184 4440 est
3210 4386 3561 4441 connuutatio
3592 4404 3604 4438 τ
3636 4386 3775 4440 dans

2175 4480 2320 4533 enim
2351 4478 2607 4548 Spiritum
2638 4478 2848 4548 accepit
2872 4486 3119 4542 carnem,
3165 4477 3307 4532 idem
3339 4479 3452 4547 ipse
3497 4487 3622 4532 cum
3651 4473 3778 4530 Vir-

2179 4571 2300 4638 gine
2332 4576 2383 4625 et
2413 4585 2477 4624 ex
2526 4569 2778 4638 Virgine;
2809 4579 2863 4625 et
2890 4570 3120 4640 Spiritus
3166 4567 3382 4638 quidem
3430 4565 3778 4624 obumbravit

476 4663 711 4718 cundum
743 4659 971 4718 Paulum
1010 4663 1280 4718 dicentem
1314 4679 1326 4714 :
1362 4659 1426 4715 In
1457 4678 1555 4733 quo
1589 4659 1835 4715 habemus
1865 4660 2067 4715 redem-
2096 4645 2152 4706 Ι)
2177 4678 2318 4726 eam,
2353 4662 2466 4733 ipse
2494 4679 2624 4717 vero
2654 4679 2722 4718 ex
2750 4679 2814 4718 ca
2842 4679 2970 4718 caro
3002 4662 3174 4718 factus
3203 4671 3302 4717 est.

482 4758 734 4827 ptionem,
767 4774 858 4828 per
895 4759 1199 4828 sanguinem
1220 4756 1333 4826 ejus
1354 4755 1706 4808 remissionem
1744 4765 2070 4827 peccatorum

483 4845 646 4920 (Eph.
681 4865 727 4914 ι,
755 4847 830 4918 7).

553 4931 638 4994 15.
657 4938 701 4994 Ο
723 4939 983 5011 stupenda
1006 4940 1120 4996 res!
1139 4939 1573 5008 aliisnegotiatus
1593 4950 1676 4998 est
1692 4941 2074 4997 immortalita-

478 5042 611 5098 tem,
628 5034 742 5104 ipse
762 5037 904 5092 enim
926 5044 1043 5091 erat
1059 5038 1396 5104 immortalis;
1414 5039 1536 5093 talis
1551 5040 1695 5093 enim
1725 5039 1862 5094 alter
1882 5054 2076 5094 secun-

486 5127 615 5182 dum
630 5128 1219 5198 dispensatiOnem,nec
1247 5139 1380 5199 erat,
1400 5143 1502 5187 nec
1519 5133 1688 5188 factus
1718 5139 1820 5198 est,
1849 5147 1948 5186 nec
1964 5137 2066 5196 cst,

475 5236 579 5277 nec
592 5221 712 5288 erit,
726 5219 874 5278 solus
886 5232 968 5278 est
982 5225 1074 5294 qui
1086 5241 1153 5279 ex
1165 5223 1380 5294 Virgine
1391 5235 1551 5281 natus
1565 5234 1647 5281 est
1659 5227 1799 5281 Deus
1813 5235 1869 5280 et
1882 5227 2068 5290 homo,

470 5329 586 5370 non
607 5315 802 5381 solum,
829 5329 948 5386 qua:
967 5318 1286 5388 contraponi
1308 5317 1376 5372 ad
1405 5319 1856 5389 ap‘pretiationem
1879 5317 2068 5388 possit,

393 5446 398 5459 .
474 5404 683 5461 habens
707 5405 1026 5477 dignitatern
1051 5408 1117 5463 ad
1140 5409 1540 5466 multitudinem
1565 5413 1804 5474 reorum,
1838 5408 1932 5465 sed
1964 5413 2075 5464 om-

471 5496 635 5552 nibus
650 5500 930 5556 s‘ententiis
959 5500 1471 5570 supereminentem.
1493 5501 1553 5558 In
1571 5503 1678 5560 hoc
1697 5501 1912 5571 quidem
1928 5500 2073 5570 quod

474 5583 644 5642 Filius
672 5598 816 5656 erat,
845 5591 898 5646 id
924 5589 1072 5661 quod
1119 5590 1573 5649 incommutabilis
1610 5601 1694 5651 est
1736 5592 1806 5648 ad
1851 5590 2070 5647 Patrem

478 5693 838 5751 conservans;
883 5685 938 5739 in
983 5685 1089 5739 hoc
1125 5689 1304 5741 autem
1345 5685 1489 5756 quod
1537 5687 1804 5753 conditor,
1835 5686 1892 5741 id
1926 5686 2073 5756 quod

478 5771 694 5830 virtutis
722 5784 805 5831 est
837 5775 1207 5832 i'nde‘ticienter
1233 5777 1471 5843 habens;
1498 5778 1553 5832 in
1580 5777 1683 5833 hoc
1712 5777 1853 5848 quod
1885 5787 2072 5834 amans

480 5865 746 5933 misereri,
771 5884 836 5925 ea
851 5885 968 5939 quae
981 5871 1371 5942 compassionis
1391 5882 1516 5929 sunt
1536 5873 1651 5930 sine
1673 5875 1779 5929 ulla
1793 5875 2070 5942 publicans

2252 4755 2339 4809 19.
2365 4754 2422 4811 Si
2451 4757 2587 4810 alter
2605 4755 2848 4811 Christus
2863 4764 2918 4811 et
2939 4756 3075 4810 alter
3095 4756 3238 4810 Deus
3251 4753 3506 4820 Verbum,
3532 4768 3640 4807 non
3658 4751 3777 4822 jam

2179 4848 2408 4915 trinitas,
2439 4847 2533 4904 sed
2573 4849 2905 4918 quaternitas
2929 4847 3050 4902 erit.
3086 4842 3204 4902 Non
3231 4843 3529 4918 d'kmmpas
3553 4843 3778 4915 (ﬁspen-

2181 4941 2405 4996 sationis
2436 4941 2692 5008 tunicam,
2720 4956 2839 5010 quzc
2867 4939 3101 5010 desuper
3140 4943 3391 4994 contexta
3416 4949 3517 5003 est,
3562 4939 3672 4991 'non
3703 4935 3782 4990 sis

2180 5036 2474 5105 discipulus
2513 5033 2627 5088 Arii
2654 5052 2667 5100 ;
2700 5034 2863 5102 impie
2893 5033 2981 5086 ille
3011 5032 3298 5087 essentiam
3328 5027 3534 5095 dividit,
3562 5037 3620 5083 tu
3649 5028 3781 5081 uni-

2182 5136 2347 5183 tatem
2377 5143 2444 5182 ne
2469 5127 2741 5197 partiaris,
2769 5131 2829 5180 ut
2860 5137 2964 5179 non
2995 5121 3251 5179 dividar-is
3272 5133 3301 5174 a
3331 5120 3462 5175 Deo.

2253 5221 2340 5276 20.
2395 5223 2488 5278 Dic
2518 5237 2633 5291 age,
2662 5219 2784 5290 quis
2813 5217 3061 5289 apparuit
3100 5219 3155 5270 in
3188 5212 3402 5268 tenebris
3431 5211 3480 5266 e't
3510 5211 3561 5263 in
3592 5207 3782 5262 umbra

2179 5316 2362 5369 mortis
2389 5312 2682 5368 sedentibus
2734 5310 2883 5382 (an.
2916 5325 2952 5374 ι,
2982 5307 3109 5378 79)?
3143 5295 3358 5359 Homo?
3377 5299 3445 5355 Et
3478 5300 3781 5370 quomodo,

2179 5407 2225 5461 si
2254 5407 2306 5460 in
2346 5405 2585 5460 tenebris
2613 5401 2860 5471 degebat,
2891 5397 3183 5454 secundum
3214 5391 3442 5448 Paulam
3463 5391 3738 5448 dicentem
3766 5409 3780 5444 :

2183 5495 2284 5563 Qui
2313 5499 2500 5568 eripuit
2541 5505 2632 5550 n08
2660 5505 2724 5549 ea:
2763 5501 3014 5564 potestate
3046 5483 3369 5543 tenebrm'mn
3413 5483 3547 5555 (σοι.
3577 5497 3617 5547 τ,
3652 5477 3781 5552 15);

2117 5586 2145 5626 ·’
2180 5600 2235 5649 et
2290 5593 2483 5646 iterum
2517 5607 2528 5642 :
2562 5587 2742 5642 Eratis
2782 5587 2920 5640 enim
2967 5577 3249 5654 aliquando
3293 5576 3515 5633 tenebrat
3555 5573 3780 5648 (Ephes.

2181 5703 2234 5754 v,
2283 5685 2372 5757 8).
2421 5683 2550 5751 Quis
2596 5689 2726 5750 ergo
2762 5678 2972 5733 illuxit?
3025 5673 3194 5730 David
3220 5681 3276 5726 te
3320 5671 3518 5725 doceat
3545 5667 3784 5723 dicens:

2181 5775 2319 5833 Deus
2343 5775 2613 5842 Dominus,
2646 5779 2698 5827 et
2724 5767 2895 5826 illuxit
2917 5765 3062 5823 nobis
3088 5761 3206 5838 (Ps.
3234 5771 3396 5827 cxt'n,
3424 5759 3550 5830 27);
3583 5773 3788 5815 conve-

2181 5879 2379 5930 nerunt
2407 5878 2633 5933 naturae,
2658 5874 2714 5924 et
2743 5861 3022 5922 inconfusa
3044 5856 3341 5933 permansit
3363 5853 3562 5912 unitas.
