3904 6272
163 348 243 404 781

158 569 270 623 ergo
299 557 547 622 poterant
568 557 791 618 utraque
813 548 927 603 ﬁeri
948 550 970 602 ?
999 548 1172 604 Homo
1194 565 1358 618 purus
1379 549 1587 604 salvare
1615 565 1723 604 non

156 644 373 708 valebat,
401 643 540 696 Deus
585 640 758 696 nudus
786 640 896 710 pati
924 655 1032 695 non
1061 647 1304 710 poterat,
1340 641 1452 711 ipse
1490 640 1726 696 existens

158 737 282 791 Deus
304 742 510 799 natura,
538 731 709 788 factus
728 739 811 788 est
831 733 1013 796 homo,
1032 739 1086 786 et
1110 747 1177 785 eo
1203 731 1345 801 quod
1369 731 1583 802 quidem
1610 739 1729 786 erat

155 828 399 893 salvavit;
427 843 494 882 eo
522 833 701 881 autem
730 825 874 896 quod
897 825 1067 880 factus
1089 831 1190 887 est,
1222 824 1459 894 pertulit.

215 919 296 974 22.
315 921 609 990 Propterea
636 918 851 988 quando
875 917 1007 972 vidit
1026 915 1265 972 Ecclesia
1287 930 1575 971 coronasse
1603 930 1726 970 eum

153 1013 304 1086 spinis
319 1012 674 1084 Synagogam,
691 1011 978 1081 deplorans
994 1010 1461 1080 praesumptionem
1480 1008 1691 1064 dicebat
1711 1025 1723 1062 :

153 1104 295 1159 Filia:
319 1102 628 1169 Jerusalem,
651 1104 784 1157 exite
813 1111 862 1156 et
890 1101 1050 1157 videte
1082 1117 1345 1167 coronam,
1379 1118 1480 1173 qua
1507 1097 1727 1155 coronal-

151 1202 210 1254 vit
234 1214 349 1252 eum
372 1206 535 1250 mater
561 1212 653 1250 sua
680 1194 852 1267 (Cant.
882 1212 957 1262 ιιι,
988 1194 1110 1265 ll);
1141 1196 1255 1264 ipse
1283 1195 1427 1248 enim
1454 1210 1521 1250 ex
1559 1195 1728 1264 spinis

152 1305 398 1348 coronam
425 1289 680 1360 portavit,
714 1296 773 1342 ut
798 1287 1072 1358 spinarum
1118 1287 1440 1341 sententiam
1467 1285 1726 1341 dissolve-

149 1393 253 1452 ret;
285 1384 402 1454 ipse
452 1383 505 1437 in
550 1381 670 1437 sinu
702 1379 875 1436 Patris
902 1387 956 1434 et
982 1380 1036 1434 in
1073 1387 1262 1435 ventre
1308 1379 1558 1449 Virginis,
1589 1381 1731 1434 inter

150 1479 290 1536 ulnas
316 1478 508 1532 matris
535 1484 591 1532 et
617 1491 780 1547 super
820 1489 1026 1547 pennas
1073 1481 1350 1530 ventorum
1383 1492 1395 1526 :
1427 1488 1636 1528 sursum
1661 1473 1729 1529 ab

147 1570 345 1640 angelis
373 1569 718 1634 adorabatur,
741 1576 798 1624 et
816 1568 1068 1623 deorsum
1085 1582 1206 1623 cum
1233 1566 1498 1622 telonibus
1519 1581 1729 1621 recum-

147 1665 337 1722 bebat:
371 1662 653 1734 Seraphim
682 1677 792 1718 non
817 1661 1222 1732 prospiciebant
1265 1675 1376 1731 pne
1402 1659 1725 1727 reverentia,

145 1767 196 1817 et
217 1759 424 1814 Pilatus
451 1757 857 1826 interrogabat:
889 1770 1076 1811 servus
1111 1754 1465 1826 percutiebat,
1491 1759 1546 1808 et
1571 1768 1726 1809 crea-

1340 337 1500 396 lMPll
1536 341 1851 398 NliS'l‘ORli
1884 342 2115 400 SBRMU
2145 341 2232 399 Ν.

217 460 298 514 ει.
332 458 489 514 Venit
513 459 738 523 salvare,
763 455 856 512 sed
885 455 1170 526 oportebat
1191 462 1245 509 et
1269 457 1381 525 pati
1408 474 1418 507 :
1446 455 1719 524 quomodo
1747 460 1797 518 Α

3305 354 3412 412 782

2443 457 2673 512 SERMO
2709 457 2799 514 IV.

1829 546 1907 601 De
1935 549 2309 625 incarnatione.
2334 550 2667 625 Qui‘primus
2689 560 2848 622 atque
2865 556 3290 625 alextemporalis
3315 558 3414 614 ad-

1858 628 1868 634 '
1897 635 2082 747 genus
2111 617 2288 676 Procli
2317 617 2618 678 orationem
2645 617 3022 696 panegyricum
3053 617 3109 680 in
3138 625 3414 700 Virginem

1939 709 2155 747 εοτοκον.

1939 709 2155 747 εετοκον.

1898 826 1947 879 l.
1992 833 2022 874 ιι
2043 826 2324 884 Amatores
2339 827 2536 884 Christi
2550 831 2778 902 populos
2803 833 3022 903 plausus
3039 833 3123 892 his
3142 836 3412 906 conferre,-

1827 919 1918 987 qui
1941 935 2038 989 pro
2051 919 2209 974 beata
2224 919 2386 975 Maria
2405 922 2718 994 impendunt
2741 925 3003 981 sermonis
3023 925 3276 996 cilicium,
3303 945 3418 986 non

1828 1018 1910 1065 est
1941 1012 2242 1066 mirandum
2267 1030 2280 1065 :
2312 1013 2416 1069 hoc
2449 1015 2620 1084 ipsum
2650 1016 2792 1070 enim
2819 1017 2962 1086 quod
2999 1030 3020 1058 ο
3051 1019 3308 1090 templum
3333 1019 3416 1075 fa—

1829 1112 1916 1159 cta
1945 1113 2026 1158 est
2049 1103 2253 1176 [Baluz.
2278 1105 2370 1161 ad.
2403 1105 2566 1179 illius]
2609 1107 2900 1164 Dominicze
2942 1111 3160 1178 carnis,
3202 1112 3418 1168 excedit

1830 1213 1991 1254 omne
2020 1198 2164 1268 quod
2203 1207 2284 1255 est
2313 1199 2472 1255 laude
2511 1201 2897 1270 dignissimum.
2941 1202 3050 1260 Sed
3075 1205 3131 1260 in
3159 1205 3292 1262 illud
3318 1223 3416 1263 ve-

1829 1295 1938 1344 stra
1969 1290 2272 1347 amabilitas
2308 1291 2469 1346 debet
2508 1293 2819 1360 intendere,
2869 1311 2938 1350 ne
2973 1312 3096 1352 cum
3132 1297 3419 1368 plusquam

1830 1391 2048 1453 oportet
2086 1391 2178 1438 aut
2223 1384 2380 1440 decet
2409 1384 2621 1457 [Butae
2655 1385 2846 1458 debet]
2887 1388 3031 1444 circa
3068 1389 3214 1445 illius
3238 1391 3416 1448 beatae

1829 1477 2092 1533 honorem
2122 1478 2440 1547 laudemque
2472 1494 2763 1546 versamur,
2795 1480 3108 1549 dignitatem
3134 1483 3233 1539 Dei
3251 1483 3418 1541 Verbi

1831 1571 2159 1627 confundere
2182 1572 2476 1635 videamur,
2509 1568 2536 1608 ἀ
2557 1572 2639 1627 bis
2659 1588 2782 1627 eum
2809 1571 3055 1630 faciendo
3074 1585 3414 1646 generatum.

1903 1661 1969 1715 Et
1997 1671 2055 1716 ut
2084 1678 2198 1718 rem
2228 1664 2564 1732 intelligatis,
2596 1674 2618 1702 ε
2642 1665 2970 1736 simpliciore
3011 1683 3260 1726 sermone
3297 1671 3422 1727 fm-

1831 1769 2038 1824 gamur,
2071 1765 2391 1827 utamurque
2429 1757 2644 1827 eloquio
2690 1760 2940 1815 omnibus
2986 1761 3055 1818 ad
3099 1763 3422 1833 capiendum

149 1862 259 1908 tura
286 1851 576 1908 tenebatur
605 1869 617 1904 :
649 1848 704 1906 in
732 1864 895 1906 cruce
920 1847 1200 1919 ﬁgebatur,
1227 1854 1283 1902 et
1303 1847 1528 1902 thronus
1553 1846 1738 1917 gloriae
1767 1850 1815 1920 Β
1842 1845 2114 1915 facillimo,
2127 1865 2198 1905 ne
2221 1850 2525 1906 auditorum
2539 1851 2683 1919 quod
2703 1852 2898 1908 dicitur
2909 1854 3134 1909 excedat
3153 1857 3414 1912 audituri.

144 1946 311 2002 nudus
337 1961 452 2001 non
477 1951 601 2001 erat
629 1962 644 1998 :
671 1944 728 2000 in
767 1943 1016 2014 sepulcro
1035 1941 1270 2012 iacebat,
1299 1948 1358 1996 et
1397 1939 1592 1996 coelun
1629 1954 1728 1994 ex-

146 2041 415 2106 tendebat,
444 2040 581 2094 sicut
626 2037 854 2107 pellem:
889 2036 1030 2091 inter
1072 2041 1316 2090 mortuos
1355 2034 1726 2103 reputabatur,

140 2142 194 2190 et
217 2132 491 2188 alternum
528 2129 795 2202 spoliabat
821 2147 838 2183 :
867 2129 1122 2186 deorsum
1159 2127 1314 2197 quasi
1355 2125 1612 2182 seductor
1635 2139 1728 2180 ca-

139 2224 536 2290 lumniabatur,
579 2229 636 2278 et
664 2237 877 2277 sursum
903 2236 938 2276 a
969 2220 1172 2278 sanctis
1223 2219 1641 2290 gloriﬁeabatur.
1685 2216 1732 2272 0

140 2317 465 2389 stupendum
486 2318 804 2389 mysterium
824 2317 838 2370 l

205 2411 296 2466 9.3.
332 2410 504 2467 Video
532 2411 790 2466 miracula
810 2452 824 2477 ,
849 2416 908 2464 et
931 2409 1166 2479 praedico
1193 2408 1454 2463 deitatem
1489 2425 1500 2458 :
1535 2405 1734 2475 aspicio

135 2503 442 2573 passiones,
467 2509 524 2557 et
561 2515 671 2556 non
697 2501 908 2568 abnego
953 2499 1371 2563 humanitatem;
1398 2496 1494 2552 sed
1520 2495 1736 2550 Emmas

134 2595 261 2650 nuel
289 2602 502 2649 natura:
527 2592 744 2662 quidem
769 2599 960 2662 portas
1001 2591 1230 2662 aperuit,
1264 2598 1322 2644 ut
1342 2590 1536 2653 homo;
1569 2587 1734 2656 virgi~

132 2686 259 2741 nale
292 2693 480 2740 autem
508 2684 800 2739 claustrum
831 2698 940 2737 non
963 2682 1207 2752 disrupit,
1245 2690 1302 2735 ut
1340 2681 1512 2746 Deus;
1543 2679 1637 2734 sed
1661 2679 1740 2733 sic

131 2793 198 2833 ex
229 2778 404 2831 vulva
437 2790 685 2845 egressus
713 2783 816 2843 est,
844 2774 1117 2844 quomodo
1143 2789 1241 2844 per
1259 2773 1502 2830 auditum
1525 2772 1738 2838 ingres-

133 2883 222 2925 sus
252 2876 365 2924 est.
397 2867 488 2923 Sic
508 2876 664 2924 natus
683 2876 785 2935 est,
813 2867 1088 2938 quomodo
1115 2875 1442 2938 conceptus;
1471 2863 1742 2935 impetibi-

135 2965 258 3018 liter
289 2961 522 3026 introiit,
553 2960 1032 3030 iucorruptibiliter
1054 2972 1301 3028 egressus
1339 2967 1424 3013 est
1445 2957 1741 3012 secundum

135 3055 466 3126 prophetam
487 3051 736 3108 Ezechiel
762 3052 1029 3106 dicentem
1064 3069 1077 3102 :
1111 3050 1464 3106 Conuertitme
1485 3050 1743 3104 Dominus

143 3148 207 3201 ad
235 3149 380 3201 riam
408 3155 570 3217 porta:
597 3145 883 3200 sanctuarii
924 3145 1248 3209 exteriorem,
1283 3160 1395 3215 qum
1425 3142 1645 3196 attendit
1674 3140 1744 3195 ad

1903 1940 2099 2008 %.'Qui
2141 1941 2311 1996 Deum
2352 1942 2666 2012 simpliciter
2711 1944 2840 2000 dicit
2885 1945 2952 2000 de
2996 1946 3163 2001 Maria
3207 1956 3416 2013 natum,

1834 2034 2010 2104 primo
2039 2034 2281 2088 omnium
2310 2035 2649 2090 nobilitatem
2685 2036 2934 2105 gentibus
2980 2039 3252 2108 prostituit
3289 2041 3425 2109 dog-

1833 2129 2032 2195 matis,-
2076 2137 2240 2198 atque
2281 2144 2560 2199 exponens
2601 2129 2656 2182 in
2703 2129 2970 2197 medium,
3013 2131 3425 2203 vituperandUm

1835 2221 1889 2276 id
1911 2220 2304 2291 ridendumque
2333 2221 2618 2292 proponit;
2654 2223 2836 2277 statim
2867 2223 3011 2278 enim
3038 2238 3282 2293 paganus
3304 2241 3428 2280 cum

1834 2313 2258 2384 reprehensione
2285 2313 2575 2383 accipiens,
2612 2312 2738 2382 quia
2765 2314 2827 2368 de
2855 2313 2908 2367 Μ
2917 2317 3030 2369 aria
3065 2314 3206 2370 Deus
3227 2326 3302 2370 est
3326 2333 3429 2369 na-

1837 2416 1937 2472 tus,
1987 2406 2178 2460 inleret
2223 2405 2480 2461 adversus
2507 2404 2910 2460 Christianum:
2941 2409 3252 2462 necessario
3285 2409 3431 2463 enim

1839 2499 1929 2567 qui
1959 2497 2090 2552 dicit
2117 2497 2435 2567 simpliciter
2477 2495 2694 2568 [Βαιιιι.
2727 2497 3004 2570 similiter]
3041 2498 3110 2553 de
3137 2498 3306 2554 Maria
3330 2515 3431 2554 na-

1841 2599 1955 2646 tum
1983 2591 2172 2656 Deum,
2225 2601 2282 2645 et
2317 2605 2427 2646 non
2457 2590 2607 2645 illum
2634 2592 2726 2660 qui
2767 2598 2926 2648 natus
2961 2601 3048 2648 est
3087 2591 3293 2665 [‘Batu'z.
3327 2611 3430 2648 om.

1837 2683 1933 2752 qui
1954 2690 2110 2736 iratus
2131 2680 2266 2754 est],
2300 2680 2680 2751 conjunctione
2716 2683 2944 2740 duarum
2983 2693 3315 2753 naturarum,
3349 2686 3434 2740 di-

1843 2774 1980 2829 vinae
2015 2775 2224 2830 scilicet
2261 2782 2317 2829 et
2357 2775 2633 2842 humanae,
2675 2775 2843 2830 Deum
2873 2775 3080 2849 [Belua
3112 2794 3214 2833 om.
3242 2776 3437 2850 Deum]

1843 2879 1964 2922 esse
2011 2867 2340 2938 reputaverit
2364 2907 2378 2934 ,
2422 2867 2605 2923 audiet
2641 2886 2655 2921 :
2693 2867 2807 2939 Ego
2847 2878 3031 2925 natum
3069 2877 3124 2926 et
3161 2879 3438 2927 mortuum

1845 2961 2016 3016 Deum
2041 2969 2099 3015 et
2127 2960 2396 3032 sepultum
2425 2960 2650 3016 adorare
2671 2977 2778 3016 on
2803 2973 2965 3031 queo.
2999 2961 3224 3034 Liquida
3254 2971 3440 3019 autem

1847 3051 2040 3108 divisio
2065 3051 2334 3120 dogmatis
2351 3052 2458 3107 ista
2487 3061 2570 3107 est
2595 3070 2607 3106 :
2639 3052 2742 3120 Qui
2769 3064 2928 3109 natus
2951 3064 3060 3120 est,
3093 3064 3150 3110 et
3183 3072 3280 3126 per
3306 3072 3437 3126 par-

1850 3154 1932 3202 tes
1979 3145 2437 3201 incrementorum
2487 3147 2815 3216 temporibus
2855 3148 3037 3214 eguit,
3080 3154 3134 3202 et
3163 3148 3439 3204 mensibus

145 3239 435 3306 Orientem,
459 3248 508 3293 et
531 3240 641 3295 hare
668 3241 846 3293 clausa
865 3248 996 3292 erat.
1015 3237 1085 3290 Et
1112 3240 1243 3291 dixit
1264 3237 1518 3292 Dominus
1541 3237 1609 3290 ad
1631 3252 1738 3290 me:
1771 3243 1816 3308 ί)
1846 3239 2099 3310 legitimis
2127 3247 2374 3310 portatus
2404 3239 2457 3293 in
2487 3247 2676 3294 ventre
2706 3248 2805 3303 est,
2840 3240 2926 3294 hic
2955 3240 3243 3294 humanam
3273 3240 3439 3295 habet

142 3321 246 3388 Fili
276 3332 527 3398 hominis,
561 3341 713 3403 porta
741 3331 843 3386 ista
871 3331 1048 3384 clausa
1078 3331 1205 3396 erit,
1244 3339 1292 3384 et
1320 3346 1424 3384 non
1446 3331 1738 3401 aperietur:

142 3425 314 3480 nullus
339 3423 585 3479 transibit
604 3442 695 3496 per
729 3439 875 3490 eam,
899 3423 991 3478 sed
1016 3423 1156 3477 solus
1190 3421 1445 3476 Dominus
1476 3421 1617 3476 Deus
1655 3423 1741 3475 in-

141 3517 492 3588 gredietur,et
519 3518 616 3571 erit
640 3519 818 3571 clausa
851 3515 1065 3586 (Ezech.
1093 3523 1235 3580 'xuv,
1269 3515 1342 3586 ί).

205 3609 295 3664 (24.
340 3607 489 3666 Ecce
527 3610 844 3681 approbatio
891 3607 1173 3663 manifesta
1225 3615 1423 3663 sanctae
1469 3607 1742 3675 genitricis

145 3701 235 3758 Dei
267 3701 460 3757 Mariae
479 3743 493 3769 ,
531 3702 854 3758 dissolvatur
881 3701 1136 3770 deinceps
1165 3701 1341 3755 omnis
1363 3700 1738 3765 contradictio,

145 3800 193 3847 et
221 3803 538 3850 sanctarum
567 3794 962 3865 Schpturarum
991 3792 1353 3847 illuminemur
1386 3791 1650 3855 doctrina,
1685 3798 1744 3847 ut

143 3887 405 3943 malorum
435 3901 662 3958 regnum
686 3888 1022 3944 obtineamus
1052 3885 1105 3938 in
1129 3881 1343 3939 Christo
1364 3881 1491 3939 Jesu
1509 3883 1740 3941 Domino

143 3988 345 4047 nostro,
381 3981 491 4052 ipsi
509 3980 678 4049 gloria
705 3981 760 4035 in
783 3979 975 4036 secula
996 3977 1334 4033 saeculorum.
1368 3978 1558 4033 Amen.

1848 3341 2116 3396 naturam,
2150 3328 2245 3386 sed
2271 3329 2386 3386 Deo
2407 3346 2539 3387 sane
2559 3331 2920 3401 coniunctam.

1918 3425 1968 3479 ὃ.
2012 3424 2172 3479 Aliud
2199 3431 2284 3478 est
2303 3431 2484 3478 autem
2514 3424 2696 3479 dicere
2723 3425 2848 3493 quia
2870 3431 2998 3478 nato
3023 3424 3090 3478 de
3119 3423 3286 3478 Maria
3307 3440 3440 3480 con-

1843 3497 2062 3586 iunctus
2083 3522 2198 3569 erat
2223 3513 2364 3570 Deus
2392 3515 2480 3569 ille
2505 3514 2598 3584 qui
2621 3524 2702 3570 est
2727 3513 2955 3570 Verbum
2980 3513 3172 3580 Patris,
3192 3515 3333 3584 quod
3357 3523 3442 3570 est

1848 3606 2257 3676 liquidissimum
2276 3621 2339 3662 ac
2365 3603 2576 3661 ﬁrmum
2598 3613 2760 3675 atque
2782 3607 3252 3676 irreprehensibilo
3272 3608 3442 3676 genti-

1845 3698 2016 3765 libus;
2048 3706 2103 3753 et
2133 3697 2298 3763 aliud,
2331 3698 2456 3767 quia
2487 3698 2601 3768 ipsa
2632 3698 2892 3754 Divinitas
2920 3699 3145 3768 indis-uit
3165 3701 3446 3755 nativitate

1845 3792 1901 3847 in
1934 3791 2209 3847 mensibus
2237 3791 2557 3846 deeurrente
2583 3809 2594 3844 :
2626 3790 2855 3845 Verbum
2881 3792 3023 3845 enim
3054 3791 3195 3846 Deus
3231 3801 3443 3863 tempo-

1845 3897 1964 3941 rum
1992 3892 2073 3940 est
2113 3882 2324 3955 opifex,
2377 3899 2487 3937 non
2525 3883 2579 3938 in
2610 3889 2853 3952 tempore
2883 3882 3190 3939 fabricatus.

1916 3978 1966 4030 4.
2012 3976 2338 4032 Divisionem
2372 3975 2535 4045 igitur
2563 3989 2724 4044 super
2759 3975 2861 4030 hoc
2895 3973 2913 4012 ί
2949 3975 3301 4045 praecedentis
3328 3991 3443 4030 ma-

1327 4091 1876 4149 CASTICATIONES
1915 4089 2003 4146 ET
2042 4087 2268 4146 NOTIE.

211 4221 236 4250 ι
265 4211 556 4266 Facultate
575 4211 787 4266 dicendi
808 4227 877 4266 ex
897 4221 1140 4282 tempore
1168 4213 1396 4266 valuisse
1418 4210 1742 4278 Nestorium,

141 4290 368 4338 testatur
417 4283 705 4347 Socrates;
747 4297 974 4351 eamque
1017 4291 1334 4346 ostentasse,
1379 4299 1444 4335 ex
1493 4298 1745 4336 sermone

143 4364 328 4422 quarto
380 4354 438 4408 in
492 4352 808 4422 Pelagianos
835 4362 1071 4419 constat;
1101 4355 1297 4408 dixisse
1347 4368 1473 4406 vero
1513 4354 1563 4406 in
1601 4368 1744 4422 prte-

139 4427 294 4489 senti,
325 4440 520 4479 sermo
542 4432 686 4479 totus
705 4423 1057 4488 deinonstrat,
1077 4435 1130 4479 et
1160 4426 1272 4479 haec.
1302 4426 1532 4479 maxime
1557 4425 1740 4478 verba:

144 4493 469 4551 Divisionem
509 4497 799 4566 super”th
837 4497 1170 4566 prwcedentis
1201 4497 1434 4564 magistri
1463 4495 1612 4548 ratde
1630 4509 1743 4548 sum

144 4513 469 4551 inrisionem
509 4513 662 4566 super
690 4513 799 4550 meo
828 4513 1170 4617 frwreaenns
1201 4513 1434 4564 magism
1463 4513 1612 4548 ratae
1630 4513 1743 4548 sum

143 4567 455 4631 admiratus,
483 4565 588 4620 etc.
614 4565 801 4637 (Num.
844 4567 903 4638 Δ).
931 4567 1040 4622 Hac
1070 4568 1211 4621 enim
1239 4566 1597 4638 appellatione
1619 4581 1745 4635 pra:-

1854 4209 2187 4264 Dominicam
2217 4222 2455 4273 carnem,
2484 4222 2588 4274 qua
2609 4207 2740 4261 nihil
2762 4217 3000 4263 creatum
3023 4211 3278 4274 sanctius,
3311 4225 3444 4266 con-

1851 4282 2030 4335 tinuit.

1925 4351 1950 4389 ἀ
1993 4351 2184 4404 Mirum
2225 4358 2486 4418 quantum
2527 4349 2772 4403 inventus
2806 4359 2889 4404 est
2930 4351 3209 4406 Nestor-ius
3240 4353 3289 4405 ‘m
3313 4353 3448 4408 duos

1849 4423 2051 4477 Christi
2067 4429 2218 4476 ortus
2243 4438 2255 4473 :
2287 4429 2548 4475 :eternum
2571 4435 2735 4474 unum
2765 4436 2833 4474 ex
2864 4419 3041 4487 Patre,
3074 4437 3177 4491 qua
3208 4423 3446 4479 Verbum

1849 4503 1963 4560 est;
1996 4494 2223 4548 alterum
2246 4492 2598 4562 temporalem
2625 4505 2694 4545 ex
2717 4499 2910 4556 matre,
2944 4507 3048 4560 qua
3079 4495 3260 4548 homo.
3296 4494 3451 4550 Unde

1851 4566 2056 4620 citat-sit
2076 4564 2426 4618 vehementer
2447 4564 2499 4617 in
2524 4562 2812 4617 Eusebium
2839 4565 3050 4632 publice
3080 4566 3444 4633 obiicientem,

139 4637 362 4692 redemi:
385 4626 658 4708 magistri,
688 4626 977 4705 signiﬁcari
1023 4639 1230 4692 solebat
1271 4626 1332 4703 is,
1367 4637 1518 4708 cujus
1539 4626 1744 4690 sermo-
1770 4626 1822 4686 Ι)
1849 4639 2127 4708 utriusque
2155 4635 2500 4708 distinctione
2539 4647 2726 4689 omnes
2773 4626 2890 4702 ejus
2928 4626 3164 4704 argutias
3203 4626 3443 4692 dissolvi.

143 4722 260 4762 nem
295 4707 624 4779 exciperent
649 4707 999 4778 pmsitientes
1042 4710 1299 4778 episcopi.
1343 4708 1418 4761 lla
1467 4707 1747 4762 Nos-torius

141 4793 389 4834 sermone
435 4781 736 4849 penultimo
771 4800 781 4832 :
816 4779 1028 4833 Dulcem
1057 4779 1202 4833 nobis
1232 4779 1524 4847 prteredens
1569 4779 1748 4832 doctor

145 4849 409 4904 Charilaus
456 4865 696 4904 mensam
737 4853 994 4920 apposuit,
1038 4860 1141 4904 etc.
1183 4850 1248 4902 Et
1277 4862 1524 4904 sermone
1554 4858 1745 4918 quarto

142 4920 398 4975 adversus
424 4921 747 4990 Pelagianos
785 4940 796 4973 :
834 4921 899 4974 In
929 4923 1086 4975 alium
1109 4934 1392 4974 sermonem
1422 4921 1598 4990 lingua
1623 4935 1745 4989 12er—

143 5002 369 5058 urgente,
415 4993 877 5062 repromissionum
915 5005 1143 5045 mearum
1184 4992 1476 5062 prwredens
1500 4993 1746 5061 magister

143 5063 702 5134 {nemorisubmonuin
743 5071 844 5117 etc.
896 5062 971 5116 ita
1014 5063 1243 5134 Cyrillns
1283 5072 1404 5133 post
1443 5063 1742 5115 orationem

145 5125 289 5204 Pauli
321 5133 584 5187 Emeseni
611 5153 622 5186 :
658 5133 704 5186 Η
715 5135 939 5187 ausimus
961 5125 1098 5187 vobis
1123 5125 1308 5204 aquam
1330 5150 1394 5186 ex
1415 5147 1561 5204 sacro
1584 5135 1742 5202 ferite,

141 5200 387 5267 doctoris,
437 5207 671 5274 inquam,
704 5206 786 5276 qui
823 5215 944 5257 ante
965 5220 1056 5261 nos
1099 5200 1359 5271 disseruit,
1393 5213 1496 5258 etc.
1524 5200 1601 5256 Ita
1632 5204 1742 5270 alii,

142 5285 274 5327 quos
291 5272 637 5327 sunerﬁuum
659 5286 900 5327 censere.

142 5285 274 5338 quos
291 5285 637 5343 superﬂuum
659 5286 900 5329 censere.

209 5341 233 5420 ξ’
265 5342 700 5420 Ante_a_matores
745 5345 890 5420 apud
926 5346 1201 5400 Baluzium
1243 5346 1469 5420 habetur
1491 5346 1746 5420 plausus;

315 5415 502 5481 verbi,
552 5425 674 5470 cum
721 5430 850 5470 mox
880 5417 1118 5482 iteretur,
1152 5426 1236 5470 sat
1265 5415 1446 5487 placet
1471 5415 1744 5486 repetitio.

173 5499 292 5534 ‘n'r.

173 5495 292 5538 intr.

209 5565 232 5592 ο
273 5553 524 5610 intendit
544 5556 596 5610 in
625 5558 943 5612 sententiam
981 5552 1180 5621 Procli,
1213 5569 1335 5612 cum
1367 5557 1636 5626 Virginem
1659 5557 1740 5610 al-

137 5620 479 5701 loqueretur,
533 5629 879 5701 exclamantis
911 5648 922 5680 :
965 5628 1009 5681 0
1061 5620 1318 5701 templum,
1351 5631 1405 5682 in
1434 5620 1532 5701 quo
1577 5630 1740 5701 {actus

137 5706 211 5748 est
249 5698 544 5770 sacerdos!
574 5713 803 5768 eamque
831 5701 1102 5768 corrigere
1149 5698 1354 5760 nititur,
1400 5698 1632 5754 breviter
1661 5700 1742 5752 in-

137 5776 309 5823 nitens
334 5770 569 5824 beatam
589 5770 861 5840 Virginem
909 5785 972 5825 ea
1008 5780 1216 5826 tantum
1245 5773 1453 5826 ratione
1485 5771 1741 5840 templum

139 5851 274 5907 esse,
308 5847 366 5895 et
413 5840 550 5895 illud
579 5841 792 5910 quidem
821 5842 1160 5912 singulariter
1205 5855 1446 5908 sacrum,
1479 5849 1743 5911 quatenus

1857 4707 1991 4762 Vide
2016 4713 2174 4760 notas
2195 4706 2264 4759 ad
2287 4705 2582 4760 secundum
2611 4721 2936 4760 sermonem.

1927 4788 1952 4816 ο
1993 4775 2254 4845 Suggillat
2281 4776 2666 4831 obscuritatem
2695 4777 2955 4830 orationis
2989 4789 3018 4830 a
3044 4773 3237 4831 Proclo
3263 4775 3447 4843 dictae,

1847 4861 1972 4916 quae
2000 4849 2089 4902 vix
2116 4863 2179 4902 ac
2200 4856 2267 4901 ne
2308 4849 2399 4902 vix
2426 4847 2641 4916 quidem
2681 4848 2855 4916 potuit
2887 4849 2954 4901 ab
2985 4848 3316 4902 auditoribus
3346 4849 3451 4902 nisr

1851 4921 2056 4989 paucis,
2088 4919 2258 4986 iisque
2276 4919 2606 4973 doctioribus
2627 4920 2766 4986 capi,
2794 4924 3014 4987 propter
3031 4919 3450 4987 grandiloqucn-

1851 4991 2003 5056 tiam,
2035 4995 2095 5044 ut
2128 4990 2200 5042 ita
2233 4989 2439 5058 loquar,
2483 4989 2979 5056 sententiarumque
3025 4989 3360 5054 brevitatem,
3394 4995 3452 5044 et

1849 5061 2197 5116 admirabiles
2217 5063 2410 5129 quibus
2422 5059 2660 5113 abundat
2679 5060 3040 5126 metaphoras,
3069 5074 3130 5113 ac
3152 5060 3280 5113 alias
3302 5060 3451 5113 simi-

1850 5133 1928 5187 les
1957 5131 2152 5201 figuras
2189 5131 2474 5195 dietionis,
2506 5143 2624 5197 qum
2651 5137 2853 5201 quanto
2886 5129 3244 5201 perstringere
3271 5132 3450 5185 solent

1850 5199 2222 5258 delectabilius
2269 5203 2496 5266 animos,
2539 5215 2663 5255 cum
2711 5199 2990 5264 dicuntur,
3041 5201 3125 5254 vel
3180 5199 3446 5268 leguntur,

1851 5281 2004 5327 tanto
2034 5273 2240 5327 facilius
2273 5271 2468 5325 mentis
2507 5285 2797 5340 suspensae,
2832 5285 2897 5324 ac
2918 5270 3064 5340 velut
3094 5273 3336 5327 attonitae
3371 5274 3453 5326 in-

1850 5343 2200 5412 telligentiam
2250 5341 2476 5410 fugiunt.
2508 5337 2788 5413 --Bal_uz.
2840 5359 2852 5390 :
2910 5337 2979 5393 Et
3031 5351 3088 5394 ut
3125 5343 3452 5413 simpiiciore

1852 5411 2086 5470 sermone
2130 5415 2426 5485 fungantur,
2476 5427 2544 5485 ire
2602 5411 2896 5485 auditorum
2936 5413 3072 5485 quod
3121 5411 3309 5466 dicitur
3350 5431 3450 5485 cr-

1852 5487 2000 5540 cedat
2029 5483 2288 5554 auditum,
2312 5493 2430 5536 utar
2467 5483 2667 5554 eloquio
2698 5483 2933 5537 omnibus
2978 5483 3046 5536 ad
3075 5484 3446 5554 capessendum

1855 5558 2142 5629 facillimos
2154 5553 2316 5629 Euri.

1925 5625 1946 5666 ἲ
1992 5627 2167 5682 Procli
2195 5627 2419 5696 scilicet,
2462 5624 2614 5696 cujus
2637 5634 2765 5680 sunt
2785 5625 2898 5680 ᾕρεε
2927 5621 3308 5696 verbum-um.
3346 5627 3398 5695 5)
3434 5643 3450 5677 :

1852 5699 2025 5752 Natus
2055 5707 2129 5751 est
2168 5712 2231 5750 ex
2259 5695 2472 5751 muliere
2517 5693 2684 5760 Deus,
2711 5697 2800 5750 sed
2830 5711 2931 5750 non
2971 5693 3168 5761 nudus;
3213 5707 3260 5750 et
3299 5693 3450 5749 natus

1851 5779 1927 5824 est
1957 5771 2126 5835 homo,
2152 5768 2243 5823 sed
2271 5784 2372 5821 non
2397 5783 2586 5839 purus;
2611 5775 2658 5820 et
2677 5769 2762 5839 qui
2783 5778 2935 5839 nanis
2958 5779 3031 5821 est
3055 5769 3232 5821 vereris
3255 5767 3450 5837 peccati

1852 5851 2075 5912 portam,
2108 5849 2312 5912 portam
2339 5838 2520 5894 saturis
2553 5838 2775 5895 ostendit
2798 5855 2813 5892 :
2835 5838 2922 5892 ubi
2951 5841 3084 5893 enim
3123 5853 3329 5907 serpens
3359 5853 3451 5907 per
