3960 6272
427 414 433 443 τ
491 406 598 466 783

999 405 1190 463 MAR"
1230 400 1667 460 MERCATORIS
1707 395 2278 454 TRANSLATIONES
2317 393 2680 453 VARIORUM
2719 391 3245 451 OPUSCULORUM.

3664 395 3759 456 78b

488 527 638 598 gistri
665 526 822 581 valde
845 539 963 581 smn
983 523 1277 579 admiratus
1304 520 1531 576 dicentis
1553 517 1738 589 (Parte
1761 517 1862 585 5):
1891 512 1991 579 Qui
2012 529 2077 568 ea:
2104 519 2153 577 Α
2181 512 2262 567 hic
2291 513 2381 582 qui
2411 512 2674 568 mensium
2705 511 3049 566 incrementis
3090 507 3336 578 indiguit,
3382 509 3466 564 hic
3510 510 3603 580 qni
3631 527 3761 569 mor-

487 619 702 676 muliere
725 627 875 672 natus
904 624 997 681 est,
1023 632 1112 669 nec
1144 615 1280 668 Deus
1310 612 1495 675 nudus,
1527 627 1618 664 nec
1647 625 1804 680 purus
1835 607 1985 661 homo
2021 614 2077 670 a;

495 711 616 780 quia
651 724 828 778 neque
871 708 1037 763 Deum
1066 714 1284 776 oportet
1312 705 1493 760 dicere
1527 701 1668 757 nude
1697 709 1752 756 et
1790 708 2082 768 utcumque

524 809 805 858 eneratum
829 819 842 853 :
885 799 913 839 δ
941 813 1100 855 nemo
1129 798 1272 854 enim
1297 797 1390 866 qui
1426 811 1485 850 se
1515 802 1599 850 est
1625 792 1900 862 antiquior
1919 805 2084 859 gene-

497 905 617 962 rat;
650 910 752 951 nec
789 895 982 949 iterum
1011 891 1402 947 humanitatem
1433 889 1632 944 nudam
1670 901 1790 942 esse
1826 885 2086 956 proﬁten-

489 986 617 1042 dum
647 992 758 1051 est,
793 984 888 1041 sed
919 982 1309 1038 humanitatem
1335 979 1680 1050 conjunctam
1707 978 1822 1032 Deo
1848 991 1968 1032 esse
1991 988 2085 1044 ge-

491 1087 754 1136 neratam.

563 1168 614 1224 5.
655 1169 712 1224 In
740 1169 869 1225 illud
895 1178 1152 1225 attractos
1173 1184 1268 1222 vos
1289 1183 1408 1222 esse
1438 1167 1580 1232 volo,
1610 1164 1702 1234 qui
1735 1164 1864 1219 estis
1896 1161 2087 1216 intenti

487 1261 890 1319 examinatores
913 1261 1185 1330 religionis
1199 1260 1361 1331 (hanc
1380 1260 1527 1314 enim
1557 1265 1613 1312 et
1637 1256 1704 1312 de
1725 1254 1896 1318 vobis,
1925 1268 2086 1322 quam

487 1351 557 1408 de
585 1352 964 1418 Antiochenis,
990 1352 1162 1406 habeo
1193 1351 1555 1420 opinionem),
1590 1349 1641 1402 in
1686 1347 1816 1401 illud
1849 1360 1997 1414 ergo,
2029 1350 2090 1398 ut

489 1444 752 1511 dicebam,
777 1451 1036 1499 attractos
1058 1460 1154 1498 vos
1174 1458 1294 1497 esse
1314 1442 1457 1503 volo,
1491 1442 1613 1513 quia
1641 1451 1660 1477 ε
1689 1439 1826 1493 Deus
1856 1438 2090 1508 pontifex

490 1536 658 1608 factus
697 1545 791 1600 est,
819 1535 957 1590 ferre
990 1550 1095 1588 non
1128 1548 1381 1603 possum;
1413 1532 1455 1585 si
1491 1531 1632 1584 enim
1665 1529 1805 1584 Deus
1835 1526 2015 1597 opifex
2037 1533 2092 1580 et

489 1625 732 1696 pontifex
759 1633 861 1690 est,
892 1624 1044 1693 cujus
1088 1639 1118 1678 a
1167 1622 1506 1693 pontiﬁcibus
1550 1621 1744 1690 legatio
1787 1617 2089 1675 exhibenda

489 1719 611 1773 est?

570 1808 622 1862 6.
666 1808 793 1863 Haec
821 1807 888 1861 ad
910 1816 1143 1863 vestram
1165 1807 1508 1862 dilectionem
1529 1806 1921 1860 sermocinatus
1949 1819 2086 1867 sum,

2184 613 2307 660 tuus
2337 615 2436 669 est,
2469 605 2549 657 hic
2578 604 2670 673 qui
2717 618 2930 657 crucem
2961 601 3198 673 pertulit,
3229 601 3302 654 sic
3329 603 3492 656 veniet
3529 606 3763 675 quemad-

2184 699 2392 754 modum
2407 698 2606 754 vidistis
2619 714 2734 752 eum
2755 697 3113 751 ascendentem
3143 697 3193 748 in
3223 695 3554 766 coelum(Act.
3576 713 3622 762 l,
3661 697 3709 750 ll
3733 709 3760 750 ι.

2186 789 2254 846 Ει
2281 793 2475 847 iterum
2501 791 2690 846 beatus
2723 787 2918 844 Paulus
2947 789 2999 843 in
3028 787 3247 843 Actibus
3267 788 3635 858 apostolorum
3670 807 3680 840 :
3711 788 3765 842 In

2186 884 2314 947 viro,
2339 881 2530 950 inquit,
2556 882 2610 935 in
2627 898 2723 952 quo
2745 879 2966 933 decrevit
2985 878 3126 933 Deus
3141 877 3383 949 judicare
3404 879 3578 933 orbem
3611 888 3765 944 terre,

2185 973 2343 1044 ﬁdem
2363 983 2616 1044 prastans
2639 973 2893 1035 omnibus,
2917 973 3174 1028 suscitans
3194 989 3308 1029 eum
3326 989 3359 1025 a
3379 973 3597 1025 mortuis
3621 969 3765 1040 (Ibid.

2188 1081 2315 1126 xvn,
2336 1063 2447 1133 51).
2477 1062 2743 1132 Numquid
2769 1063 3003 1118 Verbum
3036 1064 3178 1120 Deus
3206 1063 3438 1119 surrexit
3464 1077 3495 1115 a
3525 1061 3770 1116 mortuis?

2189 1154 2244 1211 Si
2267 1165 2445 1210 autem
2469 1155 2768 1210 vivilicator
2787 1153 3137 1212 mortiﬁcatus
3157 1164 3260 1222 est,
3278 1155 3400 1224 quis
3419 1154 3523 1209 erit
3548 1153 3646 1222 qui
3665 1169 3772 1209 con-

2191 1245 2330 1302 ferat
2358 1247 2559 1301 vitam?

2262 1339 2314 1392 8.
2348 1337 2548 1393 Praeter
2568 1338 2672 1394 hoc
2700 1346 2756 1393 et
2777 1338 2989 1394 Arianis
3012 1339 3138 1394 hinc
3157 1337 3312 1393 valde
3335 1336 3774 1408 reprehensibiles

2191 1448 2408 1498 sumus;
2440 1433 2485 1486 si
2513 1432 2658 1486 enim
2685 1439 2974 1502 utcumque
3010 1441 3192 1488 natum
3216 1431 3425 1506 [Baluz.
3448 1449 3552 1486 om.
3582 1427 3774 1500 natum]

2193 1527 2362 1581 Deum
2383 1525 2618 1579 Verbum
2639 1532 2695 1580 et
2713 1524 3026 1596 simpliciter
3055 1526 3412 1590 nominemus,
3442 1524 3567 1579 vide
3597 1539 3667 1580 ex
3687 1524 3778 1580 hoc

2192 1619 2321 1689 quid
2352 1616 2685 1674 conﬁciatur.
2738 1617 2878 1672 Dicis
2913 1618 3228 1687 simpliciter
3259 1635 3270 1669 :
3323 1616 3341 1655 ῐ
3392 1616 3535 1671 Deus
3577 1623 3664 1671 est
3698 1616 3778 1685 qui

2195 1721 2351 1768 natus
2380 1726 2463 1766 ess
2485 1711 2553 1766 de
2579 1709 2744 1764 Maria
2763 1753 2776 1775 ,
2802 1712 2984 1765 statim
3005 1711 3285 1766 haereticus
3305 1708 3464 1764 infert
3491 1709 3776 1781 reprehen-

2194 1805 2328 1858 dens
2355 1821 2366 1856 :
2403 1813 2427 1851 κ
2456 1801 2600 1871 Ergo
2632 1803 2899 1858 immerito
2927 1818 3029 1857 nos
3053 1802 3293 1871 arguitis,
3329 1799 3496 1856 ﬁlium
3524 1800 3779 1855 minorem

498 1908 556 1956 et
568 1900 804 1956 dicerem
826 1900 998 1969 plura,
1019 1899 1118 1954 nisi
1141 1899 1244 1954 hoc
1259 1898 1610 1954 subintrasset
1631 1896 1868 1950 animum
1892 1909 2090 1958 meum,
2124 1898 2172 1958 B
2199 1893 2360 1949 Patre
2379 1903 2433 1949 et
2461 1903 2699 1948 creatum
2740 1893 3009 1959 dicentes;
3041 1894 3298 1963 quoniam
3327 1891 3469 1962 apud
3503 1907 3605 1946 vos
3634 1891 3778 1946 etiam

499 1991 646 2062 quod
691 1987 717 2028 ά
747 1988 1002 2046 Ecclesiae
1049 1989 1360 2045 doctoribus
1402 1988 1587 2044 videor
1613 1986 1882 2043 contraria
1910 1986 2095 2056 dispu-

497 2092 634 2139 tare.
1901 2072 1904 2075 ’

563 2178 700 2234 Volo
740 2178 900 2247 igitur
942 2193 1040 2233 vos
1077 2176 1416 2247 perspicaces
1453 2191 1572 2231 esse
1621 2176 1675 2229 in
1724 2173 2093 2228 examinandis

494 2272 855 2342 dogmatibus,
887 2280 943 2326 et
971 2286 1147 2340 neque
1177 2279 1481 2340 susceptam
1512 2267 1900 2322 humanitatem
1925 2282 1955 2320 a
1979 2267 2091 2321 Deo

489 2365 672 2422 Verbo
692 2363 1043 2431 confundere,
1071 2379 1244 2433 neque
1275 2373 1298 2400 ε
1323 2364 1595 2418 hominem
1626 2361 1826 2416 nudum
1847 2377 1970 2416 eum
1999 2361 2090 2430 qui

491 2469 652 2515 natus
708 2467 790 2513 est
835 2457 1047 2522 dicere;
1079 2455 1174 2511 sed
1227 2471 1326 2511 nec
1371 2455 1537 2510 Deum
1587 2454 1820 2508 Verbum
1851 2462 2093 2509 contem-

487 2557 757 2622 peratum,
775 2547 860 2603 vel
871 2547 1220 2603 commixtum
1237 2547 1510 2617 propriam
1530 2546 1773 2600 amisisse
1785 2545 2090 2600 essentiam.

563 2639 613 2693 7.
641 2637 933 2709 Propterea
953 2637 1118 2702 enim,
1135 2637 1412 2706 discipulis
1435 2637 1489 2690 in
1511 2645 1734 2706 stupore
1760 2635 2091 2700 constitutis,

489 2739 735 2800 tempore
755 2744 864 2798 quo
892 2727 1203 2783 sublevatur
1228 2727 1280 2781 in
1309 2728 1523 2791 malum,
1556 2736 1610 2782 et
1640 2726 1781 2798 apud
1816 2741 1894 2792 se,
1920 2742 2094 2796 quan-

490 2828 602 2874 tum
633 2818 999 2874 arbitrandum
1028 2825 1128 2882 est,
1162 2817 1266 2872 hoc
1293 2818 1666 2887 reputantibus
1700 2835 1712 2869 :
1744 2825 1970 2888 putasne
2007 2831 2094 2871 re-

490 2910 666 2965 soluta
695 2917 778 2965 est
799 2911 1032 2963 humana
1062 2909 1291 2962 natura?
1318 2917 1545 2978 putasne
1567 2909 1620 2962 in
1643 2909 1791 2964 ctelis
1819 2909 1873 2963 in
1902 2908 2092 2964 eadem

491 3002 728 3056 essentia
759 3001 1078 3071 permanet?
1107 2997 1175 3052 Et
1196 2999 1275 3053 eis
1299 2999 1367 3054 de
1397 3000 1498 3054 hac
1517 3000 1725 3056 visione
1752 3001 2093 3070 stupentibus

490 3093 846 3150 advenientes
877 3091 1054 3162 angeli
1091 3090 1342 3147 dicebant
1374 3111 1386 3144 :
1422 3091 1524 3147 Hic
1549 3092 1700 3149 Iesus
1734 3095 1827 3164 qui
1855 3093 2086 3161 videtur,

2197 1984 2303 2039 hoc
2331 1985 2384 2038 in
2424 1983 2763 2039 confessione
2791 1991 2893 2048 est,
2926 1985 3175 2053 inquiens
3213 1982 3449 2038 Verbum
3475 1982 3651 2038 Deum
3677 1997 3781 2038 esse

2195 2076 2287 2145 qui
2317 2084 2475 2130 natus
2496 2082 2580 2130 est
2608 2075 2676 2131 de
2700 2074 2886 2130 Maria.

2267 2166 2318 2221 9.
2337 2168 2475 2223 Audi
2496 2185 2615 2238 quze
2647 2169 2786 2224 idem
2808 2169 2949 2224 Deus
2961 2168 3198 2224 Verbum
3219 2167 3288 2224 de
3300 2183 3359 2224 se
3377 2167 3492 2239 ipse
3521 2175 3776 2222 testatur:

2196 2258 2394 2314 Euntes
2445 2262 2736 2315 renuntiate
2783 2260 3031 2332 fratribus
3069 2262 3236 2315 meis:
3275 2259 3423 2316 Vada
3463 2259 3533 2313 ad
3584 2258 3783 2314 Patrem

2195 2369 2361 2407 meum
2382 2363 2431 2406 et
2454 2351 2666 2406 Patrem
2687 2361 2924 2417 vestrum,
2944 2350 3108 2406 Deum
3124 2369 3293 2406 meum
3315 2362 3364 2406 et
3387 2350 3553 2406 Deum
3580 2359 3785 2406 vestrum

2201 2443 2402 2516 (Joan.
2428 2461 2517 2510 xx,
2538 2443 2604 2496 l7
2626 2444 2666 2514 ).
2695 2444 2801 2499 Sed
2821 2459 2944 2498 cum
2971 2444 3078 2500 hoc
3093 2443 3414 2513 diceret,qui
3436 2450 3601 2498 natus
3631 2450 3710 2498 est
3727 2441 3786 2496 de

2195 2537 2353 2593 beata
2375 2537 2538 2592 Maria
2557 2577 2572 2602 ,
2597 2536 2929 2591 humanitate
2942 2535 3158 2605 quidem
3185 2535 3340 2590 nobis
3361 2535 3787 2591 consubstantia-

2196 2631 2262 2686 lis
2283 2641 2430 2696 erat;
2451 2630 2501 2684 in
2517 2645 2584 2685 eo
2605 2637 2785 2684 autem
2800 2628 2945 2698 quod
2965 2627 3284 2698 coniunctus
3305 2627 3436 2693 Deo,
3464 2626 3676 2700 [Baluz.
3701 2625 3780 2680 ad.

2199 2722 2262 2795 a]
2312 2733 2495 2780 nostra
2524 2731 2644 2778 erat
2679 2723 2857 2792 longe,
2901 2721 3028 2791 quia
3049 2721 3221 2786 Deus,
3254 2720 3552 2776 substantia
3581 2719 3783 2776 melior.

2275 2816 2359 2870 10.
2394 2815 2543 2871 Tunc
2568 2816 2784 2870 illorum
2814 2815 3146 2884 blasphemia
3177 2815 3490 2870 liberaberis
3517 2833 3529 2867 :
3564 2823 3625 2870 et
3647 2813 3788 2868 facile

2202 2923 2267 2964 ac
2292 2908 2529 2963 breviter
2552 2915 2946 2962 sacramentum
2968 2905 3244 2975 religionis
3269 2905 3448 2960 edices
3472 2905 3580 2960 hoc
3603 2902 3786 2959 modo:

2200 2999 2230 3038 ιι
2259 3000 2403 3056 Alius
2431 3000 2648 3070 quidem
2672 2999 2812 3054 Deus
2831 2998 3066 3054 Verbum
3097 3005 3197 3064 est,
3235 2997 3326 3068 qui
3369 3008 3488 3053 erat
3523 2993 3544 3036 ί
3580 2997 3638 3051 in
3660 3005 3788 3052 tem-

2199 3094 2310 3164 plo,
2358 3093 2503 3164 quod
2530 3101 2786 3165 operatus
2813 3101 2896 3148 est
2933 3089 3193 3164 Spiritus,
3242 3099 3299 3146 et
3343 3089 3486 3145 aliud
3537 3088 3791 3160 templum

1679 3207 2220 3266 CASTIGATIONES
2259 3207 2349 3262 ET
2391 3205 2621 3261 NOTAE.

492 3318 888 3377 inobedientiam
938 3339 1182 3377 venenum
1227 3323 1428 3392 c/Iudit,
1472 3320 1544 3376 ibi
1598 3321 1817 3377 Verbum
1849 3323 2089 3392 perrobe-
2119 3323 2166 3387 C
2195 3320 2318 3376 dem
2338 3318 3088 3392 Constantinopolitanorum,
3113 3321 3226 3375 sive
3247 3320 3569 3392 clericorum
3593 3321 3791 3390 episto-

497 3395 740 3447 dientiam
780 3393 1072 3463 ingrediens
1115 3391 1353 3463 templum
1385 3394 1579 3463 vivi/ire
1605 3391 1894 3460 plasmauit.
1943 3391 2093 3448 Unde

495 3465 692 3534 primus
732 3465 923 3534 peccati
954 3463 1234 3534 discipulus
1279 3463 1409 3517 Cain
1447 3464 1684 3526 emersit,
1723 3464 1843 3516 inde
1889 3466 2090 3534 generis

493 3531 659 3604 nostri
700 3531 954 3604 liberator
969 3531 1201 3586 Christus
1242 3535 1353 3587 sine
1398 3535 1590 3587 semine
1619 3531 1937 3604 pullulavit':
1987 3551 2090 3588 non

492 3601 693 3674 erubuit
715 3613 916 3674 amator
937 3603 1199 3657 hominum
1219 3604 1490 3658 muliebres
1521 3601 1718 3674 partus.

569 3682 594 3709 °
635 3671 831 3737 Verba,
858 3671 956 3736 Qui
971 3690 1034 3727 ea;
1075 3674 1284 3728 muliere
1311 3684 1459 3727 natus
1481 3671 1574 3736 est,
1612 3690 1703 3727 nec
1734 3673 1871 3728 Deus
1901 3675 2087 3740 nudus,

493 3759 588 3814 nec
617 3759 774 3814 purus
805 3743 974 3807 homo,
999 3743 1248 3798 Baluzius
1268 3744 1487 3814 omittit.
1506 3742 1660 3798 Enn.

568 3813 596 3852 δ
635 3813 779 3868 Idem
814 3823 1189 3882 argumentum
1224 3813 1444 3868 adhibet
1475 3815 1713 3869 scribens
1751 3815 1817 3868 ad
1847 3823 2089 3870 sanctum

493 3883 862 3940 Caelestinum.
895 3882 1047 3938 Ferri
1069 3895 1234 3938 tamen
1256 3895 1420 3954 potest
1436 3885 1529 3940 hoc
1547 3885 1842 3939 vocabulum
1855 3888 2092 3948 Θεοτόκος

495 3965 703 4027 propter
723 3956 892 4027 ipsam
920 3955 1406 4027 considerationem,
1430 3966 1478 4010 et
1499 3956 1635 4027 quod
1658 3957 1822 4010 solum
1852 3959 2090 4011 nomine-

497 4025 581 4097 tur
609 4026 694 4097 de_
722 4025 930 4097 Virgine
958 4026 1052 4079 hoc
1075 4025 1298 4089 verbum,
1336 4025 1544 4097 prapte'r
1571 4027 1918 4097 inseparabile
1961 4037 2090 4081 tem-

497 4043 581 4079 tur
609 4043 670 4078 ae
723 4043 930 4148 Virgine
958 4043 1052 4079 noc
1075 4043 1298 4089 vernum,
1336 4043 1544 4097 prapter
1571 4043 1918 4097 mseparatme
1961 4043 2090 4081 tem-

494 4096 636 4168 plum
660 4094 764 4168 Dei
846 4095 952 4149 erbi
980 4113 1045 4151 ex
1067 4098 1200 4167 ipsa,
1228 4113 1330 4151 non
1372 4099 1493 4168 quia
1537 4099 1651 4168 ipsa
1695 4099 1966 4168 sitﬂmater
1993 4097 2092 4152 Dei

496 4165 687 4232 Verbi;
720 4165 873 4222 Nemo
903 4183 1026 4221 eam
1049 4165 1406 4230 Aunomoasu
1441 4183 1500 4222 ss
1533 4165 1686 4222 venir
1718 4167 1908 4238 (Epist.
1937 4167 1986 4234 ’1,
2025 4168 2094 4221 ad

491 4234 562 4292 δ.
596 4234 845 4304 leest.).

549 4277 562 4288 .
596 4247 845 4291 UmlestJ.

567 4305 696 4378 inde
721 4305 1009 4378 Cassianus
1039 4308 1308 4378 excerpsit
1335 4309 1676 4372 sententiam,
1708 4325 1870 4378 quam
1899 4310 2094 4365 acriter

495 4375 733 4449 refellit(
759 4374 1054 4449 Lib._vn_c.
1075 4377 1165 4446 2).
1191 4374 1377 4449 Neque
1402 4380 1547 4434 enim
1569 4374 1762 4449 opino—r
1789 4395 2094 4435 sermonem

494 4446 641 4502 hunc
668 4444 736 4502 ad
780 4444 1133 4502 leestinum
1158 4464 1190 4501 a
1231 4444 1478 4504 Néstorio
1506 4444 1727 4504 missum
1758 4450 1940 4515 fuisse,
1971 4466 2096 4505 cum

497 4517 884 4589 extemporalis
906 4516 1064 4589 foret,
1097 4517 1428 4588 minorisque
1449 4520 1675 4589 proinde
1697 4521 1976 4582 momenti,
1993 4521 2096 4575 etsi

493 4586 694 4643 missus
722 4586 882 4651 foret,
912 4586 1282 4658 Cassianoque
1309 4586 1738 4645 communicatus
1763 4609 1774 4642 :
1801 4606 1868 4644 ex
1903 4606 1969 4645 eo
1991 4592 2097 4646 uti-

495 4658 907 4731 queplurasibi
937 4657 1216 4714 refutanda
1244 4661 1586 4730 sumpsisset,
1618 4661 1816 4731 quippe
1837 4661 1956 4716 aliis
1975 4676 2096 4731 qua:

494 4728 694 4784 refellit
720 4728 926 4798 pejora.

572 4809 594 4838 ο
637 4798 764 4855 Haec
781 4800 947 4856 verba
975 4808 1102 4855 sunt
1126 4799 1322 4864 Procli,
1345 4809 1404 4855 ut
1423 4801 1625 4856 dictum
1645 4811 1728 4856 est
1756 4800 1958 4872 (Num.
1982 4803 2048 4872 5)
2076 4822 2088 4857 :

493 4869 541 4923 0
580 4880 742 4943 utere,
783 4873 838 4924 in
870 4887 969 4943 quo
999 4873 1280 4926 communis
1323 4873 1572 4926 libertatis
1601 4869 1772 4943 cautio
1809 4869 2094 4943 composita

487 4941 604 4996 est!
713 4939 910 5014 genter,
953 4943 1007 5014 in
1055 4958 1153 5013 quo
1200 4951 1381 4996 contra
1425 4954 1641 5014 mortem
1684 4939 1943 5014 fabricatu
1970 4954 2093 5000 sunt

487 5012 677 5066 arma!
700 5008 744 5065 Ο
771 5028 910 5071 area,
954 5013 1009 5064 in
1048 5008 1150 5083 qua
1191 5012 1651 5083 naturtevagricola
1684 5008 1937 5078 Christus,
1961 5017 2093 5069 sicut

458 5073 634 5156 [spica
651 5123 667 5147 ,
700 5083 813 5136 sine
831 5083 1025 5156 semine
1061 5073 1334 5152 pullulanit
1350 5085 1369 5137 !
1393 5081 1438 5135 0
1455 5073 1722 5150 templum,
1754 5086 1808 5138 in
1827 5073 1935 5156 quo?
1951 5085 2091 5140 Deus

490 5153 659 5222 factus
679 5162 755 5206 est
781 5151 1042 5222 sacerdos,
1066 5151 1173 5206 non
1208 5163 1449 5222 naturam
1483 5165 1820 5218 commutans,
1839 5151 1945 5209 'sed
1971 5172 2087 5210 eum

488 5221 576 5292 qui
606 5221 883 5296 secundum
914 5221 1147 5296 ordinem
1169 5221 1544 5278 Melchisedech
1571 5235 1778 5296 propter
1797 5227 2089 5281 miseratio-

489 5307 609 5346 nem
630 5292 841 5347 indutus
870 5293 981 5346 est!

563 5360 590 5436 f1
631 5362 739 5436 Eos
768 5362 1018 5436 intelligit
1045 5363 1248 5436 absque
1275 5363 1457 5436 dubio,
1488 5365 1581 5435 qui
1630 5365 1681 5420 in
1711 5363 1950 5421 Ecclesia
1989 5382 2088 5436 po-

488 5433 678 5504 pulum
697 5434 980 5496 doeebant,
998 5435 1172 5507 qualis
1186 5443 1242 5490 et
1259 5435 1375 5507 ipse
1397 5433 1572 5507 fuerat
1590 5435 1902 5501 Antiochiae,
1922 5433 2090 5507 prius-

489 5518 654 5573 quam
693 5512 1058 5577 assumeretur
1094 5505 1496 5577 in_episcopum
1535 5505 2088 5577 Constantinopolita-

489 5589 641 5647 p‘um,
673 5575 848 5646 qualis
893 5583 947 5630 et
970 5583 1112 5647 erat
1158 5574 1400 5642 Proclus,
1434 5578 1488 5632 in
1529 5593 1690 5647 quem
1730 5574 2084 5636 declamabat.

489 5643 630 5701 Hinc
658 5643 838 5701 autem
856 5646 1110 5715 colligere
1131 5647 1258 5702 licet
1275 5643 1907 5717 quantum—dissentirent
1934 5665 1964 5704 a
1986 5649 2090 5706 Ne-

489 5717 660 5793 storio
681 5717 750 5772 de
759 5717 1133 5793 incarnatione
1151 5717 1429 5793 Dominica
1451 5719 1767 5793 illustriores
1792 5721 2087 5793 presbyteri

490 5783 1104 5858 Constantinopolitan
1137 5785 1422 5858 Ecclesiae,
1473 5790 1615 5858 quod
1665 5783 1828 5846 etiam
1856 5783 2083 5856 constat,

474 5863 606 5916 tum
638 5874 702 5911 ex
724 5853 1000 5910 Coeléstini
1023 5854 1318 5925 Cyrillique
1339 5853 1598 5927 epistolis,
1632 5870 1744 5914 tum
1771 5878 1836 5916 ex
1868 5853 2084 5916 corumé

2196 3392 2262 3446 lis
2285 3391 2351 3446 ad
2380 3391 2645 3455 diversos,
2670 3389 2783 3445 sive
2823 3392 3211 3446 monachorum
3241 3389 3382 3459 apud
3413 3389 3794 3459 imperatorem

2193 3462 2448 3532 querela;
2485 3476 2812 3531 quamquam
2841 3477 2948 3516 non
2978 3471 3060 3516 est
3098 3461 3796 3532 iniprobabile_Nestorium

2195 3530 2499 3614 respexisse
2551 3530 2780 3614 quoque.
2821 3533 3151 3614 antiquiores
3177 3530 3387 3614 '“Patres
3439 3530 3728 3614 Ecclesiae,
3767 3545 3797 3584 ι

2193 3602 2389 3672 quibus
2416 3618 2539 3672 eum
2560 3602 2847 3658 dissentire
2885 3602 3158 3672 objecerat
3179 3602 3443 3672 Eusebius
3475 3603 3526 3656 in
3549 3603 3795 3672 obtesta-

2195 3671 2363 3735 tione,
2414 3671 2858 3743 Eustathiumque
2894 3671 3243 3728 Antiochenae
3281 3671 3537 3727 Ecclesia:
3593 3671 3799 3726 antisti-

2194 3751 2302 3799 tem
2333 3743 2648 3798 nominatim
2699 3743 2963 3808 laudarat,
2996 3744 3160 3799 allato
3198 3743 3364 3812 ipsius
3413 3743 3694 3798 luculento
3724 3750 3799 3798 te-

2193 3815 2474 3870 stimonio.

2273 3896 2295 3922 θ
2327 3885 2566 3958 Respicit
2594 3885 2661 3938 ad
2682 3885 2845 3958 verba
2869 3884 3044 3940 Procli
3071 3903 3082 3937 :
3108 3884 3213 3958 ἄλλ’
3236 3887 3289 3940 ἐκ
3314 3886 3550 3958 praue;
3578 3887 3801 3958 ἐγεννήθη

2193 3959 2318 4019 Θεὸς
2339 3959 2393 4011 οὐ
2417 3953 2626 4032 plumbe.
2656 3960 2738 4032 κᾳί
2759 3953 3020 4032 ἄνθρωπος
3039 3959 3097 4011 οὐ
3115 3956 3280 4032 ptiar.
3303 3953 3388 4010 Ex.
3408 3953 3803 4032 nulliere‘natus

2193 4039 2269 4115 est
2298 4024 2567 4115 non.'Deu’s
2597 4027 2762 4115 nudus
2783 4071 2798 4093 ,
2833 4024 2998 4115 neque
3020 4024 3186 4115 punit:
3215 4028 3364 4115 homo
3397 4024 3598 4115 (Parte
3627 4025 3718 4115 ἓξ.
3748 4032 3803 4077 ‘0

2195 4103 2356 4175 εοὶγυν
2394 4100 2653 4175 ἁγορᾷσας
2694 4101 2828 4175 ripa};
2868 4093 2928 4175 ρῦ
2970 4093 3113 4169 ψὶλὸς
3154 4095 3451 4175 ἅνθρωπος)
3500 4093 3538 4148 ὦ
3569 4093 3801 4175 Ἰευραἴε.

2197 4167 2298 4234 Qui
2326 4186 2419 4222 nos
2435 4165 2680 4233 'rédemit,
2713 4165 2742 4222 ὀ
2769 4165 3106 4229 Ιιιάιεε,ἰιοη
3130 4178 3204 4222 est
3232 4165 3390 4236 purus
3423 4167 3577 4220 homo
3607 4165 3804 4237 (Parte

2196 4240 2230 4294 8
2252 4241 2292 4314 )ἶ
2326 4237 2423 4302 Ει,
2449 4238 2714 4314 Ϋᾶνθρῳπος
2741 4239 2884 4314 apalis;
2925 4246 3097 4314 σῶσζαι
3124 4241 3210 4293 οὐκ
3238 4237 3420 4314 inﬁxus“
3456 4239 3584 4299 Θεὸς
3615 4236 3806 4314 γυρὸς

2195 4312 2370 4365 «mea»
2408 4313 2498 4366 οὐκ
2535 4309 2776 4372 ﬁdum-ro.
2814 4309 2985 4362 Purus
3023 4310 3174 4362 homo
3216 4309 3420 4362 salvare
3455 4323 3574 4369 non,
3604 4309 3806 4377 potuit;

2195 4379 2536 4452 Deus_nudus
2563 4382 2673 4452 pati
2696 4397 2799 4452 non
2820 4389 3021 4452 poteer
3050 4378 3234 4452 (Parte
3261 4377 3350 4448 9).

2276 4449 2294 4488 ί
2336 4448 2533 4506 lterum
2562 4448 2723 4506 vexat
2745 4448 2948 4504 dietum
2970 4448 3147 4504 Precli
3171 4448 3355 4519 (Parte
3380 4448 3416 4501 2
3438 4449 3477 4518 ),
3504 4449 3810 4518 nititurque

2198 4521 2483 4576 ostendere
2521 4536 2628 4576 non
2667 4522 2843 4575 minus
2873 4519 3086 4590 Arianis
3127 4535 3303 4590 quam;
3344 4519 3642 4590 gentilibus
3693 4535 3811 4590 my-

2198 4593 2420 4646 sterium
2450 4592 2834 4647 incarnationis
2882 4605 2910 4644 a
2952 4589 3144 4661 Proclo
3184 4589 3516 4661 irridendum
3547 4589 3810 4661 proponi.

2272 4672 2297 4710 8
2341 4662 2527 4731 Aliqua
2549 4662 2993 4718 desiderabantur
3012 4661 3078 4716 ad
3100 4659 3398 4731 faciendum
3419 4659 3676 4726 sensum,
3695 4675 3814 4730 qua:

2122 4710 2177 4772 D
2199 4710 2453 4802 suppleri1
2457 4749 2616 4803 posse
2646 4735 2757 4786 visa
2787 4741 2911 4787 sunt
2939 4733 3082 4787 hunc
3099 4733 3152 4786 in
3174 4730 3390 4803 modum
3421 4750 3433 4784 :
3459 4745 3596 4798 ergo
3629 4710 3814 4803 imme-

2196 4801 2418 4858 rito’nos
2448 4801 2663 4874 arguitis
2689 4803 2884 4858 Filium
2909 4801 3349 4874 minoremPatre
3375 4811 3424 4855 et
3451 4812 3696 4856 creatum
3735 4801 3816 4874 di-

2197 4883 2390 4946 centes,
2415 4871 2660 4946 quoniam
2689 4874 2827 4946 apud
2859 4891 2973 4936 nos,
3007 4883 3113 4928 etc.
3144 4871 3405 4946 Quiddam
3447 4874 3609 4946 enim
3633 4873 3816 4946 simile

2197 4943 2361 4999 habet
2389 4943 2503 5015 ipse
2532 4943 2809 5015 Nestorius
2837 4959 3090 4999 sermone
3118 4944 3301 5015 tertio,
3342 4959 3464 4998 cum
3497 4944 3816 4998 catholicos

2196 5014 2587 5071 incarnationis
2629 5014 2941 5070 defensores
2970 5015 3182 5068 Arianis
3219 5014 3272 5068 in
3301 5029 3368 5067 eo
3397 5020 3552 5082 pejus
3605 5015 3820 5068 sentire

2197 5085 2349 5157 dicit,
2381 5086 2527 5157 quod
2558 5086 2741 5140 Ariani
2773 5086 2897 5150 solo
2940 5085 3050 5139 Deo
3081 5083 3240 5138 Patre
3270 5084 3535 5157 minorem
3560 5084 3820 5140 facerent

2197 5153 2420 5222 Filium;
2453 5157 2704 5212 catholici
2735 5164 2906 5212 matre
2927 5165 3174 5210 creatura
3197 5154 3581 5208 recentiorem.

2269 5223 2297 5263 ιι
2337 5227 2538 5282 Alludit
2574 5227 2640 5281 ad
2682 5227 2796 5280 haec
2835 5226 2996 5280 verba
3027 5223 3205 5279 Procli
3241 5242 3252 5275 :
3297 5223 3356 5278 Si
3387 5223 3521 5277 alius
3551 5235 3640 5278 est
3662 5224 3822 5279 Chri-

2193 5304 2326 5353 stus.
2345 5307 2394 5351 et
2414 5299 2546 5353 alius
2568 5296 2707 5351 Deus
2748 5295 2990 5361 Verbum,
3005 5297 3122 5367 jam
3144 5311 3248 5349 non
3275 5295 3481 5347 trinitas
3504 5295 3561 5365 in
3596 5296 3821 5356 divinis.

2193 5367 2289 5420 sed
2315 5371 2633 5424 auaternitas
2655 5377 2751 5423 est.

2276 5437 2291 5476 ί
2328 5434 2576 5494 Proclus.
2613 5438 2711 5494 Ubi
2753 5455 2959 5508 serpens
2999 5455 3092 5508 per
3119 5434 3517 5508 inobedientiam
3551 5453 3824 5491 venenum

2276 5455 2291 5476 ι
2337 5455 2576 5494 ιιι-οειιιε.
2613 5455 2711 5494 um
2753 5455 2959 5508 serpens
3066 5455 3092 5490 r
3119 5455 3517 5491 moueatenuam
3551 5455 3824 5491 venenum

2197 5509 2399 5578 e/fudit,
2422 5510 2493 5564 ibi
2524 5510 2744 5564 Verbum
2765 5526 2856 5578 per
2884 5455 3540 5578 obetgzntiamingrediens
3559 5509 3826 5578 templum

2196 5575 2391 5652 viviﬁce
2418 5583 2690 5652 plasmauit
2720 5575 2904 5651 (Parte
2929 5579 3007 5652 ‘2).
3033 5577 3104 5633 lis
3131 5575 3457 5652 contradiatit
3494 5575 3826 5652 Nestorius,

2193 5646 2320 5720 quia
2338 5646 2560 5707 Proclus
2580 5646 2737 5706 antea
2766 5646 3169 5720 contradixerat
3198 5649 3369 5720 istis_a
3387 5646 3664 5720 Nestor-io
3687 5666 3830 5720 pro-

2194 5716 2362 5775 latis:
2411 5721 2531 5777 Non
2577 5724 2765 5776 creavit
2804 5719 2974 5775 Deum
3033 5718 3252 5772 Verbum
3302 5716 3530 5787 Spiritus
3566 5716 3831 5787 sanctus,

2193 5793 2283 5846 sed
2308 5793 2412 5846 Deo
2446 5793 2610 5845 Verbo
2639 5793 2880 5861 templum
2911 5789 3192 5863 fabricatus
3221 5797 3314 5854 est,
3347 5787 3483 5858 quod
3511 5788 3832 5863 habitaret,

2193 5882 2255 5917 ea-
2292 5863 2499 5935 Virgine
2526 5865 2718 5932 (Serm.
2741 5860 2772 5914 'l
2805 5878 2944 5914 nunt.
2984 5860 3062 5931 7).
