3904 6272
180 286 299 342 785

1402 278 1559 335 IMP“
1600 280 1918 335 NES'I‘Ullll
1959 281 2185 336 SERMO
2230 281 2287 335 V.

3366 286 3470 343 786

180 406 385 469 praeter
410 394 744 451 habitantem
774 396 959 451 Deum.
994 396 1199 466 Templi
1229 401 1310 449 est
1326 401 1499 449 morte
1527 393 1775 462 dissolvi;
1804 399 1858 458 Α
1883 398 2015 453 ritus
2037 398 2210 453 sancti
2235 414 2420 469 opera,
2454 400 2507 453 in
2529 414 2592 455 ea
2623 400 2791 454 Deum
2814 402 2986 469 ipsum
3026 410 3263 455 creatum
3292 402 3472 459 dicat?

180 487 537 545 inhabitantis
558 496 734 543 autem
749 489 1027 559 templum,
1054 490 1107 545 id
1124 498 1182 544 ut
1207 487 1490 544 resuscitet
1509 489 1783 559 praprium

179 592 286 639 est.
314 582 433 637 Non
456 581 542 637 hic
571 596 723 637 meus
750 597 949 649 sermo,
967 581 1061 637 sed
1087 597 1191 637 vox
1214 589 1297 636 est
1321 581 1531 636 Domini
1556 600 1568 634 :
1595 581 1787 638 Solvite

182 674 472 744 templum,
522 673 730 743 inquit,
781 674 876 727 hoc
900 675 923 741 ,'
964 683 1014 727 et
1050 676 1107 728 in
1137 674 1305 728 triduo
1354 673 1611 729 suscitabo
1654 674 1788 729 illud

181 764 374 835 (Joan.
412 781 469 830 ιι,
504 763 615 836 19).

254 857 316 908 il
333 896 347 911 .
380 854 514 927 Conj
523 857 792 913 unctionis
820 858 982 928 igitur
1001 856 1354 914 conﬁteamur
1373 859 1633 914 unitatem
1659 859 1788 933 [Ba-

178 951 284 1003 luz.
312 949 688 1022 dignitatem],
722 961 942 1007 naturas
972 960 1151 1007 autem
1174 962 1227 1007 et
1256 953 1581 1008 substantias
1610 952 1779 1023 dupli-

179 1058 292 1109 ces,
320 1044 562 1113 alioquin
592 1044 895 1099 invenietur
932 1044 1168 1099 Verbum
1199 1045 1413 1116 [Baluz.
1458 1046 1581 1100 add.
1613 1043 1787 1117 Deus]

180 1151 303 1191 esse
342 1137 514 1191 sancti
546 1135 775 1207 Spiritus
796 1146 1045 1191 creatura
1079 1154 1092 1189 :
1124 1136 1252 1206 quid
1281 1138 1424 1192 enim
1457 1139 1531 1191 ait
1559 1152 1789 1206 evange-

180 1229 399 1283 lista“?
431 1226 582 1293 Quod
607 1230 659 1283 in
693 1247 755 1283 ea
782 1239 961 1283 natum
1001 1237 1096 1295 est,
1148 1228 1210 1282 de
1250 1227 1450 1300 Spiritu
1497 1240 1675 1284 sancto
1715 1238 1791 1284 est

180 1320 407 1391 (Matth.
440 1338 477 1388 ι,
500 1320 612 1394 20).
647 1320 803 1389 Quod
840 1322 885 1376 si
906 1321 1140 1377 Verbum
1172 1320 1313 1376 Deus
1342 1322 1516 1377 nudus
1554 1338 1616 1379 ac
1644 1323 1791 1379 solus

178 1423 317 1479 erat,
349 1417 445 1484 qui
476 1423 634 1469 natus
659 1424 741 1470 est
766 1415 972 1489 [Baluz.
999 1415 1085 1479 ad,
1107 1424 1319 1471 creatus
1340 1413 1472 1494 est],
1505 1433 1621 1485 nec,
1646 1417 1791 1488 quod

180 1506 313 1561 dicit
358 1507 709 1576 evangelista,
755 1506 987 1577 Spiritus
1014 1510 1219 1563 creavit
1246 1508 1387 1563 illius
1435 1510 1692 1580 templum
1737 1510 1790 1565 in

179 1590 349 1652 beata
377 1597 566 1664 Maria,
601 1598 903 1654 invenietur
927 1599 1070 1657 Deus
1096 1599 1332 1656 Verbum
1368 1602 1538 1657 sancti
1560 1600 1791 1673 Spiritus

179 1693 483 1764 opificium.

1886 491 2089 546 Deinde
2111 507 2233 547 cum
2256 491 2325 547 ad
2346 490 2462 548 haac
2489 491 2716 564 subjicio
2750 511 2761 545 :
2795 492 2933 559 Quid
2962 492 3121 562 igitur
3143 492 3372 549 absurde
3392 494 3474 550 di-

1884 586 2022 641 citur
2040 600 2071 640 a
2102 585 2275 653 nobis,
2292 600 2416 642 cum
2435 600 2624 641 vocem
2651 585 2791 640 hanc
2819 584 3011 640 efferre
3037 583 3250 655 quidem
3278 586 3477 642 suade-

1886 694 2023 745 mus,
2055 678 2151 733 sed
2186 677 2254 733 ad
2289 692 2575 734 commune
2626 677 2833 733 duabus
2872 676 3074 730 naturis
3119 673 3477 746 significatum

1886 772 2146 844 pergere?
2190 770 2327 826 Tum
2348 786 2481 826 vero
2506 777 2701 841 putant
2746 769 3116 839 blasphemum
3153 782 3303 834 esse,
3333 768 3479 837 quod

1887 864 2149 919 dicimus:
2181 861 2288 917 Aut
2333 869 2520 933 aperte
2565 860 2824 917 conﬁtere
2863 859 3202 915 Divinitatem
3232 874 3301 915 ex
3320 859 3479 916 beata

1888 958 2052 1014 Maria
2076 958 2344 1028 genitam;
2375 964 2487 1022 aut,
2516 956 2563 1011 si
2589 962 2649 1011 ut
2670 954 3033 1025 blasphemam
3055 952 3192 1021 fugis
3219 952 3361 1007 hanc
3379 966 3480 1007 vo-

1888 1066 2026 1116 cem,
2059 1065 2154 1105 cur
2174 1048 2269 1119 qui
2305 1046 2497 1104 eadem
2538 1054 2701 1118 atque
2729 1060 2830 1117 ego
2867 1046 3019 1113 dicis,
3052 1052 3105 1099 te
3131 1044 3274 1101 haud
3299 1044 3484 1100 dicere

1889 1143 2107 1197 simulas
2122 1143 2145 1195 ?

1959 1236 2011 1289 2.
2056 1235 2112 1291 Si
2139 1234 2241 1290 ﬁde
2269 1234 2496 1305 simplici
2524 1235 2809 1305 Deiparam
2834 1231 3136 1304 proferres,
3160 1232 3306 1287 nulla
3337 1234 3482 1287 esset

1891 1331 2031 1402 apud
2053 1346 2140 1385 me
2158 1328 2409 1385 dictionis
2429 1329 2626 1383 invidia
2650 1328 2800 1383 verbi
2829 1342 3045 1383 sensum
3074 1326 3481 1395 exquirentem;

1891 1426 1985 1482 sed
2013 1426 2136 1495 quia
2169 1424 2322 1479 video
2351 1431 2423 1488 te,
2455 1430 2719 1493 praetextu
2740 1436 2866 1491 erga
2903 1421 3120 1477 beatam
3140 1417 3361 1473 Mariam
3383 1417 3483 1471 ho-

1892 1518 2059 1581 noris,
2118 1516 2495 1571 haareticorum
2535 1512 2855 1570 conﬁrmare
2900 1511 3317 1583 blasphemiam,
3359 1508 3481 1563 ideo

1892 1610 2143 1667 dictionis
2170 1608 2526 1680 prolationem
2554 1611 2713 1661 caute
2740 1603 3035 1677 praemunio
3052 1644 3065 1670 ,
3104 1616 3227 1658 cum
3266 1599 3483 1672 pericu-

1892 1704 2003 1759 lum
2034 1704 2086 1758 in
2117 1719 2180 1758 ea
2195 1703 2431 1757 dictione
2457 1700 2631 1755 latens
2658 1706 2968 1770 suspectum
2994 1695 3243 1750 habeam.

250 1785 340 1840 12.
389 1786 680 1857 Fugiamus
732 1790 914 1860 itaque
941 1791 1101 1861 hujus
1128 1792 1456 1849 confusionis
1493 1808 1733 1849 errorem
1767 1811 1779 1845 :
1814 1788 1862 1849 B
1960 1797 2012 1851 '5.
2052 1796 2111 1853 Id
2132 1804 2191 1851 ut
2215 1796 2409 1851 clarius
2452 1792 2645 1857 dicam,
2679 1798 2735 1847 et
2762 1798 2823 1845 ut
2851 1789 2916 1844 ab
2944 1787 3249 1845 hominibus
3276 1783 3483 1857 percipi

177 1882 474 1939 Dominum
496 1893 740 1940 nostrum
759 1884 1049 1953 Christum,
1065 1888 1358 1943 secundum
1380 1898 1626 1944 naturam
1644 1931 1659 1956 ,
1686 1887 1785 1943 du-

177 1975 377 2047 plicem
410 1978 682 2047 dicamus;
713 1981 1006 2036 secundum
1034 1983 1180 2052 quod
1201 1992 1285 2038 est
1315 1982 1498 2047 Filius,
1524 2000 1709 2039 unum.

250 2068 341 2124 13.
366 2068 484 2140 Ego
511 2071 691 2127 autefn
729 2074 1048 2143 quibusdam
1076 2076 1208 2130 mihi
1235 2084 1289 2131 et
1312 2077 1441 2132 illud
1469 2077 1786 2132 renuntian-

180 2159 365 2229 tibus,
418 2177 541 2217 cum
585 2164 767 2220 laetitia
797 2166 990 2236 saepius
1033 2168 1155 2235 risi,
1188 2168 1471 2237 quoniam,
1505 2170 1781 2238 inquiunt,

179 2250 205 2288 δ
232 2252 545 2324 episcopus,
577 2270 696 2325 quae
725 2255 939 2313 Photini
966 2268 1111 2325 sunt,
1136 2261 1293 2331 sapit,
1329 2263 1607 2316 nescientes
1629 2279 1787 2334 neque

176 2358 294 2414 qua:
324 2343 623 2417 loquuntur,
650 2364 812 2420 neque
831 2348 895 2403 de
913 2350 1094 2422 quibus
1123 2352 1385 2421 afﬁrmant
1406 2352 1447 2423 (Ι
1480 2352 1610 2407 Tim.
1636 2371 1673 2419 ι,
1708 2354 1783 2423 7);

176 2434 285 2490 hoc
314 2437 464 2492 enim
492 2438 638 2508 quod
678 2457 708 2495 a
751 2456 839 2497 me
866 2441 1093 2509 dicitur,
1127 2442 1344 2498 Photini
1393 2443 1617 2515 [Baluz.
1661 2446 1783 2499 add.

173 2524 488 2600 dogmatis]
518 2531 728 2585 eversio
767 2532 1051 2587 invenitur.
1087 2532 1303 2589 Photini
1339 2536 1481 2589 enim
1525 2551 1714 2590 sensus
1758 2552 1789 2591 a

173 2624 344 2688 partu
377 2618 555 2675 Mariae
584 2620 763 2676 Verbo
808 2622 921 2677 Deo
947 2623 1039 2678 dat
1078 2625 1426 2695 principium,
1458 2642 1546 2680 me
1578 2626 1792 2681 dicente

172 2708 426 2766 Verbum
448 2712 617 2768 Deum
638 2728 853 2784 semper
885 2725 906 2753 ο
930 2715 1165 2771 existere
1194 2725 1318 2772 ante
1343 2718 1557 2772 szecula.

250 2802 347 2856 14.
387 2803 465 2859 Ad
496 2806 616 2860 illos
637 2807 766 2860 mihi
796 2807 1016 2876 quidem
1056 2809 1411 2878 proverbialis
1439 2824 1617 2864 sermo
1646 2808 1793 2863 sulti-

176 2896 287 2951 ciat
314 2913 327 2948 :
366 2895 498 2952 Noli
527 2899 835 2969 respondere
855 2902 1168 2971 imprudenti
1186 2902 1461 2957 secundum
1490 2903 1790 2974 impruden-
1846 2888 1849 2893 ’

182 2991 311 3043 tiam
333 2991 451 3061 ejus
474 2991 655 3062 (Prov.
682 3010 828 3059 xxvu,
857 2994 934 3064 4).
968 2994 1079 3049 Vos
1100 3003 1278 3051 autem
1300 2996 1425 3051 volo
1455 2997 1793 3067 perspicaces

182 3083 588 3137 examinatores
609 3085 940 3153 dogmatum,
959 3084 985 3123 ά
1009 3102 1184 3156 neque
1200 3090 1473 3158 plausibus
1490 3090 1585 3153 uti,
1604 3105 1780 3160 neque

1888 1889 2096 1947 facilius
2124 1888 2316 1960 possit,
2340 1888 2432 1957 qui
2454 1888 2641 1942 Arium
2662 1883 2855 1941 sectati
2878 1890 3022 1949 sunt,
3048 1889 3102 1937 et
3130 1880 3481 1945 Eunomium,

1887 1990 1943 2038 et
1972 1981 2380 2053 Apollinarium,
2406 1988 2460 2035 et
2482 1978 2721 2034 omnium
2746 1973 3052 2045 hujusmodi
3070 1972 3281 2027 familiae
3309 1971 3487 2026 homio

1887 2089 2016 2128 num
2062 2073 2233 2138 chori,
2283 2071 2602 2127 studuerunt
2622 2069 2866 2127 Θιοτόκου
2895 2065 3308 2137 appellationem
3336 2064 3488 2119 inve.

1888 2167 2037 2231 here,
2081 2173 2141 2219 ut
2186 2163 2326 2220 facta
2374 2163 2655 2229 mixtione,
2683 2160 2995 2230 duabusque
3034 2158 3239 2213 naturis
3266 2158 3488 2213 minime

1888 2259 2173 2325 distinctis,
2207 2257 2341 2313 nihil
2388 2273 2455 2313 ex
2484 2257 2569 2311 his
2602 2270 2723 2326 quae
2751 2254 2939 2309 viliora
2987 2259 3111 2307 sunt
3139 2251 3207 2307 de
3236 2250 3487 2305 humani-

1889 2361 2002 2408 tate
2047 2352 2250 2409 dictum
2279 2351 2648 2421 acciperetur;
2690 2364 2754 2405 ac
2782 2349 2930 2403 locus
2970 2346 3071 2401 illis
3092 2345 3204 2415 jam
3233 2344 3490 2401 adversus

1890 2448 2061 2518 ipsam
2104 2445 2452 2499 Divinitatem
2487 2450 2731 2512 pateret,
2774 2451 3047 2509 tamquam
3077 2439 3256 2493 omnia
3283 2436 3351 2491 de
3380 2452 3490 2492 uno

1891 2538 2219 2601 dicerentur,
2246 2550 2354 2590 non
2375 2535 2587 2588 ratione
2606 2533 2878 2600 dignitatis
2894 2547 2959 2586 ex
2974 2532 3088 2600 ipsa
3111 2528 3492 2597 conjunctione

1893 2627 2292 2696 consequentis,
2312 2626 2407 2682 sed
2424 2626 2591 2696 ipsius
2606 2625 2816 2679 ratione
2838 2632 3062 2678 naturae.
3082 2621 3231 2677 Unus
3243 2630 3325 2677 est
3339 2636 3493 2677 nam-

1892 2735 1998 2789 que
2020 2718 2285 2784 Christus,
2310 2726 2365 2773 et
2392 2732 2528 2771 unus
2549 2716 2839 2781 Dominus;
2863 2715 2957 2770 sed
2976 2715 3029 2768 in
3051 2714 3287 2779 Christo,
3314 2714 3493 2767 inuni-

1892 2812 2096 2881 genito,
2113 2813 2350 2881 inquam,
2368 2809 2525 2875 Filio,
2540 2806 2804 2863 etChristi
2830 2823 3026 2863 nomen
3044 2814 3099 2862 et
3117 2806 3257 2872 Filii,
3274 2806 3494 2862 nuncde

1894 2907 2204 2971 divinitate,
2233 2921 2375 2960 nunc
2404 2903 2472 2959 de
2500 2902 2835 2958 humanitate
2862 2902 3248 2971 divinitateque
3275 2900 3489 2955 dicitur.

1965 2998 2017 3053 4.
2062 2998 2181 3053 Dixi
2205 2997 2318 3067 jam
2359 2996 2599 3068 saepius:
2633 2994 2690 3051 Si
2719 2995 2841 3065 quis
2866 2996 3007 3049 inter
3030 3010 3129 3051 vos
3176 2993 3491 3064 simplicior,

1893 3094 2007 3149 sive
2036 3092 2176 3146 inter
2199 3104 2568 3160 quoscumque
2596 3089 2760 3154 alios,
2793 3103 2927 3143 voce
2955 3088 3056 3143 hac
3094 3088 3337 3148 Θεότοκος
3358 3100 3495 3155 gau-

187 3173 680 3231 attrahi'sermonis
720 3177 992 3243 illecebra,
1024 3194 1201 3248 neque
1227 3180 1536 3247 dogmatum
1563 3181 1785 3249 aliquid,
1816 3181 1863 3243 C
1893 3187 2003 3251 det,
2037 3184 2179 3255 apud
2205 3200 2292 3239 me
2324 3183 2467 3238 nulla
2527 3191 2609 3239 est
2636 3183 2703 3238 de
2742 3197 2878 3238 voce
2906 3181 3126 3249 invidia,
3176 3189 3385 3236 tantum
3426 3194 3497 3235 ne

188 3266 663 3336 examinatamque
708 3269 975 3324 rationem
1016 3271 1271 3326 novitatis
1318 3272 1791 3343 prtesumptionem

191 3364 402 3425 putare,
430 3357 524 3412 sed
554 3359 796 3413 veritatis
817 3374 936 3414 eam
960 3362 1131 3430 magis
1152 3362 1379 3431 gloriam
1401 3362 1661 3431 judicare.

825 3472 1058 3528 SERMO
1095 3474 1160 3529 V.

194 3560 270 3617 De
292 3561 403 3619 Deo
426 3551 551 3619 nato
580 3576 629 3619 et
665 3565 879 3638 Virgine
907 3570 1168 3635 Θεοτὸκω,
1222 3570 1313 3638 qui
1344 3571 1613 3626 secundus
1646 3581 1668 3608 ε
1700 3571 1794 3626 ad-

750 3654 935 3693 versus
965 3638 1233 3695 Proclum.

262 3728 313 3781 1.
339 3727 498 3799 Saepe
526 3731 645 3786 illos
684 3733 890 3801 rogavi,
923 3734 1015 3802 qui
1037 3736 1279 3789 Θεοτόκον
1293 3733 1624 3789 defendunt:
1657 3735 1792 3789 Num

198 3820 460 3877 Deitatem
489 3824 665 3880 dicitis
704 3841 771 3879 ex
796 3835 982 3881 sancta
1032 3827 1249 3895 Virgine
1297 3829 1513 3881 natam?
1556 3828 1633 3882 Ad
1682 3828 1795 3882 haec

198 3914 355 3969 verba
385 3915 533 3970 illico
572 3916 819 3971 resiliunt
852 3935 863 3970 :
898 3915 1121 3987 Ecquis,
1169 3918 1451 3987 inquiunt,
1504 3927 1654 3974 tanto
1682 3919 1797 3974 bla-

202 4006 453 4075 spliemiaa
481 4009 671 4064 morbo
701 4008 927 4076 laborat,
953 4018 1012 4064 ut
1032 4025 1152 4079 quae
1171 4011 1428 4080 templum
1444 4012 1647 4079 genuit,
1674 4011 1798 4081 Spi-

1896 3278 2171 3347 Virginem
2201 3275 2364 3331 faciat
2385 3275 2561 3331 deam.

1968 3368 2019 3422 5.
2062 3367 2118 3423 Si
2142 3368 2284 3423 Deus
2312 3374 2397 3422 est
2434 3364 2713 3430 Christus,
2745 3365 3024 3435 inquiunt,
3057 3372 3113 3420 et
3136 3361 3381 3419 Christus
3428 3378 3499 3419 ex

1896 3461 2055 3515 beata
2088 3459 2251 3513 Maria
2272 3467 2356 3514 est
2375 3465 2546 3521 ortus,
2570 3473 2667 3513 cur
2695 3456 2855 3525 Virgo
2880 3472 2988 3511 non
3010 3464 3093 3511 est
3112 3455 3208 3510 Dei
3228 3454 3496 3524 genitrix?

1898 3550 2039 3606 Nihil
2069 3550 2318 3613 occulto,
2349 3548 2495 3618 quod
2525 3549 2591 3604 ab
2631 3547 2735 3603 illis
2778 3548 3048 3617 objicitur.
3082 3546 3215 3601 Nam
3256 3546 3499 3602 veritatis

1899 3649 2107 3696 amator
2154 3640 2336 3695 omnia
2384 3653 2504 3707 quae
2534 3653 2565 3692 a
2608 3636 2842 3693 falsitate
2878 3638 2983 3694 dici
3011 3645 3238 3708 possunt
3277 3644 3498 3707 accepta

1898 3736 2000 3789 sibi
2028 3733 2230 3802 objicit.
2264 3731 2551 3786 Formatur
2579 3733 2634 3786 in
2679 3740 2833 3787 utero
2862 3730 3068 3797 infans,
3100 3730 3195 3785 sed
3223 3730 3403 3800 quoad
3432 3728 3497 3781 fi-

1899 3842 2085 3897 guram
2114 3824 2404 3895 acceperit,
2438 3824 2676 3880 nondum
2704 3824 2868 3879 habet
2916 3824 3151 3878 animam
3181 3842 3193 3876 :
3227 3831 3283 3877 at
3308 3823 3397 3878 ubi
3428 3821 3495 3874 fi-

1900 3928 2120 3989 guratus
2142 3918 2322 3984 fuerit,
2342 3917 2453 3986 jam
2483 3918 2660 3971 anima
2686 3914 3003 3971 informatur
3021 3930 3053 3969 a
3079 3915 3210 3971 Deo.
3238 3912 3308 3969 Ut
3334 3915 3499 3983 igitur

1902 4011 2098 4065 mulier
2122 4023 2319 4078 corpus
2347 4007 2509 4079 parit,
2531 4006 2627 4062 sed
2648 4006 2790 4061 Deus
2814 4006 3049 4060 animam
3076 4005 3290 4071 tribuit;
3320 4018 3499 4072 neque

1378 4118 1926 4177 CASTIGATIONES
1966 4120 2054 4175 ET
2096 4118 2329 4175 NOTAE.

270 4242 293 4269 ³·
334 4233 520 4289 Baluz.
558 4253 569 4287 :
606 4232 744 4300 Quid
778 4239 916 4292 enim
961 4239 1037 4291 ait
1070 4233 1386 4308 evangelista
1421 4236 1484 4290 de
1520 4253 1578 4290 eo
1616 4239 1703 4303 qui
1740 4239 1795 4291 in

204 4314 365 4358 ventre
393 4316 598 4360 creatus
622 4309 734 4361 est?
752 4308 910 4363 Enn.

270 4374 295 4412 δ
333 4374 447 4430 Etsi
479 4376 831 4444 objiciehatnr
870 4378 1102 4433 maxime
1147 4378 1430 4433 consensio
1458 4392 1578 4431 cum
1630 4376 1797 4433 Paulo

209 4442 576 4524 Samosatcno,
602 4456 659 4502 ut
680 4450 1129 4524 exobtestatione
1150 4448 1369 4504 Eusebii
1391 4456 1636 4524 constat;
1661 4448 1797 4524 Rho-

212 4517 296 4589 tini
324 4526 504 4574 tamen
549 4521 812 4583 meminit,
843 4520 996 4589 cujus
1026 4527 1083 4573 ut
1112 4529 1228 4573 erat
1256 4520 1527 4574 recentior
1566 4518 1797 4573 invidio—

213 4585 415 4659 siorqnc
460 4592 741 4659 memoria,
792 4592 863 4645 ita
893 4585 1125 4645 societas
1174 4591 1383 4659 objecta
1428 4590 1798 4644 vehementius

1903 4237 1988 4291 vel
2018 4235 2270 4290 felicitate
2294 4232 2552 4288 eruimus.

1974 4306 2161 4361 Posuit
2189 4319 2353 4375 porro
2380 4311 2554 4357 totum
2578 4303 2631 4357 in
2656 4301 2971 4375 explicanda
2982 4304 3193 4375 ratione
3212 4316 3318 4375 qua
3336 4300 3500 4375 Virgo

1900 4377 2005 4432 dici
2054 4371 2217 4447 queat
2264 4375 2525 4445 Deipara,
2554 4374 2672 4447 sine
2708 4371 2819 4447 sua:
2848 4373 3122 4447 doctrina)
3164 4371 3499 4447 prmjudicio.

1900 4448 2053 4503 Facit
2073 4442 2209 4502 Vero
2229 4442 2447 4515 gravem
2477 4444 2756 4499 catholicis
2783 4443 3123 4515 calumniam,
3145 4444 3297 4515 quasi
3321 4442 3500 4511 Virgi-

1902 4533 2024 4573 nem
2052 4513 2277 4571 Deitatis
2306 4516 2472 4586 ipsius
2489 4522 2785 4586 parentem,
2810 4514 2972 4586 immo
2988 4522 3043 4568 et
3056 4513 3497 4586 deamdicerent,

1901 4590 1987 4643 vel
2010 4597 2157 4644 certe
2182 4583 2445 4642 sentirent
2472 4583 2593 4641 cum
2624 4585 2752 4639 Ario
2770 4626 2785 4649 ,
2827 4583 3093 4640 Eunomio
3121 4593 3177 4640 et
3201 4583 3501 4652 Apollinari

212 4649 405 4713 urebat.
440 4658 661 4728 Objecta
696 4649 821 4717 vero
870 4670 952 4717 est
980 4662 1211 4731 primum
1230 4649 1261 4723 .’
1276 4660 1421 4730 quod
1451 4676 1517 4715 ex
1552 4666 1797 4731 veterum
1825 4649 1878 4708 D
1904 4670 2124 4731 naturas
2138 4657 2597 4731 confundentibus
2615 4658 2670 4711 in
2690 4656 2938 4731 Christo;
2964 4671 3065 4731 nec
3084 4649 3346 4710 minorem
3368 4669 3501 4731 con-

216 4733 565 4801 monumentis
593 4732 714 4786 sciri
745 4742 929 4801 queat,
968 4730 998 4786 a
1046 4730 1215 4787 Mario
1258 4731 1559 4786 Mercatore
1592 4730 1648 4784 in
1676 4731 1796 4800 epi-

215 4799 354 4872 stola.
390 4817 555 4872 quam
586 4799 779 4871 sparsit
808 4804 860 4857 in
900 4804 1089 4871 vulgus
1118 4818 1182 4858 eo
1223 4810 1466 4872 tempore
1493 4816 1603 4871 quo
1639 4799 1796 4857 obte-

216 4871 491 5006 sstptiopem
520 4872 779 4927 Eusebius
828 4874 1108 4944 proposuit
1152 4871 1501 4944 (Vide’notas
1536 4872 1605 4925 ad
1642 4873 1792 4943 epist.

216 4954 230 4989 t
276 4958 353 4995 am
393 4984 405 4996 .

216 4948 353 4995 istam
370 4948 405 4996 l.

283 5022 303 5085 °_
341 5012 525 5085 Codex
548 5014 755 5075 'Vatic..
787 5018 1133 5085 prwexistere.
1167 5013 1364 5085 BaLuz.

270 5079 303 5162 ,ἀ
344 5082 707 5162 βςερτθιιθηόίι
738 5079 930 5162 iterum
969 5087 1188 5162 plausus
1209 5084 1409 5162 Proclo
1432 5085 1603 5140 factos
1625 5093 1680 5139 et
1700 5084 1795 5162 ad-

220 5153 504 5228 mirabilem
531 5158 865 5228 pancgyricze
894 5153 1159 5228 orationis
1182 5157 1524 5228 elegantiam,
1560 5171 1665 5225 qua
1694 5155 1794 5228 mi-_-

222 5224 398 5304 tumin
419 5224 639 5304 modum
670 5224 857 5304 captus
878 5227 1104 5298 populus
1133 5226 1329 5282 dicenti
1360 5224 1703 5292 acclamarat,
1728 5226 1797 5281 ad

224 5295 463 5351 invidiam
494 5295 745 5353 Nestorii.

258 5372 311 5442 .°
346 5365 475 5442 Cum
512 5368 789 5442 Nestorius
829 5369 1178 5439 extemporali
1212 5369 1457 5442 oratione
1498 5367 1598 5421 tria
1620 5366 1800 5422 Procli

225 5428 352 5520 dicta
375 5438 616 5520 breviter
630 5442 908 5510 arguisset,
944 5428 1133 5508 nempe
1153 5440 1298 5520 quod
1317 5438 1487 5520 Virgo
1509 5446 1652 5520 esset
1671 5449 1798 5520 8co-

226 5508 387 5582 rézor;
409 5512 550 5579 quod
580 5508 721 5566 Deus
750 5528 937 5582 passus
963 5519 1015 5564 et
1046 5508 1317 5582 mortuus;
1348 5510 1597 5582 quodque
1629 5508 1801 5582 factus

230 5578 450 5653 pontifex
500 5600 512 5636 :
563 5578 770 5651 singula
814 5581 1155 5653 postmodum
1199 5580 1417 5649 singulis
1463 5580 1802 5653 sermonibus

231 5650 567 5718 illlpugnanda
584 5650 839 5722 prclixius
866 5652 1093 5723 putavit;
1112 5660 1164 5723 et
1186 5653 1411 5719 primum
1440 5650 1653 5723 quidem
1674 5652 1797 5723 isto,

232 5725 469 5792 $18ch
488 5719 831 5779 collectaneis
862 5719 973 5777 tum
1001 5720 1323 5792 Cyrillianis,
1360 5729 1467 5774 tum
1498 5719 1799 5789 Ephesinis,

234 5797 340 5850 ⁸10ῖὲ
376 5790 637 5850 Mercator
663 5796 841 5859 vertit,
876 5810 980 5848 non
1008 5790 1122 5846 sine
1166 5792 1338 5860 aliqua
1391 5792 1468 5843 vel
1508 5791 1801 5859 diligentia,

1902 4728 1995 4785 ﬂat
2044 4729 2294 4785 invidiam
2314 4770 2328 4793 ,
2361 4729 2514 4797 quasi
2537 4728 2671 4783 duas
2700 4727 2769 4781 ob
2799 4726 3147 4791 ratiunculas,
3181 4739 3382 4793 easque
3410 4724 3495 4778 le-

1903 4801 2170 4865 vissimas,
2202 4799 2475 4853 venissent
2503 4798 2555 4852 in
2586 4798 3184 4869 opinionemﬁsoréxou.

1972 4872 2031 4926 ln
2060 4872 2164 4926 hoc
2182 4884 2432 4924 sermone
2453 4865 2748 4924 refellendo
2762 4865 2993 4938 Cyrillus
3020 4868 3305 4937 insumpsit
3326 4875 3502 4924 totum

1901 4942 2014 4998 fere
2042 4958 2198 4997 suum
2228 4940 2422 4995 librum
2468 4941 2699 5010 primum
2729 4954 2796 5010 ac
2814 4937 3113 5010 secundum
3141 4937 3498 5010 de_quinque,

1940 5014 2095 5068 uibus
2133 5006 2851 5079 contradixit'blasphemiis
2878 5006 3107 5063 Nestorii
3159 5006 3309 5078 (Lib.
3345 5025 3360 5062 ι
3392 5006 3443 5062 et
3462 5024 3503 5065 ιι

1944 5080 2281 5153 ontradict.).
2313 5078 2782 5153 Quodeximium
2808 5094 2944 5153 opus
2987 5078 3181 5153 merito
3230 5079 3503 5153 quispiam

1900 5149 2254 5230 appellaverit
2280 5152 2583 5230 apologiam
2610 5149 2785 5205 Procli
2805 5167 2839 5230 ﬂ:
2873 5149 2925 5202 in
2955 5150 3185 5230 eo.en_im
3208 5150 3506 5230 reSpondet

1900 5218 2130 5296 Cyrillus
2151 5224 2217 5278 iis
2231 5218 2568 5296 fere_tan’t_um
2583 5220 2922 5296 sermonibus
2940 5220 3032 5289 qui
3052 5235 3083 5273 a
3105 5218 3353 5296 Nestorio
3365 5219 3505 5296 dicti

1901 5289 2028 5351 sunt
2049 5295 2309 5350 adversus
2329 5290 2599 5347 Proclum.
2624 5290 2756 5345 Nam
2774 5290 2979 5360 primus
2993 5297 3049 5345 et
3068 5290 3333 5345 secundus
3365 5289 3503 5360 liber

1902 5367 1969 5421 de
2007 5364 2226 5437 Virgine
2254 5364 2474 5437 Θιοτόκῳ
2504 5373 2558 5418 et
2588 5364 2697 5437 Deo
2743 5359 2869 5416 nato
2903 5369 3025 5437 _est_;
3074 5360 3265 5415 tertius
3293 5360 3360 5437 de
3390 5359 3504 5437 Deo

1904 5430 2218 5499 sacerdote;
2241 5430 2463 5502 quartus
2490 5443 2545 5488 et
2572 5434 2790 5502 quintus
2810 5431 3004 5501 majori
3019 5447 3098 5502 ex
3118 5439 3273 5501 parte
3301 5430 3369 5486 de
3388 5430 3504 5502 Deo

1905 5523 2065 5579 passo
2088 5514 2145 5561 et
2168 5501 2415 5579 mortuo:
2446 5518 2566 5573 quae
2592 5501 2679 5579 res
2717 5502 2844 5558 fecit
2883 5511 2941 5557 ut
2978 5501 3119 5558 idem
3161 5501 3507 5579 sermonibus

1908 5574 2041 5635 ordo
2064 5592 2096 5631 a
2117 5576 2272 5630 nobis
2287 5575 2628 5630 tribueretur.
2647 5575 2773 5629 Durae
2793 5582 3003 5645 tantum
3025 5574 3356 5645 posteriores
3383 5587 3502 5626 sero

1908 5650 2084 5705 monis
2111 5654 2291 5718 partes
2318 5646 2663 5718 reperiuntur
2691 5644 2833 5718 apud
2872 5643 3248 5718 Mercatorem,
3281 5643 3501 5718 reliquae

1910 5737 1979 5776 ex
2003 5712 2166 5790 opere
2195 5712 2401 5790 Cyrilli
2430 5732 2557 5773 mox
2583 5712 2798 5772 laudato
2839 5716 3099 5788 suppletae
3129 5723 3271 5772 sunt.
3303 5712 3506 5770 Omnes

1910 5788 2095 5845 Graece
2121 5788 2405 5845 habentur.
