3960 6272
448 254 543 309 791

968 248 1161 306 MAR"
1199 246 1639 306 MERCATORIS
1680 247 2245 305 TRANSLATIONES
2285 245 2642 304 VARIORUM
2676 245 3201 306 OPUSCULORUM.

3616 257 3731 316 792

513 365 566 421 ι.
612 377 637 403 δι
666 363 823 432 Audi,
854 364 1153 421 miserrime
1172 408 1185 432 ,
1218 363 1553 436 egquamvis
1581 361 1816 429 rabidus,
1848 377 2033 416 curam
2059 370 2108 425 Α
2139 361 2306 425 Deus;
2329 361 2444 431 ipse
2471 360 2615 416 enim
2644 368 2747 427 est,
2764 362 2855 432 qui
2876 378 2973 434 per
2998 365 3321 435 prophetam
3347 365 3539 425 clamat
3568 388 3581 424 :
3607 370 3727 445 Eg.

445 458 513 513 ad
535 464 588 514 te
608 456 854 512 sanitatis
881 455 1134 512 admitte:
1168 471 1276 511 non
1298 454 1493 511 occidit
1513 452 1716 508 Pilatus
1744 452 2028 519 Deitatem,

445 552 541 608 sed
564 551 791 608 Deitatis
817 551 1228 615 vestimentum;
1258 564 1365 604 non
1388 548 1530 603 Deus
1547 546 1784 602 Verbum
1806 544 2034 601 sindone

443 661 474 700 a
502 642 702 716 Ioseph
731 642 1004 699 involutus
1023 641 1309 713 sepultura:
1321 640 1604 695 mandatus
1624 648 1723 697 est.
1749 637 2033 706 Quomodo

441 737 586 791 enim
616 736 706 791 ille
733 736 840 792 hoc
859 742 1071 805 poterat
1094 734 1225 804 pati,
1257 734 1342 805 qui
1363 740 1497 787 tenet
1523 730 1771 787 circulum
1792 739 1960 795 terra,
1984 739 2035 785 et

414 818 415 821 “
441 844 621 882 omnes
642 826 929 881 habitantes
948 827 1004 879 in
1017 843 1098 889 ea,
1124 834 1383 897 tamquam
1403 823 1647 888 locustas,
1661 823 1802 879 sicut
1811 822 1888 877 ait
1904 837 2032 894 pro-

445 918 609 989 pheta
639 918 808 990 (Isai.
840 935 930 983 1L,
961 917 1108 991 22)?

411 1013 423 1057 ἰ
516 1010 567 1066 5.
608 1011 716 1067 Sed
737 1013 859 1082 quis
886 1011 977 1067 ille
996 1020 1099 1078 est,
1130 1012 1222 1080 qui
1252 1010 1539 1066 involvitur
1572 1009 1753 1065 linteis
1790 1008 2031 1081 sepultu-

444 1105 553 1159 rae?
599 1104 737 1159 Audi
793 1104 1115 1172 evangelicis
1152 1103 1375 1159 vocibus
1409 1101 1690 1172 personari
1740 1119 1753 1155 :
1804 1099 1832 1140 δ
1880 1100 2034 1155 Venit

445 1196 597 1252 homo
619 1197 756 1252 dives
781 1196 845 1251 ab
868 1196 1191 1263 Arimathia,
1233 1197 1315 1251 cui
1349 1212 1536 1251 nomen
1564 1204 1677 1250 erat
1702 1194 1914 1267 Ioseph,
1945 1195 2033 1268 qui

444 1297 495 1344 et
512 1291 624 1361 ipse
652 1292 823 1362 fuerat
842 1289 1124 1361 discipulus
1143 1286 1288 1343 Iesu.
1322 1286 1426 1341 Hic
1445 1287 1576 1341 adiit
1595 1285 1846 1353 Pilatum,
1870 1295 1922 1340 et
1938 1303 2033 1357 po-

445 1382 655 1436 stulavit
676 1399 861 1454 corpus
877 1380 1023 1436 Iesu.
1060 1380 1201 1435 Tunc
1230 1379 1434 1435 Pilatus
1450 1380 1611 1450 jussit
1630 1378 1777 1433 reddi
1814 1393 2031 1449 corpus;

444 1484 495 1528 et
543 1476 799 1545 accipiens
838 1490 1022 1545 corpus
1072 1472 1203 1526 illud
1244 1470 1438 1542 Ioseph
1473 1470 1683 1525 involvit
1717 1470 1774 1523 in
1814 1467 2034 1524 sindone

445 1566 656 1633 munda,
688 1576 738 1622 et
760 1569 929 1639 posuit
957 1566 1087 1621 illud
1119 1567 1176 1620 in
1212 1574 1541 1620 monumento
1584 1562 1809 1635 (Matth.
1863 1579 2028 1630 xxvn,

446 1659 557 1733 57).
584 1660 691 1716 Ter
716 1661 852 1715 dixit
878 1677 1083 1731 corpus,
1115 1666 1171 1715 et
1192 1674 1293 1715 nec
1314 1658 1483 1714 semel
1509 1656 1753 1713 meminit
1771 1656 2028 1723 Deitatis;

2136 471 2267 520 sum,
2292 471 2385 526 ego
2416 472 2529 510 sum
2551 497 2568 522 ,
2615 464 2666 509 et
2696 472 2801 511 non
2838 472 2951 511 sum
2988 466 3214 512 mutatus
3246 457 3406 529 (Mal.
3438 476 3513 528 ιιι,
3543 461 3623 535 6).
3657 464 3729 521 Et

2135 547 2329 603 iterum
2362 566 2375 601 :
2403 546 2481 602 Tu
2509 557 2680 604 autem
2700 547 2837 604 idem
2854 551 2967 620 ipse
2997 567 3072 618 es,
3107 559 3159 605 et
3197 552 3326 606 anni
3353 555 3427 608 tui
3458 570 3562 610 non
3589 556 3726 629 defi-

2135 642 2272 696 cient
2293 640 2409 713 (Ps.
2440 656 2512 706 cr,
2535 639 2651 714 28).
2673 639 2783 697 Sed
2802 642 2982 698 unitas
2998 642 3248 700 humana:
3268 652 3494 713 natum.
3523 656 3580 703 et
3599 647 3728 705 Dei-

2134 733 2262 789 tatis
2288 747 2410 789 eam
2450 733 2817 805 complexibus
2854 735 3123 807 stringens
3153 746 3178 776 °
3207 735 3267 792 in
3297 736 3464 793 altum
3502 738 3723 807 levavit,

2133 839 2360 882 manens
2381 824 2435 880 id
2459 824 2604 895 quod
2627 825 2911 882 existebat.

2207 918 2258 973 7.
2299 917 2420 990 Ipse
2445 925 2735 991 prapterea
2763 916 2957 975 Petrus
2984 917 3053 974 de
3076 918 3329 991 primitiis
3349 920 3549 977 nostris
3577 935 3723 992 prte-

2134 1011 2339 1078 dicans,
2368 1020 2425 1068 et
2450 1012 2600 1067 illam
2618 1012 2955 1069 altitudinem
2980 1028 3225 1080 narrans,
3246 1026 3407 1084 quam
3443 1014 3571 1072 huic
3587 1016 3723 1072 visi-

2134 1103 2229 1159 bili
2257 1111 2462 1160 θείω-ω
2481 1104 2709 1160 contulit
2735 1104 2905 1162 Deus:
2928 1103 3106 1172 Hunc,
3130 1104 3320 1175 inquit,
3350 1105 3530 1162 Iesum
3553 1110 3725 1163 susci-

2138 1197 2261 1250 tavit
2279 1194 2419 1251 Deus
2449 1194 2603 1266 (Act.
2629 1212 2683 1264 x,
2713 1194 2783 1250 40
2803 1194 2844 1268 ).
2869 1194 2989 1252 Non
3017 1209 3148 1266 ergo
3176 1205 3420 1254 mortuus
3447 1206 3530 1255 est
3558 1198 3722 1268 Deus,

2134 1285 2231 1341 sed
2251 1286 2548 1342 suscitavit.

2204 1376 2260 1432 8.
2302 1377 2439 1433 Audi
2460 1376 2679 1434 Petrum
2700 1377 2986 1443 dicentem,
3011 1393 3046 1433 o
3072 1377 3415 1450 Apollinaris.
3442 1380 3581 1438 Audi
3602 1398 3727 1440 cum

2136 1468 2447 1541 Apollinare
2476 1478 2535 1525 tu
2560 1484 2778 1540 quoque
2805 1469 3057 1541 impietas
3083 1470 3301 1526 Ariana.
3320 1470 3498 1538 Hunc,
3526 1473 3723 1544 inquit,

2132 1560 2312 1616 Iesum
2358 1562 2623 1616 suscitavit
2660 1560 2833 1628 Deus;
2876 1561 3022 1617 hunc
3057 1562 3151 1631 qui
3176 1570 3357 1633 paret;
3379 1563 3524 1620 hunc
3561 1579 3726 1634 quem

2136 1652 2278 1708 oculi
2307 1652 2604 1720 intuentur,
2630 1652 2723 1723 qui
2751 1651 2942 1709 allixus
2995 1660 3080 1709 est
3106 1654 3252 1723 ligno
3268 1697 3284 1722 ,
3300 1655 3394 1724 qui
3421 1652 3450 1692 ει
3478 1655 3727 1727 palpatus

441 1769 543 1808 nec
564 1768 708 1808 enim
739 1752 1147 1807 vulneraverant
1166 1752 1363 1807 milites
1388 1751 1574 1806 lancea
1601 1749 1886 1804 Deitatem.
1920 1746 2030 1804 Sed
2060 1760 2107 1821 Β
2134 1754 2217 1800 est
2243 1746 2488 1801 manibus
2517 1744 2758 1813 Thom,
2775 1747 2870 1816 qui
2891 1746 2960 1803 ad
2982 1761 3107 1802 eum
3126 1747 3408 1803 clamavit:
3431 1746 3659 1822 Palpate
3678 1761 3727 1806 et

445 1845 573 1915 quid
612 1853 694 1900 est
722 1844 867 1915 quod
896 1844 964 1900 ab
992 1844 1097 1899 illis
1121 1851 1204 1900 est
1230 1845 1608 1900 vulneratum?
1629 1842 1676 1897 A
1700 1841 1909 1898 Joanne
1936 1842 2035 1898 do-
2136 1839 2301 1895 videte
2318 1840 2439 1913 quia
2465 1841 2678 1912 spiritus
2706 1856 2826 1907 ossa
2844 1849 2896 1896 et
2922 1857 3133 1896 carnem
3153 1857 3259 1896 non
3287 1840 3459 1909 habet,
3491 1843 3728 1899 sicutme

444 1950 607 1991 cere:
645 1934 809 2002 Unus,
847 1935 1047 2005 inquit,
1070 1936 1292 1990 militum
1322 1936 1503 1989 lancea
1523 1950 1619 1989 sua
1657 1936 1872 2006 pupugit
1898 1935 2033 1988 latus

440 2027 553 2098 ejus
581 2026 760 2099 (Ioan.
784 2043 901 2093 xix,
934 2026 1023 2097 54)
1077 2026 1145 2082 Et
1165 2026 1288 2082 audi
1309 2026 1485 2082 adhuc
1505 2033 1896 2095 argumentum,
1922 2040 2031 2095 quo

442 2126 655 2173 constat
681 2118 948 2174 Deitatem
986 2118 1204 2173 minime
1229 2117 1586 2174 vulneratam.
1620 2115 1766 2172 Exiit
1787 2158 1802 2183 ,
1836 2117 2026 2186 inquit,

438 2213 616 2266 statim
642 2212 853 2284 sanguis
872 2219 925 2266 'et
942 2228 1077 2284 aqua
1095 2212 1113 2283 (
1138 2210 1323 2283 Ibid.).

510 2304 563 2359 6.
602 2304 722 2360 Non
764 2306 877 2376 ipse
906 2313 1150 2360 mortuus
1192 2312 1294 2369 est,
1325 2303 1419 2373 qui
1449 2301 1708 2369 viviﬁcat;
1742 2302 1837 2372 qui
1882 2301 2029 2357 enim

437 2396 792 2455 subsisteret?
829 2397 920 2467 qui
950 2396 1570 2465 mortuumsuscitaret?
1598 2394 1758 2450 Venit
1777 2394 2026 2457 homines

434 2497 679 2544 mortuos
699 2489 958 2546 suscitare
989 2509 1000 2542 :
1034 2504 1159 2545 nam
1181 2489 1296 2561 ipse
1324 2488 1554 2545 mortuis
1574 2488 1845 2544 invenitur
1872 2488 2026 2543 auxi-

435 2579 565 2635 lium
616 2580 759 2644 liarre
799 2580 1147 2651 jacentibus;
1198 2597 1307 2638 non
1353 2582 1470 2653 ipse
1523 2589 1797 2653 tamquam
1838 2580 2026 2652 jacens

436 2671 623 2729 auxilii
643 2673 799 2744 inops
820 2687 959 2728 esse.

505 2761 622 2819 Non
637 2771 721 2820 est
743 2772 982 2822 mutatus
1000 2763 1381 2834 conjunctione
1400 2779 1497 2821 seu
1511 2764 1773 2820 societate
1795 2764 2028 2820 hominis

2135 1931 2314 1987 videtis
2352 1931 2621 1987 habentem
2642 1930 2794 2004 (Luc.
2835 1949 2978 1998 xxiv,
3009 1930 3121 2003 59).
3153 1931 3221 1986 Et
3241 1932 3325 1988 his
3349 1933 3553 1988 certior
3579 1935 3725 1990 voci-

2136 2028 2235 2083 bus
2263 2026 2455 2094 l'actus,
2480 2026 2647 2097 ipsius
2672 2026 2880 2098 palpati
2921 2034 2977 2082 et
3003 2025 3244 2082 cruciﬁxi
3272 2026 3517 2096 corporis
3544 2040 3726 2082 resur-

2132 2121 2394 2187 rectione,
2433 2121 2570 2175 mira
2608 2119 2724 2176 haec
2761 2118 3049 2175 facientem
3094 2117 3429 2188 gloriﬁcabat
3480 2118 3656 2174 Deum
3708 2137 3722 2173 :

2133 2211 2273 2268 Deus
2292 2229 2454 2279 meus,
2484 2211 2690 2278 dicens,
2714 2220 2765 2267 et
2796 2209 3051 2266 Dominus
3081 2226 3223 2264 meus
3244 2207 3433 2281 (Ioan.
3464 2225 3556 2276 xx,
3588 2207 3659 2263 98
3681 2209 3721 2280 ).

2135 2304 2253 2361 Non
2273 2305 2402 2361 illud
2420 2304 2565 2376 quod
2584 2305 2917 2377 palpaverat,
2940 2302 3217 2374 appellans
3235 2302 3433 2369 Deum;
3457 2317 3565 2358 nec
3582 2302 3728 2359 enim

2134 2397 2420 2467 indagatur
2447 2396 2628 2453 Deitas
2656 2396 2760 2452 isto
2785 2394 3027 2466 palpatu.
3053 2392 3111 2449 Si
3136 2395 3279 2449 enim
3298 2393 3471 2449 Deum
3489 2392 3727 2449 Verbum

2127 2504 2475 2560 cognoscere,
2502 2488 2588 2546 vel
2616 2488 2896 2544 addiscere
2920 2486 3145 2559 palpatu
3172 2486 3277 2542 isto
3305 2485 3545 2543 Thomas
3589 2486 3725 2542 inci-

2129 2591 2303 2654 peret,
2344 2580 2569 2637 dixisset
2611 2581 2729 2636 sine
2771 2578 2938 2636 dubio
2966 2576 3035 2634 ad
3078 2593 3204 2634 eum
3241 2577 3501 2634 Dominus
3538 2596 3553 2632 :
3585 2575 3727 2633 Con—

2130 2681 2304 2730 trecta
2330 2681 2386 2729 et
2402 2672 2545 2740 vide,
2568 2672 2694 2742 quia
2714 2671 2933 2743 spiritus
2960 2684 3079 2725 sum
3100 2676 3158 2724 et
3178 2668 3341 2724 Deus.
3371 2668 3526 2726 Nunc
3546 2676 3728 2724 autem

2132 2780 2164 2820 e
2197 2765 2413 2822 diverso
2460 2765 2621 2836 palpa
2637 2806 2653 2831 ,
2700 2764 2893 2835 inquit,
2935 2769 2992 2818 et
3009 2760 3152 2827 vide,
3197 2760 3321 2830 quia
3352 2761 3575 2833 spiritus
3619 2775 3726 2816 non

1597 2896 2136 2955 CASTIGATIONES
2174 2897 2265 2953 ET
2302 2895 2531 2953 NOTAE.

438 3014 665 3085 humano
684 3014 862 3066 habitu
888 3013 1224 3085 spectandum
1259 3012 1577 3085 prmbuiuet.
1611 3008 1747 3085 Ngn
1770 3026 1838 3085 ea
1875 3026 2027 3085 nam-

437 3101 534 3156 que
554 3083 618 3137 de
638 3100 793 3156 causa
824 3078 991 3156 factus
1013 3093 1090 3138 est
1111 3078 1269 3138 homo
1296 3082 1623 3156 Unigenitus,
1648 3079 1748 3156 Dei
1770 3078 2021 3147 Verbum,

435 3152 494 3208 ut
534 3153 792 3236 excideret
824 3152 857 3207 a
898 3152 1214 3236 Divinitate;
1236 3152 1352 3237 ,δρᾷ
1380 3152 1548 3237 potius
1587 3154 1644 3206 in
1681 3154 2026 3237 ipsaquoque

438 3226 789 3295 assumptione
815 3225 989 3278 carnis
1016 3240 1165 3295 suam
1193 3222 1533 3295 nihilorhinus
1552 3222 1910 3278 excellentiam
1939 3222 2025 3276 re-
2053 3224 2103 3294 ο

440 3294 703 3366 ιίηενςτμεξ
721 3296 944 3366 gloriam
972 3294 1163 3365 (Hom.
1184 3294 1432 3366 paschal.
1460 3294 1568 3365 17).

520 3376 547 3402 σι
570 3364 649 3418 Ad
679 3363 927 3421 Proclum
955 3363 1219 3420 convertit
1238 3363 1563 3427 orationem,
1592 3364 1757 3419 tacito
1785 3363 2023 3429 nomine,

479 3443 663 3506 r0pter
712 3436 907 3506 populi
948 3436 1174 3506 gratiam
1198 3475 1213 3501 ,
1263 3450 1368 3505 qua
1418 3436 1709 3506 plurimum
1753 3433 2022 3506 pollebat.

488 3505 664 3577 ixerat
688 3504 831 3558 enim
859 3504 947 3559 ille
976 3504 1153 3576 (Orat.
1176 3504 1364 3577 paneg.
1396 3504 1542 3576 parte
1572 3504 1667 3575 10)
1703 3523 1715 3557 :
1743 3504 1865 3575 Ipse
1886 3506 2026 3558 enim

436 3591 503 3646 ea:
530 3575 692 3646 spinis
722 3591 965 3646 coronam
1011 3575 1265 3646 portavit,
1305 3575 1362 3628 ut
1398 3575 1675 3645 spinarum
1710 3578 2023 3646 sententiam

439 3644 767 3717 dissolveret;
794 3646 904 3714 ipse
932 3645 986 3698 in
1012 3644 1130 3699 sinu
1159 3644 1367 3709 Patris,
1398 3656 1447 3698 et
1472 3647 1528 3699 in
1556 3655 1727 3699 ventre
1755 3644 2021 3717 Virginis;

438 3717 573 3787 inter
600 3714 751 3787 ulnas
780 3716 983 3787 matris,
1014 3726 1065 3770 et
1092 3731 1245 3787 super
1263 3732 1471 3787 (pennas
1491 3725 1784 3787 ventorum;
1815 3714 2021 3787 sursum

437 3784 503 3838 ab
526 3784 723 3854 angelis
765 3784 1103 3851 adorabatur,
1147 3784 1196 3839 et
1236 3784 1475 3840 deorsum
1500 3802 1615 3839 cum
1655 3786 1905 3840 telonibus
1937 3804 2020 3840 re-

437 3854 738 3927 cumbebat;
769 3857 1029 3927 semp/tim
1057 3872 1160 3911 non
1186 3854 1567 3927 prospiciebant
1586 3872 1697 3927 pra:
1718 3857 2018 3922 reverentia,

435 3934 486 3979 et
513 3923 718 3998 Pilatus
742 3923 1126 3997 interrogabat;
1157 3923 1330 3998 servus
1349 3923 1695 3998 percutiebat,
1731 3935 1781 3998 et
1818 3937 2021 3980 creatu-

436 4013 497 4069 ra
521 3996 834 4061 terrebatur;
863 3998 918 4069 in
938 3996 1088 4069 cruce
1108 3996 1377 4069 ﬁgebatur,
1401 4006 1452 4051 et
1480 3998 1692 4051 thronus
1717 3997 2018 4069 gloriantu-

436 4066 532 4139 dus
562 4083 663 4120 non
688 4076 832 4139 erat;
855 4068 910 4121 in
929 4066 1165 4139 sepulcro
1179 4069 1407 4139 jacebut,
1439 4076 1489 4139 et
1515 4069 1696 4122 caelum
1716 4066 2023 4122 extendebat

434 4138 569 4210 sicut
606 4136 818 4210 pellem;
854 4136 995 4192 inter
1027 4136 1255 4193 mortuos
1283 4138 1636 4210 reputabatur,
1673 4146 1722 4210 et
1760 4139 2023 4210 infernum

436 4207 722 4276 spoliabat;
754 4208 1009 4281 deorsum
1037 4210 1183 4281 quasi
1208 4207 1465 4281 (seductor
1493 4207 1925 4281 calumniabatur,
1972 4217 2024 4262 et

434 4293 638 4350 sursum
663 4294 695 4330 a
715 4281 910 4350 s_anctis
958 4276 1370 4350 gloriﬁcabatur.
1412 4276 1468 4350 0_
1486 4277 1795 4350 stupendum
1819 4287 2021 4350 myste—

436 4346 602 4400 rium!
629 4379 699 4388 —
728 4346 1127 4403 Ponens'taud'a
1157 4350 1412 4405 subnotat
1444 4346 1694 4403 Balu'zius
1719 4366 1731 4400 :
1762 4367 1781 4400 ι
1816 4346 1901 4402 Ιιεί
1928 4364 2022 4403 co-

437 4414 543 4469 dex
572 4415 986 4474 Bellovacensis.
1017 4417 1380 4476 Gerberonius
1395 4419 1561 4473 edidit
1588 4418 1850 4484 Accedes;
1880 4417 2018 4473 Gar-

437 4486 620 4560 nerius
646 4488 800 4560 Audi,
833 4490 923 4560 qui
952 4497 1104 4560 putat
1124 4491 1424 4546 orationem
1453 4490 1618 4544 tacito
1646 4489 1864 4543 nomine
1885 4504 2019 4543 con-

437 4556 575 4609 verti
600 4558 667 4611 ad
695 4556 971 4615 Proclnm.w
1003 4579 1022 4611 ι
1057 4559 1210 4615 Enn.

2135 3027 2230 3082 nos
2251 3011 2388 3081 loqui
2403 3010 2633 3082 solemus
2658 3026 2676 3062 :
2700 3009 2768 3063 In
2792 3010 2889 3082 hoc
2914 3011 3031 3082 loco
3052 3013 3141 3066 ille
3167 3011 3394 3082 sepultus
3422 3018 3530 3074 est;
3554 3020 3609 3063 et
3624 3025 3723 3065 non

2135 3080 2351 3135 dicimus
2372 3080 2511 3151 illius
2541 3096 2744 3151 corpus,
2768 3081 2860 3134 sed
2880 3081 3001 3151 ille;
3030 3084 3198 3137 omnis
3225 3080 3398 3134 autem
3416 3096 3566 3135 sana:
3584 3097 3727 3135 men-

2135 3152 2199 3206 tis
2220 3152 2439 3223 scit_nos
2468 3150 2607 3223 loqui
2628 3151 2692 3223 de
2716 3167 2950 3222 corpore.
2975 3150 3067 3206 Sic
3096 3162 3266 3207 autem
3294 3152 3433 3223 loqui
3461 3152 3727 3206 consuevit

2131 3238 2286 3276 sacra
2315 3219 2610 3292 Scriptura.
2642 3219 2909 3292 blortu'us,
2942 3222 3145 3292 inquit,
3176 3232 3253 3292 est
3278 3219 3474 3287 Aaron,
3506 3231 3559 3275 et

2136 3293 2325 3347 tierunt
2352 3290 2522 3365 ipsum
2548 3292 2604 3345 in
2627 3290 2703 3365 0r
2739 3290 3068 3365 monte,gete.
3104 3291 3306 3365 (Num.
3336 3308 3534 3365 xum,
3568 3290 3720 3365 37');

2133 3360 2460 3435 montuus'est
2482 3360 2715 3435 Samuel,
2739 3372 2788 3416 et
2814 3360 3125 3435 sepelierunt
3143 3367 3312 3435 ipsum
3338 3365 3394 3418 in
3422 3360 3725 3435 Arruntium

2132 3435 2152 3503 (
2168 3432 2189 3486 l
2217 3431 2344 3505 Reg.
2378 3448 2504 3496 xxv.
2522 3432 2577 3505 Vl)
2598 3442 2687 3505 ;ret
2705 3431 2960 3505 ejusmodi
2989 3433 3097 3488 alia
3123 3431 3414 3489 innumera.
3436 3432 3600 3505 Hnno
3620 3450 3727 3487 mo-

2136 3501 2246 3558 rem
2267 3501 2566 3558 observavit
2581 3501 2784 3558 divinus
2806 3505 3082 3571 Apostolus
3099 3547 3113 3571 ,
3137 3522 3253 3559 cum
3279 3505 3459 3559 mortis
3482 3501 3726 3558 Domini-

2131 3590 2205 3629 σω
2237 3576 2548 3628 mentionem
2589 3576 2800 3645 faceret.
2847 3573 3064 3645 Tradidi
3085 3577 3221 3630 enim
3247 3573 3407 3636 vobis,
3436 3573 3637 3643 inquit,
3667 3575 3723 3627 in

2131 3646 2340 3717 primis,
2371 3645 2509 3717 quod
2534 3644 2779 3717 et’aceepi
2794 3686 2809 3717 ,
2846 3645 2981 3717 quod
3010 3644 3242 3701 Christus
3270 3653 3499 3717 mortuus
3520 3654 3603 3699 est
3627 3660 3721 3717 pro

2130 3715 2355 3799 peccatis
2377 3715 2588 3799 nostris,
2612 3715 2892 3799 secundum
2905 3716 3235 3799 Scriptura,
3258 3725 3308 3799 et
3327 3715 3463 3799 quod

2130 3784 2308 3858 est,_et
2334 3786 2475 3858 quod
2488 3787 2784 3858 resurrexit
2817 3788 2968 3840 tertia
2989 3784 3089 3851 die,
3112 3784 3392 3858 secundum
3416 3784 3721 3858 Scripturas

2132 3856 2188 3925 (Ι
2217 3854 2454 3922 Cor.'xv,
2486 3856 2574 3926 5),
2617 3863 2673 3909 et
2698 3870 2818 3926 quae
2846 3866 3158 3926 sequuntur.
3191 3855 3423 3926 ldipsum
3450 3854 3722 3926 repetitur

2130 3926 2494 3997 lihroAquinto
2524 3924 3408 3997 Haereticarum'Fahularumcap.
3440 3924 3527 3980 15.

2206 4008 2228 4036 ο
2271 3995 2475 4067 Eodem
2522 3997 2773 4067 exemplo
2821 3997 3021 4052 abusus
3067 4006 3186 4053 erat
3233 3995 3482 4067 sermone
3518 3996 3714 4067 primo.

2136 4066 2279 4122 Vidit
2306 4065 2446 4139 Deus
2467 4065 2709 4122 naturam
2736 4068 3038 4139 collapsam,
3061 4085 3275 4139 eamque
3295 4065 3721 4139 Deitatisipotenj

2130 4140 2201 4191 tia
2230 4138 2571 4220 apprehendit
2591 4136 3031 4220 eligamnet‘i'l‘lam
3054 4136 3247 4220 tenens,
3271 4147 3321 4191 et
3348 4136 3566 4220 manens
3581 4136 3718 4220 quod

2126 4206 2337 4272 erat,'i'n
2365 4207 2529 4262 altum
2556 4206 2852 4279 sublevavit.
2885 4207 3129 4279 Exempli
3149 4224 3310 4262 causa
3337 4206 3475 4271 quod
3502 4206 3714 4269 dicitur,

2125 4294 2313 4344 nosce;
2361 4280 2408 4333 si
2431 4279 2693 4350 jacentem
2719 4278 2920 4350 elevare
2940 4278 3205 4350 (volueris,
3238 4294 3411 4350 nonne
3448 4279 3715 4350 continges

2126 4366 2309 4419 corpus
2336 4348 2569 4419 corpore,
2583 4358 2649 4420 _et
2670 4358 2717 4403 te
2733 4349 2902 4420 ipsum
2930 4348 3009 4403 illi
3031 4348 3393 4420 conjungendo
3412 4349 3601 4420 elisum
3622 4349 3720 4420 eri-

2123 4418 2410 4491 ges,atque
2426 4418 2511 4473 ita
2530 4418 2929 4491 illiconjunctus
2949 4421 3060 4491 ipse
3084 4418 3282 4484 manes,
3307 4418 3447 4491 quod
3462 4434 3583 4491 eras
3602 4435 3619 4482 ;
3641 4418 3716 4491 sic

2122 4486 2173 4542 et
2192 4486 2734 4631 illug')incarnationis
2777 4486 2979 4544 testimd
3006 4486 3388 4544 sacramentum
3429 4487 3648 4559 (Serm.
3686 4486 3708 4540 l

2122 4574 2263 4613 nam.
2355 4600 2368 4613 .

2122 4574 2263 4613 num.
2290 4574 2368 4613 δι.

509 4624 540 4701 ιζ
577 4625 945 4701 Theodoretus
972 4630 1115 4685 hunc
1143 4631 1327 4701 locum,
1348 4630 1536 4685 iisdem
1558 4629 1681 4701 (fere
1693 4628 1894 4701 .verbis
1920 4644 2018 4684 ex-
2045 4615 2100 4676 Ῑ)
2194 4627 2222 4666 ά
2260 4615 2450 4701 operae
2474 4630 2708 4701 pretium
2747 4638 2834 4686 est
2870 4630 3156 4687 consulere
3195 4627 3511 4701 Cassianum
3549 4642 3719 4701 super

435 4697 671 4768 scripsit,
704 4700 865 4773 immo
897 4708 954 4756 et
982 4701 1130 4773 auxit
1160 4703 1178 4773 (
1204 4700 1269 4773 In
1301 4699 1590 4773 Impatibili
1608 4700 1649 4769 ).
1680 4696 1809 4753 Cum
1847 4710 2017 4773 autem

434 4781 551 4823 sero
569 4779 709 4843 esset
739 4772 951 4841 (actutm,
978 4772 1113 4824 venit
1141 4769 1351 4843 quidam
1381 4769 1532 4826 homo
1552 4770 1725 4843 dives,
1749 4776 1854 4823 etc.
1890 4769 2018 4843 Vide

436 4840 635 4913 quoties
665 4840 892 4913 corporis
917 4840 1237 4913 mentionem
1258 4843 1434 4913 faciat,
1458 4840 2015 4913 ut_Divinitatem_bla~

434 4908 816 4982 sphemantium
839 4929 929 4965 ora
955 4912 1172 4966 obturet.
1210 4908 1357 4966 Idem
1379 4911 1500 4982 fecit
1520 4910 1839 4965 beatissimus
1871 4910 2017 4964 Mar-

433 4994 542 5045 cus,
573 4988 679 5054 etc.
714 4979 907 5054 Mirare
933 4984 1093 5054 igitur
1118 4979 1515 5054 consonantiam
1541 4997 1782 5054 cernens,
1811 4991 1861 5034 et
1888 4998 2015 5054 con-

432 5052 682 5123 sonanter
702 5051 1115 5123 continenterque
1142 5052 1411 5123 repetitum
1432 5053 1662 5120 corporis
1691 5067 1895 5123 nomen.
1922 5052 2016 5105 Ce—

431 5119 729 5174 leberrimus
747 5137 940 5192 quoque
959 5119 1129 5176 Lucas
1149 5119 1386 5176 similiter
1405 5119 1656 5192 narravit,
1673 5127 1809 5192 quod
1820 5120 2016 5192 Ioseph

430 5205 616 5263 corpus
646 5189 868 5263 petierit.
899 5190 1263 5246 Divinissimus
1282 5201 1463 5263 autem
1482 5189 1717 5263 Ioannes
1746 5193 1853 5263 alia
1882 5189 2011 5263 quo-

427 5276 526 5382 ivte
546 5260 772 5344 adjecit:
786 5260 1003 5332 Rogavit
1026 5263 1256 5345 Pilatum
1269 5260 1463 5343 Ioseph
1487 5260 1550 5314 ab
1571 5261 1883 5327 Arimathia,
1895 5260 2006 5317 etc.

482 5330 567 5382 ide
587 5342 783 5382 quoties
808 5332 947 5382 facta
966 5348 1194 5382 (ornaris
1223 5342 1480 5382 mentione
1497 5372 1512 5382 .
1548 5339 1599 5382 et
1619 5341 1887 5382 nostmtam
1916 5333 2006 5382 hoc

482 5330 567 5404 ide
587 5330 783 5404 quoties
805 5330 947 5404 facta
966 5333 1194 5403 corporis
1223 5330 1480 5404 mentione
1497 5372 1512 5398 ,
1548 5339 1887 5404 etipostquam
1915 5333 2011 5387 hoc

427 5403 565 5474 cruci
594 5399 813 5474 unum
830 5403 1007 5474 fuisse,
1038 5399 1086 5456 et
1114 5404 1210 5457 hoc
1237 5401 1432 5474 Ioseph
1464 5419 1506 5474 na
1548 5399 1723 5457 Pilato
1746 5399 2006 5472 petiisse,

424 5478 476 5524 et
515 5473 611 5526 hoc
629 5472 705 5527 de
733 5472 874 5597 ligno
899 5472 1219 5556 deposuisse,
1251 5482 1300 5528 et
1329 5472 1423 5527 hcc
1452 5472 1626 5528 linteis
1655 5488 1768 5527 cum
1795 5474 2009 5556 myrrha

424 5550 477 5595 et
500 5542 618 5595 aloe
634 5544 752 5597 invo
775 5559 904 5597 visse
924 5542 1145 5597 dixerat.
1160 5560 1392 5597 persona:
1405 5560 1590 5597 nomen
1613 5554 1732 5597 tunc
1751 5560 1999 5597 posuisse.

423 5550 477 5595 et
500 5542 618 5615 aloe
634 5542 904 5598 involvisse
924 5542 1145 5609 dixerat,
1159 5560 1392 5615 persona:
1405 5560 1590 5598 nomen
1613 5554 1732 5615 tunc
1751 5542 1999 5615 posuisse,

423 5619 475 5666 et
492 5611 671 5687 Iesum
696 5614 752 5667 in
767 5623 1103 5687 monumento
1125 5611 1345 5687 positum
1364 5616 1576 5687 dixisse.
1612 5613 1663 5668 II
1669 5632 1731 5668 ac
1751 5611 1829 5668 'de
1849 5631 2005 5687 causa

422 5683 714 5755 etnangelus
743 5684 911 5739 dixit:
947 5683 1155 5754 Venite,
1186 5686 1379 5751 videte,
1410 5684 1496 5738 ubi
1535 5687 1729 5755 positus
1758 5694 1870 5739 erat
1894 5683 2005 5741 Do-

423 5753 625 5821 minus;
656 5758 909 5811 communi
936 5759 1145 5812 nomine
1167 5773 1350 5827 corpus
1372 5753 1658 5827 appellans.
1686 5755 1773 5811 Sic
1799 5757 1935 5810 enim
1955 5766 2005 5810 et

2123 4714 2188 4754 ea
2218 4698 2534 4771 re_,’Locuin
2573 4702 2716 4756 enim
2755 4701 2899 4771 hunc
2925 4708 3121 4756 tractat
3150 4708 3207 4756 ut
3226 4700 3422 4771 probet
3448 4698 3716 4771 Divinita-

2123 4778 2232 4841 tem
2258 4769 2477 4837 Christi,
2509 4772 2808 4841 evertitque
2829 4770 3061 4827 Nestorii
3082 4769 3322 4834 sensum.
3351 4777 3406 4825 et
3426 4769 3528 4824 alia
3549 4769 3719 4825 refert

2122 4839 2265 4896 lectu
2292 4841 2481 4911 digna,
2516 4857 2624 4897 non
2672 4839 2851 4897 tamen
2895 4857 3017 4913 quae
3056 4848 3302 4913 Spectent
3333 4842 3478 4896 hunc
3497 4854 3718 4913 seruio-

2122 4858 2265 4896 iectu
2292 4858 2481 4911 mgna,
2516 4858 2624 4897 non
2672 4858 2851 4897 tamen
2934 4858 3017 4897 unc
3056 4858 3302 4913 speetent
3334 4858 3478 4896 nunc
3505 4858 3715 4894 sermo-

2122 4927 2265 4978 nem,
2297 4913 2497 4983 quippe
2517 4927 2677 4983 quem
2707 4928 2815 4983 non
2842 4858 2991 4976 vidit,
3023 4912 3119 4968 sed
3144 4911 3374 4983 primum
3395 4910 3599 4983 potius.
3624 4908 3715 4983 Sic

2122 4990 2302 5037 autem
2316 4980 2496 5037 habet
2534 4980 2551 5034 Ξ
2591 4980 2731 5047 Quid
2768 4980 3458 5050 proclamavithominu's,
3504 4981 3711 5050 inquit,

2122 5069 2282 5136 meus,
2299 5062 2348 5107 et
2376 5052 2515 5136 Deus
2538 5054 2711 5136 meus!
2735 5052 3005 5136 {nmquid
3027 5054 3163 5136 dixit
3184 5052 3511 5136 hoc-\qupd‘tu
3533 5052 3675 5136 pilcis
3696 5067 3715 5105 :

2121 5122 2312 5189 Homo,
2345 5132 2393 5176 et
2421 5140 2524 5178 non
2554 5122 2727 5187 Deus;
2760 5120 3013 5190 Christus,
3040 5134 3089 5179 et
3118 5141 3221 5178 non
3254 5120 3557 5178 Divinitas?
3580 5120 3714 5176 Cor-

2118 5210 2210 5277 pus
2241 5195 2415 5277 utique
2438 5195 2522 5277 sui
2549 5192 2765 5277 Domini
2796 5196 2989 5277 tetigit,
3012 5193 3249 5277 et‘Deum
3274 5192 3705 5277 essenrespondit.‘

2118 5261 2386 5337 Numquid
2414 5265 2783 5337 discretionem
2802 5261 3029 5337 aliquam
3050 5264 3286 5337 hominis
3299 5272 3351 5318 et
3378 5261 3476 5316 Dei
3498 5261 3720 5337 intulit?

2112 5333 2215 5387 Aut
2242 5332 2449 5409 clunem
2468 5335 2614 5409 illam
2634 5332 2913 5409 Θεοδόχονζ
2944 5346 3001 5409 ut
3030 5346 3081 5409 tu
3102 5336 3199 5409 ais,
3232 5334 3286 5388 id
3306 5343 3400 5398 est,
3424 5332 3710 5409 susceptri-

2114 5420 2223 5458 cem
2253 5403 2477 5460 Deitatis
2506 5403 3132 5476 imaginem'nominavit?
3152 5410 3228 5460 vel
3257 5420 3400 5460 more
3425 5403 3714 5475 impietatis

2114 5484 2242 5542 tute,
2273 5491 2389 5529 eum
2436 5492 2583 5547 quem
2611 5478 2845 5548 contigit,
2881 5494 2984 5531 non
3012 5486 3222 5548 propter
3262 5493 3336 5541 se,
3368 5476 3459 5529 sed
3498 5484 3715 5548 prapter

2110 5563 2226 5619 eum
2246 5563 2392 5619 quem
2419 5544 2474 5619 in
2502 5563 2556 5601 se
2577 5544 2841 5619 receperat
2861 5544 3205 5603 venerandum
3232 5563 3341 5603 esse
3373 5544 3717 5619 memoratth

2112 5616 2220 5671 Sed
2258 5615 2593 5672 subtilitatem
2635 5615 2767 5672 hanc
2809 5618 3132 5673 discretionis
3175 5626 3276 5673 tua:
3315 5616 3580 5674 apostolus
3614 5615 3715 5674 Dei

2113 5688 2247 5759 forte
2274 5705 2377 5743 non
2407 5698 2557 5743 norat
2580 5686 2722 5759 (Lib.
2746 5705 2801 5746 ιιι
2824 5690 2887 5745 de
2916 5688 3189 5743 Incarnat.
3222 5704 3269 5743 ε.
3296 5686 3424 5757 l5)?
