3904 6272
147 270 250 324 795

1306 260 1464 316 lMPll
1504 258 1817 313 NESI‘URH
1858 255 2091 311 SERMO
2133 254 2243 311 Vll.

3316 252 3427 311 79‘

149 403 264 442 sum
288 405 299 439 :
332 398 454 439 nam
474 385 682 455 spiritus
714 396 921 434 carnem
941 388 989 433 et
1018 395 1133 433 ossa
1169 394 1272 431 non
1295 376 1465 439 habet,
1490 378 1621 429 sicut
1650 392 1731 427 ms
1758 378 1811 438 Α
1836 376 1979 445 piens
2004 374 2262 445 (Philipp.
2288 389 2343 437 ιι,
2380 371 2454 444 5).
2480 370 2598 427 Non
2620 370 2754 425 dixit
2779 389 2790 423 :
2824 368 2939 425 Hoc
2968 369 3234 425 sentiatur
3255 370 3307 423 in
3336 380 3431 425 vo“

151 482 321 535 videtis
343 478 612 531 habentem
634 473 793 547 (Luc.
818 490 963 539 xxxv,
985 470 1094 541 59).
1122 470 1206 526 Me
1220 471 1443 535 scilicet,
1466 484 1628 539 quem
1648 483 1734 523 se-

149 571 378 628 cundum
406 568 459 623 id
486 566 631 636 quod
655 564 865 621 videtur
885 572 942 619 et
968 570 1123 634 paret
1143 562 1334 617 videtis
1362 576 1481 617 esse
1509 574 1734 629 compo-

149 666 325 725 situm,
359 668 413 715 et
460 657 755 714 secundum
788 656 1033 727 corporis
1059 654 1417 710 substantiam
1459 667 1579 709 esse
1606 667 1737 707 con-

150 755 481 811 trectabilem
509 754 749 809 cernitis.

217 847 268 903 9.
311 848 430 903 Non
458 847 621 911 enim,
647 846 988 917 Apollinaris,
1030 859 1151 900 ossa
1180 851 1236 899 et
1276 858 1403 899 caro
1443 851 1526 898 est
1554 843 1737 898 Deitas

150 938 308 992 Verbi
338 937 568 1008 paterni.
600 936 678 992 De
697 937 802 992 isto
824 935 1077 1007 palpabili
1105 936 1301 990 clamat
1323 933 1514 988 Petrus
1540 952 1553 987 :
1581 933 1737 987 Hunc

150 1029 323 1083 Jesum
344 1031 609 1084 suscitavit
639 1028 776 1083 Deus
817 1028 963 1101 (Act.
1017 1045 1071 1093 ι,
1104 1026 1228 1097 40).
1286 1028 1516 1081 Dextera
1556 1027 1739 1095 itaque

152 1122 417 1175 exaltatns
446 1130 529 1176 est
550 1121 664 1186 Dei,
690 1136 796 1176 non
820 1127 1001 1174 tamen
1023 1119 1246 1174 dextera
1293 1119 1580 1188 adjuvante
1604 1118 1740 1173 Ver-

151 1213 294 1268 bum.
344 1211 388 1266 Ο
417 1213 627 1274 insania
651 1212 880 1266 Ariana!
909 1209 1274 1266 Promissione
1312 1226 1529 1280 quoque
1567 1211 1740 1266 sancti

152 1305 381 1377 Spiritus
420 1314 643 1376 accepta
691 1320 721 1358 a
751 1304 911 1359 Patre
943 1304 1091 1375 (Act.
1118 1320 1173 1369 ιι,
1208 1304 1328 1375 55),
1361 1303 1547 1359 effudit
1574 1305 1735 1372 hunc,

152 1413 309 1467 quem
328 1413 429 1453 vos
449 1397 644 1452 videtis
673 1405 726 1452 et
756 1397 970 1452 auditis.

220 1491 304 1545 l0.
348 1490 417 1544 Et
445 1491 569 1545 audi
591 1490 814 1545 Paulum
836 1490 903 1545 de
925 1490 1036 1545 Deo
1059 1489 1494 1555 ratiocinantem,
1519 1499 1574 1544 et
1596 1490 1740 1544 illam

152 1582 616 1637 inconvertibilem
646 1582 742 1636 Dei
771 1590 827 1637 et
859 1582 1091 1637 hominis
1120 1590 1481 1652 exponentem
1513 1581 1739 1651 conjun~

152 1674 403 1728 ctionem.
431 1672 497 1727 In
517 1677 705 1745 forma,
740 1674 930 1743 inquit,
965 1673 1061 1729 Dei
1093 1676 1417 1737 constitutus,
1452 1692 1559 1729 non
1594 1676 1741 1747 rapi-

1838 466 1939 529 bis,
1964 464 2108 534 quod
2127 473 2183 519 et
2211 465 2265 519 in
2290 463 2399 519 Deo
2422 461 2621 527 Verbo,
2648 461 2741 531 qui
2756 477 2879 516 cum
2900 462 2955 515 in
2980 459 3152 514 forma
3172 460 3269 514 Dei
3290 467 3434 514 esset

1837 559 2180 622 constitutus,
2214 558 2443 613 formam
2462 556 2603 611 servi
2627 555 2853 625 accepit.
2878 553 2985 609 Sed
3008 552 3281 623 accipiens
3296 552 3436 623 Apo-

1836 654 2007 707 stolus
2040 651 2239 707 Christi
2267 667 2488 718 nomen,
2528 658 2803 720 tamquam
2845 649 3071 703 duarum
3113 656 3429 701 naturarum

1839 744 2253 815 appellationem
2300 741 2727 812 signiﬁcativam,
2784 742 2983 810 absque
3029 740 3113 794 sui
3161 739 3421 810 periculo,

1839 854 1982 901 eum,
2015 845 2070 891 et
2098 838 2239 892 servi
2268 836 2516 902 formam,
2561 846 2617 891 et
2654 836 2822 891 Deum
2876 840 3151 903 nuncupat
3197 833 3430 902 irrepre-

1838 930 2210 985 hensihiliter:
2260 929 2341 984 his
2378 929 2562 983 divisis
2602 943 2721 997 qua:
2769 926 2836 981 ad
2876 934 3123 980 naturam
3162 924 3433 994 duplicem

1840 1023 2246 1090 signiﬁcandam
2267 1023 2547 1089 dicuntur;
2579 1031 2634 1077 et
2661 1039 2772 1078 non
2800 1022 2904 1077 hoc
2924 1021 3097 1076 solum
3128 1019 3438 1074 Christianis

1840 1117 2167 1188 praedicans,
2211 1115 2337 1184 quia
2381 1115 2834 1170 incommutabilis
2874 1122 2956 1168 est
2998 1112 3137 1167 Deus
3164 1109 3431 1178 Christus,

1840 1208 1934 1263 sed
1986 1217 2041 1263 et
2087 1207 2371 1275 benignus,
2422 1205 2649 1260 formam
2691 1207 2833 1261 servi
2867 1205 3155 1276 accipiens,
3205 1214 3259 1259 et
3287 1202 3436 1273 quod

1840 1301 2162 1358 subsistebat
2190 1300 2451 1365 existens,
2504 1308 2563 1354 ut
2591 1301 2806 1355 noveris
2834 1316 2945 1354 non
2992 1308 3259 1354 mutatum
3314 1306 3437 1369 post

1842 1394 2159 1458 unitionem,
2180 1391 2273 1446 sed
2287 1392 2462 1446 visum
2482 1391 2641 1445 simul
2657 1391 2941 1459 benignum
2962 1398 3016 1444 et
3031 1390 3263 1459 justum:
3290 1404 3437 1443 mors

1842 1489 1983 1544 enim
2008 1504 2106 1558 pro
2137 1487 2315 1557 impiis
2345 1487 2464 1541 sine
2484 1494 2709 1555 peccato
2731 1486 2910 1540 carnis
2930 1491 3013 1538 est
3033 1486 3181 1553 ejus;
3206 1490 3260 1537 et
3287 1481 3435 1551 quod

1845 1599 1965 1638 eam
1993 1598 2093 1653 pro
2124 1581 2352 1635 inimicis
2373 1596 2482 1634 non
2508 1577 2722 1647 refugit,
2757 1576 3142 1632 inaestimabilis
3186 1574 3436 1643 benigni-

1846 1675 1972 1729 tatis
2000 1681 2081 1728 est
2108 1674 2301 1742 gratia.
2359 1671 2462 1726 Via;
2500 1672 2656 1733 enim,
2705 1669 2999 1725 secundum
3049 1666 3292 1734 Paulum,
3343 1682 3438 1738 pro

153 1783 267 1820 nam
289 1766 571 1820 arbitratus
593 1777 668 1819 est
689 1783 798 1820 esse
811 1783 866 1820 se
881 1772 1130 1838 aequalem
1146 1767 1277 1832 Deo;
1300 1768 1392 1821 sed
1411 1770 1741 1837 semetipsum
1773 1778 1817 1837 Β
1840 1768 1983 1839 justo
2014 1768 2124 1839 quis
2146 1766 2398 1820 moriatur
2429 1763 2605 1835 (Rom.
2630 1781 2682 1828 v,
2717 1763 2806 1833 7)?

151 1857 453 1921 exinanivit,
495 1859 715 1928 formam
740 1859 868 1910 servi
904 1859 1159 1928 accipiens
1183 1858 1443 1929 (Philipp.
1471 1875 1526 1924 ιι,
1560 1856 1742 1919 6).Sic

151 1948 271 2003 etin
301 1948 421 2004 aliis
446 1948 681 2019 quidem,
734 1950 923 2018 inquit,
960 1950 1157 2004 locutus
1180 1961 1255 2004 est
1296 1950 1441 2004 nobis
1480 1953 1533 2004 in
1580 1950 1741 2017 Filio,

151 2058 293 2111 quem
315 2043 582 2096 constituit
602 2042 859 2096 hazredem
884 2044 1254 2108 universorum,
1278 2060 1369 2113 per
1389 2058 1535 2114 quem
1559 2043 1677 2113 fecit
1696 2052 1747 2095 et

151 2132 357 2197 saecula,
400 2135 483 2203 qui
513 2142 588 2186 est
630 2133 874 2204 splendor
912 2135 1093 2205 gloria:
1140 2133 1299 2204 (Ileb.
1333 2151 1368 2199 ι,
1393 2136 1469 2204 2).
1518 2132 1745 2190 Prorsus

151 2221 313 2277 lilium
343 2233 502 2279 caute
518 2241 658 2291 eum,
694 2234 749 2279 et
769 2226 1112 2296 splendorem
1134 2226 1317 2294 gloriae
1348 2234 1638 2297 nuncupat,
1690 2233 1745 2282 et

154 2316 442 2384 positivum
464 2318 759 2373 haeredem:
791 2329 814 2357 ³
830 2319 1096 2374 haeredem
1117 2320 1333 2388 quidem
1354 2321 1743 2391 positivumse-

149 2409 383 2464 cundum
413 2427 664 2477 carnem;
704 2413 1046 2482 splendorem
1077 2423 1257 2468 autem
1294 2416 1477 2483 gloria:
1506 2423 1744 2485 paternas

148 2501 444 2556 secundum
467 2502 751 2567 Deitatem,
784 2505 911 2572 quia
939 2519 1040 2558 nec
1070 2506 1316 2559 discessit
1365 2507 1674 2561 incarnatus
1713 2523 1743 2562 a

147 2590 519 2657 similitudine,
543 2607 666 2661 quae
685 2594 735 2648 ei
756 2610 879 2647 cum
908 2593 1069 2649 Patre
1115 2605 1215 2651 est.
1251 2595 1481 2666 Propter
1507 2598 1652 2665 quod
1691 2606 1747 2652 et

145 2676 352 2735 Paulus
380 2681 552 2750 inquit
578 2701 590 2735 :
626 2680 723 2747 Qui
754 2695 829 2738 est
856 2686 1103 2755 splendor
1141 2688 1350 2758 gloriae;
1375 2704 1443 2742 ne
1463 2688 1603 2744 forte
1623 2705 1746 2743 cum

145 2772 391 2827 audisset
443 2774 749 2844 quispiam:
791 2775 920 2829 Erat
966 2779 1021 2831 in
1070 2780 1240 2849 forma
1284 2778 1415 2845 Dei;
1472 2787 1744 2849 tamquam

149 2865 481 2919 transeuntis
509 2875 565 2920 et
584 2877 923 2923 commutatae
964 2870 1328 2939 suspicaretur
1347 2886 1472 2925 eum
1501 2888 1620 2927 esse
1650 2889 1745 2927 na-

151 2963 305 3010 tunc.

217 3048 305 3102 11.
348 3047 585 3106 Joannes
630 3052 848 3119 quidem
904 3054 1063 3109 Verbi
1118 3064 1173 3110 et
1212 3057 1384 3111 Patris
1445 3057 1743 3114 adinvicem

1920 1861 2006 1915 15.
2039 1858 2323 1930 Suscipere
2353 1867 2535 1913 autem
2580 1858 2873 1912 humanum
2918 1870 3087 1925 genus
3136 1871 3234 1925 per
3260 1853 3437 1908 homi-

1845 1971 1990 2020 Bell),
2020 1962 2074 2008 et
2120 1954 2473 2010 reconciliare
2502 1951 2703 2016 Adam,
2754 1951 2919 2005 multa
2946 1950 3164 2018 justitia:
3206 1949 3438 2005 circum-

1845 2049 2049 2119 spectio
2071 2055 2152 2102 est
2173 2065 2184 2099 :
2207 2046 2415 2116 justum
2437 2046 2585 2100 enim
2601 2053 2717 2099 erat
2729 2053 2975 2098 naturam
2988 2058 3107 2112 quae
3119 2041 3437 2107 ollendcrat,

1846 2142 1988 2196 hanc
2018 2139 2197 2195 denuo
2228 2138 2340 2193 Deo
2393 2137 2648 2208 placitam
2697 2136 2960 2201 liberare;
3013 2143 3067 2189 et
3109 2134 3313 2203 justum
3360 2139 3442 2187 est

1847 2233 2137 2288 obnoxiam
2176 2230 2471 2301 quondam,
2514 2245 2634 2300 qum
2678 2230 2918 2285 debitum
2963 2228 3208 2292 incurrit,
3260 2226 3442 2282 absol-

1844 2341 1971 2380 vere
1999 2344 2009 2377 :
2046 2323 2571 2394 irreprehensibilem
2600 2337 2831 2391 namque
2852 2330 2907 2377 et
2945 2323 3063 2375 sine
3091 2321 3309 2390 querela
3335 2320 3438 2375 ho-

1844 2418 2051 2471 minum
2092 2424 2285 2470 natura
2332 2416 2560 2469 debebat
2616 2415 2727 2469 Deo
2783 2415 3286 2479 conversationem;
3348 2411 3443 2467 sed

1845 2506 2126 2563 deﬁciebat
2151 2507 2205 2559 in
2253 2507 2610 2561 exsolutione.
2670 2518 2690 2543 ο
2738 2506 3084 2573 Νθςιὶεθιιιίω
3130 2505 3272 2560 enim
3316 2520 3432 2574 pas-

1844 2600 2012 2655 sionis
2035 2599 2267 2651 animam
2288 2598 2394 2652 huc
2415 2606 2576 2666 atque
2606 2598 2729 2652 illuc
2750 2598 3045 2663 trahentes,
3093 2598 3290 2651 nudam
3322 2613 3440 2652 eam

1847 2707 1878 2745 a
1907 2691 2196 2745 virtutibus
2222 2690 2597 2760 impellebant,
2632 2698 2686 2745 et
2706 2691 2814 2744 rari
2843 2698 2997 2745 erant
3025 2690 3239 2759 pietatis
3268 2705 3331 2745 ac
3355 2691 3443 2759 jn-

1847 2785 2006 2840 stitia:
2035 2780 2061 2820 ἀ
2091 2783 2465 2853 professores:
2498 2791 2553 2838 et
2591 2791 2718 2838 tunc
2746 2784 2841 2849 illi,
2885 2783 2950 2839 ad
2999 2784 3139 2839 illius
3184 2784 3445 2853 temporis

1846 2883 2237 2947 paupertatem,
2269 2876 2361 2944 qui
2388 2874 2700 2931 viderentur
2721 2876 2806 2931 vel
2836 2885 3156 2947 putarentur
3175 2892 3294 2931 esse
3314 2893 3442 2947 pro-

1846 2968 2114 3023 fessores?
2153 2966 2256 3021 Per
2285 2968 2594 3023 universum
2625 2976 2804 3023 autem
2837 2978 3101 3023 terrarum
3127 2969 3313 3024 orbem
3345 2968 3443 3024 de-

1846 3061 2017 3116 bitum
2045 3068 2162 3115 erat
2194 3080 2204 3112 :
2241 3060 2432 3115 Omnes
2453 3062 2609 3127 enim,
2635 3061 2825 3130 inquit,
2851 3070 3202 3132 peccaverunt,
3228 3071 3277 3114 et
3297 3068 3446 3131 egent

153 3142 573 3197 cozeternitatem
592 3144 967 3211 describendo,
1002 3148 1253 3203 utebatur
1282 3150 1366 3203 his
1394 3150 1552 3205 dictis
1578 3169 1589 3202 :
1616 3150 1642 3189 δ
1676 3151 1741 3205 In
1770 3156 1815 3216 C
1849 3152 2015 3224 gloria
2043 3150 2141 3205 Dei
2166 3150 2341 3221 (Rom.
2376 3169 2451 3217 ιιι,
2480 3151 2593 3224 25).
2620 3149 2834 3207 Peccati
2864 3151 3016 3206 fenus
3060 3166 3277 3221 quoque
3319 3165 3437 3205 cre-

153 3235 405 3304 principio
444 3244 556 3289 erat
605 3234 827 3291 Verbum
864 3237 1041 3309 (Joan.
1089 3257 1128 3303 ι,
1170 3240 1245 3310 1),
1280 3239 1387 3295 Esr
1423 3244 1743 3311 praetermit-

158 3334 299 3394 tens;
326 3342 435 3383 non
464 3329 607 3383 enim
637 3329 805 3384 dixit:
846 3330 904 3385 ln
941 3332 1206 3402 principio
1253 3342 1337 3388 est
1377 3334 1634 3397 Verbum,
1688 3343 1744 3390 et

158 3419 388 3475 Verbum
416 3430 499 3475 est
518 3422 659 3491 apud
699 3422 896 3488 Deum;
939 3425 1071 3478 sed:
1108 3423 1173 3477 In
1222 3427 1476 3496 principio
1522 3425 1743 3481 Verbum

157 3522 259 3565 erat
286 3512 429 3583 apud
457 3511 642 3579 Deum,
675 3523 725 3567 et
766 3512 904 3569 Deus
945 3526 1056 3568 erat
1103 3515 1343 3570 Verbum.
1389 3516 1744 3583 Quaerebatur

158 3603 287 3656 enim
315 3618 438 3673 quae
459 3605 628 3674 prima
640 3614 783 3660 esset
803 3607 1088 3661 existentia
1110 3607 1223 3663 sive
1251 3609 1484 3663 essentia
1506 3609 1623 3678 ejus
1649 3611 1743 3679 qui

159 3694 425 3751 hominem
454 3698 637 3765 gessit.

224 3788 302 3843 12.
332 3789 533 3845 Paulus
562 3800 741 3846 autem
762 3807 921 3847 omne
951 3794 1107 3847 simul
1137 3794 1281 3863 quod
1312 3795 1504 3850 accidit
1535 3804 1737 3863 narrat,

162 3890 209 3936 et
226 3883 561 3939 incarnatam
584 3887 890 3951 essentiam,
925 3896 980 3941 et
1018 3888 1310 3942 incarnatse
1356 3888 1577 3943 Deitatis
1617 3891 1740 3945 nni-

162 3974 349 4029 tionem
374 3977 866 4032 incommutabilem
887 3994 951 4033 ac
993 3994 1209 4049 semper
1237 3990 1565 4048 manentem,
1610 3999 1739 4052 pro-

164 4070 270 4131 pter
287 4065 435 4134 quod
456 4074 511 4120 et
537 4067 777 4122 scribens
797 4068 1064 4121 clamabat
1088 4087 1099 4121 :
1131 4068 1246 4123 Hoc
1274 4072 1528 4124 sentiatur
1565 4073 1619 4125 in
1654 4090 1741 4127 vo-

166 4156 248 4222 bis,
278 4159 416 4230 quod
436 4169 486 4212 et
503 4162 556 4213 in
580 4159 784 4214 Christo
804 4160 948 4226 Jesu,
973 4164 1060 4232 qui
1082 4178 1195 4215 cum
1224 4164 1278 4216 in
1304 4165 1473 4235 forma
1492 4163 1589 4219 Dei
1610 4177 1741 4221 esset

166 4252 477 4315 constitutus,
502 4254 826 4321 semetipsum
856 4254 1160 4318 exinanivit,
1186 4256 1409 4324 formam
1442 4258 1572 4310 servi
1602 4260 1740 4313 acci-

1849 3246 2055 3300 scebat.

1919 3339 2005 3391 14.
2048 3338 2187 3405 Quid
2208 3353 2337 3407 ergo
2366 3338 2623 3393 Dominus
2650 3334 2930 3392 Christus?
2968 3334 3210 3392 Peccatis
3239 3338 3444 3405 obliga-

1847 3442 1961 3486 tum
1984 3432 2171 3486 videns
2200 3447 2367 3501 genus
2389 3432 2704 3497 humanum,
2738 3439 2793 3485 et
2813 3430 3091 3497 indignum
3119 3429 3186 3484 ad
3215 3428 3446 3484 redhibi-

1846 3524 2069 3589 tionem,
2102 3540 2209 3578 non
2242 3523 2469 3592 imperio
2510 3523 2739 3577 exsolvit
2778 3522 3036 3587 debitum,
3073 3536 3139 3576 ne
3176 3521 3442 3590 justitiam

1847 3619 2149 3687 benignitas
2180 3618 2429 3684 laederet;
2453 3625 2507 3671 et
2528 3616 2687 3685 hujus
2716 3617 2796 3671 rei
2824 3617 2979 3671 testis
3001 3615 3198 3671 Paulus
3234 3625 3448 3687 aposto‘

1851 3711 1932 3765 lus
1957 3712 2194 3765 clamans
2222 3728 2232 3763 :
2267 3709 2520 3775 Christus,
2554 3710 2746 3778 inquit,
2798 3725 2944 3780 quem
2992 3711 3261 3780 proposuit
3308 3708 3446 3763 Deus

1848 3805 2264 3874 propitiatorium
2295 3821 2385 3874 per
2405 3803 2561 3872 ﬁdem
2590 3804 2643 3856 in
2690 3803 2941 3873 sanguine
2968 3803 3131 3872 ipsius
3173 3801 3243 3855 ad
3270 3811 3444 3855 osten-

1849 3898 2047 3951 sionem
2070 3897 2290 3967 justilite
2317 3896 2427 3966 ejus
2454 3894 2640 3965 (lbid.,
2666 3892 2756 3963 25)
2780 3911 2793 3959 ;
2817 3903 2874 3947 ut
2895 3893 3227 3957 ostendatur,
3254 3892 3444 3960 inquit,

1848 3990 2152 4057 benignitas
2176 3988 2342 4057 jnsta,
2369 4004 2477 4041 non
2499 3987 2617 4041 sine
2632 3986 2836 4055 judicio
2857 3986 3056 4055 passim
3077 3994 3132 4040 et
3154 3993 3445 4054 utcumque

1848 4083 2049 4137 donata
2077 4101 2089 4134 :
2123 4090 2411 4151 prepterea
2441 4078 2687 4133 Christus
2717 4079 2961 4133 debentis
2991 4078 3225 4148 suscepit
3254 4092 3443 4146 perso-

1850 4190 1973 4227 nam
2020 4181 2243 4237 naturaz,
2299 4180 2353 4227 et
2401 4187 2501 4242 per
2540 4187 2660 4226 eam
2707 4171 2945 4225 debitum
2995 4178 3269 4240 tamquam
3315 4170 3444 4224 Adae

1850 4264 1990 4319 illius
2019 4264 2270 4318 reddidit.

1321 4350 1871 4411 CASTIGATION‘ES
1914 4356 1998 4409 ET
2039 4353 2267 4408 NOTAE.

229 4415 418 4488 “lude
448 4426 595 4486 patet
621 4433 729 4487 quo
758 4418 951 4471 merito
980 4417 1273 4488 Elipandus
1302 4420 1498 4474 dicitur
1532 4422 1599 4475 ad
1633 4423 1737 4477 Νθι

168 4486 551 4559 storianismum
579 4486 879 4544 declinasse
904 4508 915 4541 :
949 4486 1085 4543 duos
1106 4491 1249 4543 enim
1270 4491 1494 4559 perinde
1535 4508 1599 4545 ac
1632 4493 1738 4547 Ne-

168 4559 348 4631 storius
380 4556 519 4613 ﬁlios
536 4560 818 4631 admisisse
848 4574 915 4613 ex
936 4575 1002 4614 eo
1025 4556 1376 4627 convincitur,
1409 4563 1552 4631 quod
1576 4580 1740 4617 unum

169 4624 548 4702 fat_eretur,qui
575 4630 865 4702 naturalis;
898 4631 1145 4702 alterum,
1170 4633 1260 4700 qui
1291 4624 1573 4702 adoptivus
1599 4653 1609 4687 :
1638 4636 1740 4688 hoc

172 4699 295 4774 enim
323 4707 407 4754 est
434 4701 701 4774 hzeredem
722 4702 1012 4774 positivum
1034 4700 1167 4774 fieri,
1190 4699 1337 4774 quod
1360 4699 1625 4774 adoptari.
1661 4704 1741 4759 Ex

172 4782 245 4845 eo,
277 4770 510 4845 inquam,
542 4773 895 4837 convincitur,
918 4772 1182 4845 siquidem
1208 4770 1325 4845 fieri
1351 4770 1667 4843 non—potest
1689 4784 1747 4828 ut

176 4841 220 4917 in
240 4841 480 4917 eamdem
510 4858 795 4917 personam
821 4850 1047 4910 utraque
1077 4844 1236 4898 simul
1274 4841 1516 4913 ejusdem
1548 4862 1746 4914 paren-

176 4908 235 4960 tis
263 4908 449 4965 ﬁlietas
482 4908 786 4968 conveniat.

236 4977 260 5055 ξ’
299 4980 378 5035 Ex
408 4983 511 5055 hoc
539 4984 658 5038 loco
688 4984 1028 5055 desumptum
1059 4993 1141 5038 est
1181 4985 1327 5053 quod
1366 4985 1596 5055 septimo
1625 4986 1747 5040 loco

178 5047 390 5124 refertur
418 5053 469 5106 in
500 5055 729 5110 concilio
772 5047 1080 5123 Eph-esino,
1123 5047 1377 5124 quodque
1418 5047 1562 5110 nono
1603 5057 1748 5124 apud

178 5115 435 5199 Cyrillum,
470 5132 631 5199 atque
660 5115 896 5179 etiam-in
921 5115 1271 5199 responsione
1289 5115 1358 5179 ad
1385 5115 1748 5199 objection_em

139 5194 149 5207 ‘
178 5184 510 5247 Orientalium
540 5184 794 5250 adversus
826 5184 1039 5250 tertium
1083 5184 1607 5251 anathematismum.
1643 5197 1747 5250 Ea-

179 5255 285 5338 dem
315 5262 721 5338 fere_Nestorius
751 5267 913 5321 habet
943 5268 995 5320 in
1024 5267 1251 5336 epistola
1283 5267 1517 5321 secunda
1547 5267 1612 5321 ad
1638 5266 1746 5338 Cy~

180 5329 340 5386 rillum
371 5354 383 5386 :
416 5334 615 5390 Paulus
644 5354 759 5390 cum
803 5338 990 5392 divinae
1028 5329 1406 5391 incarnationis
1445 5329 1747 5392 memoriam

181 5400 374 5480 faceret,
399 5406 647 5480 incipiens
669 5408 978 5479 subjungere
1005 5425 1117 5480 qua:
1136 5418 1254 5462 sunt
1282 5410 1560 5480 passionis,
1605 5411 1747 5479 prius

180 5475 367 5539 posuit,
400 5474 997 5550 Christustcommune,
1017 5474 1093 5532 ἰιι
1134 5474 1291 5550 paulo
1317 5489 1436 5533 ante
1474 5474 1616 5543 dixi,
1649 5496 1747 5533 no-

180 5554 285 5619 men
320 5554 637 5601 naturarum.
668 5548 809 5603 Tunc
834 5550 1092 5604 decentem
1118 5548 1277 5619 infert
1296 5568 1580 5605 sermonem
1599 5592 1612 5615 ,
1645 5553 1749 5604 sive

182 5614 743 5691 rationemutriusque;
775 5624 961 5691 etenim
995 5623 1071 5673 ait
1104 5638 1120 5674 :
1152 5614 1546 5676 Hocsentiatur
1574 5614 1627 5675 in
1658 5639 1745 5675 vo-

184 5676 435 5764 b58.jquod
465 5700 513 5742 et
542 5692 596 5743 in
618 5676 843 5764 All/triste
868 5690 1003 5764 _Jesu
1023 5733 1036 5758 ,
1078 5694 1162 5762 qui
1208 5709 1321 5747 cum
1350 5694 1402 5746 in
1436 5695 1603 5764 forma
1646 5692 1745 5745 Dei

184 5763 330 5821 esset,
375 5774 476 5812 non
512 5762 748 5832 rapinant
796 5761 1096 5816 arbitratus,
1122 5774 1197 5816 est
1245 5780 1353 5817 esse
1403 5761 1456 5816 se
1499 5764 1741 5834 (squalent

1848 4426 1959 4479 Deo
2004 4425 2277 4497 (Philipp.
2316 4424 2463 4497 (11,75
2488 4424 2526 4493 ).
2563 4422 2668 4479 Sed
2708 4441 2796 4497 ne,
2819 4425 2888 4477 ad
2935 4427 3329 4497 unumquodque
3367 4428 3445 4482 ιο..

1849 4514 1978 4568 quar
2002 4513 2017 4548 :
2051 4495 2244 4549 Factus
2260 4495 2700 4568 _obe_diettsAusqtte
2728 4496 2797 4548 ad
2823 4505 3065 4561 mortem,
3106 4495 3321 4552 mortem
3350 4515 3445 4551 au-

1852 4563 1951 4622 tem
1990 4568 2154 4620 crucis
2209 4564 2387 4636 (Ibid.
2417 4566 2455 4633 ).
2499 4563 2756 4629 Quoniam
2804 4568 2965 4637 igitur
3015 4578 3237 4637 coeperat
3263 4570 3443 4623 mortis

1853 4640 2025 4708 facere
2074 4637 2414 4700 mentionem,
2462 4645 2517 4688 ut
2568 4653 2632 4689 ne
2676 4639 2789 4708 quis
2832 4636 2951 4708 hinc
3001 4636 3220 4691 Verbum
3280 4637 3445 4693 Deum

1853 4705 2150 4779 passibilem
2198 4709 2579 4779 suspicaretur,
2622 4705 2827 4773 posuit,
2878 4705 3148 4773 Christus,
3185 4719 3443 4779 tamquam

1853 4776 2114 4848 passibilis
2135 4788 2184 4831 et
2204 4776 2539 4846 impossibilis
2561 4780 2796 4849 essentia:
2814 4818 2827 4839 ,
2862 4780 2914 4831 in
2937 4776 3311 4849 singularitate
3328 4797 3441 4849 per-

1851 4847 2014 4910 acute,
2048 4849 2446 4918 signiﬁcativum
2466 4847 2787 4909 vocabulum,
2818 4859 2874 4900 ut
2902 4847 3235 4918 impassibilis
3258 4859 3307 4901 et
3329 4847 3448 4918 pas-

1850 4920 2013 5001 sibilis
2057 4920 2295 5001 Christus
2332 4920 2445 4971 sine
2481 4920 2711 5001 periculo
2762 4920 3071 4984 nominetur,
3104 4920 3441 5001 impossibilia

1852 4991 2059 5061 quidem
2092 4988 2317 5053 Deitate,
2350 4988 2615 5061 possibilia
2640 5006 2754 5042 vero
2796 4998 2985 5061 natura
3010 4988 3257 5060 corporea
3298 4991 3317 5061 (
3335 4988 3447 5043 Ne-

1856 5058 1985 5114 stor.
2017 5063 2072 5113 in
2102 5062 2251 5130 epist.
2279 5058 2430 5123 2,ad
2452 5058 2704 5130 Cyrillum
2734 5076 2877 5112 num.
2911 5059 2942 5111 6
2964 5071 3013 5113 et
3048 5058 3123 5129 7).

1928 5144 1947 5167 ε
1992 5128 2153 5185 Forte
2183 5129 2465 5199 legendum
2497 5128 2597 5193 est,
2625 5128 2889 5201 Neglecta:
2924 5128 3447 5201 enim,passiones.-

1853 5198 2218 5255 Gerberonius
2239 5198 2405 5255 edidit
2433 5198 2725 5269 passiones:
2759 5198 3053 5255 Garnerius
3075 5198 3228 5270 putat
3262 5202 3444 5270 legen-

1854 5218 2218 5255 uerneromus
2239 5218 2405 5255 eumn
2433 5218 2725 5269 passiones.
2759 5218 3053 5255 uarnerius
3117 5218 3228 5255 utat
3262 5218 3444 5270 tegen-

1854 5272 1980 5324 dum
2003 5288 2141 5336 esse,
2173 5270 2439 5343 Neglecta:
2467 5273 2602 5325 enim
2632 5273 2919 5342 passiones.
2965 5218 3110 5339 Quid,
3130 5273 3180 5343 psi
3209 5273 3449 5340 legamus

1854 5344 2136 5411 pensionis,
2171 5352 2230 5396 ut
2252 5342 2596 5396 continuatur
2622 5343 2939 5411 metaphora
2970 5343 3036 5397 de
3058 5342 3241 5398 debito
3271 5352 3327 5397 et
3354 5361 3450 5400 ex-

1854 5414 2123 5468 solutione
2139 5415 2161 5467 ?
2180 5413 2375 5467 BALUZ.
3432 5422 3439 5429 °

1929 5481 1954 5520 ά
1998 5483 2229 5551 Corrigit
2258 5499 2574 5554 possessores
2611 5482 2893 5551 Baluzius,
2933 5493 3197 5554 notatque
3230 5486 3298 5541 ad
3339 5488 3451 5542 cal—

1854 5569 1970 5608 cem
1999 5573 2010 5607 :
2048 5555 2238 5627 cjﬂanc
2260 5555 2620 5627 lectionemet
2644 5555 2731 5609 hic
2760 5564 2807 5609 et
2830 5557 2991 5620 paulo
3008 5566 3129 5627 post
3156 5557 3451 5627 praeferunt

1854 5634 2066 5681 veteres
2085 5625 2225 5689 libri,
2244 5641 2402 5694 quam
2426 5624 2745 5681 conﬁrmare
2760 5624 3144 5683 videnturhaec
3157 5624 3323 5684 verba
3351 5630 3449 5683 ha-

1853 5694 1963 5748 bita
1981 5695 2226 5771 inferius,
2253 5697 2508 5771 primitias
2528 5713 2715 5752 massa:
2729 5714 2837 5751 sua:
2852 5708 3036 5752 natura
3058 5717 3173 5754 cum
3187 5700 3445 5771 possedis—

1853 5775 1944 5818 sel.
1972 5764 2261 5821 Garuerius
2291 5766 2575 5838 utrobique
2598 5772 2838 5838 reposuit
2858 5764 3219 5841 professsores.
3241 5791 3257 5823 ι
3286 5770 3441 5828 Eutr.
