3904 6272
808 149 852 166 ,κ
934 162 940 168 ἱ

164 294 265 351 ’199

1326 277 1489 338 iMi’ll
1526 274 1846 336 NESTORII
1887 275 2117 335 SERMO
2158 269 2273 335 γη.

2158 138 2167 167 i

3310 270 3417 341 ηε

227 404 313 463 Si.
352 402 521 475 liuius
536 401 789 466 hominis,
821 416 929 456 non
958 398 1198 464 Deitatis,
1222 397 1366 452 tertii
1411 395 1519 452 diei
1547 395 1729 466 sepul-
1757 396 1809 459 Α
1835 392 1944 464 ΞΒ).
1975 393 2044 448 Et
2080 395 2203 464 quis
2230 393 2322 449 ille
2360 393 2649 456 exaltatm,
2696 391 2987 450 estmdens
3026 380 3201 451 ictis
3226 390 3419 457 ﬁdelis.

162 514 275 558 tura
300 506 398 555 est.
428 496 601 567 Hujus
624 494 791 566 pedes
811 492 946 549 tenti
973 500 1099 547 sunt
1122 490 1309 546 clavis.
1332 488 1489 547 Hune
1504 486 1737 557 Spiritus
1837 490 1914 543 sit
1946 506 1958 542 :
1992 488 2107 543 Hoc
2130 491 2269 543 enisis
2285 488 2488 543 dicebat
2518 487 2823 560 signiﬁcans
2851 503 2952 560 qua
2976 494 3144 543 uerte
3158 495 3292 546 esset
3310 499 3423 545 tne-

160 601 371 649 sanctus
395 590 450 645 in
480 596 635 644 utero
662 587 931 657 ﬁguravit.
962 585 1042 640 De
1074 585 1175 639 hac
1192 596 1358 640 carne
1386 580 1644 635 Dominus
1668 577 1739 633 ad

130 680 365 741 'Judaeos
389 703 401 737 :
430 681 649 747 Solvite,
670 680 873 749 inquit,
897 678 992 734 hoc
1015 675 1274 748 templum,
1291 682 1343 730 et
1359 675 1416 728 in
1441 671 1611 727 triduo
1629 685 1741 726 sus—

149 766 321 834 ‘cuabo
340 775 471 831 illud
493 774 669 847 (Joan.
695 789 752 837 ιι,
784 771 895 843 te).

1839 584 2031 639 riturus
2058 582 2246 655 (Ibid.,
2278 584 2390 657 55).

1909 674 1999 730 54.
2022 675 2275 733 Admiror
2303 672 2920 745 tanquamjannam’ad
2940 671 3122 737 diuina
3151 671 3424 729 intmitus.

1840 765 1954 840 Ego
1978 767 2117 822 enim
2139 783 2255 823 sum
2274 768 2465 840 janu,
2488 766 2694 836 inquit;
2717 782 2807 837 per
2825 782 2907 823 me
2922 765 3010 836 qui
3031 765 3291 836 ingressis
3310 764 3428 833 fue-

225 871 310 926 22.
352 851 620 938 Numquid
668 881 768 938 ego
816 864 1085 936 duplicem
1129 859 1404 919 Christum
1452 858 1602 916 solus
1647 872 1742 928 sp-
1838 861 1928 929 rit,
1960 859 2281 927 liberabitur,
2316 870 2373 916 et
2409 859 2643 926 intrabit,
2673 870 2725 915 et
2752 857 2932 925 exibit,
2972 868 3025 913 at
3062 856 3429 921 habitationem

158 965 332 1036 pello?
376 963 566 1018 Nonne
613 962 964 1032 semetipsum
1001 967 1059 1015 et
1096 958 1355 1028 templum
1394 953 1642 1017 solubile,
1688 959 1745 1008 et
1838 958 2064 1012 inveniet
2090 955 2272 1029 (Ioan.
2296 954 2451 1027 1,9).

158 1057 439 1113 Dominum
460 1062 733 1127 nuncupat
754 1054 1121 1110 suscitantem.
1146 1050 1202 1107 Si
1229 1058 1412 1106 autem
1441 1049 1581 1103 Deus
1603 1050 1739 1112 erat,

160 1149 247 1218 qui
274 1147 588 1203 solvebatur
634 1149 774 1220 (quae
812 1147 869 1200 in
898 1152 1061 1215 caput
1092 1140 1205 1197 Arii
1237 1139 1572 1212 blasphemia
1611 1152 1746 1193 eon-

158 1243 436 1315 vertatur),
481 1243 701 1298 dixisset
740 1241 1034 1296 Dominus:
1065 1236 1269 1293 Solvite
1290 1236 1459 1290 Deum
1478 1234 1659 1299 istum,
1692 1238 1747 1286 et

161 1338 212 1391 in
241 1336 422 1391 triduo
444 1336 816 1399 suscitabitur;
841 1334 887 1389 si
916 1334 1056 1388 Deus
1076 1330 1430 1386 mortiﬁcatus
1451 1334 1535 1383 est
1561 1327 1614 1381 in
1661 1340 1748 1381 se-

158 1428 360 1513 pulcro,
388 1429 647 1483 mentitur
666 1426 929 1489 Christus,
952 1424 1045 1495 qui
1064 1423 1201 1477 dixit
1225 1440 1237 1475 :
1256 1419 1396 1486 Quid
1416 1437 1497 1474 me
1515 1420 1748 1492 quaeritis

158 1510 386 1575 occidere
406 1520 680 1586 hominem,
722 1518 808 1590 qui
834 1533 955 1572 vera
981 1516 1179 1571 locutus
1218 1531 1332 1570 sum
1373 1512 1513 1569 vobis
1556 1510 1742 1585 (lacn.

156 1627 262 1680 vni,
294 1610 442 1684 40)?

219 1701 305 1763 93.
335 1700 443 1763 Sed
466 1718 574 1763 nun
600 1696 774 1761 nudus
800 1705 964 1761 homo
985 1701 1251 1766 Christus,
1285 1716 1318 1757 ο
1347 1699 1705 1756 calumniator
1729 1713 1743 1762 ;

1915 1047 2003 1105 35.
2036 1042 2216 1105 Adoro
2238 1056 2513 1119 tamquam
2535 1040 2922 1118 omnipotentis
2943 1039 3229 1114 imagintm
3252 1043 3432 1099 Ποίων

1844 1144 1932 1198 tis.
1977 1139 2394 1214 Superexaltasit
2412 1141 2550 1195 enim
2577 1157 2711 1204 um,
2736 1139 2930 1207 inquit,
2955 1137 3114 1201 Deus,
3142 1146 3197 1190 et
3225 1136 3431 1191 donauit

1841 1236 1921 1292 illi
1951 1251 2135 1290 nomen
2164 1233 2298 1307 quod
2328 1242 2405 1288 est
2426 1249 2582 1304 super
2613 1247 2764 1286 omne
2790 1245 2995 1295 nomen,
3032 1238 3088 1282 ut
3118 1230 3176 1282 in
3226 1229 3431 1285 nomine

1844 1330 1955 1403 ejus
1982 1344 2130 1387 omne
2158 1344 2289 1401 genu
2319 1326 2556 1398 ﬂectatur
2584 1325 2881 1389 cmisstium,
2917 1322 3232 1377 terrestrium
3260 1331 3312 1374 et
3344 1323 3431 1374 in-

1848 1429 2114 1490 fernarum
2144 1423 2400 1496 (Philipp.
2434 1439 2491 1490 n,
2518 1422 2596 1494 θ).

1918 1519 2004 1576 56.
2038 1519 2269 1590 Propter
2288 1519 2556 1574 occultum
2579 1514 2748 1572 adoro
2777 1515 2921 1586 quod
2945 1514 3115 1571 oculis
3145 1521 3317 1587 paret.
3343 1510 3435 1569 ln-

1846 1612 2161 1686 separabilis
2193 1618 2277 1669 est
2309 1611 2469 1667 Deus.
2504 1609 2632 1680 Ejus
2659 1609 2751 1678 qui
2790 1615 2944 1679 paret
2984 1608 3294 1677 dignitatem
3330 1622 3435 1664 non

1847 1720 2060 1785 separo,
2094 1702 2468 1775 inseparabilis
2500 1708 2584 1755 est
2619 1700 2799 1766 enim;
2831 1713 3025 1769 separo
3062 1706 3300 1764 naturas,
3342 1695 3437 1756 sed

157 1802 246 1858 sed
269 1802 436 1856 homo
464 1799 623 1855 simul
645 1807 699 1855 et
727 1798 871 1854 Deus
896 1816 909 1851 :
940 1797 987 1853 si
1010 1804 1187 1851 autem
1211 1795 1353 1848 Deus
1372 1787 1746 1847 tantummodo
1776 1807 1825 1869 Β
1851 1802 2120 1871 conjungo
2146 1797 2528 1854 reverentiam.

156 1895 428 1962 existeret,
488 1892 775 1963 oportebat
825 1907 967 1955 eum,
1008 1885 1301 1944 secundum
1356 1882 1740 1954 Apollinarem,

155 1988 330 2044 dicere
358 2005 370 2040 :
416 1970 553 2052 Quid
596 1999 682 2039 me
702 1983 941 2053 quan-itis
980 1978 1229 2036 occidere
1253 1976 1440 2040 Deum,
1470 1973 1564 2043 qui
1594 1971 1746 2027 vobis

155 2079 436 2143 veritatem
468 2077 679 2131 locutus
707 2075 860 2129 sum?
889 2072 1040 2127 Nunc
1067 2078 1249 2125 autem
1288 2067 1415 2122 dicit
1448 2085 1460 2118 :
1492 2062 1630 2131 Quid
1658 2077 1745 2117 me

155 2171 394 2241 quaeritis
415 2167 660 2225 occidere
689 2164 963 2220 hominem
993 2161 1173 2223 istum,
1203 2158 1296 2228 qui
1325 2157 1494 2226 spinis
1518 2168 1747 2209 consua-

154 2271 237 2318 tus
257 2271 370 2328 est;
403 2264 581 2324 istum,
610 2257 703 2327 qui
731 2255 864 2310 dixit
897 2271 909 2307 :
939 2252 1077 2306 Deus
1109 2250 1246 2304 Deus
1274 2265 1437 2311 meus,
1471 2262 1629 2319 quare
1660 2259 1746 2297 me

154 2353 468 2427 dereliquisti
492 2348 704 2423 (Matth.
728 2362 890 2413 xxvn,
917 2342 1005 2409 46,
1027 2342 1196 2415 seq)?
1218 2340 1399 2405 istum,
1421 2338 1514 2406 qui
1542 2333 1747 2393 tridua-

154 2464 277 2504 uam
305 2447 562 2521 sustinuit
581 2442 850 2499 mortem?

214 2540 312 2597 ‘24.
337 2519 519 2596 Adoro
552 2538 700 2592 hunc
733 2541 914 2589 autem
936 2543 1061 2586 eum
1089 2527 1322 2589 Deitate,
1360 2532 1633 2591 tamquam
1659 2519 1744 2574 di-

147 2632 289 2687 vinae
320 2629 697 2702 coOperarium
736 2620 1088 2680 auctoritatis.
1120 2617 1459 2688 Manifestum
1484 2613 1553 2666 sit
1584 2611 1743 2676 amas,

146 2725 329 2794 inquit
352 2723 648 2805 Scriptura,
677 2719 775 2774 viri
804 2718 1012 2790 fratres,
1037 2713 1157 2785 quia
1188 2708 1336 2766 nobis
1368 2724 1460 2779 per
1484 2706 1747 2766 Christum

149 2818 389 2873 remissio
417 2797 746 2887 peccatorum
780 2806 1121 2863 annuntiatur
1151 2803 1289 2874 (Act.
1322 2814 1433 2865 sin,
1462 2797 1574 2868 58).

217 2909 312 2964 25.
341 2908 638 2978 Tamquam
667 2900 959 2960 Dominicm
982 2896 1244 2953 bonitatis
1280 2906 1515 2948 veneror
1542 2890 1746 2943 instru-

154 3009 415 3061 mentum.
450 3000 629 3055 Estote
667 2998 823 3061 enim,
868 2993 1062 3062 inquit,
1091 2990 1306 3045 invicem
1335 2986 1539 3056 benigni
1566 2992 1618 3037 et
1643 2982 1744 3037 mi-

157 3095 458 3161 sericordes,
514 3093 645 3159 sicut
684 3096 735 3143 et
781 3085 920 3140 Deus
976 3084 1031 3138 in
1083 3079 1289 3136 Christo
1336 3077 1547 3135 donavit
1598 3071 1745 3133 nobis

163 3192 378 3268 (Ephes.
405 3207 477 3257 tv,
506 3185 619 3262 se).

228 3266 317 3342 26.
356 3270 585 3340 Honore
624 3291 898 3351 tamquam
940 3272 1288 3334 consiliorum
1327 3270 1426 3325 Dei
1474 3266 1680 3323 curiam
1725 3280 1741 3318 ε

172 3379 296 3437 Volo
318 3378 459 3434 enim
482 3392 565 3433 vos
588 3377 721 3432 scire
742 3374 1086 3446 cognitionem
1107 3363 1420 3423 sacramenti
1447 3361 1541 3416 Dei
1570 3358 1748 3414 Patris

164 3482 209 3528 et
229 3473 354 3527 .lesu
398 3470 605 3537 Christi,
636 3471 691 3523 in
719 3483 817 3542 quo
846 3474 966 3521 sunt
1002 3477 1176 3520 omnes
1218 3457 1445 3516 thesauri
1478 3456 1751 3528 sapientia

165 3576 209 3622 et
232 3565 463 3629 scientia:
489 3560 776 3633 absconditi
811 3556 945 3633 (Col.
980 3572 1038 3624 il,
1072 3554 1148 3628 1).

225 3658 311 3713 27.
343 3657 595 3741 Suscipio
624 3665 898 3724 tamquam
937 3651 1164 3707 formam
1204 3663 1303 3719 pro
1335 3644 1449 3701 Deo
1475 3640 1615 3716 apud
1649 3654 1750 3698 uos

165 3753 537 3837 spondentem.
569 3749 671 3827 Qui
708 3765 789 3817 me
827 3747 988 3812 misit,
1023 3744 1214 3815 inquit,
1258 3756 1414 3797 verax
1445 3746 1540 3808 est,
1570 3744 1620 3793 et
1656 3754 1748 3810 ego

166 3830 269 3923 qua:
287 3848 353 3903 ab
384 3850 495 3921 ipso
523 3845 715 3910 audivi,
750 3843 858 3898 haec
888 3840 1068 3923 loquor
1100 3836 1281 3908 (Joau.
1311 3848 1422 3901 vin,
1446 3830 1562 3905 26).

226 3940 313 3997 28.
361 3918 619 3997 Beatiilco
664 3918 959 4004 tamquam
989 3928 1231 3986 obsidenti
1283 3926 1429 4009 pacis
1474 3930 1689 3979 aeternae
1731 3942 1743 3976 :

171 4031 279 4115 Ipse
305 4034 449 4089 enim
481 4036 559 4097 est
585 4046 692 4109 pas:
722 4034 922 4091 nostra,
963 4025 1049 4096 qui
1085 4023 1206 4094 fecit
1244 4029 1459 4091 utraque
1484 4032 1661 4095 unum,
1699 4024 1752 4069 et

168 4110 381 4185 medium
409 4124 657 4201 parietem
676 4118 935 4199 maceriae,
958 4115 1158 4183 solvens
1179 4110 1481 4167 inimicitias
1508 4110 1563 4164 in
1593 4123 1751 4164 carne

168 4236 271 4286 sua,
302 4228 411 4276 etc.
447 4216 661 4291 (Ephes.
692 4233 749 4283 ιι,
790 4212 899 4285 id).

228 4308 312 4367 ΞΕ).
336 4311 476 4368 Colo
498 4319 772 4383 tamquam
800 4303 993 4362 divinae
1021 4301 1404 4374 indignationis
1431 4297 1749 4371 propitiato-

170 4403 312 4459 rium‘.
346 4404 628 4473 Christum,
653 4400 844 4473 inquit,
869 4399 1135 4477 proposuit
1166 4392 1307 4449 Deus
1334 4393 1748 4467 propitiatorium

170 4495 281 4567 ﬁdei
308 4515 403 4570 per
427 4496 583 4570 ﬁdem
605 4492 660 4553 in
680 4493 933 4566 sanguine
953 4491 1115 4563 ipsius
1148 4486 1325 4560 (Rom.
1350 4501 1425 4552 ill,
1452 4483 1563 4554 25).

1920 1892 2007 1947 57.
2041 1890 2157 1946 Νοη
2190 1905 2286 1961 per
2313 1904 2371 1944 se
2395 1889 2567 1958 ipsum
2595 1885 2734 1940 Deus
2762 1891 2861 1950 est,
2886 1882 3108 1952 quodin
3132 1888 3287 1936 utero
3307 1880 3437 1950 iigu.

1847 1992 2025 2039 ratum
2053 1990 2165 2049 est;
2191 1997 2301 2036 non
2330 1996 2429 2052 per
2455 1995 2514 2035 se
2547 1979 2686 2033 Deus
2714 1986 2813 2043 est,
2847 1974 2991 2045 quod
3019 1982 3259 2029 creatum
3299 1979 3383 2027 est
3409 1988 3438 2031 a

1847 2074 2051 2147 Spiritu
2076 2082 2299 2140 sancto;
2327 2089 2432 2127 non
2463 2087 2560 2142 per
2587 2085 2646 2125 se
2678 2069 2822 2124 Deus
2850 2076 2950 2131 est,
2985 2066 3130 2136 quod
3168 2065 3221 2120 in
3250 2080 3439 2120 monu-

1846 2176 2029 2224 mento
2070 2166 2339 2239 sepultum
2381 2171 2464 2221 est
2498 2181 2510 2217 :
2542 2162 2620 2219 sic
2659 2162 2802 2217 enim
2843 2176 3082 2217 essemus
3105 2158 3342 2214 hominis
3384 2166 3439 2212 et

1845 2259 2045 2316 mortui
2066 2244 2340 2314 manifesti
2365 2254 2616 2312 cultores.

1920 2350 2007 2405 58.
2041 2350 2147 2405 Sed
2176 2349 2433 2419 quoniam
2460 2348 2513 2401 in
2545 2353 2819 2417 assumpto
2846 2344 3005 2407 Deus,
3039 2359 3106 2399 ex
3136 2348 3443 2399 assumente

1845 2444 1942 2514 qui
1983 2449 2291 2512 assumptus
2325 2448 2427 2508 est,
2462 2446 2739 2508 tamquam
2776 2436 3069 2493 assumenti
3102 2435 3438 2505 conjunctus,

1846 2534 2149 2605 appellatur
2170 2532 2332 2587 Deus.
2352 2529 2649 2601 Propterea
2674 2536 2730 2585 et
2753 2514 3217 2584 cruciiixtc'carnis
3238 2525 3441 2582 daemo-

1842 2641 1943 2681 nes
1965 2624 2285 2681 vocabulum
2310 2623 2748 2694 perhorrescunt,
2772 2619 3036 2676 cruciﬁxa'
3062 2619 3266 2676 scilicet
3293 2618 3443 2674 carni

1845 2714 2214 2786 eonjuuctum,
2255 2729 2369 2770 non
2406 2728 2769 2784 compassum,
2808 2711 3043 2767 scientes
3082 2710 3272 2766 Deum.
3315 2708 3442 2765 ideo

1846 2818 1902 2865 et
1930 2805 2099 2879 judex
2116 2815 2379 2865 venturus
2410 2812 2493 2863 est
2520 2806 2642 2875 iste,
2670 2806 2763 2877 qui
2791 2805 2927 2862 visui
2952 2804 3153 2876 paruit,
3184 2803 3442 2874 quoniam

1845 2901 2206 2977 omnipotenti
2244 2899 2591 2970 coniungitur
2618 2898 2833 2955 Deitati.
2868 2886 3014 2952 Tunc
3047 2899 3204 2965 enim,
3241 2896 3435 2966 inquit,

1844 2994 2045 3065 parebit
2065 2994 2269 3067 signum
2285 2991 2411 3047 Filii
2435 2992 2660 3046 hominis
2679 2992 2734 3045 in
2757 2990 2901 3056 caelo,
2924 2998 2975 3044 et
2987 2988 3228 3043 videbunt
3243 2986 3441 3042 Filium

1846 3085 2068 3147 hominis
2090 3086 2374 3143 venientem
2396 3085 2452 3143 in
2479 3082 2699 3141 nubibus
2726 3081 2839 3138 cali
2864 3072 2980 3136 cum
2999 3082 3179 3135 virtute
3207 3089 3254 3135 et
3274 3079 3443 3152 gloria

1772 3194 1822 3262 (ς
1853 3186 2015 3241 multa
2047 3182 2263 3257 (Matth.
2296 3198 2442 3248 XXIV,
2466 3181 2581 3255 '50).

1923 3278 2012 3333 '59.
2035 3274 2185 3334 Sicut
2208 3278 2350 3333 enim
2370 3291 2466 3331 rex
2481 3283 2637 3347 parta
2656 3271 2884 3330 victoria
2910 3285 3030 3328 cum
3052 3269 3135 3326 his
3158 3269 3212 3324 in
3243 3266 3436 3335 civita-

1851 3371 1992 3427 tibus
2020 3370 2232 3426 videtur
2261 3370 2425 3424 armis
2446 3383 2568 3424 cum
2591 3366 2786 3437 quibus
2804 3366 3019 3421 hostem
3038 3363 3093 3418 in
3111 3362 3257 3418 bello
3279 3374 3410 3431 supe
3426 3390 3441 3401 -

1848 3465 2009 3528 tavit,
2040 3469 2095 3519 et
2122 3477 2182 3519 se
2216 3476 2337 3518 cum
2364 3458 2556 3517 iisdem
2586 3457 2937 3531 conspicuum
2972 3456 3084 3511 vult
3112 3469 3258 3519 esse;
3288 3452 3365 3508 sic
3390 3458 3446 3517 et

1851 3557 2091 3613 omnium
2113 3555 2375 3611 Dominus
2395 3570 2492 3619 rex
2514 3566 2638 3609 cum
2660 3566 2821 3608 cruce
2849 3557 2905 3605 et
2928 3562 3091 3605 carne
3112 3544 3165 3601 in
3185 3560 3338 3602 suam
3358 3559 3446 3599 ve-

1850 3650 1964 3707 niet
1990 3656 2318 3719 creaturam,
2344 3660 2466 3704 cum
2508 3647 2591 3701 his
2614 3645 2777 3711 armis
2805 3640 3088 3705 videndus,
3120 3639 3315 3710 quibus
3344 3638 3446 3691 im-

1849 3745 2107 3817 pietatem
2147 3742 2447 3814 superavit,
2491 3748 2545 3796 et
2577 3736 2839 3809 iudicabit
2886 3735 3072 3791 urbem
3114 3734 3169 3788 in
3209 3731 3445 3788 hominis

1846 3832 2041 3903 forma,
2069 3835 2427 3906 omnipotenti
2456 3833 2673 3897 virtute,
2711 3827 3005 3885 secundum
3043 3822 3194 3878 Pauli
3226 3836 3438 3893 praeco-

1850 3916 2020 3993 nium,
2052 3928 2144 3998 qui
2174 3927 2250 3983 ait
2284 3945 2296 3979 :
2332 3925 2584 3997 Tempora
2612 3921 2926 4003 ignorantia:
2955 3915 3240 3987 despiciens
3279 3912 3440 3980 Deus,

1851 4025 1936 4096 qui
1958 4038 2094 4076 nunc
2114 4029 2235 4075 sunt
2256 4016 2489 4074 omnibus
2513 4013 2802 4070 hominibus
2827 4010 3071 4083 praecepit
3091 4008 3444 4080 pwnitentiam

1851 4134 2033 4190 agere;
2062 4114 2309 4189 siquidem
2334 4112 2513 4168 statuit
2534 4109 2687 4176 diem,
2711 4110 2764 4163 in
2794 4100 2891 4180 quo
2913 4103 3242 4177 judicaturus
3263 4109 3339 4154 est
3358 4116 3446 4154 or-

1852 4212 1964 4275 bem
1991 4213 2046 4271 in
2076 4211 2183 4265 viro
2210 4211 2265 4263 in
2294 4224 2391 4274 quo
2422 4205 2687 4260 constituit
2717 4201 2876 4281 ﬁdem
2904 4205 3155 4270 praestare
3185 4191 3441 4259 omnibus,

1850 4307 2106 4361 suscitans
2133 4320 2246 4359 eum
2293 4319 2324 4355 a
2371 4298 2587 4354 mortuis
2629 4295 2766 4368 (Act.
2794 4308 2922 4359 xvu,
2970 4289 3084 4363 '50).
3126 4285 3282 4359 Quod
3322 4284 3445 4340 ideo

1851 4398 2053 4455 dictum
2083 4403 2185 4463 est,
2217 4401 2277 4450 ut
2305 4393 2480 4449 nullus
2514 4397 2784 4446 mortuam
2816 4384 3119 4457 suspicetur
3155 4395 3274 4447 esse
3312 4377 3441 4434 Dei~

1851 4499 2017 4547 tatem
2025 4531 2038 4545 .

234 4590 314 4644 50.
348 4588 488 4644 Amo
516 4594 572 4642 et
599 4601 853 4641 revereor
880 4588 1155 4651 tamquam
1186 4578 1493 4639 mortalium
1528 4577 1751 4641 immor-
1776 4596 1827 4665 ρ
1924 4583 2010 4643 40.
2042 4581 2179 4639 Nam
2208 4578 2309 4639 etsi
2342 4590 2558 4633 omnem
2606 4572 2827 4629 omnino
2870 4568 3029 4626 simul
3063 4580 3259 4623 novam
3300 4561 3448 4619 Scri-

174 4685 383 4739 talitatis
410 4683 639 4737 initium.
674 4678 794 4752 Ipse
814 4677 952 4732 enim
979 4684 1075 4740 est,
1108 4672 1298 4742 inquit,
1332 4680 1485 4742 caput
1518 4670 1749 4741 corporis

173 4764 429 4841 Ecclesia,
449 4775 532 4848 qui
554 4782 629 4828 est
648 4773 871 4836 initium,
891 4767 1262 4841 primogenitus
1285 4782 1349 4821 ea:
1366 4765 1586 4823 mortuis
1608 4759 1742 4833 (Col.

174 4876 207 4933 ι,
232 4865 333 4937 is).

236 4957 318 5027 3.1-
349 4958 663 5031 Amplector
688 4963 963 5027 tamquam
1005 4957 1281 5027 speculum
1316 4949 1612 5014 divinitatis
1658 4952 1747 5001 re-

171 5048 507 5120 splendentis.
522 5050 832 5117 Deusenim,
850 5050 1041 5120 inquit,
1065 5050 1253 5107 eratin
1272 5045 1478 5107 Christo
1498 5040 1747 5103 mundum

173 5145 498 5199 reconcilians
527 5144 625 5200 sibi
656 5144 721 5217 (ll
748 5143 869 5200 Cor.
901 5160 955 5209 v,
980 5141 1090 5215 i9).

235 5235 317 5290 52.
345 5236 526 5303 Adoro
554 5243 827 5308 tamquam
854 5236 1147 5295 animatam
1174 5235 1317 5305 regis
1340 5244 1652 5311 purpuram.
1682 5225 1748 5283 In

173 5326 326 5394 lorum
367 5330 521 5395 enim,
554 5330 649 5395 ait,
690 5330 995 5391 constitutus
1032 5327 1154 5394 Dei,
1194 5329 1526 5399 temetipsum
1567 5323 1751 5381 exinaw

168 5418 286 5471 uiuit
312 5423 529 5493 formam
556 5425 687 5479 serui
715 5423 995 5494 accipiens,
1027 5432 1078 5476 et
1099 5419 1277 5475 habitu
1305 5422 1546 5475 inventus
1564 5424 1622 5473 ut
1650 5415 1749 5469 ho-

169 5521 244 5562 mo
265 5508 513 5585 (Philipp.
545 5530 601 5582 ιι,
624 5514 702 5586 6).

232 5600 316 5661 55-
353 5603 538 5673 Laudo
576 5615 853 5678 tamquam
887 5622 1111 5667 manum
1139 5605 1453 5665 Divinitatis
1490 5603 1547 5661 in
1584 5600 1751 5659 vitam

166 5702 249 5748 me
267 5696 576 5768 eripientem
602 5701 672 5759 de
699 5710 896 5759 morte.
921 5698 1051 5757 Cum
1078 5701 1214 5755 enim
1241 5700 1531 5763 ett-altatus,
1557 5693 1749 5765 inquit,

167 5783 300 5851 ἵεσο
327 5790 389 5847 de
414 5802 565 5861 terra,
593 5805 712 5853 tunc
741 5812 920 5855 omnes
951 5793 1021 5850 ad
1041 5812 1122 5850 me
1143 5795 1415 5850 attrahmm
1449 5790 1626 5865 (Joan.
1655 5805 1751 5854 χιι,

1852 4685 2064 4757 pturam
2090 4670 2465 4746 perscrutatis,
2489 4684 2598 4724 non
2622 4665 2764 4743 apud
2789 4680 2909 4723 eam
2931 4674 3153 4731 usquam
3182 4655 3442 4721 invenies,

1852 4747 2086 4829 mortem
2117 4765 2211 4821 Dei
2231 4778 2388 4828 esse;
2414 4760 2513 4817 sed
2538 4773 2660 4818 cum
2685 4758 2940 4827 scriptum
2971 4759 3072 4817 est,
3096 4747 3442 4813 autChristq.

1855 4870 1947 4917 aut
1974 4860 2131 4924 Filio,
2157 4865 2249 4913 aut
2275 4856 2503 4912 Domino
2526 4850 2805 4919 assignari.
2828 4846 3075 4900 Christus
3102 4840 3247 4896 enim
3269 4847 3324 4894 et
3356 4837 3447 4892 Fi-

1852 4952 1956 5020 lius
1999 4962 2053 5009 et
2082 4951 2340 5011 Dominus
2380 4948 2435 5004 in
2465 4943 2741 5017 unigenito
2767 4941 2821 4994 in
2850 4936 3141 5008 Scripturis
3171 4938 3443 5003 acceptus,

1851 5050 2082 5105 duarum
2106 5040 2427 5113 signiﬁcatio
2457 5046 2541 5095 est
2565 5045 2907 5099 naturarum;
2940 5040 2996 5087 et
3017 5027 3303 5098 aliquando
3328 5025 3448 5095 qui-

1854 5141 1979 5196 dem
2018 5137 2285 5192 Deitatem
2306 5174 2320 5196 ,
2367 5131 2452 5185 vel
2493 5125 2918 5187 humanitatem,
2963 5118 3253 5190 aliquando
3289 5117 3450 5171 simul

1853 5239 2143 5298 utrumque
2191 5224 2437 5293 designat
2470 5238 2483 5274 :
2516 5218 2663 5274 verbi
2701 5230 2895 5283 causa,
2926 5228 3050 5269 cum
3083 5209 3281 5265 Paulus
3315 5208 3449 5266 scri-

1853 5329 1990 5385 bens
2014 5322 2273 5395 prmdicat
2305 5338 2317 5371 :
2350 5317 2453 5382 Qui
2485 5332 2602 5371 cum
2629 5328 2853 5369 essemus
2877 5311 3095 5374 inimici,
3128 5306 3453 5367 reconciliati

1854 5435 2029 5477 sumus
2053 5415 2165 5470 Deo
2191 5430 2282 5484 per
2297 5419 2516 5465 mortem
2537 5406 2664 5461 Filii
2692 5406 2805 5476 ejus
2829 5402 3006 5475 (Rom.
3033 5418 3086 5468 v,
3116 5400 3238 5471 10);
3265 5400 3456 5453 huma-

1861 5513 2086 5571 nitatem
2117 5505 2234 5583 ejus
2262 5503 2614 5565 demonstrat.
2660 5496 2886 5571 Quando
2928 5497 3127 5552 iterum
3172 5495 3288 5568 ipse
3327 5493 3458 5549 dicit

1863 5603 1931 5665 ad
1952 5600 2207 5663 Hebmos
2233 5613 2245 5649 :
2270 5594 2411 5651 Deus
2434 5593 2633 5647 locutus
2661 5599 2736 5645 est
2756 5587 2903 5644 nobis
2928 5588 2987 5643 in
3013 5585 3175 5653 Filio,
3199 5604 3291 5658 per
3308 5600 3459 5659 quem

1864 5694 1984 5765 fecit
2011 5697 2061 5745 et
2086 5686 2278 5743 sarcula
2305 5682 2495 5756 (Hebr.
2527 5699 2564 5747 ι,
2588 5681 2676 5752 2);
2707 5681 2910 5737 indicat
2940 5688 2998 5735 et
3023 5679 3142 5735 Filii
3170 5677 3455 5734 Deitatem.

1864 5786 1974 5844 Nec
2004 5783 2144 5841 enim
2168 5795 2295 5836 caro
2325 5777 2506 5848 opifex
2528 5784 2610 5832 est
2639 5776 2978 5839 smculorum,
3011 5782 3136 5845 post
3164 5772 3331 5827 multa
3362 5783 3459 5826 sas.
