3960 6272
499 333 602 392 799

994 329 1187 388 MAR“
1225 325 1660 384 MERCATOBIS
1699 319 2256 376 TRANSLATIONES
2301 316 2650 374 VARIORUM
2690 317 3214 377 OPUSCULORUM.

3647 317 3761 376 800

495 447 616 504 cuia
643 446 918 502 fabricata.
943 455 968 483 α
999 443 1137 501 Ecce
1170 442 1288 498 Filii
1317 441 1411 497 Dei
1440 449 1494 494 et
1525 437 1764 501 Deitatis,
1791 445 1845 490 et
1878 435 2067 488 huma-
2095 435 2150 497 Α
2244 432 2328 487 44.
2367 433 2507 489 Alibi
2540 441 2739 498 autem,
2771 434 2910 490 sicut
2948 434 3078 502 dixi,
3119 434 3372 489 Dominus
3401 440 3760 504 utrarumque

497 542 679 597 nitatis
718 540 964 596 essentia:
1005 536 1376 610 appellationis
1413 531 1738 589 conveniens
1778 528 2070 584 documen—

499 644 628 690 tum.

565 724 652 779 41.
675 724 1070 792 lnterrogemus
1094 723 1224 794 jam,
1255 723 1303 778 si
1331 736 1527 778 nomen
1548 721 1671 786 hoc,
1706 718 1757 773 id
1787 724 1888 782 est,
1921 715 2072 770 Chri-

493 827 621 883 stus,
645 817 805 871 etiam
824 814 994 870 Filius
1015 816 1326 887 accipiatur,
1351 824 1406 871 et
1431 816 1534 870 hoc
1563 815 1736 884 ipsum
1757 811 1826 866 ad
1845 818 2071 878 utraque

494 907 817 976 designanda
854 909 1140 977 pertineat.
1172 910 1322 963 Jesus
1359 907 1612 971 Christus,
1655 906 1844 975 inquit,
1887 905 1995 958 heri
2021 912 2072 957 et

495 999 664 1063 hodie,
687 1000 796 1071 ipse
819 1000 956 1054 idem
990 1002 1044 1054 in
1072 1001 1260 1054 saecula
1291 1000 1476 1073 (Hebr.
1512 1017 1623 1066 χιιι,
1648 998 1726 1069 8).
1752 998 1901 1054 Sicut
1925 999 2071 1052 enim

496 1087 634 1146 Deus
653 1091 906 1155 existens,
929 1099 984 1146 et
1006 1092 1167 1146 homo
1189 1092 1326 1146 idem
1350 1093 1482 1162 ipse,
1507 1090 1796 1149 secundum
1825 1089 2068 1155 Paulum,

494 1187 548 1233 et
569 1181 887 1235 novissimus
907 1190 963 1236 et
983 1190 1108 1237 ante
1131 1183 1354 1248 saacula;
1378 1184 1512 1238 sicut
1536 1183 1697 1238 homo
1725 1181 1959 1251 quidem,
1987 1195 2074 1236 re-

493 1286 650 1338 cens;
679 1274 815 1328 sicut
844 1273 983 1328 Deus
1007 1284 1206 1339 autem,
1239 1285 1364 1330 ante
1393 1275 1603 1329 saecula.

568 1363 654 1418 42.
681 1365 965 1421 Ostensum
991 1377 1072 1422 est
1101 1369 1260 1436 igitur
1286 1369 1379 1422 tibi
1409 1369 1534 1436 quia
1562 1367 1749 1422 Christi
1786 1366 2072 1438 appellatio

494 1455 655 1510 modo
685 1458 962 1526 templum,
993 1460 1153 1515 modo
1183 1460 1572 1514 inhabitantem
1601 1461 1766 1514 Deum
1788 1460 1839 1513 in
1863 1460 1954 1513 illo
1975 1459 2072 1514 de-

492 1554 756 1601 monstrat
785 1565 796 1601 :
822 1549 974 1617 exige
1005 1550 1092 1603 ubi
1123 1551 1284 1604 etiam
1314 1550 1569 1605 Dominus
1601 1552 1653 1605 in
1692 1550 1812 1606 Filii
1843 1567 2073 1622 persona

491 1645 742 1706 ponatur,
801 1647 856 1693 et
909 1655 1050 1694 nunc
1102 1641 1317 1709 quidem
1372 1643 1643 1696 hominem
1700 1643 1874 1708 illum,
1933 1657 2075 1697 nunc

494 1725 661 1781 Deum
691 1728 960 1783 ostendat.
995 1729 1191 1794 Venite,
1217 1733 1406 1801 inquit,
1439 1732 1803 1798 videtelocum,
1829 1731 1914 1786 ubi
1934 1735 2076 1804 posi-

2171 543 2352 584 rerum
2380 526 2788 598 signiﬁcatin
2815 535 2916 592 est,
2953 529 3090 582 sicut
3116 537 3200 582 est
3231 545 3243 579 :
3270 525 3492 580 Domine
3521 525 3668 592 Jesu,
3691 543 3763 579 ne

2171 629 2368 676 statuas
2407 621 2510 674 illis
2553 620 2647 675 hoc
2688 629 2950 691 peccatum
2995 619 3129 691 (Act.
3171 634 3265 681 vn,
3309 615 3419 687 59).
3452 615 3519 671 Et
3553 635 3565 669 :
3599 617 3761 670 Multi

2171 713 2299 767 mihi
2320 713 2489 767 dicent
2506 713 2560 766 in
2580 711 2673 765 illa
2695 710 2814 764 die:
2839 708 3080 773 Domine,
3106 707 3348 773 Domine,
3376 725 3550 762 nonne
3576 709 3633 761 in
3663 725 3762 760 no-

2173 807 2310 860 mine
2344 814 2428 859 tuo
2461 803 2716 859 dwmonia
2743 803 2984 874 ejecimus
3016 801 3229 874 (Matth.
3260 817 3350 867 vn,
3373 800 3498 871 2‘2)?
3521 799 3590 854 Et
3619 799 3762 855 Pau-

2172 896 2255 952 lus
2298 915 2310 949 ε
2364 894 2530 961 Quam
2576 895 2701 950 mihi
2752 894 2927 950 reddet
2979 893 3232 947 Dominus
3269 894 3440 965 justus
3489 893 3661 964 judea:
3703 895 3761 946 in

2171 987 2266 1042 illa
2301 988 2402 1054 die,
2430 1005 2534 1042 non
2563 987 2729 1042 solum
2759 987 2904 1053 mihi,
2929 987 3020 1041 sed
3046 996 3095 1040 et
3131 984 3363 1040 omnibus
3397 987 3481 1057 qui
3513 987 3598 1056 pie
3633 986 3761 1038 dili-

2173 1091 2300 1152 gunt
2336 1081 2606 1135 adventum
2637 1081 2748 1152 ejus
2771 1079 2838 1150 (ll
2856 1078 2986 1132 Tim.
3007 1095 3078 1144 tv,
3095 1078 3172 1148 8).
3195 1077 3384 1132 Vidisti
3403 1077 3765 1146 quemadmo-

2173 1173 2300 1229 dum
2327 1171 2588 1237 Christus,
2621 1180 2676 1227 et
2715 1171 2899 1236 Filius,
2935 1179 2992 1225 et
3019 1171 3276 1225 Dominus
3309 1178 3410 1224 est.
3437 1168 3672 1236 Quando
3694 1168 3765 1222 de

2174 1265 2447 1335 unigenito
2493 1264 2737 1319 meminit
2785 1262 3093 1334 Scriptura,
3149 1262 3311 1317 modo
3373 1261 3759 1326 humanitatis,

2174 1356 2336 1411 modo
2357 1356 2668 1419 divinitatis,
2691 1356 2852 1412 modo
2880 1364 3062 1410 autem
3091 1356 3369 1424 utriusque
3391 1355 3502 1410 vult
3523 1355 3766 1410 existere

2173 1451 2522 1520 signiticativa
2550 1451 2830 1507 vocabula.

2245 1541 2329 1596 45.
2373 1541 2509 1609 Quid
2535 1557 2664 1612 ergo
2690 1541 2973 1597 confundis
2991 1556 3111 1612 quos
3129 1550 3254 1597 sunt
3275 1541 3592 1597 inconfusa?
3614 1539 3766 1608 Quid

2175 1635 2269 1690 Dei
2300 1651 2495 1691 nomen
2521 1635 2746 1706 deputas
2793 1635 2981 1699 morti,
3013 1634 3158 1704 quod
3187 1651 3219 1688 a
3259 1634 3438 1688 divina
3479 1631 3767 1703 Scriptura

2177 1745 2438 1798 nusquam
2468 1729 2522 1783 in
2544 1728 2732 1783 mortis
2752 1727 3264 1782 commemoratione
3284 1724 3595 1796 profertur?
3622 1723 3768 1792 Quid

495 1826 573 1872 tus
601 1829 710 1872 erat
736 1817 989 1875 Dominus
1016 1821 1228 1891 (Matth.
1264 1840 1448 1890 xxvm,
1475 1823 1550 1895 6).
1576 1823 1644 1878 Ει
1670 1824 1864 1878 iterum
1884 1825 2074 1879 mulie—
2103 1833 2151 1894 Β
2178 1821 2346 1876 Paulo
2377 1823 2660 1883 clamante,
2695 1835 2816 1876 cum
2846 1819 3033 1874 audias
3059 1837 3071 1872 :
3107 1818 3171 1872 In
3195 1820 3330 1884 viro,
3361 1819 3415 1872 in
3445 1835 3544 1888 quo
3573 1819 3767 1888 deﬁni-

491 1926 578 1965 res
604 1921 878 1980 tamquam
899 1915 1040 1968 l‘urto
1062 1932 1091 1969 a
1112 1915 1308 1971 Judaeis
1328 1915 1588 1972 deﬂentes
1615 1918 1848 1974 ablatum
1879 1933 2075 1988 corpus

491 2000 703 2056 Domini
748 2021 759 2055 :
815 2003 1078 2070 Tulerunt,
1123 2007 1199 2060 ait
1245 2007 1544 2078 Scriptura,
1585 2008 1864 2063 Dominum
1907 2027 2075 2064 meum

494 2090 673 2160 (Joan.
704 2110 796 2158 xx,
828 2095 936 2164 l3).
971 2095 1038 2150 Et
1060 2097 1125 2150 ad
1154 2096 1372 2154 Galatas
1407 2099 1602 2154 Paulus
1626 2118 1639 2153 :
1666 2100 1856 2165 Alium,
1881 2101 2072 2170 inquit,

491 2185 840 2252 apostolorum
867 2187 967 2240 vidi
994 2190 1267 2252 neminem,
1304 2193 1406 2244 nisi
1438 2190 1689 2246 Iacobum
1717 2194 1933 2264 fratrem
1959 2193 2072 2248 Do-

491 2278 618 2329 mini
649 2276 790 2348 (Gal.
814 2295 849 2344 ι,
877 2278 985 2350 19).
1020 2279 1085 2334 Ει
1117 2283 1309 2337 iterum
1340 2284 1453 2354 ipse
1483 2284 1549 2338 ad
1567 2284 1875 2341 Corinthios
1902 2305 1913 2339 :
1941 2286 2074 2350 Quo-

492 2369 582 2421 ties
620 2371 753 2423 hunc
786 2388 972 2441 panem
1003 2375 1352 2442 munducatis,
1380 2388 1429 2431 et
1463 2378 1596 2430 hunc
1628 2379 1840 2433 calicem
1877 2379 2068 2445 bibitis,

488 2471 701 2514 mortem
735 2460 946 2518 Domini
982 2469 1324 2532 annuntiatis,
1368 2469 1528 2524 donec
1567 2473 1737 2524 veniat
1771 2472 1812 2542 (l
1842 2471 1960 2527 Cor.
1994 2489 2068 2537 χι,

485 2549 597 2619 26).
621 2549 688 2605 Ει
709 2553 901 2608 iterum
928 2573 940 2608 :
964 2554 1204 2623 Domine,
1222 2569 1278 2612 ut
1294 2559 1458 2626 video,
1477 2562 1725 2632 propheta
1745 2580 1797 2617 es
1821 2573 1871 2616 tu
1891 2564 2068 2635 (Joan.

484 2659 555 2709 tv,
584 2643 694 2714 19).
729 2644 854 2702 Hzec
882 2648 1061 2702 omnia
1091 2650 1380 2707 Dominicae
1409 2653 1794 2709 incarnationis
1821 2665 1946 2710 sunt
1974 2657 2072 2711 do-

483 2743 754 2802 cumenta,
793 2739 917 2806 quia
963 2754 1140 2809 neque
1184 2741 1323 2798 Deus
1354 2743 1589 2798 Verbum
1630 2754 1745 2800 erat
1787 2747 1839 2800 in
1879 2764 2072 2803 monu-

483 2835 666 2881 mento
687 2828 978 2898 proiectus.
1009 2829 1293 2898 Quomodo
1323 2834 1465 2888 enim
1498 2839 1810 2903 resurrexit,
1844 2840 1934 2908 qui
1960 2841 2074 2895 uni-

488 2919 798 2974 versitatem
838 2930 1105 2977 sustentat
1135 2925 1300 2980 verbo
1335 2929 1589 2995 potentia:
1620 2944 1746 2994 sum,
1789 2931 1832 2986 si
1856 2930 2072 2999 jacebat

482 3010 776 3065 secundum
808 3013 1028 3069 Arium?
1055 3014 1162 3070 Sed
1204 3032 1379 3086 neque
1410 3019 1502 3073 Dei
1539 3023 1826 3075 essentiam
1872 3023 2072 3079 flebant

481 3099 754 3168 mulieres,
790 3111 1059 3174 tamquam
1091 3122 1210 3176 qua:
1239 3118 1382 3164 esset
1409 3109 1476 3164 de
1497 3113 1746 3180 sepulcro
1773 3111 1914 3167 furto
1939 3116 2067 3169 sub-

2176 1916 2245 1968 vit
2286 1913 2512 1968 Deus....
2546 1913 2802 1966 suscitans
2830 1929 2944 1966 eum
2969 1928 3001 1964 a
3030 1911 3244 1964 mortuis
3276 1910 3428 1977 (Act.
3463 1926 3590 1976 xvn,
3625 1910 3688 1964 51
3713 1911 3763 1980 );

2177 2012 2232 2058 ιιι
2261 2014 2441 2058 natam
2470 2012 2525 2058 ct
2545 2011 2813 2058 mortuam
2834 2003 2981 2057 inani
3005 2003 3388 2071 imaginatione
3403 1999 3618 2070 judicas
3640 2001 3767 2055 Dei-

2175 2103 2356 2151 tatem.

2244 2188 2330 2243 46.
2372 2188 2518 2244 Bene
2546 2197 2725 2244 autem
2747 2197 2802 2244 et
2825 2188 3058 2258 judicem
3089 2203 3208 2244 esse
3236 2195 3541 2253 venturum,
3565 2185 3768 2242 Paulus

2173 2282 2318 2337 hunc
2338 2281 2534 2347 virum,
2565 2281 2657 2350 qui
2685 2281 2910 2336 visibilis
2950 2279 3082 2346 fuit,
3107 2279 3378 2349 designat,
3408 2279 3667 2350 quoniam
3696 2279 3767 2334 ad

2173 2373 2459 2442 imaginem
2495 2387 2648 2428 suam
2677 2387 2708 2426 a
2739 2371 2849 2426 Deo
2891 2371 3173 2441 ﬁguratum
3203 2381 3259 2428 et
3283 2387 3450 2441 regno
3475 2381 3636 2428 terra:
3664 2374 3768 2427 ho-

2172 2477 2421 2524 noratum
2451 2469 2727 2524 hominem
2756 2483 2936 2524 escam
2965 2468 3227 2523 vermium
3267 2467 3513 2523 diabolus
3552 2483 3765 2538 prarpa-

2172 2560 2331 2614 ravit.
2364 2558 2392 2598 b
2427 2559 2589 2615 Venit
2617 2558 2909 2615 secundum
2939 2560 3174 2614 futurum
3210 2558 3454 2614 Christus
3484 2560 3541 2614 in
3580 2560 3764 2616 homi-

2170 2655 2256 2708 nis
2274 2652 2447 2708 forma
2469 2653 2874 2723 omnipotentis,
2900 2662 2958 2708 ut
2983 2654 3353 2723 experimento
3373 2662 3632 2722 agnoscat
3648 2654 3766 2724 ipse

2171 2761 2389 2816 quoque
2415 2745 2683 2809 diabolus,
2714 2747 2808 2815 qui
2847 2761 2971 2802 cum
2999 2746 3250 2800 omnibus
3297 2745 3460 2800 etiam
3489 2745 3604 2816 ipse
3645 2753 3766 2800 erat

2171 2839 2270 2894 sub
2298 2837 2671 2893 dominatione
2704 2837 2819 2903 Dei,
2850 2837 2978 2906 quia
3008 2851 3134 2891 vere
3162 2837 3326 2891 homo
3356 2835 3424 2890 ad
3468 2837 3766 2906 imaginem

2171 2938 2227 2986 et
2253 2929 2653 2986 similitudinem
2681 2929 2775 2984 Dei
2804 2927 2978 2983 factus
3005 2937 3088 2982 est
3105 2970 3120 2993 ,
3158 2937 3213 2982 et
3241 2943 3337 2982 rex
3363 2936 3542 2994 teme,
3570 2944 3636 2983 ac
3664 2929 3766 2985 do-

2172 3023 2349 3077 minus
2375 3021 2700 3077 constitutus
2719 3061 2732 3086 ,
2760 3027 2949 3074 auctor
2980 3019 3173 3075 merito
3198 3017 3266 3073 ad
3293 3019 3554 3075 calorum
3595 3020 3764 3075 etiam

2172 3126 2336 3182 regna
2365 3122 2450 3169 est
2470 3113 2805 3170 sublimatus.

480 3191 657 3248 ducta.
691 3193 822 3262 Quis
849 3196 991 3252 enim
1019 3201 1320 3269 suspicetur
1347 3201 1611 3257 Deitatem
1649 3203 1917 3261 furacibus
1953 3222 2066 3260 ma-
2093 3204 2140 3269 C
2240 3206 2326 3260 47.
2342 3207 2448 3263 Sed
2474 3216 2716 3263 nostrum
2737 3221 3043 3262 sermonem
3073 3212 3247 3262 vestra
3273 3203 3546 3260 audientia
3569 3205 3761 3272 vineit,

481 3285 637 3341 nibus
663 3288 1035 3357 capessibilem
1057 3293 1214 3346 esse?
1236 3291 1346 3348 Nec
1375 3295 1568 3348 iterum
1588 3293 1849 3351 Jacohum
1870 3298 2066 3352 Divini-

480 3378 607 3432 tatis
636 3380 823 3435 habuit
851 3381 1072 3437 fratrem
1099 3402 1110 3436 :
1146 3401 1244 3440 nec
1274 3386 1364 3440 Dei
1392 3386 1551 3442 Verbi
1581 3397 1809 3444 mortem
1839 3406 1938 3446 nos
1967 3408 2066 3446 an-

479 3467 804 3534 nuntiamus,
821 3484 942 3523 cum
960 3471 1169 3526 Domini
1186 3480 1412 3543 corpore
1433 3484 1487 3530 et
1503 3478 1761 3547 sanguine
1777 3481 2060 3548 pascimur.

479 3554 574 3608 Dei
597 3557 741 3611 enim
773 3569 966 3615 natura
1005 3564 1322 3618 sacrilicium
1355 3568 1596 3637 suscipit,
1629 3586 1738 3624 non
1759 3571 1870 3641 ipsa
1896 3574 2066 3628 sacri-

481 3645 603 3701 licio
629 3647 968 3718 immolatur;
1002 3670 1100 3710 nec
1128 3657 1390 3726 propheta
1421 3659 1582 3726 Deus,
1616 3664 1706 3717 sed
1744 3665 1902 3720 dator
1938 3683 2067 3737 pro-

479 3745 694 3814 phetiae,
728 3755 785 3801 ut
820 3750 890 3803 sit
931 3751 1033 3806 hoc
1071 3752 1192 3807 loco
1233 3752 1510 3821 Dominus,
1558 3758 1696 3813 sicut
1724 3760 1852 3826 dixi,
1886 3764 2066 3819 carnis

478 3841 753 3909 expressio
785 3849 1056 3912 tamquam
1089 3846 1338 3902 habentis
1367 3849 1695 3906 Dominicam
1728 3851 2061 3922 dignitatem,

477 3947 596 4002 quae
627 3943 802 3989 tamen
833 3943 1278 4007 temperamento,
1326 3943 1408 3995 vel
1453 3943 1802 4010 admixtione,
1845 3948 2065 4003 minime

479 4024 530 4077 in
561 4026 914 4081 substantiam
945 4032 1216 4086 transierit
1245 4033 1486 4088 Deitatis.

545 4117 632 4172 45.
668 4118 807 4174 Alibi
828 4122 970 4176 enim
992 4122 1244 4180 Dominus
1268 4126 1746 4183 demonstrativum
1774 4140 1855 4186 cst
1880 4133 2062 4188 Deita-

476 4210 564 4274 tis,
601 4212 737 4266 sicut
765 4221 847 4266 est
876 4215 1004 4270 illud
1037 4233 1050 4268 :
1093 4217 1236 4272 Unus
1267 4218 1404 4273 Deus
1437 4220 1614 4286 Pater,
1639 4240 1704 4276 ea:
1730 4240 1828 4295 quo
1858 4228 2062 4292 omnia;

475 4309 525 4349 et
544 4316 674 4352 unus
692 4300 944 4356 Dominus
958 4303 991 4355 ,Ι
995 4321 1108 4358 esus
1126 4305 1376 4372 Christus,
1402 4328 1492 4380 per
1511 4329 1657 4382 quem
1679 4316 1852 4367 omnia
1877 4315 1918 4380 (l
1936 4314 2054 4370 Cor.

477 4402 584 4452 vm,
611 4388 688 4458 6).
713 4389 789 4444 Ex
820 4392 1028 4449 Deitate
1049 4398 1191 4450 enim
1220 4398 1399 4468 opifex
1422 4403 1659 4456 ninnium
1688 4403 1933 4461 Christus
1955 4415 2055 4473 est,

477 4493 583 4530 non
615 4496 680 4532 ex
716 4481 1061 4549 humanitate,
1096 4490 1214 4555 qua?
1245 4499 1363 4558 post
1401 4501 1702 4548 creaturam
1733 4497 1945 4550 condita
1979 4500 2060 4552 in-

476 4570 703 4623 venitur.

2167 3310 2319 3357 etme
2331 3301 2473 3356 vinci
2484 3301 2760 3356 confessus
2769 3299 2836 3355 ad
2849 3299 3266 3356 taciturnitatem
3279 3298 3552 3370 confugio,
3566 3309 3764 3371 optans

2166 3411 2382 3465 semper
2401 3397 2502 3451 hac
2530 3395 2823 3466 cupiditate
2844 3405 3036 3450 vestrae
3065 3396 3353 3451 audientiae
3384 3397 3675 3467 separari..

2242 3485 2311 3540 48
2353 3497 2376 3526 ο
2412 3486 2703 3542 Dominicm
2732 3487 2912 3556 itaque
2958 3487 3305 3542 humanitatis
3355 3488 3764 3558 susceptionem

2169 3579 2412 3636 colamus
2443 3597 2456 3633 :
2489 3579 2872 3634 incarnationis
2893 3589 3286 3635 sacramentum
3321 3581 3536 3652 hymnis
3579 3580 3764 3635 inces-

2169 3673 2430 3729 sabilibus
2486 3673 2807 3728 extollamus
2845 3691 2856 3725 ε
2900 3673 3282 3743 susceptricem
3330 3672 3425 3727 Dei
3481 3672 3764 3741 Virginem

2169 3780 2293 3820 cum
2313 3765 2425 3820 Deo
2449 3764 2836 3819 ratiocinemur
2861 3784 2873 3818 :
2901 3779 3025 3818 cum
3055 3763 3165 3818 Deo
3195 3762 3263 3817 ad
3290 3763 3469 3817 divina
3501 3778 3611 3817 non
3643 3762 3763 3817 ele-

2168 3872 2374 3924 vemus,
2407 3855 2664 3929 Θιοδόχον
2691 3855 2832 3919 dico,
2865 3872 2970 3911 non
2998 3857 3260 3918 Θιοτὸκον,
3293 3855 3323 3911 δ
3345 3855 3604 3921 litteram,
3652 3871 3763 3910 non

2168 3971 2197 4003 κ
2225 3947 2454 4018 exprimi
2495 3947 2703 4002 volens.
2750 3945 2897 4002 Unus
2938 3956 3021 4002 est
3047 3949 3209 4012 enim,
3236 3955 3293 4001 ut
3323 3961 3424 4015 ego
3463 3946 3763 4001 secundum

2167 4043 2314 4114 ipsos
2342 4042 2518 4097 dicam
2539 4084 2555 4109 ,
2603 4040 2766 4097 Pater
2793 4041 2936 4096 Deus
2975 4043 3246 4106 Θιοτόκος,
3299 4039 3353 4094 id
3399 4049 3510 4102 est,
3542 4039 3766 4108 genitor

2167 4135 2295 4202 Dei,
2339 4135 2434 4204 qui
2479 4135 2586 4190 hoc
2631 4150 2828 4189 nomen
2875 4133 3230 4204 compositum
3261 4132 3442 4187 habet.
3478 4130 3763 4185 Visibilem

2164 4227 2327 4296 igitur
2351 4241 2472 4282 cum
2494 4227 2743 4282 invisibili
2765 4226 3108 4295 eonjunctam
3139 4225 3365 4279 lormam
3387 4239 3508 4278 cum
3546 4222 3659 4277 Deo
3689 4222 3765 4277 ad

2165 4316 2343 4371 divina
2373 4315 2692 4387 deputemus
2725 4335 2737 4369 :
2769 4322 2859 4376 τὴν
2886 4318 3192 4392 φορουμένην
3219 4323 3292 4387 τῷ
3321 4317 3535 4388 φορώντι
3575 4335 3758 4371 συντι-

2165 4418 2336 4483 μῶμεν
2360 4409 2539 4484 φύσιν,
2572 4409 2623 4464 id
2660 4416 2774 4477 est,
2808 4418 3054 4464 naturam
3100 4424 3220 4478 qua:
3267 4407 3639 4463 indumentum
3676 4418 3764 4463 est

2166 4500 2283 4565 Dei,
2317 4516 2437 4556 cum
2466 4516 2532 4555 eo
2561 4501 2651 4569 qui
2681 4517 2743 4556 ea
2766 4501 2934 4554 utitur
2960 4501 3319 4565 honoremns,
3353 4508 3626 4569 tamquam
3667 4515 3760 4555 ra-

2088 4581 2136 4638 D
2163 4590 2311 4646 dium
2370 4592 2708 4656 Divinitatis,
2733 4591 2759 4629 ά
2791 4601 2849 4648 ιιι
2887 4592 2961 4646 ita
3001 4591 3206 4660 dicam,
3263 4593 3553 4648 incarnaue
3587 4609 3601 4644 :
3633 4607 3763 4646 eam

1643 4674 2181 4737 CASTIGATIONES
2224 4681 2311 4735 ET
2350 4675 2580 4735 ΝΟΤᾸΕ.

546 4743 570 4770 α
612 4734 815 4816 Alludit
854 4737 918 4790 ad
933 4747 1186 4816 extrema
1217 4743 1378 4816 verba
1403 4744 1661 4816 orationis
1699 4751 2053 4816 panegyricus,

474 4803 907 4897 quam’Proclus’
933 4809 1003 4862 ita
1052 4810 1163 4897 linit
1199 4832 1209 4864 :
1243 4812 1352 4869 ἰδοὺ
1407 4803 1937 4893 ὰποδεὶξειίέναροίέῖς

475 4881 627 4947 ἄγξας
645 4881 723 4932 καὶ
752 4881 1002 4935 Θεοτόκου
1033 4887 1242 4947 Μαρίας.

548 4905 624 4936 tu;
645 4905 723 4932 και
752 4905 1002 4935 σεοτοκου
1033 4905 1242 4955 Μαριας.

548 4944 1072 5027 {Perplexuslocus
1099 4963 1172 5017 et,
1211 4956 1306 5010 nisi
1329 4954 1503 5027 fallor,
1529 4966 1845 5026 corruptus;
1872 4975 2055 5015 emen-

473 5015 588 5068 dari
618 5015 795 5100 tamen
839 5021 920 5100 vel
949 5023 1025 5100 sic
1065 5015 1246 5100 potest
1274 5044 1284 5077 :
1329 5015 1789 5100 Venit-secundum
1816 5015 2054 5100 Scriptu-

473 5101 584 5139 ram
601 5084 845 5170 Christus
884 5092 945 5170 in_
977 5084 1197 5147 hominis
1221 5097 1387 5170 forma
1409 5099 1747 5170 omnipotens,
1781 5084 2058 5170 utea'ﬁeri-

472 5167 641 5238 mento
663 5172 910 5238 agnoscat
929 5163 1036 5238 ipse
1049 5181 1243 5238 quoque
1269 5167 1520 5238 diabolus,
1546 5163 1664 5238 auia
1687 5185 1802 5222 cum
1823 5163 2056 5226 omnibus

471 5231 625 5308 etiam
674 5231 780 5308 ipse
807 5240 919 5282 erat
939 5231 1030 5308 sub
1047 5231 1420 5308 "dominatione
1449 5231 1569 5290 Dei:
1599 5236 1732 5301 Quia
1756 5258 1871 5294 vero
1907 5243 2056 5296 homo

472 5296 542 5347 ad
561 5296 835 5375 imaginem
863 5311 913 5353 et
941 5304 1329 5375 similitudinem
1353 5308 1518 5375 factus
1558 5296 1652 5370 esi,
1695 5320 1744 5362 et
1778 5328 1869 5364 rex
1910 5322 2058 5366 terra:

472 5381 538 5446 ac
559 5366 795 5424 dominus
817 5374 1139 5446 constitutus,
1178 5375 1240 5427 ab
1263 5366 1470 5429 auctore
1508 5366 1690 5432 merito
1712 5380 1780 5433 ad
1815 5383 2057 5436 caelorum

472 5444 626 5521 etiam
661 5456 817 5510 regna
839 5452 914 5495 est
952 5444 1361 5499 sublimntns.—
1383 5447 1542 5521 ilunc
1573 5449 1748 5521 locum
1777 5466 1896 5505 esse
1931 5469 2056 5521 per-

473 5505 686 5593 plexum
717 5505 1118 5593 accorruptum
1158 5524 1339 5593 censet
1373 5515 1684 5593 Garnerius,
1711 5528 1764 5574 et
1793 5538 1890 5590 pro
1914 5505 2057 5593 [iitu-

474 5591 587 5656 runt
615 5581 801 5656 reponi
830 5581 1028 5638 debere
1063 5584 1405 5656 Scripturam.
1440 5587 1561 5642 H100
1593 5596 1774 5644 tamen
1794 5581 2058 5647 'eménda-

474 5647 562 5733 tio
579 5647 783 5733 videtur
811 5668 930 5733 non.
947 5669 1066 5733 esse
1092 5647 1391 5733 necessaria
1410 5700 1425 5723 ,
1449 5659 1572 5726 quia
1589 5660 1864 5733 ‘Mercator
1882 5665 2056 5733 respi-

474 5730 597 5800 cere
633 5719 841 5800 videtur
869 5723 936 5800 ad
967 5725 1015 5800 id
1046 5727 1195 5800 quod
1218 5729 1394 5800 paulo
1413 5719 1542 5783 ante
1570 5729 1796 5798 dixerat,
1833 5719 2052 5788 Paulum

474 5786 616 5842 hunc
640 5790 809 5845 virum
847 5796 938 5861 qui
962 5786 1181 5854 visibilis
1209 5786 1303 5851 fuit
1343 5799 1648 5865 designasse
1675 5786 2053 5867 jluli'ceiii—esse

2160 4762 2470 4807 venturum.
2504 4753 2702 4807 waz.

2237 4834 2258 4862 ε
2290 4821 2590 4891 Corruptus
2618 4831 2672 4878 et
2695 4824 2798 4878 iste
2818 4824 2989 4880 locus.
3025 4825 3253 4880 Βεειίιυί
3283 4825 3443 4879 debet
3466 4825 3668 4894 partim
3691 4841 3764 4880 ex

2161 4891 2542 4969 Cassiano,__e_x
2558 4909 2807 4969 sermone
2822 4897 3019 4969 primo,
3052 4897 3252 4969 partim,
3273 4891 3506 4964 denique
3525 4911 3612 4969 ex_
3637 4897 3762 4969 epi-

2169 4961 2528 5036 stolaCyrilli
2554 4963 2620 5017 ad
2657 4979 2786 5019 suos
2812 4961 3278 5036 Consumiinopoli
3300 4961 3536 5034 agentes.
3572 4961 3768 5036 Domi-

2161 5036 2294 5108 niese
2311 5034 2484 5108 itaque
2510 5035 2846 5090 humanitatis
2875 5034 3243 5108 susceptionem
3272 5035 3518 5108 colamus.
3566 5035 3766 5090 Incur-

2160 5105 2386 5177 nationjs
2434 5115 2812 5160 sacramentum
2860 5105 3061 5177 hymnis
3106 5107 3492 5162 incessabilibus
3525 5108 3766 5177 extolla-

2161 5192 2295 5248 mus.
2321 5173 2702 5246 Susceptricem
2733 5177 2831 5230 Dei
2861 5173 3084 5248 formam
3111 5195 3216 5232 una
3255 5195 3316 5248 ac
3345 5180 3460 5248 pari
3495 5194 3611 5231 tum
3643 5176 3766 5232 Deo

2171 5245 2339 5320 Verbo
2361 5245 2564 5320 ratione
2576 5245 2912 5320 veneremur.
2947 5249 3217 5320 Virginem,
3254 5245 3354 5302 Dei
3385 5250 3766 5320 susceptricem

2161 5332 2275 5369 cum
2299 5316 2410 5370 Deo
2435 5317 2506 5370 ad
2531 5318 2701 5371 divina
2719 5335 2820 5373 non
2836 5316 3082 5374 elevemus
3104 5319 3358 5384 Θεοδὸχον
3389 5319 3523 5384 dico,
3539 5316 3666 5374 'etc.
3690 5353 3771 5362 ~—

2160 5384 2464 5460 Cotelerius
2492 5387 2634 5443 Mon.
2664 5388 2806 5445 Eccl.
2843 5398 2972 5444 tom.
2997 5391 3061 5444 lll
3093 5408 3145 5460 p.
3176 5384 3441 5445 595'hunc
3471 5391 3651 5445 locum
3688 5391 3773 5446 ita

2163 5458 2384 5533 corrigit
2430 5467 2489 5513 et
2515 5460 2748 5533 complet
2783 5481 2794 5514 :
2829 5458 3204 5533 susceptricem
3243 5460 3340 5515 Dei
3382 5463 3630 5533 uirginem
3698 5479 3775 5518 sx

2163 5544 2276 5606 cum
2298 5531 2420 5606 Deo
2439 5531 2868 5606 ratiocinemur...
2894 5532 2924 5588 δ
2951 5531 3000 5587 et
3015 5555 3060 5606 χ
3089 5534 3309 5599 litteras,
3341 5549 3444 5587 non
3462 5531 3508 5590 ’τ
3536 5542 3586 5586 et
3615 5555 3646 5587 κ
3671 5550 3778 5589 ea:-

2162 5599 2316 5668 primi
2337 5598 2533 5654 volens.
2565 5599 2840 5656 GALLAND.
2955 5606 2958 5607 ⁷

2230 5666 2257 5705 ά
2281 5667 2496 5745 Duplex
2517 5688 2623 5726 una
2653 5673 2704 5726 in
2726 5674 2991 5745 sententia
3009 5675 3201 5730 vitium
3227 5693 3239 5728 :
3265 5691 3389 5730 nam
3410 5684 3523 5729 tota
3545 5690 3775 5745 expun-

2157 5739 2332 5806 genda
2359 5747 2462 5805 est,
2515 5757 2637 5796 cum
2685 5744 2814 5798 nihil
2847 5745 3006 5799 iaciat
3034 5746 3103 5801 ad
3145 5761 3384 5810 sensum,
3440 5739 3774 5804 immn'non

2158 5823 2346 5876 parum
2374 5811 2593 5866 oﬂiciat.
2627 5811 2797 5876 Quam
2824 5815 2959 5870 belle
2975 5817 3118 5871 enim
3149 5817 3333 5873 omnia
3360 5818 3461 5874 hac
3486 5828 3775 5891 expunet:

2598 5957 2665 5989 δ’·
2717 5963 2728 5967 “
