3904 6272
166 309 287 370 8M

1396 322 1557 382 IMPII
1596 324 1913 383 NESTORII
1954 324 2186 381 SERMO
2227 318 2338 380 VII.

3385 324 3489 379 802

168 421 570 482 formidemus
590 432 863 495 tamquam
879 426 1070 483 divinae
1086 432 1423 489 auctoritatis
1445 436 1805 507 inseparabile
1833 444 1881 502 Α
1911 443 2059 490 tuam
2086 435 2261 499 valde,
2305 441 2359 488 et
2388 431 2456 486 ad
2486 431 2784 488 laedendum
2830 448 2918 489 me
2952 441 3147 490 cuncta
3174 448 3413 500 movere,
3445 443 3500 492 et

167 516 581 586 simulacrum,
619 526 891 590 tamquam
931 522 1127 578 occulti
1154 525 1440 595 imaginem
1462 529 1547 584 vel
1568 536 1801 584 statuam

165 608 425 680 judicis.
467 612 777 670 Dividentes
806 622 1054 682 naturas,
1085 617 1474 688 conjungamus
1497 623 1796 690 honorem;

171 704 572 763 conﬁteamur
608 708 874 779 duplicem
898 750 913 778 ,
952 720 1006 766 et
1044 710 1330 769 adoremus
1372 725 1430 770 ut
1474 733 1638 772 unum
1666 737 1676 769 :
1702 717 1802 772 du-

171 799 351 871 plum
406 802 555 857 etiim
583 810 896 860 naturarum
944 821 1109 861 unum
1154 815 1238 863 est
1276 809 1572 865 secundum
1622 812 1800 865 unita-

174 900 325 948 tem.

251 986 358 1043 49.
409 989 471 1046 Si
499 991 782 1048 haereticus
805 993 899 1048 tibi
922 1010 987 1049 ex
1008 1010 1239 1064 persona
1269 997 1633 1052 ecclesiastica
1656 1012 1800 1051 mor-

173 1086 349 1133 tuum
385 1081 561 1137 Deum
584 1090 734 1137 tuum
759 1085 1166 1153 exprobraverit
1184 1126 1196 1149 ,
1232 1086 1400 1141 iratus
1424 1096 1481 1140 tu
1504 1087 1570 1141 ad
1598 1087 1799 1143 dictum

174 1171 446 1227 reclama
483 1192 496 1225 :
521 1173 664 1230 Deus
692 1184 773 1230 est
801 1178 884 1247 qui
907 1179 1169 1231 suscitavit
1198 1178 1260 1231 de
1300 1179 1512 1232 mortuis
1539 1189 1799 1250 pastorem

174 1263 367 1317 ovium
395 1282 645 1337 magnum
676 1265 861 1335 (Hebr.
893 1283 1015 1334 xm,
1039 1268 1163 1340 ‘20);
1198 1286 1305 1324 non
1345 1272 1458 1341 ipse
1503 1272 1798 1327 mortiﬁca-

175 1363 271 1411 tus
301 1365 425 1420 est,
455 1366 512 1412 et
533 1359 859 1417 sublevatus.
899 1360 954 1415 Si
988 1370 1037 1416 te
1065 1360 1279 1417 Judteus
1318 1363 1590 1418 hominem
1619 1364 1799 1419 colere

176 1448 430 1519 dixerit,
466 1454 821 1523 apostolicam
845 1456 1112 1524 responde
1136 1456 1475 1512 traditionem
1498 1476 1509 1511 :
1530 1457 1668 1512 Deus
1690 1467 1802 1511 erat

172 1543 233 1597 in
268 1543 500 1599 Christo
546 1547 798 1600 mundum
844 1548 1187 1602 reconcilians
1239 1548 1314 1619 (ll
1338 1550 1457 1604 Cor.
1490 1548 1698 1619 v,19).
1742 1548 1798 1603 Si

178 1646 205 1674 ἰ
239 1639 487 1706 gentilis
516 1656 734 1695 causam
765 1650 1026 1711 suscepta:
1057 1643 1403 1697 humanitatis
1432 1654 1599 1713 petat,
1626 1660 1799 1699 asser-

175 1729 405 1785 tionem
451 1731 512 1785 ﬁt
555 1733 803 1787 remissio
847 1742 1209 1802 peccatorum.
1254 1734 1543 1805 Responde
1589 1737 1639 1790 ei
1678 1752 1798 1805 quae

1906 526 2079 582 modis
2107 526 2355 581 omnibus
2384 524 2512 590 niti;
2545 539 2736 595 meque
2759 525 2959 580 doloris
2993 526 3069 580 tui
3098 525 3315 581 volente
3353 541 3481 581 cau-

1904 635 1993 675 sas
2032 619 2330 685 addiscere,
2376 618 2631 673 dixerunt
2672 618 2816 687 quod
2867 618 3153 689 epistolam
3210 634 3387 675 meam
3436 619 3504 676 ad

1903 721 2121 768 sanctos
2148 712 2445 768 monachos
2473 711 2853 768 circumferant
2892 711 3239 768 Alexandrini
3259 713 3500 783 quidam,

1904 812 1960 861 et
1981 803 2090 859 odii
2119 802 2403 859 adversum
2444 820 2533 861 me
2560 804 2783 861 excitati
2824 813 2987 875 atque
3015 803 3214 859 fastidii
3255 805 3333 860 tui
3362 806 3501 861 hanc

1903 896 2131 954 fecerint
2152 913 2391 953 causam.

1974 990 2027 1045 2.
2071 991 2295 1047 Miratus
2316 1006 2436 1046 sum
2466 991 2648 1061 igitur,
2672 1008 2768 1047 cur
2795 1007 2905 1047 non
2935 990 3107 1060 magis
3135 998 3226 1046 tua
3275 990 3415 1061 apud
3446 1006 3504 1046 se

1902 1084 2183 1139 veneratio
2208 1084 2561 1154 reputaverit,
2591 1083 2716 1154 quia
2738 1099 2845 1139 non
2867 1083 3099 1154 primum
3123 1082 3350 1153 epistola
3382 1097 3501 1137 mea

1903 1177 2122 1247 scripta,
2156 1176 2251 1232 sed
2283 1176 2527 1245 quaedam
2558 1177 2697 1232 dicta
2729 1177 3005 1246 religionis
3034 1184 3141 1231 tuae
3162 1176 3500 1231 occasionem

1900 1270 2323 1341 perturbationis
2344 1270 2411 1325 de
2442 1270 2546 1325 ﬁde
2569 1271 2847 1326 attulerint
2880 1289 2891 1324 :
2925 1285 3158 1340 namque
3189 1286 3297 1326 non
3327 1270 3502 1325 solum

1902 1362 2193 1428 chartulas,
2224 1362 2319 1417 sed
2349 1363 2511 1417 etiam
2556 1364 2921 1433 expositiones
2952 1372 3073 1417 tuas
3111 1360 3502 1418 circumferunt

1901 1454 2077 1520 multi,
2124 1462 2178 1509 et
2221 1454 2529 1509 laboramus
2574 1454 2909 1523 corrigentes
2956 1455 3280 1524 quicumque
3321 1470 3389 1509 ex
3419 1454 3501 1508 his

1900 1556 2025 1601 sunt
2062 1546 2340 1616 depravati
2375 1564 2386 1599 :
2414 1560 2585 1616 prope
2614 1546 2758 1599 enim
2804 1545 3019 1600 fuerunt
3058 1546 3275 1614 quidam
3306 1553 3364 1600 ut
3387 1544 3501 1615 jam

1900 1638 2146 1693 contiteri
2188 1638 2406 1693 minime
2446 1638 2719 1707 patiantur
2764 1637 2891 1705 quia
2934 1637 3074 1691 Deus
3112 1646 3193 1692 est
3231 1636 3496 1703 Christus,

1906 1742 1927 1770 θ
1965 1732 2060 1789 sed
2106 1732 2285 1801 potius
2315 1730 2524 1807 ὄργανον
2568 1733 2653 1785 καὶ
2706 1730 2957 1804 ἐργαλεῖον
2984 1738 3075 1789 τῆς
3103 1729 3370 1795 Θεότητος,
3416 1732 3502 1787 καὶ

175 1818 347 1875 Pauli
382 1832 516 1877 sunt
543 1842 554 1876 :
583 1821 845 1887 Quoniam
873 1844 964 1895 per
985 1827 1240 1881 hominem
1262 1845 1420 1891 mors,
1446 1839 1495 1882 et
1523 1847 1614 1899 per
1634 1830 1799 1883 ltomi-
1828 1840 1875 1898 Β
1904 1822 2170 1900 ἅνθρωπος
2191 1825 2429 1900 Θεοφόρος
2457 1825 2598 1895 (quas
2625 1822 2815 1877 Latine
2838 1822 3366 1887 instrumentum,vel
3394 1821 3501 1879 fer-

172 1928 303 1966 nem
337 1919 659 1972 resurrectio
684 1926 1035 1984 mortuorum;
1060 1923 1192 1975 sicut
1219 1923 1273 1975 in
1302 1923 1469 1976 Adam
1490 1940 1664 1977 omnes
1685 1942 1800 1979 mo-

173 2008 430 2072 riuntur,
454 2011 529 2063 ita
555 2012 610 2063 in
634 2010 837 2065 Christo
866 2030 1040 2067 omnes
1063 2013 1457 2084 viviﬁcabuntur
1480 2015 1531 2085 (Ι
1562 2014 1680 2071 Cor.
1709 2034 1796 2085 xv,

171 2097 297 2169 21).
332 2099 453 2171 Ipsi
480 2103 650 2170 gloria
672 2104 723 2157 in
755 2105 947 2159 smcula
968 2106 1303 2160 saeculorum.

174 2210 837 2291 EP_I.ST_‘0LA_PRI_MA
862 2217 922 2271 S.
943 2216 975 2291 ξ’
999 2217 1296 2273 CYRILLI
1316 2222 1540 2291 episc0pi
1568 2223 1797 2276 Alexan-

250 2283 415 2406 ἵὶἱηὶ
439 2286 507 2338 ad
535 2283 855 2353 Nestorium,
880 2306 908 2342 e
930 2288 1109 2344 Graeco
1132 2283 1365 2345 sermone
1386 2283 1528 2346 versa
1561 2311 1593 2346 a
1615 2292 1787 2347 Mario

321 2367 585 2406 ercatore.

321 2367 585 2411 ercatore.

249 2466 307 2519 1.
356 2467 716 2526 Venerabiles
747 2472 847 2525 viri
877 2488 940 2527 ac
972 2472 1073 2527 ﬁde
1112 2474 1257 2542 digni
1294 2477 1670 2530 Alexandriam
1698 2494 1792 2531 ve-

169 2558 414 2615 nientes
438 2561 738 2617 retulerunt
765 2564 922 2618 nobis
934 2578 1073 2632 :egre
1090 2565 1290 2634 aliquid
1309 2566 1450 2621 ferre
1480 2567 1795 2634 religionem

1907 1926 2212 1971 ramentum
2255 1917 2501 1979 Deitatis,
2546 1924 2600 1970 et
2627 1916 2791 1970 homo
2820 1914 3035 1970 indutus
3064 1931 3158 1969 seu
3182 1925 3335 1970 utens
3364 1918 3495 1983 Deo,

1904 2010 1989 2065 vel
2018 2018 2239 2081 portans
2267 2010 2455 2076 Deum,
2478 2024 2764 2079 possumus
2792 2007 3169 2079 dicere).Quid
3195 2016 3373 2065 autem
3394 2010 3497 2067 ho-

1901 2116 2023 2155 rum
2054 2118 2162 2155 non
2192 2110 2274 2157 est
2299 2102 2440 2155 ultra
2468 2099 2685 2154 modum
2716 2099 3046 2154 absurdum?

1973 2194 2025 2247 5.
2068 2193 2321 2249 Nostrum
2363 2206 2492 2260 ergo
2534 2199 2652 2246 erat
2692 2191 2853 2246 irasci
2891 2207 3055 2261 super
3084 2192 3166 2246 his
3194 2207 3313 2261 quae
3341 2193 3494 2259 dixit,

1900 2288 2013 2343 sive
2040 2304 2146 2342 non
2176 2287 2312 2342 dixit
2333 2286 2520 2356 religio
2548 2294 2639 2339 tua
2661 2286 2939 2357 (chartulis
2962 2286 3105 2339 enim
3128 2301 3246 2355 qua:
3275 2287 3498 2343 circum-

1899 2382 2144 2437 feruntur
2172 2382 2328 2435 valde
2370 2396 2479 2435 non
2507 2379 2715 2451 credo).
2749 2379 3032 2446 Quomodo
3072 2381 3254 2448 igitur,
3286 2397 3492 2451 quaeso,

1901 2476 2058 2530 nobis
2099 2474 2382 2529 tacendum
2421 2481 2521 2537 est,
2574 2489 2695 2527 cum
2728 2481 2875 2527 recta
2905 2473 3217 2527 vulneretur
3258 2474 3408 2537 ﬁdes,
3441 2482 3496 2529 et

1908 2576 1983 2622 tot
2011 2554 2251 2637 tantique
2289 2566 2529 2634 quotidie
2558 2566 2955 2636 depraventur?
2986 2567 3067 2620 An
3106 2584 3215 2621 non
3237 2568 3495 2623 stabimus

1375 2677 1914 2734 CASTIGATIONES
1952 2678 2040 2731 ΕΤ
2080 2676 2309 2731 NOT/E.

166 2785 234 2825 se
267 2768 529 2823 habent:
559 2765 838 2830 Naturam,
871 2782 985 2837 qua:
1024 2766 1377 2820 indumentum
1412 2778 1487 2821 est
1516 2768 1632 2833 Dei,
1676 2788 1791 2824 cum

168 2856 233 2895 eo
260 2841 360 2909 qui
394 2856 459 2892 ea
482 2840 659 2900 utitur,
704 2838 1030 2901 honoremus,
1076 2847 1336 2905 tamquam
1364 2839 1567 2893 radium
1590 2840 1791 2895 Divini—

175 2908 330 2975 tatis,
385 2918 649 2979 tamquam
689 2908 874 2979 divinae
903 2910 1225 2962 auctoritatis
1251 2910 1597 2979 inseparabile
1626 2914 1790 2965 sintu-

174 2982 418 3044 tacrum,
446 2978 735 3050 etcaQuod
756 2980 799 3031 si
821 2980 1087 3050 sententia
1113 2978 1391 3050 retinetur,
1417 2983 1611 3050 corrigi
1634 2984 1794 3038 debet

176 3068 247 3107 ex
280 3051 353 3105 iis
385 3065 508 3118 quae
541 3049 684 3103 dicta
712 3056 837 3118 sunt
861 3049 1085 3118 innotis
1110 3049 1175 3102 ad
1218 3051 1449 3118 primum
1487 3049 1793 3107 sermonem

178 3123 333 3195 hunc
366 3117 427 3174 in
450 3119 667 3195 modum
694 3137 706 3170 :
732 3117 801 3195 Et
820 3120 896 3195 ita
916 3117 1244 3195 Dominicam
1257 3122 1669 3195 incarnationem
1693 3127 1795 3195 for-

1966 2767 2046 2821 Ex
2085 2784 2149 2822 ea
2178 2782 2308 2821 vero
2340 2766 2440 2820 tria
2488 2766 2741 2821 discimus
2791 2768 3029 2822 historite
3060 2769 3229 2822 util'a.
3266 2769 3324 2822 1°
3347 2770 3494 2826 Scri-

1894 2848 2042 2911 ptam
2084 2853 2202 2893 esse
2248 2853 2277 2891 a
2328 2836 2530 2910 Cyrillo
2576 2838 2858 2906 epistolam
2906 2838 2971 2893 ad
3008 2840 3304 2911 monachos
3350 2842 3494 2899 circa

1896 2909 2140 2964 aestivum
2195 2917 2287 2963 aut
2319 2911 2484 2963 etiam
2521 2924 2741 2963 vernum
2773 2918 2987 2979 tempus
3021 2925 3147 2963 ann.
3183 2909 3315 2978 429;
3366 2928 3491 2967 nam

1896 2982 2138 3048 oportuit
2159 2995 2297 3045 eam,
2329 2988 2389 3033 ut
2432 2987 2676 3035 moveret
2719 2982 3055 3036 stomachum
3104 2981 3372 3048 Nestorio,
3423 2998 3494 3038 ex

1947 3051 2135 3123 Egypto
2156 3050 2353 3123 deferri
2374 3048 2917 3123 Constantinopolim,
2950 3052 3141 3123 ibique;
3159 3069 3188 3106 a
3220 3054 3494 3110 nonnullis

1899 3121 2276 3177 Alexandrinis
2297 3122 2661 3187 circumferri;
2694 3123 2933 3192 oportuit
2955 3122 3083 3176 item
3106 3121 3494 3180 Constantino-

182 3193 470 3247 midemus.
500 3191 677 3263 Facile
699 3189 843 3243 enim
872 3188 970 3263 fuit
1008 3200 1056 3244 et
1096 3191 1147 3243 in
1177 3200 1232 3242 ut
1260 3193 1476 3256 mutari,
1510 3203 1564 3248 et
1605 3181 1791 3249 Doini-
1819 3181 1864 3243 C
1897 3194 2008 3263 poli
2040 3193 2419 3248 Alexandriam
2460 3181 2658 3247 referri
2688 3181 2931 3247 nitntium
2971 3192 3039 3247 de
3085 3203 3357 3249 commoto
3386 3196 3492 3251 Ne-

182 3266 366 3317 nicam
406 3264 459 3315 in
491 3262 659 3316 dicam
688 3261 948 3315 converti.

258 3345 287 3370 ⁸
318 3332 569 3401 Corrige,
615 3332 675 3386 Si
696 3331 902 3403 gentilis
926 3348 1137 3383 causam
1174 3342 1424 3403 suscepta:
1453 3335 1792 3390 humanitatis

186 3414 349 3475 petat,
378 3421 554 3457 assere
574 3420 683 3457 esse
712 3402 1073 3475 remissionem
1095 3413 1436 3475 peccatorum.

259 3475 287 3514 ι)
314 3473 553 3545 Cyrillus
576 3480 683 3545 tres
710 3473 929 3526 omnino
958 3472 1103 3526 dedit
1137 3472 1202 3545 ad
1225 3472 1529 3530 Nestorium
1559 3494 1793 3533 commo-

190 3543 424 3601 nitorias
468 3544 743 3614 epistolas,
777 3558 1001 3611 quarum
1034 3560 1139 3597 una
1192 3543 1417 3613 incipit:
1462 3546 1790 3605 Venerabites

186 3619 280 3671 viri
298 3635 317 3681 ;
352 3613 529 3669 altera
574 3613 865 3685 :_Carriunt
894 3615 1132 3685 quidam;
1161 3624 1433 3683 postrema
1468 3636 1480 3669 :
1507 3618 1633 3673 Cum
1664 3618 1791 3675 Sal-

186 3698 332 3742 vator
362 3697 559 3741 noster.
592 3683 791 3757 Otnnes
820 3683 961 3739 nunc
1003 3685 1233 3739 eduntur
1281 3687 1575 3757 interprete
1620 3689 1791 3747 Mario

188 3757 518 3831 Mercatore.
551 3756 669 3811 Dixi
697 3772 861 3831 porro
907 3764 1016 3831 tres
1046 3756 1485 3831 commonitorias
1517 3778 1529 3811 :
1574 3762 1790 3831 scripsit

188 3830 352 3896 enim,
388 3830 606 3899 opinor,
656 3826 1079 3899 gratulatoriam,
1112 3842 1233 3880 cum
1264 3828 1540 3885 Nestorius
1570 3826 1787 3887 ordina-

189 3906 273 3954 tus
302 3908 407 3965 est,
432 3898 500 3954 iet
528 3898 832 3968 paschalem
857 3907 1245 3968 suoptempore.
1282 3898 1522 3963 Alterum
1552 3918 1660 3956 non
1690 3904 1789 3959 ob-

189 3986 341 4026 scure
382 3967 689 4033 signiﬁcant
717 3968 907 4022 litterze
946 3967 1223 4040 C(elestini
1253 3970 1319 4024 ad
1350 3971 1637 4040 ipsummet
1679 3975 1787 4030 Ne-

189 4043 440 4106 storium,
473 4042 635 4095 immo
659 4048 712 4094 et
734 4040 983 4111 apologia
1004 4037 1186 4111 Cyrilli
1209 4042 1275 4095 ad
1293 4037 1682 4108 Theodosium;
1708 4047 1787 4099 al-

195 4120 363 4167 terum
376 4112 715 4168 consuetudo
726 4110 939 4180 probat.
957 4110 1061 4164 ista
1076 4111 1236 4179 igitur
1250 4115 1784 4172 commonitoriarum

192 4183 359 4255 prima
375 4192 484 4248 est,
499 4199 624 4237 nam
640 4190 697 4255 et
708 4182 874 4251 ipsius
890 4183 1091 4236 mentio
1108 4180 1230 4235 litin
1243 4184 1472 4255 secunda
1490 4183 1675 4255 (Num.
1693 4187 1746 4255 5)
1767 4206 1778 4241 :

194 4252 535 4309 Commonebo
567 4264 613 4307 te
631 4254 963 4319 etiamnunc,
997 4260 1123 4317 etc.,
1149 4262 1203 4307 et
1233 4254 1402 4309 utrius
1422 4252 1527 4322 que
1552 4257 1602 4309 in
1627 4252 1782 4313 tertia

198 4322 376 4397 (Num.
394 4326 453 4397 2)
474 4344 484 4378 :
503 4324 549 4378 E
555 4342 645 4397 cce
654 4334 699 4377 te
709 4322 786 4376 his
803 4326 1005 4397 scriptis
1015 4324 1127 4394 jam
1137 4326 1292 4397 tertio
1307 4328 1651 4389 convenimus,
1672 4336 1775 4383 etc.

262 4394 445 4467 Prima
465 4395 715 4467 querelas
734 4395 1011 4467 continet,
1026 4402 1081 4448 et
1101 4395 1245 4467 aliud
1270 4394 1381 4449 fere
1405 4397 1553 4461 nihil,
1588 4406 1782 4467 praeter

195 4465 623 4538 exhortatidnem
655 4465 720 4519 ad
736 4466 1134 4538 paenitentiam;
1180 4466 1341 4520 habet
1365 4465 1604 4523 secunda
1640 4485 1777 4538 pra:-

196 4544 335 4592 terea
363 4536 784 4608 explicationem
834 4535 974 4608 lidei,
1007 4544 1168 4605 prout
1194 4552 1263 4590 ex
1290 4538 1533 4608 symbolo
1564 4535 1777 4596 Niczeuo

197 4608 506 4679 conﬁcitur;
547 4607 706 4662 tertia
734 4607 1013 4679 denuntiat
1043 4622 1141 4679 pro
1180 4609 1498 4679 auctoritate
1526 4611 1653 4679 quid
1695 4610 1776 4665 fa-

199 4677 439 4733 ciendum
466 4680 556 4743 sit,
586 4692 812 4746 qumque
841 4677 971 4732 lides
1005 4677 1405 4745 subscribenda,
1439 4681 1505 4732 ad
1537 4677 1778 4736 commu-

198 4749 405 4805 nionem
458 4749 709 4804 Ecclesiae
739 4748 1072 4802 retinendam
1107 4767 1118 4800 :
1170 4749 1362 4803 mirum
1411 4766 1541 4805 vero
1570 4768 1667 4807 cur
1694 4769 1779 4808 se-

198 4820 379 4893 cunda,
418 4821 544 4893 licet
564 4819 1024 4893 tertiaeconcedat
1045 4818 1349 4893 plurimum,
1382 4830 1438 4893 et
1476 4831 1701 4893 utraque
1723 4825 1775 4879 in

166 4911 173 4918 ·
201 4892 420 4961 concilio
446 4889 716 4961 Ephesino
740 4890 876 4944 lecta
897 4890 984 4953 sit,
1018 4889 1132 4943 sola
1165 4897 1343 4946 tamen
1374 4890 1533 4946 fuerit
1562 4889 1777 4948 senten-

171 4960 278 5031 ‘tjis
308 4960 526 5017 Patrum
557 4961 883 5031 approbata;
925 4960 1039 5031 sola
1069 4961 1231 5015 etiam
1277 4962 1413 5017 lecta
1457 4965 1507 5017 in
1549 4966 1777 5020 concilio

198 5028 788 5102 Constantitiopoiitano
836 5032 934 5085 sub
980 5030 1256 5094 Flaviano,
1299 5040 1352 5087 et
1398 5034 1451 5088 in
1480 5034 1777 5091 Chalcedo-

202 5103 343 5173 nensi
372 5102 573 5157 reiecta
606 5101 766 5173 (Vide
795 5102 1147 5173 supsaissert.
1182 5102 1255 5173 5).

268 5171 449 5228 Datam
479 5171 693 5243 oportet
722 5171 993 5236 ann.’4‘29,
1020 5173 1163 5227 circa
1194 5171 1488 5243 Augustum
1518 5195 1529 5228 :
1566 5192 1685 5230 nam
1708 5178 1774 5233 ad

202 5239 331 5317 hanc
379 5239 614 5300 breviter
659 5243 934 5313 respondit
980 5243 1255 5317 Nestorius
1283 5239 1400 5314 'per
1446 5245 1773 5317 Lamponem

205 5314 595 5391 presbyterum;
636 5321 689 5370 et
717 5322 839 5391 post
877 5315 1282 5391 responsionem
1328 5314 1621 5391 acceptam,
1667 5318 1774 5391 Cy-

205 5383 675 5442 rillus'secundam
720 5383 1007 5455 epistolam
1054 5383 1471 5458 scripsit,_qum'
1489 5389 1540 5443 in
1586 5383 1771 5458 quinta

154 5516 163 5527 ,
207 5457 396 5524 synodo
426 5458 691 5527 reperitur
714 5458 1026 5527 consignata
1067 5472 1251 5511 mense
1280 5455 1501 5525 Mechir,
1525 5455 1773 5516 indictio-

209 5538 270 5595 ne
298 5526 377 5593 15,
404 5528 457 5582 id
486 5526 587 5594 est,
618 5541 803 5581 mense
840 5526 1115 5592 Januario,
1148 5527 1245 5581 sub
1277 5528 1454 5595 linem,
1488 5547 1609 5585 ann.
1645 5532 1766 5586 450.

207 5590 313 5668 Non
339 5590 510 5668 potuit
556 5590 684 5653 vero
705 5599 821 5653 sine
849 5598 1044 5654 idoneo
1074 5590 1329 5668 temporis
1359 5590 1658 5668 intervallo,
1697 5604 1772 5658 A-

210 5662 466 5741 lexandria
489 5668 1010 5741 Constantinopolim
1050 5662 1276 5739 epistola
1304 5669 1507 5741 Cyrilli,
1540 5683 1592 5729 et
1615 5662 1771 5731 vicis-

210 5735 300 5858 sim
330 5737 789 5823 ConstantinOpoli
820 5735 1193 5796 Alexandriam
1224 5735 1501 5811 responsio
1542 5746 1767 5802 Nestorii

232 5821 496 5858 ransnnm-
1738 5818 1745 5822 ’

232 5814 496 5867 ransmitti.
1040 5862 1045 5865 .
1738 5818 1745 5822 ’

1806 4582 1854 4642 D

1899 3265 2054 3319 storii
2078 3266 2276 3329 animo,
2309 3278 2429 3332 quae
2467 3263 2689 3333 hujusce
2719 3264 2959 3332 epistola:
2988 3265 3202 3319 occasio
3237 3283 3249 3317 :
3276 3282 3339 3320 ea
3362 3282 3491 3322 vero

1896 3335 2013 3390 tieri
2042 3352 2149 3390 non
2178 3342 2403 3406 possunt
2431 3335 2549 3389 sine
2578 3335 2759 3403 aliquo
2789 3334 3048 3406 temporis
3083 3336 3276 3406 spatio,
3309 3352 3490 3406 eoque

1898 3422 2015 3488 non
2036 3401 2205 3488 brevi.
2238 3404 2394 3488 _Ergo_
2410 3421 2532 3488 cum
2561 3401 2788 3487 epistola
2836 3401 2949 3459 inec
2988 3401 3373 3488 Cyri—lliprima
3400 3401 3489 3463 ’δᾶ

1896 3476 2200 3531 Nestorium
2222 3476 2345 3531 data
2368 3476 2527 3530 fuerit
2557 3474 2699 3531 circa
2728 3492 2969 3531 mensem
2992 3474 3233 3545 Augusti,
3266 3493 3487 3535 necesse

1896 3556 1979 3603 est
2006 3548 2158 3603 fateri
2205 3548 2487 3617 epistolam
2528 3548 2593 3601 ad
2628 3548 2922 3601 monachos
2948 3547 3204 3617 scriptam
3234 3565 3372 3614 esse,
3404 3551 3486 3606 vel

1894 3620 2081 3673 aestivo
2111 3616 2372 3689 tempore,
2418 3618 2503 3690 vel
2526 3618 2689 3690 etiam
2714 3633 2901 3690 verno.
2932 3616 3116 3690 Neque
3139 3634 3266 3690 vero
3307 3623 3485 3690 potuit

1894 3691 2061 3760 prius,
2113 3688 2234 3744 cum
2264 3706 2371 3743 non
2403 3688 2617 3743 aliunde
2646 3689 2861 3743 occasio
2908 3688 3202 3744 scribenda:
3243 3688 3364 3744 na'ta
3396 3693 3483 3759 sit,

1931 3776 2056 3814 uam
2083 3776 2153 3815 ex
2181 3760 2413 3814 Nestorii
2443 3761 2775 3823 tractatibus,
2826 3768 2879 3814 et
2908 3775 3157 3815 sermone
3186 3764 3484 3830 przesertim

1928 3847 1959 3885 e
2003 3842 2159 3901 partu
2201 3832 2441 3898 virgineo
2488 3831 2555 3884 ad
2584 3830 2880 3885 monachos
2907 3830 3123 3901 delato;
3157 3846 3257 3886 nec
3303 3848 3483 3889 sermo

1890 3902 1981 3956 ille
1992 3900 2061 3956 sit
2074 3902 2287 3957 habitus
2299 3901 2765 3971 Coristantinopoli
2778 3908 2903 3954 ante
2919 3900 3480 3970 nativitatemChristi;

1890 3973 1977 4026 vel
2005 3973 2168 4027 etiam
2214 3972 2595 4027 Alexandriam
2642 3971 2854 4035 missus,
2887 3971 2932 4025 si
2960 3971 3226 4025 credimus
3274 3976 3482 4030 auctori

1890 4042 2262 4098 Prtedestinati
2292 4042 2534 4113 (Ηῳνεδὶ
2563 4039 2696 4113 789),
2737 4042 2838 4096 nisi
2862 4041 3224 4110 praelegendus
3246 4043 3298 4097 in
3329 4044 3476 4099 festi-

1887 4114 2054 4169 vitate
2084 4114 2341 4183 paschali.
2374 4112 2529 4168 Hunc
2558 4112 2731 4182 ipsum
2760 4129 2922 4183 porro
2948 4127 3251 4167 sermonem
3292 4116 3478 4170 conci-

1889 4192 2030 4240 tasse
2073 4186 2255 4239 turbas
2284 4186 2423 4239 inter
2450 4184 2746 4239 monachos
2795 4184 2962 4253 liquet
3009 4183 3237 4253 abunde,
3282 4200 3350 4240 ex
3380 4187 3481 4242 hac

1887 4255 2001 4324 ipsa
2048 4257 2221 4327 prima
2250 4254 2435 4327 Cyrilli
2464 4255 2532 4309 ad
2560 4252 2871 4327 Nestorium
2893 4253 3119 4327 epistola
3162 4252 3347 4327 (Nam.
3398 4256 3473 4323 i),

1887 4322 1941 4380 in
1971 4322 2077 4396 qua
2103 4322 2334 4398 Cyrillu's
2381 4342 2412 4380 a
2460 4326 2730 4380 nonnullis
2752 4322 2972 4398 scribit,
3009 4322 3177 4378 asseri
3202 4322 3478 4398 Christum

1886 4413 2005 4452 esse
2055 4396 2260 4451 tantum
2315 4397 2726 4451 instrumentum
2781 4396 3007 4451 Deitatis
3036 4435 3051 4460 ,
3107 4402 3161 4449 et
3200 4396 3475 4453 hominem

1885 4470 2161 4591 (0:7096p01é
2209 4484 2328 4537 quze
2375 4468 2536 4522 verba
2586 4467 2834 4536 leguntur
2878 4468 2932 4521 in
2973 4482 3223 4521 sermone
3253 4468 3476 4537 praefato

1910 4556 1928 4591 Ι
1968 4557 2070 4591 um.
2172 4579 2184 4591 .

1910 4556 2070 4592 nam.
2110 4556 2184 4592 Di.

1884 4538 2339 4664 (Νὲιζηῗὲἐὲωιυδ
2360 4608 2591 4664 Nestorii
2614 4607 2727 4677 jam
2751 4617 2877 4664 ante
2900 4609 3003 4663 hoc
3025 4619 3234 4679 tempus
3262 4609 3474 4679 delatos

1884 4678 2344 4761 Romamm(Num.
2373 4679 2428 4761 2)
2447 4722 2460 4744 ,
2506 4688 2574 4760 et.
2594 4679 2946 4761 offensionem
2976 4682 3261 4761 peperisse
3280 4678 3469 4761 Coele-

1881 4751 2043 4816 stino,
2074 4748 2623 4833 aliiquqepiscopis,
2654 4751 2749 4831 qui
2772 4766 2990 4833 cumoeo
3018 4748 3472 4831 erant,.leesti-
3500 4760 3505 4763 '

1880 4838 2116 4891 numque
2137 4820 2412 4891 scripsisse
2433 4836 2553 4877 cum
2581 4822 2867 4891 episcopis,
2905 4820 2957 4875 id
2986 4827 3086 4883 est,
3116 4828 3173 4874 ut
3186 4820 3469 4891 interpre-

1882 4901 1987 4957 tor,
2031 4889 2315 4964 synodicas
2362 4892 2568 4964 litteras
2596 4889 2721 4946 ante
2769 4889 3122 4964 hocptempus
3173 4889 3372 4964 Cyrillo
3400 4892 3469 4947 de

1881 4961 2318 5019 causa'Nestorii
2363 4962 2659 5017 :Scribunt
2682 4964 2838 5027 enim,
2884 4962 3075 5031 inquit,
3124 4961 3271 5016 nobis
3321 4964 3467 5017 vehe-

1879 5045 2077 5088 menter
2109 5035 2188 5088 his
2210 5034 2393 5101 o/fensi
2417 5032 2627 5103 (lbid.).

1951 5106 2012 5159 5°
2044 5104 2299 5159 Invidiam
2342 5104 2535 5157 factam
2566 5103 2832 5169 Nestorio,
2884 5104 2969 5158 vel
2997 5119 3065 5157 ex
3101 5120 3167 5158 co
3208 5104 3458 5171 maxime,

1878 5177 2019 5245 quod
2050 5184 2296 5244 negasset
2326 5174 2598 5241 Virginem
2628 5189 2746 5245 esse
2793 5173 3050 5230 Θεοτόκον.
3083 5174 3336 5245 Negantis
3364 5191 3463 5245 au—

1877 5243 1985 5301 tem
2004 5243 2165 5301 verba
2186 5253 2309 5301 sunt
2330 5246 2383 5298 in
2400 5251 2628 5298 tractatu
2646 5244 2711 5298 de
2734 5244 2972 5315 virgineo
2988 5254 3141 5313 partu
3166 5243 3351 5315 (Num.
3371 5244 3424 5314 5)
3447 5265 3459 5298 :

1876 5333 1982 5371 non
2013 5318 2156 5387 quod
2186 5318 2252 5372 de
2277 5331 2408 5371 voce
2446 5316 2561 5369 sola
2588 5314 2814 5384 quaestio
2838 5324 3159 5387 moveretur,
3177 5314 3278 5370 ’sed
3319 5316 3463 5384 quod

1875 5403 1938 5442 ea
1961 5386 2215 5451 breviter,
2248 5395 2411 5457 prout
2440 5386 2523 5439 vel
2553 5394 2899 5451 assereretur,
2923 5386 3010 5440 vel
3040 5394 3343 5454 negaretur,
3370 5402 3461 5441 os-

1874 5459 2119 5514 tenderet
2146 5474 2279 5527 quas
2300 5458 2526 5526 quisque
2553 5466 2731 5526 partes
2750 5464 3065 5525 sequeretur
3087 5458 3140 5510 in
3169 5457 3463 5527 quaestione

1872 5538 1997 5601 post
2025 5524 2340 5601 Trinitatem
2369 5524 2620 5601 maxima,
2664 5527 2730 5582 de
2768 5524 2890 5582 vera
2926 5524 3457 5601 Div_i_nitate‘_Christi.

1953 5613 1976 5641 ο
2018 5600 2257 5670 Respicit
2301 5600 2352 5653 in
2401 5599 2631 5670 primum
2676 5615 2980 5653 sermonem
3012 5598 3276 5662 Nestorii,
3308 5599 3462 5667 cujus

1876 5682 2000 5729 sunt
2028 5673 2141 5726 inec
2168 5670 2333 5725 verba
2360 5689 2371 5723 :
2400 5670 2522 5723 Non
2538 5671 2734 5739 peperit
2754 5678 2990 5723 creatura
3020 5672 3339 5731 Creatorem,
3371 5672 3461 5723 sed

1879 5745 2072 5815 peperit
2100 5742 2489 5797 instrumentum
2510 5741 2826 5806 Dim’nitatis,
2853 5751 2900 5796 et
2922 5742 3175 5797 hominem
3196 5743 3454 5817 Θεοφόρον.

3497 5902 3523 5929 Κ
3538 5944 3543 5947 »
