3960 6272
492 249 598 308 807

1006 250 1201 308 MAR“
1241 250 1682 309 MERCATOBIS
1724 243 2299 306 TRANSLATIONES
2337 241 2699 304 VABIORUM
2736 243 3272 304 OPUSCULORUM.

529 370 711 427 Baluz.
744 386 846 425 om.
875 368 1129 442 primum]
1153 379 1237 428 est
1258 377 1438 435 natus,
1463 377 1557 425 aut
1577 368 1740 424 etiam
1769 368 1823 422 in
1844 366 1933 422 illa
1966 379 2093 422 con-
2120 366 2174 426 Α
2198 360 2462 419 unitatem
2485 369 2760 432 tamquam
2779 361 2866 419 vel
2887 361 3293 434 impossibilem,
3314 357 3405 416 vel
3429 357 3799 430 indecentem,

489 470 701 533 ceptus,
733 469 895 532 atque
920 461 977 516 in
1022 478 1145 518 eum
1188 463 1257 518 ita
1289 469 1474 518 natum
1513 460 1823 532 supervenit
1850 457 2085 515 Verbum

489 554 694 619 Patris;
726 552 821 609 sed
842 568 910 609 ex
943 554 1061 624 ipso
1091 562 1253 625 atque
1278 556 1333 610 in
1354 555 1472 626 ipso
1493 562 1649 609 utero
1678 554 1888 609 unitum
1926 553 2087 608 susti-

486 645 671 702 nuisse
698 644 936 702 creditur
961 653 1018 701 et
1047 645 1244 702 dicitur
1275 648 1611 703 nativitatem
1638 646 1928 712 carnalem,
1960 659 2079 716 pro-

486 740 663 811 priam
717 737 959 809 ejusdem
1009 736 1189 796 carnis
1240 739 1582 801 nativitatem
1642 738 1857 794 sibimet
1911 736 2083 809 depu-

485 840 631 889 tans.

560 924 613 980 8.
655 924 747 982 Sic
785 926 961 998 ipsum
1005 926 1343 993 dicimust'et
1381 943 1597 999 passum
1643 939 1783 992 esse,
1813 932 1869 980 et
1898 938 2080 979 resur-

482 1021 709 1087 rexisse,
743 1036 849 1076 non
871 1021 1018 1091 quod
1041 1021 1278 1077 Verbum
1299 1022 1394 1077 Dei
1424 1022 1477 1076 in
1508 1036 1605 1077 sua
1640 1027 1829 1075 natura
1855 1018 1926 1073 sit
1953 1033 2079 1088 pas-

480 1124 618 1176 sum,
642 1119 737 1166 aut
757 1111 943 1181 plagas
963 1120 1058 1168 aut
1070 1113 1347 1169 clavorum
1370 1114 1476 1167 vim
1505 1112 1755 1177 senserit,
1774 1118 1865 1166 aut
1885 1116 2081 1166 ctetera

484 1202 771 1259 vulnerum
793 1212 1060 1261 tormenta
1091 1207 1371 1276 pertulerit
1396 1205 1759 1276 (iinpassibilis
1779 1212 1861 1259 est
1881 1203 2080 1273 quippe

477 1287 758 1360 Divinitas,
782 1294 1047 1363 siquidem
1070 1296 1231 1351 etiam
1264 1295 1643 1366 incorporea),
1676 1293 1768 1349 sed
1799 1294 2074 1363 quoniam,

476 1384 625 1453 quod
643 1385 694 1440 ei
715 1388 992 1457 proprium
1026 1387 1224 1442 factum
1245 1395 1348 1452 est,
1377 1403 1575 1457 corpus
1597 1395 1681 1442 est
1703 1400 1939 1455 passum,
1964 1385 2079 1439 haec

476 1472 594 1544 ipse
617 1490 716 1545 pro
737 1476 896 1532 nobis
925 1478 1123 1533 dicitur
1151 1494 1340 1548 passus
1366 1496 1379 1531 :
1412 1488 1529 1534 erat
1557 1477 1702 1533 enim
1737 1478 1825 1532 ille
1850 1476 1940 1546 qui
1972 1476 2074 1531 im-

474 1566 744 1637 passibilis
764 1569 919 1624 estin
944 1584 1011 1625 eo
1037 1585 1267 1640 corpore
1293 1570 1436 1639 quod
1463 1570 1784 1640 patiebatur.

537 1656 590 1713 9.
632 1659 750 1717 Hoc
784 1662 946 1718 modo
994 1670 1050 1718 et
1086 1671 1354 1717 mortuum
1400 1654 1776 1731 intelligimus,
1817 1660 2067 1730 quamvis

2186 453 2538 518 declinemus,
2571 453 2859 525 incipimus
2890 453 3027 511 duos
3067 454 3203 510 ﬁlios
3241 452 3491 510 conﬁteri
3524 472 3539 507 :
3569 455 3804 512 omnino

2185 549 2330 605 enim
2360 563 2582 605 necesse
2611 554 2694 604 est
2714 563 2988 619 separare,
3006 547 3253 605 etdicere
3279 547 3554 604 hominem
3574 548 3802 619 quidem

2186 641 2410 713 speciali
2463 640 2728 697 vocabulo
2776 637 2871 695 ﬁlii
2918 640 3277 708 honoratum;
3326 639 3457 695 illud
3508 654 3643 696 vero
3699 639 3800 695 Dei

2184 734 2422 793 Verbum
2467 736 2688 809 proprie
2726 733 2821 790 ﬁlii
2848 750 3050 792 nomen
3077 734 3258 807 reipsa
3307 733 3628 790 naturaliter
3668 748 3801 805 pos-

2183 828 2380 885 sidere.

2254 918 2342 974 η.
2385 919 2504 977 Non
2524 918 2688 990 igitur
2717 919 2775 975 in
2793 918 2931 975 duos
2963 917 3103 975 ﬁlios
3126 918 3447 976 dividendus
3472 926 3557 975 est
3576 934 3720 975 unus
3740 928 3799 974 et

2183 1012 2325 1068 idem
2374 1012 2634 1068 Dominus
2679 1019 2869 1069 noster
2910 1011 3066 1070 Jesus
3111 1012 3358 1070 Christus
3390 1032 3403 1067 :
3445 1013 3594 1069 nullo
3645 1014 3794 1070 enim

2182 1104 2344 1160 modo
2379 1113 2582 1161 rectam
2630 1104 2755 1161 ﬁdei
2795 1106 3060 1162 rationem
3079 1148 3093 1173 ,
3122 1107 3201 1163 sic
3246 1122 3306 1163 se
3353 1106 3557 1163 habere
3610 1114 3669 1163 et
3711 1106 3794 1163 sic

2180 1197 2403 1264 sentire,
2456 1196 2673 1267 adjuvat
2709 1196 2917 1271 [Βαιιιι.
2966 1200 3091 1253 add.
3142 1197 3531 1270 quemquam];
3571 1200 3793 1256 etiamsi

2179 1291 2445 1361 quispiam
2479 1300 2504 1328 ι
2524 1306 2878 1362 personarum
2908 1292 3286 1348 diﬁ'amandam
3312 1294 3586 1364 putaverit
3607 1294 3792 1349 unita-

2180 1390 2309 1448 tem,
2340 1382 2466 1453 quia
2487 1399 2597 1438 non
2621 1382 2757 1438 dixit
2782 1382 3079 1454 Scriptura,
3111 1384 3258 1454 quod
3288 1384 3382 1440 Dei
3409 1384 3651 1441 Verbum
3678 1386 3789 1443 ho-

2177 1475 2340 1530 minis
2367 1474 2468 1529 sibi
2490 1488 2780 1545 personam
2802 1474 2992 1541 univit,
3018 1474 3112 1530 sed
3131 1475 3259 1545 quia
3280 1473 3483 1531 factum
3503 1484 3589 1532 est
3608 1493 3744 1533 caro
3768 1496 3782 1532 :

2178 1566 2379 1623 factum
2408 1574 2589 1622 autem
2637 1581 2758 1622 esse
2796 1565 3033 1622 Verbum
3064 1582 3303 1634 carnem,
3335 1567 3467 1624 nihil
3491 1576 3579 1625 est
3614 1571 3784 1639 aliud,

2177 1658 2279 1712 nisi
2306 1657 2434 1746 quia
2484 1657 2640 1713 nobis
2677 1655 2707 1696 δ
2735 1657 2928 1713 similis
2973 1657 3290 1731 ethaluz.
3324 1676 3429 1715 om.
3694 1668 3787 1756 et]

471 1751 796 1810 immortalis
823 1756 893 1809 sit
923 1756 1214 1813 secundum
1248 1765 1513 1819 naturam,
1546 1763 1599 1808 et
1623 1753 2058 1823 iucorruptibilis,
2092 1754 2140 1815 Β
2166 1736 2531 1819 comparatus,
2555 1749 2734 1804 carnis
2753 1763 2973 1819 quoque
2997 1758 3054 1806 et
3072 1751 3349 1820 sanguinis
3370 1753 3668 1825 particeps,
3699 1736 3785 1808 fa:

470 1852 532 1901 et
558 1844 690 1911 vita,
722 1852 778 1899 et
802 1843 1114 1910 viviﬁcator,
1134 1844 1274 1899 Deus
1298 1844 1502 1917 (Batus.
1522 1844 1643 1897 add.
1672 1841 1787 1913 Dei]
1818 1842 2072 1909 Verbum;

468 1933 565 1992 led
603 1934 857 2004 quoniam
908 1935 1101 1990 iterum
1153 1936 1427 2005 proprium
1477 1933 1593 2004 ejus
1641 1948 1869 2003 corpus,
1902 1935 2073 2004 gratia

468 2025 591 2092 Dei,
624 2027 765 2084 sicut
789 2026 924 2082 dixit
950 2028 1230 2098 apostolus
1261 2026 1476 2093 Paulus,
1510 2042 1604 2097 pro
1634 2024 1869 2080 omnibus
1890 2033 2071 2095 gusta-

467 2122 534 2177 vit
560 2131 778 2176 mortem
806 2119 996 2191 (Hebr.
1021 2136 1077 2185 ll,
1103 2120 1194 2189 9);
1228 2134 1335 2174 non
1363 2119 1507 2188 quod
1532 2117 1595 2172 ad
1620 2119 1735 2184 ejus
1766 2118 1876 2171 haec
1907 2116 2073 2171 uerti-

466 2226 663 2275 nerent
718 2226 963 2275 naturam
1006 2216 1281 2285 (namque
1323 2214 1425 2269 hoc
1476 2213 1678 2290 sentire
1724 2212 1807 2264 vel
1854 2210 2067 2276 dicere,

464 2321 688 2364 summm
733 2306 1019 2363 dementia:
1059 2312 1199 2373 est),
1230 2305 1325 2360 scd
1370 2303 1516 2373 quia,
1568 2310 1706 2358 sicut
1755 2300 1916 2371 paulo
1945 2308 2069 2355 ante

467 2400 600 2468 dixi,
624 2415 753 2458 caro
790 2399 908 2471 ejus
936 2399 1171 2470 gustavit
1193 2408 1443 2453 mortem.

536 2491 622 2546 10.
665 2489 756 2547 Sic
783 2491 947 2547 etiam
978 2500 1291 2559 resurgente
1319 2503 1501 2551 carne,
1526 2486 1718 2542 iterum
1741 2485 1856 2553 ejus
1884 2500 2065 2540 resur-

462 2583 636 2639 rectio
683 2581 900 2648 dicitur,
934 2598 1040 2637 non
1089 2581 1232 2659 quod
1262 2578 1509 2636 inciderit
1550 2580 1602 2633 in
1643 2576 2064 2647 corruptionem,

462 2676 635 2742 absit,
667 2674 764 2731 sed
790 2674 918 2745 quia
945 2674 1091 2746 quod
1119 2674 1433 2740 resurrexit,
1465 2687 1664 2743 corpus
1682 2673 1798 2741 ejus
1828 2682 1908 2728 est
1932 2671 2064 2746 [Ba-

463 2766 570 2821 luz.
603 2783 708 2822 om.
739 2765 880 2837 est].

534 2859 620 2913 11.
664 2858 757 2915 Sic
779 2874 946 2914 unum
975 2855 1247 2916 Christum
1288 2868 1345 2914 et
1390 2858 1675 2914 Dominum
1721 2856 2062 2923 conﬁtemur,

461 2966 572 3007 non
601 2957 875 3020 tamquam
896 2949 1256 3005 coadorantes
1285 2952 1554 3004 hominem
1588 2956 1603 3021 ι
1615 2947 1798 3003 Batus.
1829 2963 1949 3004 eum
1976 2944 2063 3019 in]

460 3041 641 3099 Verbo
664 3041 782 3106 Dei,
817 3056 885 3099 ne
924 3041 1083 3096 unius
1111 3039 1329 3114 syllast
1369 3041 1675 3099 occasione.
1707 3040 1756 3093 id
1800 3046 1901 3103 est,
1932 3053 2058 3103 cuit,

458 3133 609 3193 ﬁctio
629 3134 841 3211 [Baluz.
866 3130 1158 3204 sectionis]
1186 3133 1489 3188 intellectus
1511 3132 1593 3187 vel
1624 3132 1881 3199 cogitatio
1908 3130 2063 3185 nobis

462 3230 719 3302 obrepat;
750 3227 847 3286 sed
876 3238 1147 3299 tamquam
1181 3242 1343 3281 unum
1385 3234 1438 3281 et
1472 3227 1719 3280 eumdem
1751 3227 1802 3279 in
1835 3233 2069 3290 utroque

457 3322 767 3390 adoremus,
789 3321 915 3392 quia
937 3335 1044 3375 non
1065 3328 1149 3375 est
1169 3318 1403 3375 alienum
1431 3333 1627 3388 corpus
1655 3331 1686 3371 a
1718 3315 1917 3376 Verbo.
1940 3328 2060 3371 cum

458 3429 570 3487 quo
589 3414 743 3470 sedet
762 3412 829 3468 ad
866 3412 1147 3485 dexteram
1187 3410 1384 3466 Patris.
1410 3408 1524 3463 Non
1563 3418 1758 3463 iterum
1789 3417 2065 3476 tamquam

457 3481 669 3565 duobus
695 3506 1099 3563 considentibus
1122 3481 1267 3569 ﬁliis,
1298 3503 1392 3560 sed
1425 3514 1694 3571 tamquam
1736 3518 1842 3557 uno
1872 3516 2066 3558 secun-

460 3601 591 3659 dum
610 3602 871 3658 unitatem
892 3616 1016 3657 cum
1038 3615 1221 3657 carne.
1244 3598 1301 3655 Si
1322 3598 1466 3655 enim
1491 3597 1632 3652 illam
1655 3598 2062 3653 substantialem
2085 3625 2091 3633 ε

2179 1852 2301 1898 ctus
2343 1850 2429 1898 est
2459 1850 2665 1908 noster,
2696 1858 2960 1914 suumque
3004 1844 3131 1901 fecit
3175 1860 3373 1917 corpus
3417 1854 3698 1914 nostrum,
3726 1855 3787 1903 et

2176 1935 2442 2006 processit
2463 1936 2646 1992 homo.
3335 1962 3339 1966 μ

2249 2028 2335 2082 l3.
2376 2027 2552 2098 Super
2578 2027 2684 2083 hoc
2708 2038 2731 2066 ο
2756 2027 3026 2097 legatione
3043 2029 3197 2098 quasi
3225 2027 3434 2103 (Belus.
3458 2046 3566 2085 om.
3596 2029 3783 2103 quasi]

2176 2120 2416 2190 fungitur
2442 2118 2642 2189 ubique
2670 2134 2816 2175 sanae
2854 2136 2920 2177 ac
2948 2118 3310 2190 liquidissima)
3336 2118 3461 2176 ﬁdei
3488 2120 3668 2190 ratio;
3699 2123 3782 2180 sic

2176 2211 2477 2267 invenimus
2504 2218 2722 2267 sanctos
2750 2211 2994 2281 sapuisse
3017 2209 3235 2279 Patres;
3265 2208 3294 2250 ἀ
3321 2212 3401 2269 sic
3421 2212 3656 2270 ﬁdenter
3682 2214 3783 2271 Dei

2170 2319 2514 2376 puerperam,
2532 2304 2586 2360 id
2605 2313 2707 2369 est,
2738 2304 2975 2361 Θεοτόκον
2995 2303 3480 2375 pronuntiaverunt
3498 2303 3783 2375 Virginem

2171 2406 2413 2454 sanctam
2448 2413 2601 2455 :non
2647 2396 2793 2467 quod
2838 2405 3030 2453 natura
3074 2396 3239 2454 Verbi
3266 2398 3361 2454 Dei
3390 2399 3477 2455 vel
3512 2398 3783 2456 Divinitas

2171 2491 2287 2562 ejus
2307 2507 2372 2547 ex
2406 2492 2514 2559 illa,
2546 2501 2606 2547 ut
2619 2499 2781 2558 esset,
2815 2491 3026 2547 initium
3052 2491 3359 2562 sumpserit,
3381 2491 3475 2548 sed
3495 2498 3779 2562 tamquam

2169 2598 2238 2641 ex
2268 2588 2383 2655 ipsa
2412 2591 2627 2655 sumpto
2654 2599 2888 2655 corpore
2909 2584 3088 2639 anima
3120 2583 3371 2640 rationali
3396 2580 3622 2658 [Βαιυι.
3648 2599 3777 2640 cum

2170 2671 2421 2748 ratione]
2450 2676 2718 2742 animato,
2773 2675 2858 2731 cui
2899 2675 3195 2732 secundum
3242 2675 3535 2732 essentiam
3586 2676 3793 2735 unitus‘

2170 2765 2313 2823 Deus
2344 2766 2595 2832 Verbum,
2627 2766 2920 2823 secundum
2940 2781 3157 2823 carnem
3185 2766 3422 2824 creditur
3442 2775 3621 2824 natus.

2239 2858 2327 2914 M.
2371 2858 2498 2916 Haec
2525 2867 2688 2930 atque
2716 2859 3020 2930 hujusmodi
3039 2875 3111 2915 ex
3134 2860 3399 2917 charitate
3424 2859 3629 2917 Christi
3645 2862 3776 2919 scri-

2166 2953 2258 3018 bo,
2308 2961 2364 3008 te
2394 2952 2601 3025 [Baluz.
2632 2968 2735 3007 om.
2760 2949 2838 3024 te]
2865 2952 3165 3023 deprecans
3211 2962 3483 3025 tamquam
3520 2953 3770 3021 tratum,

2168 3055 2225 3102 et
2251 3048 2530 3103 obtestans
2558 3047 2612 3102 in
2639 3053 2933 3117 conspectu
2970 3045 3087 3117 Dei,
3119 3054 3175 3104 et
3209 3048 3508 3105 electorum
3544 3048 3774 3119 angelo-

2167 3155 2286 3194 rum
2316 3139 2524 3207 hortor,
2561 3138 2674 3196 hac
2705 3148 2757 3195 te
2785 3139 3098 3204 nobiscum,
3131 3150 3189 3197 et
3233 3156 3426 3212 sapere
3453 3149 3511 3198 et
3536 3141 3771 3213 docere,

2166 3241 2226 3288 ut
2249 3230 2612 3288 Ecelesiarum
2638 3232 2786 3287 salva
2833 3232 2903 3287 sit
2947 3247 3057 3303 pax
3100 3242 3158 3288 et
3192 3234 3504 3302 concordia,
3534 3234 3773 3292 charita-

2161 3331 2343 3398 tisque
2379 3327 2650 3383 vinculum
2685 3322 3052 3384 indissolubile
3077 3336 3393 3399 permaneat
3420 3328 3773 3388 inter’sacer-

2159 3419 2322 3476 dotes
2350 3418 2465 3475 Dei.

2172 3594 2597 3653 οΕΡιδτοιΑ.
2623 3595 2684 3652 S.
2711 3595 3010 3652 CYRILLI
3023 3597 3366 3653 Alexandrini
3387 3599 3618 3672 episcopi
3646 3597 3667 3639 ί
3692 3601 3768 3658 tu!

1642 3718 2190 3789 CASTIGATIONES
2227 3730 2317 3786 ET
2357 3730 2590 3787 ΝΟΤΕ.

454 3858 644 3910 sateno
667 3848 887 3916 sentire,
914 3855 1076 3916 atque
1104 3845 1241 3902 adeo
1261 3846 1398 3902 velle
1426 3856 1737 3902 naturarum
1768 3847 2046 3904 ambarum

455 3923 711 3979 unionem
740 3921 794 3975 in
820 3920 938 3991 ipso
979 3918 1210 3989 Virginis
1240 3926 1393 3973 utero
1422 3933 1528 3973 non
1559 3933 1677 3973 esse
1706 3918 1922 3991 factam,
1942 3920 2046 3991 (sed

458 3994 621 4062 longo
662 4000 786 4062 post
815 3987 1244 4062 temporacum
1289 4003 1479 4059 nempe
1519 3991 1681 4062 homo
1716 3987 2046 4062 beneﬁcium

458 4006 548 4050 ton
588 4010 621 4048 ο
662 4006 786 4062 post
815 4006 1089 4061 tempore,
1122 4006 1244 4045 cum
1289 4006 1479 4059 nempe
1519 4006 1681 4044 nomo
1727 4006 2046 4044 nenencnum

454 4006 818 4142 iilusntantum
836 4061 949 4142 sui_s_
967 4061 1222 4142 operibus
1260 4061 1665 4142 promeruisset.
1700 4059 1838 4142 Qua;
1864 4061 2046 4142 opinio

454 4134 523 4189 de
569 4132 819 4190 Nestorio
866 4129 1091 4186 adhaesit
1142 4129 1390 4187 omnibus
1434 4129 1545 4187 fere
1590 4129 2043 4199 Occidentalibus,

453 4203 733 4271 Cassiano,
757 4203 1188 4273 Prospero,ete.,
1222 4202 1384 4258 immo
1411 4201 1653 4272 pluribus
1680 4202 1844 4256 etiam
1864 4200 2048 4258 Orien-

452 4273 687 4340 talibus,
742 4271 1032 4342 antequam
1082 4271 1358 4328 Nestoritis
1404 4271 1638 4328 mentem
1687 4273 1929 4342 aperiret
1976 4274 2046 4328 de

454 4345 655 4401 unione
672 4343 836 4415 Verbi
857 4341 995 4397 facta
1024 4342 1332 4415 ii_i_ipsom_et
1344 4354 1616 4415 conceptu
1637 4341 1868 4415 hominis
1884 4341 2045 4415 (Vide

454 4415 658 4469 dissert.
708 4414 771 4468 de
816 4414 999 4467 lueret.
1047 4410 1307 4478 Neriton).
1340 4413 1463 4469 Haec
1501 4410 1807 4469 observatio
1849 4410 2043 4468 mirum

453 4492 713 4555 quantum
735 4483 987 4540 conducit
1013 4482 1082 4555 ad
1109 4483 1449 4552 intelligenda
1485 4483 1703 4538 Patrum
1748 4484 1894 4555 dicta
1920 4497 2040 4553 qua:

453 4554 509 4611 in
556 4556 820 4627 speciem,
862 4560 973 4610 tam
1020 4554 1161 4609 inter
1186 4569 1275 4619 se,
1304 4570 1465 4625 quam
1512 4570 1632 4611 cum
1669 4554 1900 4611 veritate
1946 4570 2044 4624 pu-

451 4636 636 4698 gnant.

450 4768 622 4894 aliquil
654 4768 917 4825 unitatem
963 4766 1318 4839 personarum
1360 4766 1654 4831 celebrent,
1695 4781 1791 4821 seu
1830 4766 2037 4836 jactent

452 4856 506 4894 in
536 4856 604 4894 vu
627 4855 745 4894 cus.

452 4856 506 4895 ιη
536 4856 745 4897 vumus.

517 4855 894 4980 bwilllg‘xlspaulo
932 4907 1587 4980 audacior,_eomparatus
1625 4906 1941 4980 diciturpro
1969 4922 2037 4966 eo

444 4981 590 5051 quod
618 4997 719 5053 par
732 4976 929 5053 Tactus.
962 4978 1187 5053 Videtur
1216 4976 1905 5053 Mercator_paraphrastiee
1934 4994 2037 5053 po-

446 5045 553 5109 tius
582 5045 744 5122 quam
775 5050 841 5122 ad
867 5051 1091 5122 verbum
1118 5048 1445 5122 sententiam
1467 5045 1708 5103 G’rteea’m
1733 5045 2035 5122 expressis-

442 5137 503 5195 se
524 5142 536 5177 :
555 5119 635 5179 sic
653 5123 798 5179 enim
823 5120 1009 5195 habet,
1036 5122 1094 5176 τὸ
1112 5119 1165 5176 δὲ
1186 5121 1358 5195 σάρδα
1376 5121 1604 5195 γενέσθαι
1625 5122 1712 5176 τὸν
1731 5120 1873 5195 lie-you
1895 5119 2035 5195 οὐδέν

441 5194 616 5267 ἕτερόν
645 5196 778 5257 ἐστι,
806 5194 850 5247 εἰ
879 5196 950 5268 ptri
979 5189 1061 5268 tit}
1096 5189 1639 5268 naparrdneiaicjipiv
1665 5189 1920 5268 μξῖέὰχιν
1947 5192 2032 5246 αἷ-

440 5260 601 5338 ματίος
648 5269 743 5338 xei
772 5260 986 5338 σαρίιᾷς.
1020 5260 1273 5338 Quin'et_
1307 5260 1570 5338 notinuiiti
1607 5260 1785 5338 emisit
1819 5260 2027 5331 postea,

439 5331 594 5404 quasi
623 5331 881 5403 colligens
896 5334 966 5404 in
991 5332 1369 5404 compendium
1388 5331 1575 5404 Cyriili
1597 5332 1759 5404 dicta.

514 5416 537 5445 θ
565 5400 835 5481 Religiose
883 5400 1084 5481 Grates;
1116 5400 1271 5481 vocis
1297 5400 1578 5481 πρεσϐεύει
1618 5403 1727 5457 vim
1765 5402 2025 5481 retinuit;

440 5474 525 5531 sin
552 5472 730 5531 minus
749 5482 942 5530 exacte
963 5474 1031 5530 ad
1052 5472 1419 5540 Latinitate'm,
1452 5481 1600 5530 certe
1624 5472 2029 5530 accommodate

440 5545 510 5601 ad
521 5545 941 5618 exprimendam
960 5543 1145 5618 Cyrilli
1164 5553 1419 5618 mentem.

509 5613 537 5655 ἀ
566 5613 797 5687 Intendit
820 5617 876 5687 in
902 5613 1132 5687 prirnum
1167 5624 1224 5671 et
1251 5615 1869 5687 quintumsermonem;
1901 5630 2025 5670 nam

439 5689 496 5745 in
538 5687 630 5743 illo
662 5685 939 5745 Nestorius
980 5694 1141 5756 negat
1173 5693 1361 5757 aperte
1388 5685 1792 5757 virginemdici
1825 5686 2026 5742 debere

438 5758 683 5819 Θεοτόκον
710 5776 723 5824 ;
757 5760 810 5813 in
831 5758 936 5812 isto
960 5757 1151 5813 metuit
1178 5756 1279 5811 hac
1298 5772 1434 5812 voce
1462 5758 1563 5823 uti,
1588 5756 1788 5828 quippe
1814 5757 2027 5827 pericu-

525 4710 549 4734 ιι
580 4696 764 4782 Graece
807 4697 853 4785 ei
879 4699 965 4753 καὶ
997 4698 1292 4774 προσώπων
1332 4697 1497 4785 Ericen:
1540 4717 1667 4785 mi;
1694 4694 2040 4785 quantumvis
2066 4724 2120 4785 Β

2157 3849 2274 3905 losa
2299 3846 2805 3920 {proptereaqued
2827 3848 2980 3920 abusi
3006 3856 3130 3904 sunt
3152 3849 3408 3915 haamtici,
3433 3852 3761 3920 quibuscum

2156 3918 2375 3995 vitanda
2404 3918 2691 3995 consensio
2718 3918 2806 3984 sit,
2837 3919 2999 3995 etiam
3033 3921 3319 3995 segmonis.
3347 3918 3484 3978 Hinc
3520 3921 3765 3995 Cyrillus

2153 3991 2402 4116 etin-atra.
2430 4004 2461 4044 a
2489 3989 2738 4045 Patrihus
2772 3996 2831 4045 et
2854 3990 3070 4059 quidem
3094 3989 3323 4048 ﬁdenter
3344 3989 3760 4064 pronuntiatam

2153 4078 2213 4116 re
2236 4078 2298 4116 er
2325 4102 2339 4115 .

2152 4070 2339 4119 refert.

2226 4143 2251 4172 ο
2282 4131 2426 4215 Inter
2467 4130 2726 4255 eEpistoias
2768 4130 2943 4214 sancti
2980 4128 3196 4214 Cyrilli,_
3230 4148 3351 4203 quas
3375 4134 3654 4205 pertinent
3682 4140 3759 4196 ad

2226 4204 2441 4255 neilium
2513 4202 2815 4255 nhesmum.
2848 4201 2965 4255 alim
2992 4211 3119 4255 sunt
3145 4203 3434 4255 historian.
3464 4206 3585 4255 alim
3612 4208 3757 4255 dm-

2151 4204 2441 4279 concilium
2452 4201 2965 4279 _i‘3phesiiium,_a_liae
2992 4201 3119 4279 sunt
3145 4201 3434 4279 historicm.
3456 4206 3585 4279 alite
3612 4208 3757 4279 dog-

2154 4274 2384 4347 matie'e,
2417 4272 2536 4347 alite
2569 4272 2751 4347 mixta:
2782 4291 2794 4326 :
2827 4273 3109 4347 historicas
3134 4273 3275 4340 dico,
3305 4276 3633 4347 quaelucem
3666 4272 3757 4335 εἶ’-

2155 4343 2334 4400 ferunt
2368 4344 2532 4400 rebus
2570 4344 2773 4413 gestis;
2813 4343 3172 4413 dogmaticas,
3211 4343 3339 4415 qusi
3376 4344 3539 4402 ﬁdem
3577 4365 3649 4405 ex

2152 4423 2319 4481 nunt;
2368 4416 2593 4484 mixtas,
2609 4429 2749 4484 quae
2795 4416 3077 4484 utriusque
3113 4416 3277 4472 modi.
3309 4415 3437 4473 Haec
3475 4427 3591 4475 tota
3634 4415 3760 4481 fere

2151 4485 2413 4542 historica
2444 4493 2545 4541 est.
2578 4483 2764 4554 Neque
2794 4484 2847 4540 id
2876 4483 3072 4540 miriun
3104 4505 3116 4540 :
3151 4487 3315 4543 habet
3341 4487 3484 4544 enim
3511 4488 3758 4549 formam

2150 4555 2553 4628 commonitorii
2583 4552 2702 4611 ﬁdis
2735 4556 3042 4628 hominibus
3068 4557 3199 4625 dati,
3225 4558 3292 4613 ad
3322 4559 3539 4628 negotia
3568 4561 3627 4616 in
3648 4578 3755 4617 ur-

2149 4627 2391 4698 beiregia
2422 4641 2521 4698 pro
2549 4634 2795 4696 tempore
2823 4634 2880 4682 et
2898 4626 3021 4683 loco
3042 4627 3359 4685 tractanda-

2220 4697 2391 4772 Porro
2425 4697 2604 4772 autem
2634 4698 2827 4753 mirum
2855 4706 3115 4772 quantum
3143 4699 3429 4772 discrepat,
3461 4710 3629 4772 prout
3654 4704 3758 4763 hic

2145 4784 2175 4843 a
2198 4768 2505 4828 Mercatore
2532 4767 2885 4843 interpretata
2906 4768 3121 4843 legit_ur_,
3146 4771 3213 4843 ab
3240 4786 3304 4843 ea
3320 4767 3450 4843 ‘guge
3462 4767 3755 4843 reperitur

2139 4839 2194 4894 in
2232 4848 2462 4964 utrague
2489 4837 2745 4895 versione
2774 4839 2989 4895 concilii
3016 4838 3289 4924 Ephesini,
3327 4837 3551 4898 Peltana
3587 4846 3751 4901 scili-

2139 4918 2225 4964 cet
2250 4926 2316 4964 ac
2395 4924 2610 4964 omana.
2647 4924 2872 4964 aureuue
2900 4911 2956 4964 in
2984 4910 3220 4964 editione
3250 4912 3485 4964 Onerum
3526 4911 3745 4964 Cvrilli-

2139 4918 2225 4965 cet
2250 4926 2316 4987 ae
2346 4910 2610 4987 Romana,
2647 4924 2872 4979 quaeque
2900 4911 2956 4965 in
2984 4910 3485 4987 edi_tione_0peru_m
3526 4911 3750 4987 Cyrilli,

2141 4988 2251 5052 tum
2282 4979 2473 5052 Latina
2505 4986 2706 5042 vetere,
2743 4987 2855 5033 tum
2882 4982 3186 5037 recentiore
3206 4979 3645 5052 Caeco-Latina;
3678 4979 3756 5045 ut

2140 5050 2341 5127 idcirco
2380 5051 2648 5127 diversam
2690 5057 2875 5127 posset
2902 5052 3111 5127 opinari
3149 5052 3451 5127 quispiam,
3477 5054 3581 5110 nisi
3612 5050 3757 5127 pars

2176 5122 2306 5186 rior,
2335 5120 2635 5191 majorque,
2660 5120 2846 5191 paucis
2873 5120 3505 5188 adinodum’iminutatis,
3539 5120 3755 5186 eadem

2161 5191 2298 5247 'oret.
2337 5190 2490 5247 Unde
2517 5191 2608 5246 vix
2635 5190 2744 5245 non
2774 5190 3011 5247 adducor
3036 5200 3098 5247 ut
3123 5192 3340 5248 credam
3376 5191 3643 5261 Crtecam,
3678 5210 3761 5256 ut;

2140 5278 2284 5333 nunc
2322 5262 2541 5331 quidem
2577 5261 2826 5333 habetur,
2864 5272 3183 5333 corruptam,
3202 5277 3343 5333 esse,
3383 5273 3440 5319 et
3465 5281 3535 5322 ex
3574 5265 3756 5328 Marii

2139 5332 2456 5388 Mercatoris
2475 5332 2725 5387 versione
2751 5331 3140 5401 corrigend‘am.
3173 5332 3410 5390 Mariana
3430 5343 3581 5394 certe
3611 5337 3757 5398 lon-

2135 5417 2203 5473 ge
2224 5405 2345 5477 pius
2371 5403 2588 5459 luminis
2614 5402 2771 5477 affert
2797 5402 3036 5477 historiae
3062 5420 3223 5475 quam
3249 5405 3487 5477 vulgata,
3518 5409 3755 5471 minus.

2135 5473 2240 5544 que
2260 5474 2425 5530 habet
2450 5473 2889 5545 perturbationis,
2920 5480 2981 5530 ut
3000 5490 3067 5531 ex
3080 5473 3445 5547 sequentibus
3468 5473 3756 5543 observa-

2136 5545 2370 5601 tionibus
2391 5544 2633 5601 liquebit.

2136 5545 2370 5601 tionibus
2391 5544 2633 5602 liquebit.

2209 5560 2370 5601 mnus
2391 5560 2633 5615 liquebit.

2209 5615 2230 5690 Τ
2261 5615 2831 5690 ln‘editionejulgata
2859 5616 3073 5690 concilii
3091 5616 3349 5690 Ephesini
3369 5621 3697 5685 inscribitur
3724 5649 3747 5687 :

2134 5686 2215 5740 Ad
2287 5687 2500 5743 clericos
2539 5685 3171 5760 “Constantinopolitano-3
3236 5695 3426 5748 mutuis
3490 5685 3750 5758 ἀὶιεὲὤίἀ

2132 5759 2508 5830 conﬂictum“.
2536 5757 2632 5813 llic
2662 5774 2730 5813 an
2757 5759 2847 5815 ille
2873 5757 3059 5816 titulus
3081 5758 3243 5818 falsus
3266 5762 3355 5830 sit,
3387 5762 3613 5823 dubium
3643 5757 3744 5826 fa;
