3904 6272
165 302 274 363 809

1074 293 1406 353 EPISTULA
1436 292 1493 349 S.
1532 289 1801 347 CYRILLI
1836 292 1930 348 AD
1966 290 2319 353 CLERICOS.
2359 293 2462 351 ΟΡ.

3313 289 3419 347 8ft)

233 415 450 472 clericos
479 429 597 469 suos
627 414 927 468 constitutos
956 409 1433 481 Constantinopoli;
1463 425 1529 463 ea:
1558 405 1737 464 Grazco
1763 416 1815 479 Α
1842 411 2061 466 eosdem
2090 411 2215 480 quia
2236 419 2290 467 et
2316 412 2431 481 ipse
2452 409 2679 465 dixerim
2709 416 2953 464 sanctum
2982 407 3267 463 concilium
3310 422 3419 462 non

234 502 469 542 sermone
492 500 637 539 versa
664 502 697 537 a
725 484 898 538 Mario
927 482 1235 537 Mercatore.

241 596 294 651 I.
324 594 452 663 Legi
487 594 690 649 litteras
726 593 916 649 missas
949 608 978 647 a
1003 592 1175 658 vobis,
1200 590 1393 660 quibus
1426 590 1585 645 didici
1612 591 1738 660 quia

167 698 200 726 ι
221 684 383 743 invidi
409 684 599 748 nostri,
631 682 999 739 conveniendo
1024 697 1140 747 vos,
1173 680 1443 751 fingebant
1465 695 1524 736 se
1551 696 1739 751 pacem

171 787 329 849 atque
367 776 657 831 amicitiam
697 789 958 845 quaerere,
1008 781 1064 829 ct
1096 772 1286 829 dicere
1326 773 1558 847 [Βαίας.
1611 773 1736 827 add.

167 868 335 941 quia],
360 868 499 923 sicut
526 866 759 936 hscripsi
789 865 856 920 ad
878 865 1189 931 monachos,
1221 864 1301 921 sic
1320 879 1380 922 se
1405 862 1562 919 fidem
1590 872 1743 921 tene-

166 976 257 1017 re:
286 958 479 1016 deinde
503 957 575 1013 ad
614 957 889 1029 proprium
916 971 1132 1013 sensum
1164 956 1533 1027 respicientes,
1565 955 1745 1013 dicere

1840 501 2147 557 meminisse
2174 502 2313 557 illius
2342 500 2623 556 locutionis
2646 510 2669 539 ο
2699 514 2817 569 quze
2844 506 2927 554 est
2945 498 3204 559 Θεοτόκος.

1834 652 1841 653 ί
1911 591 1967 646 2.
2013 592 2126 661 Ego
2165 602 2345 648 autem
2390 591 2605 662 scripsi,
2645 588 2789 660 quod
2834 589 3041 645 etiamsi
3090 604 3196 644 non
3245 588 3427 659 posuit

1843 684 2129 740 concilium
2156 686 2403 741 voculam
2445 686 2602 750 hanc,
2644 682 3026 738 convenienter
3072 689 3251 735 tamen
3298 680 3425 735 fecit

1846 774 2051 848 [Baluz.
2096 793 2198 831 om.
2243 777 2624 833 convenienter
2651 782 2830 828 tamen
2874 771 3019 843 fecit]
3054 790 3066 824 :
3111 772 3243 827 nihil
3281 771 3425 826 enim

1845 880 2034 922 eorum
2061 875 2190 923 tunc
2228 866 2401 922 fuerat
2422 874 2645 930 motum,
2677 878 2777 918 nec
2804 863 2859 917 in
2897 861 3131 916 medium
3159 861 3255 915 mn
3292 875 3428 931 opus

1848 960 2029 1017 afferri
2047 961 2193 1032 quod
2222 962 2312 1017 illo
2341 961 2395 1016 in
2424 968 2666 1029 tempore
2693 956 2912 1012 minime
2938 954 3295 1025 qumrebatur.
3323 951 3429 1008 Ve-

1334 1085 1874 1149 CASTIGA'I‘IONES
1911 1092 1999 1149 ET
2036 1091 2265 1149 NOTE.

164 1208 314 1265 ciunt
346 1205 695 1276 conjecturae
719 1203 773 1258 in
803 1202 1111 1276 'utramque
1142 1209 1357 1276 partem
1411 1218 1520 1276 non
1558 1203 1742 1276 leves.

236 1276 340 1332 Pro
367 1272 574 1343 vulgari
598 1273 741 1339 facit,
765 1272 994 1343 primum
1015 1272 1163 1341 quod
1187 1281 1431 1343 repertus
1457 1275 1527 1328 sit
1555 1274 1609 1329 in
1630 1290 1747 1329 om-

164 1348 322 1403 nibus
348 1341 551 1401 Graicis
570 1341 860 1406 codicibus,
885 1342 998 1396 sive
1024 1358 1160 1411 quos
1184 1341 1434 1398 Pe’ltanus
1454 1344 1742 1410 consuluit,

164 1417 499 1498 siveﬂquibus
526 1426 761 1498 est'usus
783 1413 1073 1498 Auib‘ertus
1109 1414 1160 1498 in
1184 1414 1495 1498 aceuranda‘
1512 1412 1746 1496 Operum

165 1482 346 1559 Cyrilli
383 1483 797 1559 Graeco-Latina
828 1482 1083 1559 editione.
1116 1482 1315 1559 Deinde
1353 1484 1499 1559 quod
1528 1482 1595 1539 ex
1627 1486 1746 1559 ipso

167 1550 317 1613 initio
338 1555 582 1623 epistola:
600 1553 790 1622 conjici
813 1553 982 1622 possit
1001 1550 1626 1623 Constantinopolitanos
1646 1550 1750 1610 cle-

164 1628 304 1683 rieos
332 1623 401 1680 ad
429 1624 685 1696 Cyrillum
715 1623 915 1691 scripto
952 1632 1172 1696 questos
1207 1638 1325 1677 esse
1365 1624 1456 1696 de_
1472 1624 1741 1690 Nestorio,

164 1713 264 1753 nec
287 1696 394 1750 alia
422 1693 619 1764 praeter
644 1694 785 1748 hanc
810 1694 1090 1764 responsio
1118 1702 1393 1764 appareat.
1417 1693 1570 1759 Tum,
1601 1696 1745 1764 quod

164 1767 254 1823 ubi
282 1765 350 1822 de
392 1763 641 1820 Nestorio
678 1778 856 1818 sermo
885 1770 984 1827 est,
1020 1763 1101 1816 bis
1128 1763 1427 1832 appelletur
1453 1763 1640 1819 eorum
1678 1764 1747 1819 ad

162 1835 589 1961 auosscribitur
615 1834 917 1903 episcopus.
950 1832 1208 1913 Denique,
1242 1834 1386 1915 quod
1414 1835 1616 1915 mentio
1655 1833 1749 1916 fiat

204 1906 329 1961 belli
360 1903 639 1961 cuiusdam
665 1912 853 1959 contra
880 1901 1181 1957 Nestorium
1214 1904 1282 1957 ab
1311 1919 1374 1958 us
1395 1904 1586 1961 uunbus
1615 1921 1748 1960 δεη-

204 1906 329 1961 belli
360 1901 853 1973 cujusdam—contra
880 1901 1181 1973 Nestorium
1214 1904 1282 1973 ab
1311 1903 1374 1958 iis
1395 1904 1586 1972 quibus
1615 1905 1748 1960 scri-

166 1975 307 2031 bitur
325 1972 632 2043 compositi,
656 1982 711 2029 et
733 1972 1146 2041 imperatoribus
1165 1972 1440 2027 efferendi.
1476 1972 1627 2029 Hunc
1647 1990 1746 2029 au-

167 2054 276 2101 tem
316 2042 606 2101 crediderit
642 2044 834 2112 aliquis
869 2044 1116 2112 eumdem
1157 2058 1277 2097 esse
1316 2058 1381 2099 ac
1416 2044 1507 2112 qui
1547 2058 1576 2097 a
1606 2042 1748 2100 Con-

165 2113 658 2255 stagtiuopolitanis
696 2110 908 2168 oblatus
934 2110 1103 2168 fertur
1134 2114 1173 2185 (ι
1205 2121 1340 2184 part.
1372 2110 1516 2168 conc.
1553 2113 1745 2185 Ephes.

165 2200 215 2239 ι.
306 2225 321 2239 .

165 2200 215 2239 ι.
243 2200 321 2239 ὂ).

236 2252 378 2310 Sunt
402 2269 533 2310 vero
566 2254 725 2323 longe
766 2253 920 2323 plura
948 2252 1300 2322 gravioraque
1336 2254 1605 2309 rationum
1632 2270 1752 2310 mo-

165 2333 373 2395 menta,
396 2340 495 2395 pro
518 2324 848 2395 restituendo
868 2323 921 2395 in
945 2324 1121 2395 locum
1141 2324 1379 2385 alterius,
1403 2324 1494 2392 qui
1522 2325 1749 2395 subrep-

163 2395 237 2450 sit
257 2391 501 2449 Mariano
532 2394 686 2448 titulo
712 2411 732 2464 7:
766 2393 827 2445 I°
856 2391 1086 2464 Cyrill_us
1113 2408 1240 2448 suos
1263 2434 1277 2458 ,
1302 2391 1434 2464 sive
1461 2391 1751 2463 apocrisia-

166 2465 294 2527 rios,
323 2465 439 2519 sive
461 2472 679 2531 agentes
708 2463 760 2516 in
788 2462 947 2517 rebus
980 2462 1244 2532 Egyptim
1280 2462 1546 2525 dimcesis,
1578 2464 1747 2518 habe-

167 2535 261 2590 bat
280 2550 498 2600 semper
518 2534 572 2597 in
593 2534 724 2587 urbe
738 2532 904 2600 regia,
918 2539 973 2586 et
994 2532 1058 2585 iis
1078 2532 1413 2599 potissimum
1435 2533 1754 2587 turbulentis

163 2601 521 2674 Emporibus
540 2602 814 2670 indigebat
856 2601 973 2655 fidis
1011 2608 1172 2674 atque
1200 2601 1476 2674 industriis
1504 2602 1595 2670 qui
1622 2618 1752 2671 pru-

163 2669 364 2729 denter
405 2669 769 2742 explorarent,
808 2678 865 2725 ct
898 2685 1077 2742 rerum
1115 2669 1529 2742 inclinationes,”
1552 2680 1605 2725 et
1624 2669 1753 2742 'qua

160 2744 384 2799 ratione
411 2738 809 2811 declinarentur
830 2738 1250 2811 artesANestorii,
1284 2756 1391 2811 non
1421 2748 1629 2811 tantum
1648 2738 1754 2811 Cy.

162 2813 313 2877 rillo,
339 2812 437 2867 sed
458 2811 620 2866 etiam
643 2810 765 2865 fidei
791 2809 1081 2880 perniciem
1112 2810 1400 2880 molientis.
1432 2809 1495 2863 2°
1516 2809 1755 2880 Epistola

163 2882 401 2950 formam
430 2881 593 2935 habet
620 2878 1037 2950 commpnitorii,
1079 2878 1237 2947 eique
1267 2879 1425 2948 plane
1463 2878 1757 2950 respondet

165 2951 314 3022 quod
342 2949 575 3021 Cyrillus
614 2949 762 3003 dedit
790 2947 1018 3022 Eulogio
1056 2947 1369 3022 presbytero
1398 2966 1497 3004 suo
1537 2947 1589 3004 III
1620 2952 1755 3007 urbe

168 3018 295 3146 gost
346 3018 623 3091 peractum
677 3018 966 3073 concilium
1012 3018 1246 3073 versanti
1284 3020 1387 3140 ίἓιη
1426 3029 1560 3090 part.
1606 3037 1752 3102 conc.

222 3090 368 3146 ohes.
403 3107 447 3143 c.
483 3089 593 3146 37).
620 3087 850 3146 Suberat
871 3102 1002 3143 vero
1041 3103 1255 3143 omnem
1324 3089 1445 3144 dem
1473 3090 1541 3144 ab
1578 3091 1752 3146 alieno

1849 1208 2128 1279 pensionis
2150 1223 2181 1279 a_
2201 1206 2395 1279 Photio
2416 1207 2493 1279 ad
2522 1205 2805 1279 epistolam
2832 1204 3020 1279 editae;
3046 1202 3428 1279 ei_libel_lorum

1849 1272 1917 1332 ab
1947 1276 2320 1333 Alexandrinis
2350 1272 2824 1331 calumniatoribus
2864 1274 2915 1328 iu
2953 1273 3208 1344 Cyrillum
3239 1272 3430 1344 Nesto-

1847 1347 1932 1402 rio
1952 1356 2354 1417 porrectoruni;
2387 1355 2441 1400 et
2462 1346 2629 1399 habiti
2654 1361 2683 1399 a
2706 1345 2951 1417 Nesto_rio
2975 1342 3255 1417 sermonis,
3275 1342 3430 1410 cujus

1848 1414 2059 1473 initium
2100 1426 2183 1473 est
2228 1436 2240 1470 :
2285 1415 2652 1479 Contumelias,
2697 1423 2799 1469 etc.
2846 1414 2977 1467 Eam
3016 1414 3178 1481 igitur
3216 1421 3431 1483 oportet

1848 1496 1972 1559 post
1992 1488 2105 1559 ista
2134 1488 2388 1559 scriptam
2417 1486 2611 1559 fuisset
2630 1493 2789 1553 atque
2809 1484 2950 1559 adeo
2980 1498 3085 1537 non
3109 1490 3234 1537 ante
3276 1498 3429 1559 men-

1848 1552 1963 1613 sem
1991 1552 2339 1612 Februarium
2364 1572 2488 1610 ann.
2517 1554 2638 1620 450,
2664 1552 2921 1623 eumipsa
2950 1568 3016 1608 eo
3045 1568 3214 1621 usque
3243 1552 3432 1622 perdu-

1851 1636 1935 1683 cta
1967 1628 2105 1693 sint;
2135 1628 2297 1681 immo
2319 1642 2437 1681 cum
2460 1626 2600 1680 idem
2623 1631 2997 1693 argumentum
3025 1623 3315 1687 contineat,
3345 1632 3431 1677 at-

1777 1718 1822 1778 B
1850 1712 1955 1778 que
1980 1698 2214 1778 seeunda
2239 1695 2422 1778 Cyriiii
2447 1696 2510 1749 ad
2543 1694 2844 1778 Nestorium
2860 1693 3110 1778 epistola,
3142 1693 3433 1778 neeipsius

1850 1762 2030 1823 tamen
2053 1767 2213 1822 faciat
2238 1762 2587 1830 mentionem,
2622 1781 2742 1819 cum
2772 1762 3000 1818 faciendi
3028 1762 3321 1817 necessitas
3352 1762 3434 1819 fo-

1850 1844 1953 1903 ret,
1985 1838 2031 1893 si
2055 1838 2215 1891 modo
2243 1837 2443 1891 veritas
2476 1843 2768 1904 pateretur,
2797 1834 3037 1903 oportuit
3062 1832 3323 1904 profecto,
3346 1833 3432 1887 vel

1852 1902 1977 1977 ante
1998 1908 2167 1977 ipsam
2188 1906 2368 1969 scribi,
2392 1902 2491 1977 vel
2501 1920 2630 1977 c_um
2640 1905 2758 1977 ipsa
2780 1902 3032 1977 secunda:
3060 1902 3219 1970 Atqui
3241 1902 3434 1977 epis_to-

1852 1976 1903 2032 la
1937 1972 2237 2032 Nestorium
2268 1976 2477 2030 monuit
2511 1972 2741 2044 Cyrillus
2778 1974 2877 2029 sub
2916 1973 3124 2044 initium
3157 1987 3281 2025 ann.
3307 1972 3430 2037 450,

1851 2062 2037 2103 mense
2067 2047 2287 2111 Mechir,
2332 2062 2427 2101 seu
2461 2042 2782 2110 Februario;
2813 2044 2879 2099 ad
2900 2044 3003 2097 hoc
3030 2042 3190 2111 igitur
3227 2050 3436 2112 tempus

1852 2118 1997 2187 quod
2025 2126 2151 2187 ante
2178 2116 2409 2171 diximus
2436 2115 2687 2187 pertinet.

1927 2196 1955 2225 ιι
1980 2187 2037 2241 In
2056 2186 2244 2242 Graeco
2266 2195 2417 2242 textu
2438 2179 2538 2255 pro
2562 2184 2753 2238 invidis
2766 2183 3081 2255 nominatur
3101 2179 3433 2255 Anastasius,

1853 2256 2094 2328 impurus
2114 2258 2202 2312 ille
2223 2252 2519 2328 presbyter,
2546 2254 2776 2310 Nestorii
2797 2254 3063 2328 syneellus
3077 2290 3091 2315 ,
3114 2252 3437 2328 _et_consilio_-

1852 2322 1973 2381 rum
1994 2322 2281 2397 particeps,
2305 2322 2969 2397 hmresisquespargendaa
2989 2322 3315 2397 administer,
3338 2322 3430 2390 qui

1853 2411 1977 2452 cum
1996 2392 2287 2451 'Autioehia
2309 2392 2612 2449 venientem
2634 2392 2936 2447 Nestorium
2959 2392 3241 2446 comitatus
3269 2398 3431 2455 esset,

1892 2467 2075 2531 rimus,
2110 2467 2155 2520 si
2183 2481 2287 2534 qua
2316 2465 2449 2519 fides
2478 2464 2745 2517 historicis
2782 2461 3000 2526 Graecis,
3042 2476 3200 2515 ausus
3226 2469 3308 2515 est
3334 2477 3437 2529 pu-

1853 2482 1994 2590 Blice
2024 2536 2077 2589 in
2106 2536 2332 2590 ecclesia
2375 2547 2570 2590 negare
2598 2533 2809 2587 beatam
2836 2532 3109 2590 Virginem
3152 2546 3269 2585 esse
3310 2530 3436 2584 Dei-

1894 2536 1994 2591 lice
2024 2530 2077 2589 in
2106 2530 2332 2590 ecclesia
2375 2547 2570 2601 negare
2598 2533 2809 2601 beatam
2836 2532 3109 2601 Virginem
3152 2546 3269 2601 esse
3310 2530 3436 2584 Dei-

1856 2620 2062 2674 param,
2096 2606 2209 2659 sive
2238 2605 2289 2658 id
2326 2604 2377 2657 in
2406 2599 2708 2674 collatione
2731 2600 3010 2674 effuderit,
3026 2608 3157 2674 gestu
3201 2599 3440 2674 dispnia-

1858 2668 2022 2729 tionis
2051 2668 2337 2744 abreptus,
2370 2680 2427 2744 ut
2467 2668 3094 2744 innuit‘SocratesiLibi
3127 2685 3215 2733 vn,
3324 2670 3436 2738 57),

1858 2745 1972 2798 sive
2000 2739 2254 2813 scriptam
2289 2739 2330 2797 a'
2351 2742 2597 2813 Nestorio
2626 2740 2898 2813 homiliam
2932 2739 3304 2813 IegeritLquod
3328 2748 3438 2793 tra—

1859 2814 1937 2868 dit
1967 2808 2321 2883 Theophanes
2360 2812 2799 2883 (Inichronologi
2818 2810 2887 2883 ad
2914 2827 3039 2883 (inn.
3062 2808 3219 2883 Δ498).

1932 2883 2049 2938 Dixi
2078 2877 2227 2948 vero,
2259 2884 2302 2937 si
2328 2877 2432 2951 qua
2462 2880 2591 2936 fides
2614 2877 2883 2935 historicis
2904 2879 3102 2951 Griecis
3135 2898 3147 2931 :
3179 2877 3303 2933 nam
3332 2877 3437 2951 Cy—

1859 2954 2010 3008 rillus
2049 2954 2162 3008 vult
2204 2970 2234 3007 a
2276 2950 2548 3008 Dorotheo
2578 2950 2980 3019 Martianopolis
3017 2950 3269 3018 episcopo
3300 2950 3438 3003 hanc

1860 3024 2264 3105 blasphemiam.
2288 3022 2710 3105 pronuntiatam,
2756 3021 3301 3105 Nestorio‘prtcseiite
3338 3036 3439 3105 nec

222 3087 368 3170 phesZ.
403 3107 447 3143 ε.
483 3089 593 3159 57).
620 3087 850 3170 Superat
871 3102 1002 3169 vero
1041 3103 1255 3170 omnem
1284 3087 1445 3144 fidem
1473 3090 1550 3170 ab.
1578 3091 1754 3147 alieno
1782 3090 1829 3154 C
1860 3087 2215 3170 improbante.
2242 3087 2331 3147 Lis
2352 3090 2640 3170 utcumque
2663 3089 2912 3170 componi
2939 3087 3442 3170 potesthiAnasta-

172 3157 401 3232 priesule
429 3157 911 3232 commonitorium
928 3197 942 3221 ,
976 3157 1246 3232 _immo__e_t
1284 3160 1715 3232 procurationem
1734 3203 1749 3228 ,

175 3226 290 3285 dari
305 3229 521 3300 clericis
544 3228 765 3282 alterius
784 3226 1055 3300 Ecclesize,
1081 3235 1137 3300 e_t
1156 3226 1301 3300 illius
1318 3230 1611 3300 praesertim
1635 3226 1755 3300 qua:

178 3299 377 3355 invidia
420 3298 689 3354 laboraret
725 3311 852 3365 erga
891 3296 1333 3367 Alexandrinam,
1358 3299 1409 3352 in
1457 3310 1562 3367 qua
1608 3296 1757 3355 certe

179 3370 329 3425 multi
369 3368 544 3439 adhuc
582 3368 876 3439 existerent
918 3367 1117 3422 addicti
1154 3366 1559 3439 Chrysostomo,
1602 3370 1757 3439 cujus

181 3454 374 3495 nomen
403 3438 623 3509 vixdum
650 3436 880 3509 Cyr-illus
908 3445 1202 3509 receperat.
1229 3436 1290 3509 δὲ
1321 3437 1396 3509 De
1421 3439 1532 3509 suis
1554 3436 1756 3494 calum-

185 3509 477 3563 uiatoribus
507 3504 881 3577 Alexandrinis
906 3504 1137 3577 Cyrillus
1171 3507 1393 3576 perinde
1421 3508 1658 3577 loquitur
1694 3526 1759 3565 ac

183 3578 248 3634 de
266 3578 574 3633 hominibus
593 3577 750 3632 valde
771 3576 912 3631 notis
933 3576 1073 3646 apud
1094 3592 1189 3631 eos
1214 3579 1407 3646 quibus
1428 3576 1631 3632 scribit.
1658 3578 1758 3634 Us-

185 3662 283 3717 que
319 3648 529 3703 adeone
555 3662 686 3702 vero
723 3645 1067 3717 Alexandrini
1095 3645 1491 3703 innotescerent
1528 3649 1761 3704 homini-

186 3716 279 3773 bus
307 3718 467 3786 longe
495 3718 702 3788 positis,
738 3724 804 3788 ut
823 3717 987 3788 verbi)
1022 3716 1245 3788 indicari
1270 3719 1524 3788 possent?
1552 3717 1614 3770 4ο
1644 3718 1758 3775 Etsi

187 3788 359 3858 plures
384 3785 602 3858 exstant
628 3785 811 3858 Cyrilli
848 3786 916 3840 ad
938 3785 1570 3858 Constantinopolitanos
1597 3789 1758 3844 cleri-

310 3857 573 3928 epistolze,
605 3857 707 3911 alia
735 3863 915 3928 tamen
956 3857 1101 3911 nulla
1130 3857 1494 3928 responsionis
1534 3858 1757 3913 formam

190 3925 528 3996 babet'quam
556 3942 676 3996 qua:
721 3926 936 3996 scripta
956 3934 1039 3980 est
1065 3942 1188 3980 ann.
1220 3925 1342 3993 150,
1379 3929 1519 3983 circa
1549 3936 1762 3983 autum-

190 4012 335 4069 num,
359 3995 428 4053 ex
458 3995 1067 4069 concilioAlexandrino
1099 3998 1292 4069 (ιᾼραγι.
1322 4014 1465 4069 conc.
1492 3996 1685 4069 Ephes.
1711 4015 1756 4052 c.

192 4064 296 4136 27),
326 4068 493 4122 immo
528 4082 627 4121 nec
655 4066 758 4120 alia
785 4066 960 4135 potuit
996 4064 1116 4120 esse
1142 4064 1463 4135 hujusmodi,
1498 4064 1619 4122 cum
1650 4069 1763 4123 haec

194 4135 319 4205 ipsa,
342 4136 498 4205 cujus
516 4136 677 4191 modo
702 4136 1059 4205 meminimus,
1076 4136 1321 4189 videatur
1341 4137 1517 4191 dicere
1539 4146 1763 4193 eatenus

195 4204 240 4278 ai
259 4204 457 4278 Cyriflo
494 4221 811 4278 responsum
846 4221 954 4260 nou
978 4204 1140 4261 fuisse
1167 4206 1484 4278 clericorum
1512 4208 1657 4261 urbis
1678 4223 1764 4261 re-

196 4274 287 4345 gite
304 4274 601 4345 'querelis.‘
619 4274 743 4329 Hice
770 4284 948 4329 autem
985 4289 1146 4345 quam
1173 4276 1431 4330 habemus
1456 4292 1566 4345 pra:
1594 4278 1765 4331 mani-

198 4344 305 4411 bus,
329 4343 484 4416 anno
497 4353 612 4400 toto
631 4346 778 4415 prius
798 4346 959 4416 missa
978 4352 1079 4416 est.
1106 4343 1159 4395 5'
1181 4345 1239 4398 In
1260 4345 1362 4399 hac
1382 4343 1494 4416 ipsa
1515 4346 1760 4415 epistola,

200 4425 348 4485 prout
376 4432 406 4469 a
436 4414 737 4470 Mercatore
764 4428 920 4470 versa
947 4414 1158 4483 legitur,
1193 4414 1577 4471 tantum'abes’t
1596 4423 1655 4470 ut
1684 4417 1765 4470 di-

200 4465 339 4555 catur
360 4485 637 4541 Nestorius
664 4500 848 4540 eorum
879 4465 1550 4555 eséé”épis'éoﬁu§,:§hitid§
1560 4465 1764 4540 scribe-
1791 4465 1847 4525 Ῐ)

200 4552 364 4636 batur,
399 4564 459 4610 ut
498 4556 677 4625 potius
712 4571 821 4609 uno
864 4555 917 4609 in
959 4552 1078 4636 lnco
1116 4552 1285 4609 (18⁷88
1300 4552 1540 4636 εἰῇξιυίυιιξ
1567 4556 1771 4621 diserte,

201 4622 458 4694 loquatur,
499 4622 662 4747 seiljlue
707 4639 894 4679 eorum
932 4624 1000 4705 ad
1037 4639 1175 4747 quos
1208 4622 1410 4689 scribit,
1454 4626 1764 4696 episcopum

203 4704 364 4747 vocet.
394 4695 460 4747 6°
482 4693 564 4747 Nu
607 4710 666 4747 us
688 4710 906 4747 precum
927 4694 1050 4747 libel
1076 4710 1135 4747 us
1163 4696 1472 4747 imperatori
1498 4711 1529 4747 a
1557 4696 1764 4747 clericis

203 4693 364 4751 vocet.
394 4695 460 4748 6°
482 4693 666 4749 Nullus
688 4710 906 4763 precum
927 4693 1135 4748 libellus
1163 4696 1472 4763 imperatori
1489 4693 1529 4749 7a
1557 4693 1767 4751 clericis

205 4766 338 4819 urbis
372 4764 535 4834 regia:
567 4765 778 4818 oblatus
807 4764 1031 4831 legitur;
1059 4764 1151 4819 sed
1188 4764 1367 4834 potius
1409 4781 1439 4818 a
1468 4766 1765 4831 monachis,

206 4847 416 4900 quorum
443 4835 555 4889 dux
580 4834 803 4888 Basilius
832 4834 1265 4889 archimandrita.
1289 4834 1465 4899 Quare
1491 4836 1535 4889 si
1556 4851 1659 4903 qua
1683 4835 1765 4891 fo-

207 4911 281 4957 ret
302 4905 594 4975 necessitas
615 4903 811 4975 fatendi
841 4904 1121 4974 epistolam
1143 4920 1172 4959 a
1192 4903 1394 4975 Cyrillo
1416 4906 1669 4975 scriptam
1698 4904 1768 4975 ad

208 4986 292 5028 eos
314 4975 401 5043 qui
437 4973 677 5028 libellum
710 4973 941 5028 oblaturi
973 4982 1172 5043 essent,
1200 4973 1452 5043 scriptam
1477 4973 1659 5043 utique
1686 4973 1765 5027 fa-

210 5042 409 5098 tendum
443 5050 608 5115 esset,
634 5058 741 5097 non
774 5043 844 5115 ad
870 5044 1095 5099 clericos
1117 5042 1761 5115 Constantinopolitanos,

209 5124 304 5179 qua
341 5114 691 5182 generalitate
732 5113 897 5178 vocis,
940 5122 1033 5167 aut
1076 5123 1219 5169 totus
1256 5114 1449 5179 clerus,
1476 5113 1583 5169 'aut
1622 5121 1767 5169 certe

210 5194 324 5261 pars
357 5183 549 5261 melior
582 5182 913 5261 intelligitur,
957 5184 1051 5261 sed
1078 5184 1146 5238 ad
1172 5184 1483 5261 monachos,
1521 5200 1551 5239 e
1575 5185 1768 5261 quibus

214 5252 341 5323 inter
363 5252 639 5323 diaconos,
662 5252 1109 5323 quemadmodum
1138 5261 1194 5307 et
1218 5253 1357 5307 inter
1379 5254 1629 5323 lectores,
1650 5254 1768 5323 qui-

214 5319 322 5391 dam
344 5330 512 5377 erant.
540 5319 797 5391 Denique,
824 5322 1087 5377 minorem
1114 5323 1270 5377 fidem
1300 5332 1573 5378 merentur
1598 5319 1769 5378 GrEcci

214 5390 411 5463 codices
448 5393 609 5463 longo
636 5390 758 5463 post
794 5400 1036 5462 tempore
1072 5393 1343 5463 exscripti,
1374 5408 1535 5462 quam
1574 5392 1772 5447 Marius

216 5457 467 5599 repetitur
493 5457 775 5532 epistolam
796 5457 924 5517 tunc
950 5477 1089 5533 pene
1116 5457 1589 5518 cum'scrib'eretur
1615 5463 1773 5518 inter-

253 5546 304 5584 rc
381 5549 457 5587 us.

253 5546 353 5585 rcta
360 5546 457 5587 ιυε.

282 5600 505 5672 Tempus
530 5602 837 5671 scriptionis
865 5616 933 5656 ex
965 5618 1032 5658 eo
1061 5604 1214 5658 facile
1243 5604 1573 5673 intelligitur.
1604 5602 1690 5657 Fit
1717 5603 1771 5657 in

220 5680 326 5743 ipsa
351 5673 565 5743 meniio,
585 5680 643 5743 et
662 5687 859 5743 sparsae
878 5673 932 5726 in
947 5674 1077 5728 urbe
1096 5674 1279 5743 Cyrilli
1310 5674 1549 5743 epistola:
1569 5673 1634 5727 ad
1656 5689 1767 5728 mo-

222 5741 409 5797 nachos
436 5741 669 5812 Egypti,
695 5741 921 5810 indeque
950 5741 1254 5800 exacerbati
1276 5741 1535 5813 Nestorii;
1567 5752 1623 5799 et
1653 5759 1770 5800 res-

486 5832 757 5892 I’n‘non.
806 5830 1091 5893 XLVIII.

1858 3159 1972 3219 sius
1990 3164 2199 3219 dicatur
2219 3177 2443 3230 negasse
2466 3159 2669 3231 primus
2688 3159 2960 3228 Virginem
2983 3174 3102 3231 esse
3126 3159 3437 3231 Deiparam;

1859 3235 2066 3304 primus
2106 3229 2391 3288 anathema
2431 3229 2731 3287 Dorotheus
2772 3229 3200 3299 pronuntiaverit
3242 3229 3295 3284 in
3345 3244 3441 3284 eos

1859 3305 1956 3374 qui
1984 3304 2034 3358 id
2058 3311 2379 3359 assererem.
2640 3314 2643 3315 '

1933 3373 2244 3428 Anastasius
2264 3387 2427 3444 perro
2447 3371 2536 3444 ille
2564 3380 2648 3444 est
2668 3384 2826 3444 quem
2851 3366 3129 3444 Charisius
3149 3369 3329 3444 retulit
3347 3368 3443 3444 de-

1860 3443 2004 3499 disse
2030 3460 2136 3498 una
2157 3438 2282 3498 cuni
2302 3441 2495 3497 Pbotio
2525 3442 2704 3496 itidem
2732 3438 2962 3493 Nestorii
2992 3438 3323 3503 administro,
3351 3438 3442 3491 lit-

1861 3521 2007 3568 teras
2028 3512 2513 3569 commendatorias
2534 3510 2735 3565 Jacobo
2758 3516 2811 3563 et
2832 3508 3062 3562 Antonio
3084 3508 3151 3561 ad
3175 3506 3442 3563 Philadel-

1860 3584 2134 3653 phienses,
2166 3594 2225 3636 ut
2253 3598 2348 3638 eos
2391 3584 2458 3637 ab
2488 3580 2697 3653 hicresi“
2719 3578 3321 3653 Quartadecimanorum
3351 3594 3441 3653 re:

1861 3647 2124 3723 vocarent
2149 3656 2205 3722 (ιι
2245 3662 2378 3723 part.
2412 3650 2729 3723 conc._1§ph.
2774 3658 2873 3723 aet.
2904 3647 2988 3717 6);
3022 3663 3127 3723 non
3166 3656 3342 3702 tamen
3372 3647 3442 3723 ed

1864 3722 2022 3777 fidem
2045 3717 2387 3786 catholicam,
2407 3722 2499 3776 sed
2522 3721 2586 3775 ad
2609 3717 2836 3773 Nestorii
2858 3726 3059 3786 partes.
3080 3718 3292 3771 incauta
3312 3717 3441 3772 sub-

1864 3794 2155 3863 scriptione
2174 3793 2400 3863 symboli
2430 3807 2460 3863 a
2490 3790 2774 3863 Theodoro
2803 3787 3181 3856 Mopsuesteuo
3203 3787 3441 3853 conficti,

1864 3862 1932 3916 de
1960 3861 2067 3932 quo
2099 3861 2286 3932 postea
2320 3862 2475 3932 nobis
2500 3861 2606 3932 erit
2634 3873 2829 3932 sermo.

1938 3932 1963 3969 δ
1978 3925 2226 4001 Epistoia
2246 3931 2429 4001 Cyrilli
2452 3930 2517 3983 ad
2539 3928 2829 4001 monachos
2851 3925 3067 4001 {Egypti
3093 3926 3131 3996 (ι
3147 3934 3283 4001 pari.
3297 3942 3442 4001 conc.

1864 3995 2059 4071 Ephes'.
2095 4019 2140 4055 c.
2172 4000 2251 4071 2),
2292 3995 2413 4071 quie
2446 4007 2558 4053 tota
2596 3998 2707 4071 fere
2746 3996 2798 4049 in
2840 3996 3087 4071 dogmate
3126 3995 3443 4071 explieando

1866 4064 2132 4132 versatur,
2160 4064 2363 4139 primus
2391 4068 2489 4123 fuit
2506 4068 2674 4122 sancti
2703 4066 2942 4139 pnesulis
2973 4065 3227 4139 adversus
3255 4064 3445 4139 Nestp;

1865 4142 2005 4195 rium
2046 4126 2199 4195 Iabo'r
2233 4159 2244 4192 :
2287 4154 2445 4208 quem
2473 4153 2577 4206 qua
2618 4126 2899 4208 occasione
2940 4126 3446 4208 susceperitt‘tradit

1868 4211 1983 4280 ipse
2024 4226 2144 4265 cum
2187 4212 2239 4263 in
2276 4204 2429 4279 parte
2468 4204 2699 4280 secunda
2742 4204 3190 4280 h_ujus_epi_stola3,
3221 4204 3447 4280 aliisque

1868 4273 2067 4350 passim
2098 4282 2150 4334 in
2180 4273 2329 4350 locis,
2365 4286 2474 4350 tum
2508 4275 2822 4350 maximein
2844 4273 3446 4350 ‘prioribus_rnonitpriis

1870 4342 1939 4419 ad
1958 4350 2261 4404 Nestorium
2292 4348 2501 4419 litteris.
2522 4345 2663 4419 Cum
2678 4346 2817 4419 enim
2840 4342 3095 4419 exegeses
3115 4342 3367 4419 Nestorii,
3392 4350 3447 4396 et

1869 4418 2163 4500 pnesertiiii
2199 4433 2377 4500 serme
2406 4416 2701 4500 primusnde
2741 4415 2981 4500 virgineo
3016 4420 3171 4481 partu
3212 4413 3449 4500 venisset

1871 4483 1925 4543 in
1946 4504 2136 4543 manus
2164 4483 2547 4541 monachorum
2574 4485 2810 4555 Egypti,
2836 4492 3147 4555 mentesque
3169 4483 3448 4555 nonnnilo-

1869 4575 1989 4613 rum
2016 4560 2087 4613 ita
2108 4558 2472 4628 pervertisset,
2499 4563 2555 4609 ut
2574 4552 2829 4628 nudanter
2850 4552 3180 4628 affirmarent
3207 4569 3307 4628 nec
3326 4552 3447 4628 V_ir-_-

1869 4629 2048 4697 ginem
2076 4622 2193 4683 esse
2231 4627 2533 4695 Deiparam,
2564 4640 2664 4679 nec
2698 4622 2967 4697 Christum
2996 4623 3184 4697 Deum,
3217 4622 3446 4697 sed_Dei

1869 4691 2078 4767 tantum
2117 4691 2547 4760 instrumentum,
2579 4703 2669 4748 aut
2706 4694 2974 4747 hominem
3004 4694 3281 4767 esopépoii;
3320 4691 3446 4767 huic

1870 4769 2015 4822 malo
2042 4766 2365 4839 Cyrillus__ut
2406 4772 2731 4839 occurreret,
2769 4778 3071 4839 sermonem
3108 4761 3176 4815 de
3204 4761 3444 4839 virgineo

1868 4846 2027 4908 partu
2056 4830 2127 4891 ita
2157 4836 2369 4908 refellit,
2412 4843 2470 4889 ut
2508 4830 2833 4908 os_t_enderet,
2870 4833 3097 4908 primum
3126 4830 3447 4908 aucteritate

1873 4900 2166 4985 Athanasii
2186 4907 2522 4985 rationeque,
2550 4904 2818 4985 Virginem
2859 4900 2964 4956 dici
2991 4900 3445 4985 _de'bere‘De‘ipa-

1871 4990 2009 5039 ram,
2034 4976 2291 5045 siquidem
2311 4969 2581 5045 Christum
2598 4969 2763 5027 Deum
2786 4972 3047 5045 genuerit.
3072 4969 3447 5045 Deinde_Ch_ri-

1873 5054 2013 5102 stum
2047 5039 2164 5102 esse
2206 5046 2373 5101 Deum
2410 5044 2718 5103 conficeret,
2757 5042 2951 5111 partim
2981 5057 3044 5095 ex
3083 5039 3341 5111 symbolo
3356 5039 3448 5111 Ni-

1872 5132 2041 5183 aeno,
2074 5116 2268 5187 partim
2304 5114 2590 5187 Scriptura:
2627 5108 2964 5187 testimoniis,
3007 5117 3062 5164 et
3098 5108 3189 5187 illo
3213 5108 3447 5187 φορ,εεί-

1874 5132 2041 5183 emno,
2074 5126 2268 5187 partim
2304 5126 2590 5183 scriptura:
2627 5126 2964 5175 testimoniis,
3007 5126 3062 5164 et
3098 5126 3189 5164 tuo
3269 5126 3443 5164 eussn-

1874 5203 2021 5241 mum
2064 5204 2075 5239 :
2117 5186 2337 5240 Verbum
2376 5200 2496 5237 caro
2532 5185 2724 5251 factum
2764 5191 2839 5235 est
2878 5180 3056 5250 (Joan.
3089 5194 3126 5246 ι,
3167 5126 3277 5303 «ᾖ.
3310 5177 3443 5232 Tum

1875 5257 2300 5303 cavillationibus
2328 5254 2700 5303 hmreticorum
2725 5250 3094 5303 resnonderet.
3124 5263 3177 5301 m
3252 5262 3443 5303 umque

1875 5257 2300 5311 cavillationibus
2327 5250 2700 5308 hmretiCorum
2725 5250 3094 5320 responderet,
3124 5250 3449 5317 modumque

1877 5334 2182 5396 exponeret
2205 5324 2417 5396 unionis
2443 5321 2689 5396 Verbum
2710 5321 2849 5396 inter
2875 5335 2940 5396 ac
2963 5320 3248 5396 humanam
3287 5325 3446 5396 natuf

1879 5386 2014 5450 ram.
2040 5395 2275 5450 Tandem
2304 5393 2484 5447 multis
2505 5391 2885 5460 quaastionibus
2914 5390 2987 5460 ita
3015 5386 3363 5460 satisfaceret,
3388 5394 3449 5440 ut

1877 5467 2162 5535 peritiores
2196 5464 2410 5535 quidem
2452 5456 2837 5535 monachorum
2874 5458 3129 5535 adversus
3165 5456 3446 5535 hairetico;

1878 5526 1998 5589 rum
2020 5526 2252 5603 argutias
2275 5534 2577 5603 instrueret,
2595 5530 2947 5601 simpliciores
2960 5528 3175 5597 juberet
3195 5526 3262 5582 ab
3283 5526 3451 5595 inqui-

1879 5605 2075 5660 sitione
2094 5602 2378 5659 subtiliore
2408 5602 2695 5655 abstinere.

1954 5686 1977 5714 ο
2009 5673 2136 5729 Post
2176 5674 2393 5727 verbum
2434 5672 2734 5736 locutionis,
2772 5670 3018 5725 Baluzius
3072 5669 3220 5725 addit
3264 5687 3277 5722 :
3317 5668 3447 5725 Dico

1880 5754 2045 5800 autem
2073 5758 2332 5816 puerpera:
2355 5741 2472 5808 Dei,
2501 5742 2555 5795 id
2576 5750 2659 5819 est,
2695 5750 2799 5801 etc.
2825 5740 2978 5797 Enn.

3114 5833 3192 5893 26
