  <div class='ocr_page' id='page_1' title='image "/cluster/home/n/w/nwhite01/storage/ocr_20150623/48/hvd.32044015471535/413.png"; bbox 0 0 3960 6272; ppageno 0'>
   <div class='ocr_carea' id='block_1_1' title="bbox 429 350 526 407">
    <p class='ocr_par' dir='ltr' id='par_1_1' title="bbox 429 350 526 407">
     <span class='ocr_line' id='line_1_1' title="bbox 429 350 526 407; baseline 0.01 -2"><span class='ocrx_word' id='word_1_1' title='bbox 429 350 526 407; x_wconf 80' lang='lat' dir='ltr'><strong>8H</strong></span> 
     </span>
    </p>
   </div>
   <div class='ocr_carea' id='block_1_2' title="bbox 939 341 3182 408">
    <p class='ocr_par' dir='ltr' id='par_1_2' title="bbox 939 341 3182 408">
     <span class='ocr_line' id='line_1_2' title="bbox 939 341 3182 408; baseline 0.002 -4"><span class='ocrx_word' id='word_1_2' title='bbox 939 347 1132 405; x_wconf 79' lang='lat' dir='ltr'><strong>MAR&quot;</strong></span> <span class='ocrx_word' id='word_1_3' title='bbox 1170 342 1614 405; x_wconf 69' lang='lat' dir='ltr'><strong>MERCATOR‘IS’</strong></span> <span class='ocrx_word' id='word_1_4' title='bbox 1646 341 2216 402; x_wconf 75' lang='lat' dir='ltr'><strong>TRANSLATIONES</strong></span> <span class='ocrx_word' id='word_1_5' title='bbox 2258 343 2614 406; x_wconf 71' lang='lat' dir='ltr'><strong>VARIORUM</strong></span> <span class='ocrx_word' id='word_1_6' title='bbox 2651 348 3182 408; x_wconf 74' lang='lat' dir='ltr'><strong>OPUSCULORUM.</strong></span> 
     </span>
    </p>
   </div>
   <div class='ocr_carea' id='block_1_3' title="bbox 3597 347 3717 407">
    <p class='ocr_par' dir='ltr' id='par_1_3' title="bbox 3597 347 3717 407">
     <span class='ocr_line' id='line_1_3' title="bbox 3597 347 3717 407; baseline -0.05 1"><span class='ocrx_word' id='word_1_7' title='bbox 3597 347 3717 407; x_wconf 69' lang='grc'><strong>812</strong></span> 
     </span>
    </p>
   </div>
   <div class='ocr_carea' id='block_1_4' title="bbox 427 457 3714 538">
    <p class='ocr_par' dir='ltr' id='par_1_4' title="bbox 427 457 3714 538">
     <span class='ocr_line' id='line_1_4' title="bbox 427 457 3714 538; baseline 0 -17"><span class='ocrx_word' id='word_1_8' title='bbox 427 472 748 529; x_wconf 89' lang='lat' dir='ltr'><strong>rumtamcn,</strong></span> <span class='ocrx_word' id='word_1_9' title='bbox 779 463 1022 534; x_wconf 88' lang='lat' dir='ltr'><strong>potentia</strong></span> <span class='ocrx_word' id='word_1_10' title='bbox 1065 471 1120 518; x_wconf 91' lang='lat' dir='ltr'><strong>et</strong></span> <span class='ocrx_word' id='word_1_11' title='bbox 1147 463 1198 517; x_wconf 92' lang='lat' dir='ltr'><strong>vi</strong></span> <span class='ocrx_word' id='word_1_12' title='bbox 1238 460 1556 524; x_wconf 81' lang='lat' dir='ltr'><strong>intellectus,</strong></span> <span class='ocrx_word' id='word_1_13' title='bbox 1589 458 1824 514; x_wconf 79' lang='lat' dir='ltr'><strong>arbitror</strong></span> <span class='ocrx_word' id='word_1_14' title='bbox 1859 457 2012 527; x_wconf 77' lang='lat' dir='ltr'><strong>geni-</strong></span> <span class='ocrx_word' id='word_1_15' title='bbox 2039 465 2093 525; x_wconf 75' lang='grc' dir='ltr'><strong>Α</strong></span> <span class='ocrx_word' id='word_1_16' title='bbox 2117 457 2420 532; x_wconf 88' lang='lat' dir='ltr'><strong>Scripturas</strong></span> <span class='ocrx_word' id='word_1_17' title='bbox 2453 479 2465 516; x_wconf 89' lang='lat'>:</span> <span class='ocrx_word' id='word_1_18' title='bbox 2497 477 2725 536; x_wconf 88' lang='lat' dir='ltr'><strong>corpore</strong></span> <span class='ocrx_word' id='word_1_19' title='bbox 2757 467 2898 522; x_wconf 88' lang='lat' dir='ltr'><strong>enim</strong></span> <span class='ocrx_word' id='word_1_20' title='bbox 2927 466 3042 537; x_wconf 89' lang='lat' dir='ltr'><strong>ejus</strong></span> <span class='ocrx_word' id='word_1_21' title='bbox 3068 466 3327 538; x_wconf 87' lang='lat' dir='ltr'><strong>patiente,</strong></span> <span class='ocrx_word' id='word_1_22' title='bbox 3359 466 3536 538; x_wconf 89' lang='lat' dir='ltr'><strong>ipsum</strong></span> <span class='ocrx_word' id='word_1_23' title='bbox 3563 465 3714 524; x_wconf 86' lang='lat' dir='ltr'><strong>dici-</strong></span> 
     </span>
    </p>
   </div>
   <div class='ocr_carea' id='block_1_5' title="bbox 426 549 2012 624">
    <p class='ocr_par' dir='ltr' id='par_1_5' title="bbox 426 549 2012 624">
     <span class='ocr_line' id='line_1_5' title="bbox 426 549 2012 624; baseline -0.004 -12"><span class='ocrx_word' id='word_1_24' title='bbox 426 557 616 612; x_wconf 87' lang='lat' dir='ltr'><strong>tricem</strong></span> <span class='ocrx_word' id='word_1_25' title='bbox 667 555 780 622; x_wconf 85' lang='lat' dir='ltr'><strong>Dei,</strong></span> <span class='ocrx_word' id='word_1_26' title='bbox 825 555 877 610; x_wconf 90' lang='lat' dir='ltr'><strong>id</strong></span> <span class='ocrx_word' id='word_1_27' title='bbox 925 564 1025 619; x_wconf 89' lang='lat' dir='ltr'><strong>est,</strong></span> <span class='ocrx_word' id='word_1_28' title='bbox 1075 555 1333 615; x_wconf 71' lang='grc' dir='ltr'><strong>Θιοτὸκον,</strong></span> <span class='ocrx_word' id='word_1_29' title='bbox 1387 553 1455 606; x_wconf 87' lang='lat' dir='ltr'><strong>ab</strong></span> <span class='ocrx_word' id='word_1_30' title='bbox 1502 552 1595 606; x_wconf 89' lang='lat' dir='ltr'><strong>illo</strong></span> <span class='ocrx_word' id='word_1_31' title='bbox 1635 550 1841 624; x_wconf 82' lang='lat' dir='ltr'><strong>[Baluz.</strong></span> <span class='ocrx_word' id='word_1_32' title='bbox 1887 549 2012 623; x_wconf 82' lang='lat' dir='ltr'><strong>illis]</strong></span> 
     </span>
    </p>
   </div>
   <div class='ocr_carea' id='block_1_6' title="bbox 2115 557 3715 637">
    <p class='ocr_par' dir='ltr' id='par_1_6' title="bbox 2115 557 3715 637">
     <span class='ocr_line' id='line_1_6' title="bbox 2115 557 3715 637; baseline 0.006 -31"><span class='ocrx_word' id='word_1_33' title='bbox 2115 559 2204 607; x_wconf 88' lang='lat' dir='ltr'><strong>tur</strong></span> <span class='ocrx_word' id='word_1_34' title='bbox 2229 568 2464 624; x_wconf 90' lang='lat' dir='ltr'><strong>passum,</strong></span> <span class='ocrx_word' id='word_1_35' title='bbox 2487 557 2612 627; x_wconf 87' lang='lat' dir='ltr'><strong>quia</strong></span> <span class='ocrx_word' id='word_1_36' title='bbox 2641 559 2930 637; x_wconf 16' lang='lat' dir='ltr'><strong>etranimus</strong></span> <span class='ocrx_word' id='word_1_37' title='bbox 2951 559 3202 624; x_wconf 86' lang='lat' dir='ltr'><strong>hominis,</strong></span> <span class='ocrx_word' id='word_1_38' title='bbox 3229 574 3350 614; x_wconf 90' lang='lat' dir='ltr'><strong>cum</strong></span> <span class='ocrx_word' id='word_1_39' title='bbox 3370 559 3504 613; x_wconf 86' lang='lat' dir='ltr'><strong>nihil</strong></span> <span class='ocrx_word' id='word_1_40' title='bbox 3532 559 3590 612; x_wconf 90' lang='lat' dir='ltr'><strong>in</strong></span> <span class='ocrx_word' id='word_1_41' title='bbox 3604 571 3715 615; x_wconf 80' lang='lat' dir='ltr'><strong>sua</strong></span> 
     </span>
    </p>
   </div>
   <div class='ocr_carea' id='block_1_7' title="bbox 423 639 3707 724">
    <p class='ocr_par' dir='ltr' id='par_1_7' title="bbox 423 639 3707 724">
     <span class='ocr_line' id='line_1_7' title="bbox 423 639 3707 724; baseline 0.001 -19"><span class='ocrx_word' id='word_1_42' title='bbox 423 656 665 706; x_wconf 80' lang='lat' dir='ltr'><strong>sanetam</strong></span> <span class='ocrx_word' id='word_1_43' title='bbox 691 647 964 716; x_wconf 77' lang='lat' dir='ltr'><strong>Virginem</strong></span> <span class='ocrx_word' id='word_1_44' title='bbox 985 648 1210 712; x_wconf 78' lang='lat' dir='ltr'><strong>dictam;</strong></span> <span class='ocrx_word' id='word_1_45' title='bbox 1235 647 1405 716; x_wconf 90' lang='lat' dir='ltr'><strong>ipsum</strong></span> <span class='ocrx_word' id='word_1_46' title='bbox 1436 643 1580 698; x_wconf 88' lang='lat' dir='ltr'><strong>enim</strong></span> <span class='ocrx_word' id='word_1_47' title='bbox 1600 643 1728 700; x_wconf 80' lang='lat' dir='ltr'><strong>dicit</strong></span> <span class='ocrx_word' id='word_1_48' title='bbox 1752 661 1764 695; x_wconf 89' lang='lat'>:</span> <span class='ocrx_word' id='word_1_49' title='bbox 1791 639 1890 708; x_wconf 84' lang='lat' dir='ltr'><strong>Qui</strong></span> <span class='ocrx_word' id='word_1_50' title='bbox 1915 659 2014 696; x_wconf 89' lang='lat' dir='ltr'><strong>na-</strong></span> <span class='ocrx_word' id='word_1_51' title='bbox 2112 645 2410 702; x_wconf 77' lang='lat' dir='ltr'><strong>substantia</strong></span> <span class='ocrx_word' id='word_1_52' title='bbox 2437 656 2492 703; x_wconf 90' lang='lat' dir='ltr'><strong>et</strong></span> <span class='ocrx_word' id='word_1_53' title='bbox 2512 659 2702 704; x_wconf 89' lang='lat' dir='ltr'><strong>natura</strong></span> <span class='ocrx_word' id='word_1_54' title='bbox 2727 653 2978 722; x_wconf 89' lang='lat' dir='ltr'><strong>patiatur,</strong></span> <span class='ocrx_word' id='word_1_55' title='bbox 3001 651 3112 722; x_wconf 90' lang='lat' dir='ltr'><strong>pati</strong></span> <span class='ocrx_word' id='word_1_56' title='bbox 3140 659 3319 707; x_wconf 90' lang='lat' dir='ltr'><strong>tamen</strong></span> <span class='ocrx_word' id='word_1_57' title='bbox 3341 651 3454 724; x_wconf 90' lang='lat' dir='ltr'><strong>ipse</strong></span> <span class='ocrx_word' id='word_1_58' title='bbox 3481 650 3707 718; x_wconf 85' lang='lat' dir='ltr'><strong>dicitur,</strong></span> 
     </span>
    </p>
   </div>
   <div class='ocr_carea' id='block_1_8' title="bbox 425 737 2010 812">
    <p class='ocr_par' dir='ltr' id='par_1_8' title="bbox 425 737 2010 812">
     <span class='ocr_line' id='line_1_8' title="bbox 425 737 2010 812; baseline -0.006 -14"><span class='ocrx_word' id='word_1_59' title='bbox 425 753 504 799; x_wconf 85' lang='lat' dir='ltr'><strong>tus</strong></span> <span class='ocrx_word' id='word_1_60' title='bbox 525 743 688 798; x_wconf 87' lang='lat' dir='ltr'><strong>estde</strong></span> <span class='ocrx_word' id='word_1_61' title='bbox 726 741 836 796; x_wconf 89' lang='lat' dir='ltr'><strong>Deo</strong></span> <span class='ocrx_word' id='word_1_62' title='bbox 868 741 1055 806; x_wconf 89' lang='lat' dir='ltr'><strong>Patre,</strong></span> <span class='ocrx_word' id='word_1_63' title='bbox 1086 757 1176 812; x_wconf 91' lang='lat' dir='ltr'><strong>per</strong></span> <span class='ocrx_word' id='word_1_64' title='bbox 1196 755 1340 812; x_wconf 81' lang='lat' dir='ltr'><strong>quem</strong></span> <span class='ocrx_word' id='word_1_65' title='bbox 1377 739 1552 793; x_wconf 80' lang='lat' dir='ltr'><strong>omnia</strong></span> <span class='ocrx_word' id='word_1_66' title='bbox 1591 739 1730 809; x_wconf 79' lang='lat' dir='ltr'><strong>facta</strong></span> <span class='ocrx_word' id='word_1_67' title='bbox 1764 745 1900 804; x_wconf 83' lang='lat' dir='ltr'><strong>sunt,</strong></span> <span class='ocrx_word' id='word_1_68' title='bbox 1923 737 2010 790; x_wconf 88' lang='lat' dir='ltr'><strong>in-</strong></span> 
     </span>
    </p>
   </div>
   <div class='ocr_carea' id='block_1_9' title="bbox 422 831 2010 906">
    <p class='ocr_par' dir='ltr' id='par_1_9' title="bbox 422 831 2010 906">
     <span class='ocr_line' id='line_1_9' title="bbox 422 831 2010 906; baseline -0.006 -13"><span class='ocrx_word' id='word_1_69' title='bbox 422 847 712 903; x_wconf 83' lang='lat' dir='ltr'><strong>carnatum,</strong></span> <span class='ocrx_word' id='word_1_70' title='bbox 744 836 1000 890; x_wconf 79' lang='lat' dir='ltr'><strong>hominem</strong></span> <span class='ocrx_word' id='word_1_71' title='bbox 1022 834 1235 906; x_wconf 78' lang='lat' dir='ltr'><strong>factum,</strong></span> <span class='ocrx_word' id='word_1_72' title='bbox 1259 839 1488 904; x_wconf 82' lang='lat' dir='ltr'><strong>possunt,</strong></span> <span class='ocrx_word' id='word_1_73' title='bbox 1506 831 1792 884; x_wconf 67' lang='lat' dir='ltr'><strong>surrexisse</strong></span> <span class='ocrx_word' id='word_1_74' title='bbox 1812 845 1844 884; x_wconf 92' lang='lat' dir='ltr'><strong>a</strong></span> <span class='ocrx_word' id='word_1_75' title='bbox 1866 839 2010 884; x_wconf 86' lang='lat' dir='ltr'><strong>m&#39;or-</strong></span> 
     </span>
    </p>
   </div>
   <div class='ocr_carea' id='block_1_10' title="bbox 425 923 2010 996">
    <p class='ocr_par' dir='ltr' id='par_1_10' title="bbox 425 923 2010 996">
     <span class='ocr_line' id='line_1_10' title="bbox 425 923 2010 996; baseline -0.004 -13"><span class='ocrx_word' id='word_1_76' title='bbox 425 931 543 994; x_wconf 83' lang='lat' dir='ltr'><strong>tuis,</strong></span> <span class='ocrx_word' id='word_1_77' title='bbox 583 930 637 982; x_wconf 88' lang='lat' dir='ltr'><strong>in</strong></span> <span class='ocrx_word' id='word_1_78' title='bbox 665 927 843 981; x_wconf 70' lang='lat' dir='ltr'><strong>coelum</strong></span> <span class='ocrx_word' id='word_1_79' title='bbox 884 923 1204 990; x_wconf 76' lang='lat' dir='ltr'><strong>ascendisse,</strong></span> <span class='ocrx_word' id='word_1_80' title='bbox 1241 923 1470 996; x_wconf 78' lang='lat' dir='ltr'><strong>judicent</strong></span> <span class='ocrx_word' id='word_1_81' title='bbox 1506 937 1704 995; x_wconf 87' lang='lat' dir='ltr'><strong>quoque</strong></span> <span class='ocrx_word' id='word_1_82' title='bbox 1741 937 1851 976; x_wconf 86' lang='lat' dir='ltr'><strong>esse</strong></span> <span class='ocrx_word' id='word_1_83' title='bbox 1884 933 2010 976; x_wconf 72' lang='lat' dir='ltr'><strong>verr-</strong></span> 
     </span>
    </p>
   </div>
   <div class='ocr_carea' id='block_1_11' title="bbox 423 1030 946 1086">
    <p class='ocr_par' dir='ltr' id='par_1_11' title="bbox 423 1030 946 1086">
     <span class='ocr_line' id='line_1_11' title="bbox 423 1030 946 1086; baseline -0.002 -13"><span class='ocrx_word' id='word_1_84' title='bbox 423 1030 607 1074; x_wconf 87' lang='lat' dir='ltr'><strong>turum.</strong></span> <span class='ocrx_word' id='word_1_85' title='bbox 646 1071 654 1082; x_wconf 80' lang='grc'><em>,</em></span> <span class='ocrx_word' id='word_1_86' title='bbox 937 1081 946 1086; x_wconf 87' lang='lat'>_</span> 
     </span>
    </p>
   </div>
   <div class='ocr_carea' id='block_1_12' title="bbox 491 1103 2010 1180">
    <p class='ocr_par' dir='ltr' id='par_1_12' title="bbox 491 1103 2010 1180">
     <span class='ocr_line' id='line_1_12' title="bbox 491 1103 2010 1180; baseline -0.005 -15"><span class='ocrx_word' id='word_1_87' title='bbox 491 1113 540 1165; x_wconf 82' lang='lat'><strong>5.</strong></span> <span class='ocrx_word' id='word_1_88' title='bbox 574 1111 690 1165; x_wconf 87' lang='lat' dir='ltr'><strong>Non</strong></span> <span class='ocrx_word' id='word_1_89' title='bbox 718 1109 862 1180; x_wconf 89' lang='lat' dir='ltr'><strong>quod</strong></span> <span class='ocrx_word' id='word_1_90' title='bbox 891 1107 1204 1165; x_wconf 88' lang='lat' dir='ltr'><strong>omnimodo</strong></span> <span class='ocrx_word' id='word_1_91' title='bbox 1232 1106 1489 1174; x_wconf 78' lang='lat' dir='ltr'><strong>Verbum,</strong></span> <span class='ocrx_word' id='word_1_92' title='bbox 1531 1105 1675 1175; x_wconf 91' lang='lat' dir='ltr'><strong>quod</strong></span> <span class='ocrx_word' id='word_1_93' title='bbox 1713 1103 2010 1160; x_wconf 88' lang='lat' dir='ltr'><strong>secundum</strong></span> 
     </span>
    </p>
   </div>
   <div class='ocr_carea' id='block_1_13' title="bbox 418 1195 2006 1270">
    <p class='ocr_par' dir='ltr' id='par_1_13' title="bbox 418 1195 2006 1270">
     <span class='ocr_line' id='line_1_13' title="bbox 418 1195 2006 1270; baseline -0.004 -14"><span class='ocrx_word' id='word_1_94' title='bbox 418 1211 663 1256; x_wconf 88' lang='lat' dir='ltr'><strong>naturam</strong></span> <span class='ocrx_word' id='word_1_95' title='bbox 688 1201 756 1256; x_wconf 91' lang='lat' dir='ltr'><strong>de</strong></span> <span class='ocrx_word' id='word_1_96' title='bbox 785 1201 896 1256; x_wconf 91' lang='lat' dir='ltr'><strong>Deo</strong></span> <span class='ocrx_word' id='word_1_97' title='bbox 925 1199 1163 1270; x_wconf 87' lang='lat' dir='ltr'><strong>genitum</strong></span> <span class='ocrx_word' id='word_1_98' title='bbox 1193 1205 1294 1265; x_wconf 90' lang='lat' dir='ltr'><strong>est,</strong></span> <span class='ocrx_word' id='word_1_99' title='bbox 1327 1206 1598 1252; x_wconf 88' lang='lat' dir='ltr'><strong>mortuum</strong></span> <span class='ocrx_word' id='word_1_100' title='bbox 1627 1210 1746 1252; x_wconf 70' lang='lat' dir='ltr'><strong>esse</strong></span> <span class='ocrx_word' id='word_1_101' title='bbox 1776 1195 2006 1250; x_wconf 89' lang='lat' dir='ltr'><strong>creden-</strong></span> 
     </span>
    </p>
   </div>
   <div class='ocr_carea' id='block_1_14' title="bbox 415 1287 2007 1361">
    <p class='ocr_par' dir='ltr' id='par_1_14' title="bbox 415 1287 2007 1361">
     <span class='ocr_line' id='line_1_14' title="bbox 415 1287 2007 1361; baseline -0.006 -11"><span class='ocrx_word' id='word_1_102' title='bbox 415 1296 541 1350; x_wconf 88' lang='lat' dir='ltr'><strong>dum</strong></span> <span class='ocrx_word' id='word_1_103' title='bbox 567 1295 655 1358; x_wconf 91' lang='lat' dir='ltr'><strong>sit,</strong></span> <span class='ocrx_word' id='word_1_104' title='bbox 689 1303 780 1349; x_wconf 87' lang='lat' dir='ltr'><strong>aut</strong></span> <span class='ocrx_word' id='word_1_105' title='bbox 803 1293 989 1349; x_wconf 88' lang='lat' dir='ltr'><strong>lancea</strong></span> <span class='ocrx_word' id='word_1_106' title='bbox 1021 1294 1074 1348; x_wconf 91' lang='lat' dir='ltr'><strong>in</strong></span> <span class='ocrx_word' id='word_1_107' title='bbox 1097 1291 1266 1347; x_wconf 90' lang='lat' dir='ltr'><strong>latere</strong></span> <span class='ocrx_word' id='word_1_108' title='bbox 1310 1291 1644 1346; x_wconf 88' lang='lat' dir='ltr'><strong>vulneratum</strong></span> <span class='ocrx_word' id='word_1_109' title='bbox 1669 1288 1835 1361; x_wconf 89' lang='lat' dir='ltr'><strong>(quod</strong></span> <span class='ocrx_word' id='word_1_110' title='bbox 1862 1287 2007 1342; x_wconf 88' lang='lat' dir='ltr'><strong>enim</strong></span> 
     </span>
    </p>
   </div>
   <div class='ocr_carea' id='block_1_15' title="bbox 412 1381 2006 1453">
    <p class='ocr_par' dir='ltr' id='par_1_15' title="bbox 412 1381 2006 1453">
     <span class='ocr_line' id='line_1_15' title="bbox 412 1381 2006 1453; baseline -0.006 -11"><span class='ocrx_word' id='word_1_111' title='bbox 412 1387 575 1442; x_wconf 91' lang='lat' dir='ltr'><strong>habet</strong></span> <span class='ocrx_word' id='word_1_112' title='bbox 602 1387 741 1440; x_wconf 89' lang='lat' dir='ltr'><strong>latus</strong></span> <span class='ocrx_word' id='word_1_113' title='bbox 769 1393 956 1439; x_wconf 89' lang='lat' dir='ltr'><strong>natura</strong></span> <span class='ocrx_word' id='word_1_114' title='bbox 987 1381 1340 1453; x_wconf 87' lang='lat' dir='ltr'><strong>incorporea?</strong></span> <span class='ocrx_word' id='word_1_115' title='bbox 1371 1388 1464 1434; x_wconf 88' lang='lat' dir='ltr'><strong>aut</strong></span> <span class='ocrx_word' id='word_1_116' title='bbox 1482 1394 1590 1449; x_wconf 92' lang='lat' dir='ltr'><strong>quo</strong></span> <span class='ocrx_word' id='word_1_117' title='bbox 1608 1386 1766 1449; x_wconf 89' lang='lat' dir='ltr'><strong>pacto</strong></span> <span class='ocrx_word' id='word_1_118' title='bbox 1794 1384 2006 1432; x_wconf 85' lang='lat' dir='ltr'><strong>mortua</strong></span> 
     </span>
    </p>
   </div>
   <div class='ocr_carea' id='block_1_16' title="bbox 413 1469 2007 1548">
    <p class='ocr_par' dir='ltr' id='par_1_16' title="bbox 413 1469 2007 1548">
     <span class='ocr_line' id='line_1_16' title="bbox 413 1469 2007 1548; baseline -0.006 -14"><span class='ocrx_word' id='word_1_119' title='bbox 413 1488 497 1534; x_wconf 88' lang='lat' dir='ltr'><strong>est</strong></span> <span class='ocrx_word' id='word_1_120' title='bbox 525 1480 634 1533; x_wconf 88' lang='lat' dir='ltr'><strong>vita</strong></span> <span class='ocrx_word' id='word_1_121' title='bbox 680 1480 909 1532; x_wconf 89' lang='lat' dir='ltr'><strong>vitarum</strong></span> <span class='ocrx_word' id='word_1_122' title='bbox 931 1477 998 1548; x_wconf 87' lang='lat'><strong>?),</strong></span> <span class='ocrx_word' id='word_1_123' title='bbox 1035 1485 1058 1512; x_wconf 79' lang='grc' dir='ltr'><strong>ο</strong></span> <span class='ocrx_word' id='word_1_124' title='bbox 1090 1474 1186 1530; x_wconf 91' lang='lat' dir='ltr'><strong>sed</strong></span> <span class='ocrx_word' id='word_1_125' title='bbox 1213 1473 1468 1542; x_wconf 87' lang='lat' dir='ltr'><strong>quoniam</strong></span> <span class='ocrx_word' id='word_1_126' title='bbox 1496 1471 1701 1526; x_wconf 88' lang='lat' dir='ltr'><strong>unitum</strong></span> <span class='ocrx_word' id='word_1_127' title='bbox 1727 1469 1875 1525; x_wconf 87' lang='lat' dir='ltr'><strong>carni</strong></span> <span class='ocrx_word' id='word_1_128' title='bbox 1904 1469 2007 1524; x_wconf 88' lang='lat' dir='ltr'><strong>hoc</strong></span> 
     </span>
    </p>
   </div>
   <div class='ocr_carea' id='block_1_17' title="bbox 413 1559 2000 1639">
    <p class='ocr_par' dir='ltr' id='par_1_17' title="bbox 413 1559 2000 1639">
     <span class='ocr_line' id='line_1_17' title="bbox 413 1559 2000 1639; baseline -0.008 -12"><span class='ocrx_word' id='word_1_129' title='bbox 413 1573 645 1629; x_wconf 81' lang='lat' dir='ltr'><strong>Verbum</strong></span> <span class='ocrx_word' id='word_1_130' title='bbox 668 1582 769 1639; x_wconf 91' lang='lat' dir='ltr'><strong>est,</strong></span> <span class='ocrx_word' id='word_1_131' title='bbox 797 1571 917 1627; x_wconf 89' lang='lat' dir='ltr'><strong>ideo</strong></span> <span class='ocrx_word' id='word_1_132' title='bbox 941 1585 1003 1624; x_wconf 84' lang='lat' dir='ltr'><strong>ea</strong></span> <span class='ocrx_word' id='word_1_133' title='bbox 1026 1582 1188 1623; x_wconf 90' lang='lat' dir='ltr'><strong>carne</strong></span> <span class='ocrx_word' id='word_1_134' title='bbox 1210 1566 1469 1636; x_wconf 88' lang='lat' dir='ltr'><strong>patiente,</strong></span> <span class='ocrx_word' id='word_1_135' title='bbox 1495 1572 1767 1632; x_wconf 84' lang='lat' dir='ltr'><strong>tamquam</strong></span> <span class='ocrx_word' id='word_1_136' title='bbox 1791 1559 2000 1634; x_wconf 81' lang='lat' dir='ltr'><strong>[Baluz.</strong></span> 
     </span>
    </p>
   </div>
   <div class='ocr_carea' id='block_1_18' title="bbox 409 1653 2004 1738">
    <p class='ocr_par' dir='ltr' id='par_1_18' title="bbox 409 1653 2004 1738">
     <span class='ocr_line' id='line_1_18' title="bbox 409 1653 2004 1738; baseline -0.009 -15"><span class='ocrx_word' id='word_1_137' title='bbox 409 1667 724 1738; x_wconf 83' lang='lat' dir='ltr'><strong>patientiam</strong></span> <span class='ocrx_word' id='word_1_138' title='bbox 767 1662 950 1733; x_wconf 81' lang='lat' dir='ltr'><strong>quaml</strong></span> <span class='ocrx_word' id='word_1_139' title='bbox 981 1659 1202 1732; x_wconf 89' lang='lat' dir='ltr'><strong>proprio</strong></span> <span class='ocrx_word' id='word_1_140' title='bbox 1242 1658 1359 1727; x_wconf 85' lang='lat' dir='ltr'><strong>ejus</strong></span> <span class='ocrx_word' id='word_1_141' title='bbox 1385 1658 1634 1713; x_wconf 90' lang='lat' dir='ltr'><strong>videlicet</strong></span> <span class='ocrx_word' id='word_1_142' title='bbox 1656 1669 1904 1725; x_wconf 88' lang='lat' dir='ltr'><strong>corpore,</strong></span> <span class='ocrx_word' id='word_1_143' title='bbox 1946 1653 2004 1709; x_wconf 93' lang='lat' dir='ltr'><strong>in</strong></span> 
     </span>
    </p>
   </div>
   <div class='ocr_carea' id='block_1_19' title="bbox 407 1748 1808 1828">
    <p class='ocr_par' dir='ltr' id='par_1_19' title="bbox 407 1748 1808 1828">
     <span class='ocr_line' id='line_1_19' title="bbox 407 1748 1808 1828; baseline -0.011 -12"><span class='ocrx_word' id='word_1_144' title='bbox 407 1775 467 1816; x_wconf 87' lang='lat' dir='ltr'><strong>se</strong></span> <span class='ocrx_word' id='word_1_145' title='bbox 493 1761 632 1814; x_wconf 90' lang='lat' dir='ltr'><strong>hanc</strong></span> <span class='ocrx_word' id='word_1_146' title='bbox 658 1764 878 1813; x_wconf 80' lang='lat' dir='ltr'><strong>revocat</strong></span> <span class='ocrx_word' id='word_1_147' title='bbox 906 1754 1114 1828; x_wconf 77' lang='lat' dir='ltr'><strong>[Baluz.</strong></span> <span class='ocrx_word' id='word_1_148' title='bbox 1146 1751 1267 1805; x_wconf 86' lang='lat' dir='ltr'><strong>add.</strong></span> <span class='ocrx_word' id='word_1_149' title='bbox 1301 1748 1455 1822; x_wconf 86' lang='lat' dir='ltr'><strong>inire]</strong></span> <span class='ocrx_word' id='word_1_150' title='bbox 1483 1749 1808 1821; x_wconf 83' lang='lat' dir='ltr'><strong>passionem.</strong></span> 
     </span>
    </p>
   </div>
   <div class='ocr_carea' id='block_1_20' title="bbox 476 1837 2075 1917">
    <p class='ocr_par' dir='ltr' id='par_1_20' title="bbox 476 1837 2075 1917">
     <span class='ocr_line' id='line_1_20' title="bbox 476 1837 2075 1917; baseline -0.006 -14"><span class='ocrx_word' id='word_1_151' title='bbox 476 1849 526 1903; x_wconf 77' lang='grc'><strong>4.</strong></span> <span class='ocrx_word' id='word_1_152' title='bbox 561 1848 890 1917; x_wconf 78' lang='lat' dir='ltr'><strong>Argutantur</strong></span> <span class='ocrx_word' id='word_1_153' title='bbox 930 1844 1112 1915; x_wconf 81' lang='lat' dir='ltr'><strong>igitur,</strong></span> <span class='ocrx_word' id='word_1_154' title='bbox 1142 1852 1197 1898; x_wconf 90' lang='lat' dir='ltr'><strong>et</strong></span> <span class='ocrx_word' id='word_1_155' title='bbox 1225 1842 1433 1913; x_wconf 87' lang='lat' dir='ltr'><strong>seipsos</strong></span> <span class='ocrx_word' id='word_1_156' title='bbox 1457 1841 1736 1905; x_wconf 88' lang='lat' dir='ltr'><strong>seducunt,</strong></span> <span class='ocrx_word' id='word_1_157' title='bbox 1765 1855 1888 1894; x_wconf 91' lang='lat' dir='ltr'><strong>cum</strong></span> <span class='ocrx_word' id='word_1_158' title='bbox 1915 1837 1996 1894; x_wconf 86' lang='lat' dir='ltr'><strong>di-</strong></span> <span class='ocrx_word' id='word_1_159' title='bbox 2025 1839 2075 1902; x_wconf 86' lang='grc' dir='ltr'><strong>Β</strong></span> 
     </span>
    </p>
   </div>
   <div class='ocr_carea' id='block_1_21' title="bbox 404 1931 1998 2010">
    <p class='ocr_par' dir='ltr' id='par_1_21' title="bbox 404 1931 1998 2010">
     <span class='ocr_line' id='line_1_21' title="bbox 404 1931 1998 2010; baseline -0.008 -13"><span class='ocrx_word' id='word_1_160' title='bbox 404 1950 533 1997; x_wconf 88' lang='lat' dir='ltr'><strong>cunt</strong></span> <span class='ocrx_word' id='word_1_161' title='bbox 560 1955 749 2010; x_wconf 90' lang='lat' dir='ltr'><strong>pacem</strong></span> <span class='ocrx_word' id='word_1_162' title='bbox 770 1953 829 1994; x_wconf 90' lang='lat' dir='ltr'><strong>se</strong></span> <span class='ocrx_word' id='word_1_163' title='bbox 853 1937 1010 2002; x_wconf 88' lang='lat' dir='ltr'><strong>velle,</strong></span> <span class='ocrx_word' id='word_1_164' title='bbox 1041 1943 1095 1991; x_wconf 90' lang='lat' dir='ltr'><strong>et</strong></span> <span class='ocrx_word' id='word_1_165' title='bbox 1126 1935 1373 1991; x_wconf 89' lang='lat' dir='ltr'><strong>sensibus</strong></span> <span class='ocrx_word' id='word_1_166' title='bbox 1395 1933 1726 1988; x_wconf 90' lang='lat' dir='ltr'><strong>mentiuntur</strong></span> <span class='ocrx_word' id='word_1_167' title='bbox 1751 1949 1762 1984; x_wconf 90' lang='lat'><strong>:</strong></span> <span class='ocrx_word' id='word_1_168' title='bbox 1796 1931 1998 1985; x_wconf 88' lang='lat' dir='ltr'><strong>habere</strong></span> 
     </span>
    </p>
   </div>
   <div class='ocr_carea' id='block_1_22' title="bbox 403 2022 1998 2099">
    <p class='ocr_par' dir='ltr' id='par_1_22' title="bbox 403 2022 1998 2099">
     <span class='ocr_line' id='line_1_22' title="bbox 403 2022 1998 2099; baseline -0.006 -14"><span class='ocrx_word' id='word_1_169' title='bbox 403 2032 544 2086; x_wconf 92' lang='lat' dir='ltr'><strong>enim</strong></span> <span class='ocrx_word' id='word_1_170' title='bbox 567 2045 663 2085; x_wconf 91' lang='lat' dir='ltr'><strong>eos</strong></span> <span class='ocrx_word' id='word_1_171' title='bbox 690 2029 966 2099; x_wconf 87' lang='lat' dir='ltr'><strong>proprium</strong></span> <span class='ocrx_word' id='word_1_172' title='bbox 993 2028 1139 2081; x_wconf 87' lang='lat' dir='ltr'><strong>virus</strong></span> <span class='ocrx_word' id='word_1_173' title='bbox 1161 2026 1214 2079; x_wconf 91' lang='lat' dir='ltr'><strong>in</strong></span> <span class='ocrx_word' id='word_1_174' title='bbox 1241 2024 1422 2088; x_wconf 88' lang='lat' dir='ltr'><strong>corde,</strong></span> <span class='ocrx_word' id='word_1_175' title='bbox 1449 2035 1517 2078; x_wconf 80' lang='lat' dir='ltr'><strong>ex</strong></span> <span class='ocrx_word' id='word_1_176' title='bbox 1538 2037 1605 2077; x_wconf 90' lang='lat' dir='ltr'><strong>eo</strong></span> <span class='ocrx_word' id='word_1_177' title='bbox 1629 2022 1783 2077; x_wconf 82' lang='lat' dir='ltr'><strong>facile</strong></span> <span class='ocrx_word' id='word_1_178' title='bbox 1804 2032 1887 2076; x_wconf 90' lang='lat' dir='ltr'><strong>est</strong></span> <span class='ocrx_word' id='word_1_179' title='bbox 1915 2022 1998 2076; x_wconf 72' lang='lat' dir='ltr'><strong>in-</strong></span> 
     </span>
    </p>
   </div>
   <div class='ocr_carea' id='block_1_23' title="bbox 402 2111 1996 2188">
    <p class='ocr_par' dir='ltr' id='par_1_23' title="bbox 402 2111 1996 2188">
     <span class='ocr_line' id='line_1_23' title="bbox 402 2111 1996 2188; baseline -0.005 -15"><span class='ocrx_word' id='word_1_180' title='bbox 402 2119 663 2188; x_wconf 82' lang='lat' dir='ltr'><strong>telligere.</strong></span> <span class='ocrx_word' id='word_1_181' title='bbox 690 2117 948 2173; x_wconf 85' lang='lat' dir='ltr'><strong>Miserunt</strong></span> <span class='ocrx_word' id='word_1_182' title='bbox 976 2117 1100 2170; x_wconf 90' lang='lat' dir='ltr'><strong>huic</strong></span> <span class='ocrx_word' id='word_1_183' title='bbox 1128 2114 1376 2178; x_wconf 86' lang='lat' dir='ltr'><strong>diacono,</strong></span> <span class='ocrx_word' id='word_1_184' title='bbox 1421 2112 1522 2182; x_wconf 86' lang='lat' dir='ltr'><strong>qui</strong></span> <span class='ocrx_word' id='word_1_185' title='bbox 1541 2123 1720 2167; x_wconf 89' lang='lat' dir='ltr'><strong>rerum</strong></span> <span class='ocrx_word' id='word_1_186' title='bbox 1741 2111 1996 2166; x_wconf 87' lang='lat' dir='ltr'><strong>ecclesia-</strong></span> 
     </span>
    </p>
   </div>
   <div class='ocr_carea' id='block_1_24' title="bbox 401 2203 1994 2277">
    <p class='ocr_par' dir='ltr' id='par_1_24' title="bbox 401 2203 1994 2277">
     <span class='ocr_line' id='line_1_24' title="bbox 401 2203 1994 2277; baseline -0.006 -11"><span class='ocrx_word' id='word_1_187' title='bbox 401 2212 660 2268; x_wconf 88' lang='lat' dir='ltr'><strong>sticarum</strong></span> <span class='ocrx_word' id='word_1_188' title='bbox 687 2225 871 2265; x_wconf 87' lang='lat' dir='ltr'><strong>curam</strong></span> <span class='ocrx_word' id='word_1_189' title='bbox 901 2207 1057 2277; x_wconf 87' lang='lat' dir='ltr'><strong>gerit,</strong></span> <span class='ocrx_word' id='word_1_190' title='bbox 1089 2205 1223 2260; x_wconf 88' lang='lat' dir='ltr'><strong>duas</strong></span> <span class='ocrx_word' id='word_1_191' title='bbox 1247 2205 1520 2260; x_wconf 85' lang='lat' dir='ltr'><strong>chartulas</strong></span> <span class='ocrx_word' id='word_1_192' title='bbox 1544 2222 1555 2256; x_wconf 91' lang='lat'>:</span> <span class='ocrx_word' id='word_1_193' title='bbox 1588 2219 1751 2258; x_wconf 89' lang='lat' dir='ltr'><strong>unam</strong></span> <span class='ocrx_word' id='word_1_194' title='bbox 1777 2203 1994 2272; x_wconf 86' lang='lat' dir='ltr'><strong>quidem</strong></span> 
     </span>
    </p>
   </div>
   <div class='ocr_carea' id='block_1_25' title="bbox 399 2295 1996 2374">
    <p class='ocr_par' dir='ltr' id='par_1_25' title="bbox 399 2295 1996 2374">
     <span class='ocr_line' id='line_1_25' title="bbox 399 2295 1996 2374; baseline -0.005 -16"><span class='ocrx_word' id='word_1_195' title='bbox 399 2304 754 2374; x_wconf 85' lang='lat' dir='ltr'><strong>compositam</strong></span> <span class='ocrx_word' id='word_1_196' title='bbox 779 2318 810 2356; x_wconf 92' lang='lat' dir='ltr'><strong>a</strong></span> <span class='ocrx_word' id='word_1_197' title='bbox 836 2301 862 2339; x_wconf 76' lang='grc' dir='ltr'>δ</span> <span class='ocrx_word' id='word_1_198' title='bbox 893 2299 1086 2356; x_wconf 82' lang='lat' dir='ltr'><strong>Photio</strong></span> <span class='ocrx_word' id='word_1_199' title='bbox 1115 2298 1322 2371; x_wconf 51' lang='lat' dir='ltr'><strong>[Bolus</strong></span> <span class='ocrx_word' id='word_1_200' title='bbox 1362 2295 1639 2367; x_wconf 87' lang='lat' dir='ltr'><strong>Photino],</strong></span> <span class='ocrx_word' id='word_1_201' title='bbox 1672 2305 1763 2350; x_wconf 89' lang='lat' dir='ltr'><strong>aut</strong></span> <span class='ocrx_word' id='word_1_202' title='bbox 1797 2297 1864 2350; x_wconf 93' lang='lat' dir='ltr'><strong>ab</strong></span> <span class='ocrx_word' id='word_1_203' title='bbox 1887 2295 1996 2350; x_wconf 88' lang='lat' dir='ltr'><strong>alio</strong></span> 
     </span>
    </p>
   </div>
   <div class='ocr_carea' id='block_1_26' title="bbox 401 2386 1995 2464">
    <p class='ocr_par' dir='ltr' id='par_1_26' title="bbox 401 2386 1995 2464">
     <span class='ocr_line' id='line_1_26' title="bbox 401 2386 1995 2464; baseline -0.005 -15"><span class='ocrx_word' id='word_1_204' title='bbox 401 2393 661 2464; x_wconf 88' lang='lat' dir='ltr'><strong>quolibet,</strong></span> <span class='ocrx_word' id='word_1_205' title='bbox 691 2392 946 2447; x_wconf 87' lang='lat' dir='ltr'><strong>adversus</strong></span> <span class='ocrx_word' id='word_1_206' title='bbox 981 2390 1174 2444; x_wconf 89' lang='lat' dir='ltr'><strong>librum</strong></span> <span class='ocrx_word' id='word_1_207' title='bbox 1203 2401 1384 2444; x_wconf 91' lang='lat' dir='ltr'><strong>meum</strong></span> <span class='ocrx_word' id='word_1_208' title='bbox 1419 2401 1578 2458; x_wconf 89' lang='lat' dir='ltr'><strong>quem</strong></span> <span class='ocrx_word' id='word_1_209' title='bbox 1606 2386 1672 2440; x_wconf 89' lang='lat' dir='ltr'><strong>ad</strong></span> <span class='ocrx_word' id='word_1_210' title='bbox 1701 2386 1995 2441; x_wconf 89' lang='lat' dir='ltr'><strong>monachos</strong></span> 
     </span>
    </p>
   </div>
   <div class='ocr_carea' id='block_1_27' title="bbox 398 2480 1996 2554">
    <p class='ocr_par' dir='ltr' id='par_1_27' title="bbox 398 2480 1996 2554">
     <span class='ocr_line' id='line_1_27' title="bbox 398 2480 1996 2554; baseline -0.007 -10"><span class='ocrx_word' id='word_1_211' title='bbox 398 2488 539 2544; x_wconf 85' lang='lat' dir='ltr'><strong>edidi</strong></span> <span class='ocrx_word' id='word_1_212' title='bbox 565 2506 578 2554; x_wconf 90' lang='lat'><strong>;</strong></span> <span class='ocrx_word' id='word_1_213' title='bbox 613 2490 636 2519; x_wconf 74' lang='lat'><strong>‘</strong></span> <span class='ocrx_word' id='word_1_214' title='bbox 677 2496 733 2542; x_wconf 89' lang='lat' dir='ltr'><strong>et</strong></span> <span class='ocrx_word' id='word_1_215' title='bbox 761 2486 922 2540; x_wconf 90' lang='lat' dir='ltr'><strong>aliam</strong></span> <span class='ocrx_word' id='word_1_216' title='bbox 951 2483 1112 2539; x_wconf 87' lang='lat' dir='ltr'><strong>veluti</strong></span> <span class='ocrx_word' id='word_1_217' title='bbox 1144 2483 1197 2536; x_wconf 92' lang='lat' dir='ltr'><strong>in</strong></span> <span class='ocrx_word' id='word_1_218' title='bbox 1225 2482 1462 2552; x_wconf 90' lang='lat' dir='ltr'><strong>speciem</strong></span> <span class='ocrx_word' id='word_1_219' title='bbox 1490 2480 1880 2551; x_wconf 87' lang='lat' dir='ltr'><strong>quaternionis,</strong></span> <span class='ocrx_word' id='word_1_220' title='bbox 1913 2480 1996 2534; x_wconf 87' lang='lat' dir='ltr'><strong>in-</strong></span> 
     </span>
    </p>
   </div>
   <div class='ocr_carea' id='block_1_28' title="bbox 399 2569 1988 2637">
    <p class='ocr_par' dir='ltr' id='par_1_28' title="bbox 399 2569 1988 2637">
     <span class='ocr_line' id='line_1_28' title="bbox 399 2569 1988 2637; baseline -0.008 0"><span class='ocrx_word' id='word_1_221' title='bbox 399 2581 808 2637; x_wconf 86' lang='lat' dir='ltr'><strong>convenientem</strong></span> <span class='ocrx_word' id='word_1_222' title='bbox 847 2577 1140 2632; x_wconf 89' lang='lat' dir='ltr'><strong>habentem</strong></span> <span class='ocrx_word' id='word_1_223' title='bbox 1180 2574 1344 2628; x_wconf 91' lang='lat' dir='ltr'><strong>etiam</strong></span> <span class='ocrx_word' id='word_1_224' title='bbox 1383 2572 1617 2637; x_wconf 89' lang='lat' dir='ltr'><strong>titulum,</strong></span> <span class='ocrx_word' id='word_1_225' title='bbox 1655 2571 1758 2626; x_wconf 92' lang='lat' dir='ltr'><strong>hoc</strong></span> <span class='ocrx_word' id='word_1_226' title='bbox 1783 2569 1988 2626; x_wconf 89' lang='lat' dir='ltr'><strong>modo:</strong></span> 
     </span>
    </p>
   </div>
   <div class='ocr_carea' id='block_1_29' title="bbox 397 2663 1994 2743">
    <p class='ocr_par' dir='ltr' id='par_1_29' title="bbox 397 2663 1994 2743">
     <span class='ocr_line' id='line_1_29' title="bbox 397 2663 1994 2743; baseline -0.007 -15"><span class='ocrx_word' id='word_1_227' title='bbox 397 2673 649 2728; x_wconf 77' lang='lat' dir='ltr'><strong>Adversus</strong></span> <span class='ocrx_word' id='word_1_228' title='bbox 670 2688 755 2725; x_wconf 77' lang='lat' dir='ltr'><strong>eos</strong></span> <span class='ocrx_word' id='word_1_229' title='bbox 777 2671 861 2743; x_wconf 87' lang='lat' dir='ltr'><strong>qui</strong></span> <span class='ocrx_word' id='word_1_230' title='bbox 882 2677 1091 2740; x_wconf 85' lang='lat' dir='ltr'><strong>propter</strong></span> <span class='ocrx_word' id='word_1_231' title='bbox 1111 2679 1204 2721; x_wconf 88' lang='lat' dir='ltr'><strong>con</strong></span> <span class='ocrx_word' id='word_1_232' title='bbox 1203 2665 1545 2737; x_wconf 87' lang='lat' dir='ltr'><strong>junctionem,</strong></span> <span class='ocrx_word' id='word_1_233' title='bbox 1564 2664 1640 2718; x_wconf 86' lang='lat' dir='ltr'><strong>vel</strong></span> <span class='ocrx_word' id='word_1_234' title='bbox 1662 2663 1994 2718; x_wconf 88' lang='lat' dir='ltr'><strong>Divinitatem</strong></span> 
     </span>
    </p>
   </div>
   <div class='ocr_carea' id='block_1_30' title="bbox 398 2751 1994 2838">
    <p class='ocr_par' dir='ltr' id='par_1_30' title="bbox 398 2751 1994 2838">
     <span class='ocr_line' id='line_1_30' title="bbox 398 2751 1994 2838; baseline -0.006 -19"><span class='ocrx_word' id='word_1_235' title='bbox 398 2764 601 2838; x_wconf 80' lang='lat' dir='ltr'><strong>[Baluz.</strong></span> <span class='ocrx_word' id='word_1_236' title='bbox 632 2763 950 2817; x_wconf 83' lang='lat' dir='ltr'><strong>divinitatem</strong></span> <span class='ocrx_word' id='word_1_237' title='bbox 973 2759 1050 2815; x_wconf 89' lang='lat' dir='ltr'><strong>vel</strong></span> <span class='ocrx_word' id='word_1_238' title='bbox 1068 2754 1388 2828; x_wconf 90' lang='lat' dir='ltr'><strong>societatem]</strong></span> <span class='ocrx_word' id='word_1_239' title='bbox 1409 2756 1509 2828; x_wconf 84' lang='lat' dir='ltr'><strong>ﬁlii</strong></span> <span class='ocrx_word' id='word_1_240' title='bbox 1525 2757 1843 2826; x_wconf 85' lang='lat' dir='ltr'><strong>morti/icant</strong></span> <span class='ocrx_word' id='word_1_241' title='bbox 1866 2751 1994 2829; x_wconf 83' lang='lat' dir='ltr'><strong>[Ba-</strong></span> 
     </span>
    </p>
   </div>
   <div class='ocr_carea' id='block_1_31' title="bbox 396 2849 1988 2927">
    <p class='ocr_par' dir='ltr' id='par_1_31' title="bbox 396 2849 1988 2927">
     <span class='ocr_line' id='line_1_31' title="bbox 396 2849 1988 2927; baseline -0.008 -15"><span class='ocrx_word' id='word_1_242' title='bbox 396 2859 502 2914; x_wconf 84' lang='lat' dir='ltr'><strong>luz.</strong></span> <span class='ocrx_word' id='word_1_243' title='bbox 520 2853 862 2927; x_wconf 78' lang='lat' dir='ltr'><strong>mortiﬁcati],</strong></span> <span class='ocrx_word' id='word_1_244' title='bbox 879 2855 955 2909; x_wconf 89' lang='lat' dir='ltr'><strong>vel</strong></span> <span class='ocrx_word' id='word_1_245' title='bbox 985 2853 1357 2907; x_wconf 80' lang='lat' dir='ltr'><strong>humanitatem</strong></span> <span class='ocrx_word' id='word_1_246' title='bbox 1377 2852 1432 2904; x_wconf 88' lang='lat' dir='ltr'><strong>in</strong></span> <span class='ocrx_word' id='word_1_247' title='bbox 1454 2849 1622 2904; x_wconf 89' lang='lat' dir='ltr'><strong>Deum</strong></span> <span class='ocrx_word' id='word_1_248' title='bbox 1653 2851 1988 2920; x_wconf 77' lang='lat' dir='ltr'><strong>transferunt.</strong></span> 
     </span>
    </p>
   </div>
   <div class='ocr_carea' id='block_1_32' title="bbox 396 2939 1993 3011">
    <p class='ocr_par' dir='ltr' id='par_1_32' title="bbox 396 2939 1993 3011">
     <span class='ocr_line' id='line_1_32' title="bbox 396 2939 1993 3011; baseline -0.005 -10"><span class='ocrx_word' id='word_1_249' title='bbox 396 2946 646 3001; x_wconf 81' lang='lat' dir='ltr'><strong>Praefatio</strong></span> <span class='ocrx_word' id='word_1_250' title='bbox 670 2954 850 3000; x_wconf 88' lang='lat' dir='ltr'><strong>autem</strong></span> <span class='ocrx_word' id='word_1_251' title='bbox 878 2944 957 2999; x_wconf 92' lang='lat' dir='ltr'><strong>sic</strong></span> <span class='ocrx_word' id='word_1_252' title='bbox 996 2943 1197 2998; x_wconf 86' lang='lat' dir='ltr'><strong>habet:</strong></span> <span class='ocrx_word' id='word_1_253' title='bbox 1227 2939 1577 2996; x_wconf 88' lang='lat' dir='ltr'><strong>Contumelias</strong></span> <span class='ocrx_word' id='word_1_254' title='bbox 1605 2939 1807 3011; x_wconf 84' lang='lat' dir='ltr'><strong>quidem</strong></span> <span class='ocrx_word' id='word_1_255' title='bbox 1835 2940 1889 2992; x_wconf 90' lang='lat' dir='ltr'><strong>in</strong></span> <span class='ocrx_word' id='word_1_256' title='bbox 1912 2955 1993 2993; x_wconf 90' lang='lat' dir='ltr'><strong>me</strong></span> 
     </span>
    </p>
   </div>
   <div class='ocr_carea' id='block_1_33' title="bbox 398 3038 906 3101">
    <p class='ocr_par' dir='ltr' id='par_1_33' title="bbox 398 3038 906 3101">
     <span class='ocr_line' id='line_1_33' title="bbox 398 3038 906 3101; baseline -0.006 -10"><span class='ocrx_word' id='word_1_257' title='bbox 398 3038 772 3101; x_wconf 64' lang='lat' dir='ltr'><strong>haereticorum,</strong></span> <span class='ocrx_word' id='word_1_258' title='bbox 800 3043 906 3089; x_wconf 89' lang='lat' dir='ltr'><strong>etc.</strong></span> 
     </span>
    </p>
   </div>
   <div class='ocr_carea' id='block_1_34' title="bbox 467 3119 1989 3192">
    <p class='ocr_par' dir='ltr' id='par_1_34' title="bbox 467 3119 1989 3192">
     <span class='ocr_line' id='line_1_34' title="bbox 467 3119 1989 3192; baseline -0.005 -11"><span class='ocrx_word' id='word_1_259' title='bbox 467 3126 520 3182; x_wconf 85' lang='lat'><strong>5.</strong></span> <span class='ocrx_word' id='word_1_260' title='bbox 549 3127 751 3182; x_wconf 90' lang='lat' dir='ltr'><strong>Deinde</strong></span> <span class='ocrx_word' id='word_1_261' title='bbox 771 3131 1037 3180; x_wconf 88' lang='lat' dir='ltr'><strong>conantur</strong></span> <span class='ocrx_word' id='word_1_262' title='bbox 1054 3122 1359 3186; x_wconf 89' lang='lat' dir='ltr'><strong>ostendere,</strong></span> <span class='ocrx_word' id='word_1_263' title='bbox 1382 3119 1527 3192; x_wconf 91' lang='lat' dir='ltr'><strong>quod</strong></span> <span class='ocrx_word' id='word_1_264' title='bbox 1549 3135 1746 3191; x_wconf 88' lang='lat' dir='ltr'><strong>corpus</strong></span> <span class='ocrx_word' id='word_1_265' title='bbox 1773 3133 1989 3190; x_wconf 88' lang='lat' dir='ltr'><strong>passum</strong></span> 
     </span>
    </p>
   </div>
   <div class='ocr_carea' id='block_1_35' title="bbox 2112 742 2749 812">
    <p class='ocr_par' dir='ltr' id='par_1_35' title="bbox 2112 742 2749 812">
     <span class='ocr_line' id='line_1_35' title="bbox 2112 742 2749 812; baseline 0.008 -19"><span class='ocrx_word' id='word_1_266' title='bbox 2112 745 2211 794; x_wconf 89' lang='lat' dir='ltr'><strong>suo</strong></span> <span class='ocrx_word' id='word_1_267' title='bbox 2239 747 2466 812; x_wconf 87' lang='lat' dir='ltr'><strong>corpore</strong></span> <span class='ocrx_word' id='word_1_268' title='bbox 2492 742 2749 812; x_wconf 88' lang='lat' dir='ltr'><strong>patiente.</strong></span> 
     </span>
    </p>
   </div>
   <div class='ocr_carea' id='block_1_36' title="bbox 2181 841 3710 928">
    <p class='ocr_par' dir='ltr' id='par_1_36' title="bbox 2181 841 3710 928">
     <span class='ocr_line' id='line_1_36' title="bbox 2181 841 3710 928; baseline 0.003 -21"><span class='ocrx_word' id='word_1_269' title='bbox 2181 853 2234 908; x_wconf 91' lang='lat'><strong>6.</strong></span> <span class='ocrx_word' id='word_1_270' title='bbox 2265 841 2373 910; x_wconf 86' lang='lat' dir='ltr'><strong>Sed</strong></span> <span class='ocrx_word' id='word_1_271' title='bbox 2409 856 2663 928; x_wconf 87' lang='lat' dir='ltr'><strong>quoniam</strong></span> <span class='ocrx_word' id='word_1_272' title='bbox 2705 857 3042 928; x_wconf 89' lang='lat' dir='ltr'><strong>propositum</strong></span> <span class='ocrx_word' id='word_1_273' title='bbox 3068 857 3199 928; x_wconf 86' lang='lat' dir='ltr'><strong>ipsis</strong></span> <span class='ocrx_word' id='word_1_274' title='bbox 3235 865 3318 912; x_wconf 90' lang='lat' dir='ltr'><strong>est</strong></span> <span class='ocrx_word' id='word_1_275' title='bbox 3366 855 3504 911; x_wconf 82' lang='lat' dir='ltr'><strong>duos</strong></span> <span class='ocrx_word' id='word_1_276' title='bbox 3559 855 3710 911; x_wconf 80' lang='lat' dir='ltr'><strong>ﬁlios</strong></span> 
     </span>
    </p>
   </div>
   <div class='ocr_carea' id='block_1_37' title="bbox 2109 947 3702 1019">
    <p class='ocr_par' dir='ltr' id='par_1_37' title="bbox 2109 947 3702 1019">
     <span class='ocr_line' id='line_1_37' title="bbox 2109 947 3702 1019; baseline -0.001 -16"><span class='ocrx_word' id='word_1_277' title='bbox 2109 954 2164 1003; x_wconf 88' lang='lat' dir='ltr'><strong>et</strong></span> <span class='ocrx_word' id='word_1_278' title='bbox 2190 947 2326 1002; x_wconf 91' lang='lat' dir='ltr'><strong>duos</strong></span> <span class='ocrx_word' id='word_1_279' title='bbox 2352 947 2594 1005; x_wconf 89' lang='lat' dir='ltr'><strong>Christos</strong></span> <span class='ocrx_word' id='word_1_280' title='bbox 2614 948 2955 1005; x_wconf 86' lang='lat' dir='ltr'><strong>introducere</strong></span> <span class='ocrx_word' id='word_1_281' title='bbox 2987 967 3000 1002; x_wconf 90' lang='lat'><strong>:</strong></span> <span class='ocrx_word' id='word_1_282' title='bbox 3033 964 3197 1004; x_wconf 87' lang='lat' dir='ltr'><strong>unum</strong></span> <span class='ocrx_word' id='word_1_283' title='bbox 3226 947 3444 1019; x_wconf 87' lang='lat' dir='ltr'><strong>quidem</strong></span> <span class='ocrx_word' id='word_1_284' title='bbox 3473 947 3702 1019; x_wconf 79' lang='lat' dir='ltr'><strong>specia-</strong></span> 
     </span>
    </p>
   </div>
   <div class='ocr_carea' id='block_1_38' title="bbox 2108 1034 3706 1110">
    <p class='ocr_par' dir='ltr' id='par_1_38' title="bbox 2108 1034 3706 1110">
     <span class='ocr_line' id='line_1_38' title="bbox 2108 1034 3706 1110; baseline -0.001 -17"><span class='ocrx_word' id='word_1_285' title='bbox 2108 1037 2232 1094; x_wconf 90' lang='lat' dir='ltr'><strong>liter</strong></span> <span class='ocrx_word' id='word_1_286' title='bbox 2276 1040 2580 1103; x_wconf 87' lang='lat' dir='ltr'><strong>hominem,</strong></span> <span class='ocrx_word' id='word_1_287' title='bbox 2617 1041 2848 1095; x_wconf 91' lang='lat' dir='ltr'><strong>alterum</strong></span> <span class='ocrx_word' id='word_1_288' title='bbox 2888 1055 3014 1095; x_wconf 88' lang='lat' dir='ltr'><strong>vero</strong></span> <span class='ocrx_word' id='word_1_289' title='bbox 3054 1039 3271 1110; x_wconf 88' lang='lat' dir='ltr'><strong>proprie</strong></span> <span class='ocrx_word' id='word_1_290' title='bbox 3313 1039 3519 1103; x_wconf 89' lang='lat' dir='ltr'><strong>Deum;</strong></span> <span class='ocrx_word' id='word_1_291' title='bbox 3570 1034 3599 1074; x_wconf 71' lang='grc' dir='ltr'><strong><em>ἀ</em></strong></span> <span class='ocrx_word' id='word_1_292' title='bbox 3644 1039 3706 1092; x_wconf 90' lang='lat' dir='ltr'><strong>in</strong></span> 
     </span>
    </p>
   </div>
   <div class='ocr_carea' id='block_1_39' title="bbox 2106 1127 3704 1202">
    <p class='ocr_par' dir='ltr' id='par_1_39' title="bbox 2106 1127 3704 1202">
     <span class='ocr_line' id='line_1_39' title="bbox 2106 1127 3704 1202; baseline -0.001 -18"><span class='ocrx_word' id='word_1_293' title='bbox 2106 1130 2356 1200; x_wconf 86' lang='lat' dir='ltr'><strong>personis</strong></span> <span class='ocrx_word' id='word_1_294' title='bbox 2392 1137 2599 1185; x_wconf 89' lang='lat' dir='ltr'><strong>tantum</strong></span> <span class='ocrx_word' id='word_1_295' title='bbox 2627 1129 2827 1186; x_wconf 78' lang='lat' dir='ltr'><strong>faciunt</strong></span> <span class='ocrx_word' id='word_1_296' title='bbox 2874 1130 3080 1202; x_wconf 80' lang='lat' dir='ltr'><strong>[Baluz.</strong></span> <span class='ocrx_word' id='word_1_297' title='bbox 3129 1129 3253 1183; x_wconf 90' lang='lat' dir='ltr'><strong>add.</strong></span> <span class='ocrx_word' id='word_1_298' title='bbox 3304 1129 3389 1184; x_wconf 91' lang='lat' dir='ltr'><strong>vel</strong></span> <span class='ocrx_word' id='word_1_299' title='bbox 3428 1127 3704 1199; x_wconf 88' lang='lat' dir='ltr'><strong>sentiunt]</strong></span> 
     </span>
    </p>
   </div>
   <div class='ocr_carea' id='block_1_40' title="bbox 2107 1219 3706 1295">
    <p class='ocr_par' dir='ltr' id='par_1_40' title="bbox 2107 1219 3706 1295">
     <span class='ocr_line' id='line_1_40' title="bbox 2107 1219 3706 1295; baseline 0 -19"><span class='ocrx_word' id='word_1_300' title='bbox 2107 1221 2387 1288; x_wconf 86' lang='lat' dir='ltr'><strong>unitatem,</strong></span> <span class='ocrx_word' id='word_1_301' title='bbox 2418 1223 2584 1277; x_wconf 91' lang='lat' dir='ltr'><strong>Deum</strong></span> <span class='ocrx_word' id='word_1_302' title='bbox 2625 1222 2830 1295; x_wconf 53' lang='lat' dir='ltr'><strong>[Boium</strong></span> <span class='ocrx_word' id='word_1_303' title='bbox 2864 1221 2988 1275; x_wconf 81' lang='lat' dir='ltr'><strong>add.</strong></span> <span class='ocrx_word' id='word_1_304' title='bbox 3024 1219 3142 1292; x_wconf 78' lang='lat' dir='ltr'><strong>Dei]</strong></span> <span class='ocrx_word' id='word_1_305' title='bbox 3180 1219 3415 1275; x_wconf 89' lang='lat' dir='ltr'><strong>Verbum</strong></span> <span class='ocrx_word' id='word_1_306' title='bbox 3445 1221 3706 1276; x_wconf 85' lang='lat' dir='ltr'><strong>nolentes</strong></span> 
     </span>
    </p>
   </div>
   <div class='ocr_carea' id='block_1_41' title="bbox 2105 1305 3704 1382">
    <p class='ocr_par' dir='ltr' id='par_1_41' title="bbox 2105 1305 3704 1382">
     <span class='ocr_line' id='line_1_41' title="bbox 2105 1305 3704 1382; baseline 0.002 -16"><span class='ocrx_word' id='word_1_307' title='bbox 2105 1312 2324 1382; x_wconf 87' lang='lat' dir='ltr'><strong>proprie</strong></span> <span class='ocrx_word' id='word_1_308' title='bbox 2365 1321 2420 1367; x_wconf 90' lang='lat' dir='ltr'><strong>et</strong></span> <span class='ocrx_word' id='word_1_309' title='bbox 2464 1311 2886 1368; x_wconf 82' lang='lat' dir='ltr'><strong>substantialit‘er</strong></span> <span class='ocrx_word' id='word_1_310' title='bbox 2932 1305 3140 1366; x_wconf 84' lang='lat' dir='ltr'><strong>unitum</strong></span> <span class='ocrx_word' id='word_1_311' title='bbox 3188 1311 3391 1366; x_wconf 91' lang='lat' dir='ltr'><strong>homini</strong></span> <span class='ocrx_word' id='word_1_312' title='bbox 3415 1305 3704 1369; x_wconf 75' lang='lat' dir='ltr'><strong>heminam</strong></span> 
     </span>
    </p>
   </div>
   <div class='ocr_carea' id='block_1_42' title="bbox 2104 1401 3702 1475">
    <p class='ocr_par' dir='ltr' id='par_1_42' title="bbox 2104 1401 3702 1475">
     <span class='ocr_line' id='line_1_42' title="bbox 2104 1401 3702 1475; baseline 0.002 -20"><span class='ocrx_word' id='word_1_313' title='bbox 2104 1401 2304 1458; x_wconf 81' lang='lat' dir='ltr'><strong>factum</strong></span> <span class='ocrx_word' id='word_1_314' title='bbox 2340 1403 2719 1475; x_wconf 87' lang='lat' dir='ltr'><strong>hominemque</strong></span> <span class='ocrx_word' id='word_1_315' title='bbox 2759 1403 3099 1474; x_wconf 83' lang='lat' dir='ltr'><strong>suscepisse:</strong></span> <span class='ocrx_word' id='word_1_316' title='bbox 3132 1409 3419 1473; x_wconf 87' lang='lat' dir='ltr'><strong>propterea</strong></span> <span class='ocrx_word' id='word_1_317' title='bbox 3443 1410 3501 1458; x_wconf 91' lang='lat' dir='ltr'><strong>et</strong></span> <span class='ocrx_word' id='word_1_318' title='bbox 3522 1405 3702 1472; x_wconf 85' lang='lat' dir='ltr'><strong>tergi-</strong></span> 
     </span>
    </p>
   </div>
   <div class='ocr_carea' id='block_1_43' title="bbox 2104 1496 3706 1569">
    <p class='ocr_par' dir='ltr' id='par_1_43' title="bbox 2104 1496 3706 1569">
     <span class='ocr_line' id='line_1_43' title="bbox 2104 1496 3706 1569; baseline 0.002 -20"><span class='ocrx_word' id='word_1_319' title='bbox 2104 1504 2404 1561; x_wconf 83' lang='lat' dir='ltr'><strong>versantur,</strong></span> <span class='ocrx_word' id='word_1_320' title='bbox 2432 1506 2489 1552; x_wconf 92' lang='lat' dir='ltr'><strong>et</strong></span> <span class='ocrx_word' id='word_1_321' title='bbox 2512 1498 2886 1562; x_wconf 69' lang='lat' dir='ltr'><strong>excusationes,</strong></span> <span class='ocrx_word' id='word_1_322' title='bbox 2903 1497 3043 1551; x_wconf 88' lang='lat' dir='ltr'><strong>sicut</strong></span> <span class='ocrx_word' id='word_1_323' title='bbox 3069 1496 3326 1566; x_wconf 79' lang='lat' dir='ltr'><strong>scriptum</strong></span> <span class='ocrx_word' id='word_1_324' title='bbox 3350 1502 3453 1561; x_wconf 84' lang='lat' dir='ltr'><strong>est,</strong></span> <span class='ocrx_word' id='word_1_325' title='bbox 3483 1496 3706 1569; x_wconf 76' lang='lat' dir='ltr'><strong>ﬁngunt</strong></span> 
     </span>
    </p>
   </div>
   <div class='ocr_carea' id='block_1_44' title="bbox 2101 1585 2809 1657">
    <p class='ocr_par' dir='ltr' id='par_1_44' title="bbox 2101 1585 2809 1657">
     <span class='ocr_line' id='line_1_44' title="bbox 2101 1585 2809 1657; baseline 0.001 -19"><span class='ocrx_word' id='word_1_326' title='bbox 2101 1585 2166 1638; x_wconf 80' lang='lat' dir='ltr'><strong>in</strong></span> <span class='ocrx_word' id='word_1_327' title='bbox 2181 1587 2405 1656; x_wconf 86' lang='lat' dir='ltr'><strong>peccatis</strong></span> <span class='ocrx_word' id='word_1_328' title='bbox 2428 1585 2542 1657; x_wconf 80' lang='lat' dir='ltr'><strong>(P‘s.</strong></span> <span class='ocrx_word' id='word_1_329' title='bbox 2578 1601 2700 1653; x_wconf 69' lang='grc' dir='ltr'><strong>(ιιι,</strong></span> <span class='ocrx_word' id='word_1_330' title='bbox 2733 1585 2809 1656; x_wconf 76' lang='grc'><strong>4).</strong></span> 
     </span>
    </p>
   </div>
   <div class='ocr_carea' id='block_1_45' title="bbox 2173 1693 3695 1766">
    <p class='ocr_par' dir='ltr' id='par_1_45' title="bbox 2173 1693 3695 1766">
     <span class='ocr_line' id='line_1_45' title="bbox 2173 1693 3695 1766; baseline 0 -15"><span class='ocrx_word' id='word_1_331' title='bbox 2173 1693 2225 1752; x_wconf 87' lang='grc'><strong>’1.</strong></span> <span class='ocrx_word' id='word_1_332' title='bbox 2257 1696 2368 1754; x_wconf 82' lang='lat' dir='ltr'><strong>Vos</strong></span> <span class='ocrx_word' id='word_1_333' title='bbox 2412 1698 2574 1766; x_wconf 80' lang='lat' dir='ltr'><strong>igitur</strong></span> <span class='ocrx_word' id='word_1_334' title='bbox 2617 1699 3001 1754; x_wconf 88' lang='lat' dir='ltr'><strong>convenientes</strong></span> <span class='ocrx_word' id='word_1_335' title='bbox 3040 1711 3163 1753; x_wconf 89' lang='lat' dir='ltr'><strong>cum</strong></span> <span class='ocrx_word' id='word_1_336' title='bbox 3201 1697 3300 1764; x_wconf 89' lang='lat' dir='ltr'><strong>eis,</strong></span> <span class='ocrx_word' id='word_1_337' title='bbox 3332 1697 3446 1753; x_wconf 69' lang='lat' dir='ltr'><strong>haec</strong></span> <span class='ocrx_word' id='word_1_338' title='bbox 3473 1698 3645 1754; x_wconf 89' lang='lat' dir='ltr'><strong>dicite</strong></span> <span class='ocrx_word' id='word_1_339' title='bbox 3679 1717 3695 1751; x_wconf 93' lang='lat'><strong>:</strong></span> 
     </span>
    </p>
   </div>
   <div class='ocr_carea' id='block_1_46' title="bbox 2100 1787 3697 1860">
    <p class='ocr_par' dir='ltr' id='par_1_46' title="bbox 2100 1787 3697 1860">
     <span class='ocr_line' id='line_1_46' title="bbox 2100 1787 3697 1860; baseline -0.001 -17"><span class='ocrx_word' id='word_1_340' title='bbox 2100 1787 2302 1845; x_wconf 83' lang='lat' dir='ltr'><strong>Facere</strong></span> <span class='ocrx_word' id='word_1_341' title='bbox 2348 1804 2445 1845; x_wconf 90' lang='lat' dir='ltr'><strong>eos</strong></span> <span class='ocrx_word' id='word_1_342' title='bbox 2490 1788 2649 1855; x_wconf 89' lang='lat' dir='ltr'><strong>male,</strong></span> <span class='ocrx_word' id='word_1_343' title='bbox 2682 1799 2706 1827; x_wconf 75' lang='grc' dir='ltr'><strong>ο</strong></span> <span class='ocrx_word' id='word_1_344' title='bbox 2743 1789 2885 1860; x_wconf 91' lang='lat' dir='ltr'><strong>quod</strong></span> <span class='ocrx_word' id='word_1_345' title='bbox 2916 1788 3258 1844; x_wconf 80' lang='lat' dir='ltr'><strong>introducam</strong></span> <span class='ocrx_word' id='word_1_346' title='bbox 3292 1787 3553 1859; x_wconf 88' lang='lat' dir='ltr'><strong>quosdam</strong></span> <span class='ocrx_word' id='word_1_347' title='bbox 3606 1789 3697 1843; x_wconf 88' lang='lat' dir='ltr'><strong>lo-</strong></span> 
     </span>
    </p>
   </div>
   <div class='ocr_carea' id='block_1_47' title="bbox 2099 1879 3696 1958">
    <p class='ocr_par' dir='ltr' id='par_1_47' title="bbox 2099 1879 3696 1958">
     <span class='ocr_line' id='line_1_47' title="bbox 2099 1879 3696 1958; baseline 0.003 -25"><span class='ocrx_word' id='word_1_348' title='bbox 2099 1893 2298 1951; x_wconf 88' lang='lat' dir='ltr'><strong>quaces</strong></span> <span class='ocrx_word' id='word_1_349' title='bbox 2323 1887 2378 1934; x_wconf 91' lang='lat' dir='ltr'><strong>et</strong></span> <span class='ocrx_word' id='word_1_350' title='bbox 2405 1880 2649 1950; x_wconf 80' lang='lat' dir='ltr'><strong>garrulus</strong></span> <span class='ocrx_word' id='word_1_351' title='bbox 2675 1879 2960 1934; x_wconf 86' lang='lat' dir='ltr'><strong>adversum</strong></span> <span class='ocrx_word' id='word_1_352' title='bbox 2986 1893 3106 1945; x_wconf 89' lang='lat' dir='ltr'><strong>nos,</strong></span> <span class='ocrx_word' id='word_1_353' title='bbox 3153 1888 3207 1935; x_wconf 90' lang='lat' dir='ltr'><strong>et</strong></span> <span class='ocrx_word' id='word_1_354' title='bbox 3234 1880 3332 1936; x_wconf 89' lang='lat' dir='ltr'><strong>hos</strong></span> <span class='ocrx_word' id='word_1_355' title='bbox 3357 1880 3593 1958; x_wconf 82' lang='lat' dir='ltr'><strong>fovendo</strong></span> <span class='ocrx_word' id='word_1_356' title='bbox 3626 1897 3696 1938; x_wconf 88' lang='lat' dir='ltr'><strong>ac</strong></span> 
     </span>
    </p>
   </div>
   <div class='ocr_carea' id='block_1_48' title="bbox 2099 1968 3696 2043">
    <p class='ocr_par' dir='ltr' id='par_1_48' title="bbox 2099 1968 3696 2043">
     <span class='ocr_line' id='line_1_48' title="bbox 2099 1968 3696 2043; baseline 0.003 -19"><span class='ocrx_word' id='word_1_357' title='bbox 2099 1969 2452 2035; x_wconf 77' lang='lat' dir='ltr'><strong>defendendo,</strong></span> <span class='ocrx_word' id='word_1_358' title='bbox 2478 1985 2695 2026; x_wconf 87' lang='lat' dir='ltr'><strong>causam</strong></span> <span class='ocrx_word' id='word_1_359' title='bbox 2722 1968 2923 2026; x_wconf 83' lang='lat' dir='ltr'><strong>faciunt</strong></span> <span class='ocrx_word' id='word_1_360' title='bbox 2951 1970 3156 2043; x_wconf 78' lang='lat' dir='ltr'><strong>[Butuz.</strong></span> <span class='ocrx_word' id='word_1_361' title='bbox 3188 1987 3348 2028; x_wconf 88' lang='lat' dir='ltr'><strong>causa</strong></span> <span class='ocrx_word' id='word_1_362' title='bbox 3377 1972 3532 2043; x_wconf 69' lang='lat' dir='ltr'><strong>ﬁunt]</strong></span> <span class='ocrx_word' id='word_1_363' title='bbox 3563 1988 3696 2029; x_wconf 75' lang='lat' dir='ltr'><strong>ma—</strong></span> 
     </span>
    </p>
   </div>
   <div class='ocr_carea' id='block_1_49' title="bbox 2098 2061 2510 2132">
    <p class='ocr_par' dir='ltr' id='par_1_49' title="bbox 2098 2061 2510 2132">
     <span class='ocr_line' id='line_1_49' title="bbox 2098 2061 2510 2132; baseline -0.002 -17"><span class='ocrx_word' id='word_1_364' title='bbox 2098 2061 2356 2132; x_wconf 79' lang='lat' dir='ltr'><strong>lignitatis</strong></span> <span class='ocrx_word' id='word_1_365' title='bbox 2381 2075 2510 2116; x_wconf 70' lang='lat' dir='ltr'><strong>sum.</strong></span> 
     </span>
    </p>
   </div>
   <div class='ocr_carea' id='block_1_50' title="bbox 2167 2173 3688 2244">
    <p class='ocr_par' dir='ltr' id='par_1_50' title="bbox 2167 2173 3688 2244">
     <span class='ocr_line' id='line_1_50' title="bbox 2167 2173 3688 2244; baseline -0.001 -15"><span class='ocrx_word' id='word_1_366' title='bbox 2167 2173 2221 2229; x_wconf 90' lang='lat'><strong>8.</strong></span> <span class='ocrx_word' id='word_1_367' title='bbox 2244 2173 2350 2230; x_wconf 91' lang='lat' dir='ltr'><strong>Sed</strong></span> <span class='ocrx_word' id='word_1_368' title='bbox 2379 2190 2486 2229; x_wconf 90' lang='lat' dir='ltr'><strong>non</strong></span> <span class='ocrx_word' id='word_1_369' title='bbox 2509 2173 2624 2229; x_wconf 72' lang='lat' dir='ltr'><strong>hmo</strong></span> <span class='ocrx_word' id='word_1_370' title='bbox 2646 2173 2878 2244; x_wconf 71' lang='lat' dir='ltr'><strong>proprim</strong></span> <span class='ocrx_word' id='word_1_371' title='bbox 2903 2182 3100 2228; x_wconf 55' lang='lat' dir='ltr'><strong>nostra!</strong></span> <span class='ocrx_word' id='word_1_372' title='bbox 3127 2173 3358 2228; x_wconf 88' lang='lat' dir='ltr'><strong>laesionis</strong></span> <span class='ocrx_word' id='word_1_373' title='bbox 3385 2181 3469 2228; x_wconf 91' lang='lat' dir='ltr'><strong>est</strong></span> <span class='ocrx_word' id='word_1_374' title='bbox 3496 2189 3688 2230; x_wconf 84' lang='lat' dir='ltr'><strong>causa.</strong></span> 
     </span>
    </p>
   </div>
   <div class='ocr_carea' id='block_1_51' title="bbox 2097 2263 3692 2337">
    <p class='ocr_par' dir='ltr' id='par_1_51' title="bbox 2097 2263 3692 2337">
     <span class='ocr_line' id='line_1_51' title="bbox 2097 2263 3692 2337; baseline 0.001 -16"><span class='ocrx_word' id='word_1_375' title='bbox 2097 2266 2268 2322; x_wconf 88' lang='lat' dir='ltr'><strong>Dicite</strong></span> <span class='ocrx_word' id='word_1_376' title='bbox 2293 2281 2380 2322; x_wconf 89' lang='lat' dir='ltr'><strong>me</strong></span> <span class='ocrx_word' id='word_1_377' title='bbox 2409 2281 2508 2321; x_wconf 89' lang='lat' dir='ltr'><strong>nec</strong></span> <span class='ocrx_word' id='word_1_378' title='bbox 2536 2265 2676 2331; x_wconf 91' lang='lat' dir='ltr'><strong>huic,</strong></span> <span class='ocrx_word' id='word_1_379' title='bbox 2707 2266 2800 2337; x_wconf 91' lang='lat' dir='ltr'><strong>qui</strong></span> <span class='ocrx_word' id='word_1_380' title='bbox 2827 2265 2900 2320; x_wconf 88' lang='lat' dir='ltr'><strong>ibi</strong></span> <span class='ocrx_word' id='word_1_381' title='bbox 2921 2263 2940 2303; x_wconf 69' lang='grc' dir='ltr'>ί</span> <span class='ocrx_word' id='word_1_382' title='bbox 2965 2265 3166 2334; x_wconf 89' lang='lat' dir='ltr'><strong>degens</strong></span> <span class='ocrx_word' id='word_1_383' title='bbox 3193 2273 3407 2336; x_wconf 81' lang='lat' dir='ltr'><strong>praeest,</strong></span> <span class='ocrx_word' id='word_1_384' title='bbox 3438 2281 3559 2321; x_wconf 90' lang='lat' dir='ltr'><strong>esse</strong></span> <span class='ocrx_word' id='word_1_385' title='bbox 3589 2265 3692 2322; x_wconf 56' lang='lat' dir='ltr'><strong>ini.</strong></span> 
     </span>
    </p>
   </div>
   <div class='ocr_carea' id='block_1_52' title="bbox 2097 2356 3692 2430">
    <p class='ocr_par' dir='ltr' id='par_1_52' title="bbox 2097 2356 3692 2430">
     <span class='ocr_line' id='line_1_52' title="bbox 2097 2356 3692 2430; baseline 0 -15"><span class='ocrx_word' id='word_1_386' title='bbox 2097 2360 2293 2415; x_wconf 89' lang='lat' dir='ltr'><strong>micum</strong></span> <span class='ocrx_word' id='word_1_387' title='bbox 2318 2376 2332 2425; x_wconf 93' lang='lat'><strong>;</strong></span> <span class='ocrx_word' id='word_1_388' title='bbox 2359 2359 2478 2414; x_wconf 83' lang='lat' dir='ltr'><strong>laedi</strong></span> <span class='ocrx_word' id='word_1_389' title='bbox 2506 2365 2686 2414; x_wconf 85' lang='lat' dir='ltr'><strong>autem</strong></span> <span class='ocrx_word' id='word_1_390' title='bbox 2712 2369 2934 2430; x_wconf 83' lang='lat' dir='ltr'><strong>propter</strong></span> <span class='ocrx_word' id='word_1_391' title='bbox 2953 2359 3056 2414; x_wconf 91' lang='lat' dir='ltr'><strong>hoc</strong></span> <span class='ocrx_word' id='word_1_392' title='bbox 3075 2367 3184 2413; x_wconf 87' lang='lat' dir='ltr'><strong>tam</strong></span> <span class='ocrx_word' id='word_1_393' title='bbox 3199 2356 3500 2414; x_wconf 88' lang='lat' dir='ltr'><strong>Orientales</strong></span> <span class='ocrx_word' id='word_1_394' title='bbox 3519 2373 3692 2430; x_wconf 86' lang='lat' dir='ltr'><strong>quam</strong></span> 
     </span>
    </p>
   </div>
   <div class='ocr_carea' id='block_1_53' title="bbox 2097 2449 3696 2524">
    <p class='ocr_par' dir='ltr' id='par_1_53' title="bbox 2097 2449 3696 2524">
     <span class='ocr_line' id='line_1_53' title="bbox 2097 2449 3696 2524; baseline 0.002 -19"><span class='ocrx_word' id='word_1_395' title='bbox 2097 2449 2469 2509; x_wconf 86' lang='lat' dir='ltr'><strong>Occidentales</strong></span> <span class='ocrx_word' id='word_1_396' title='bbox 2516 2452 2852 2508; x_wconf 89' lang='lat' dir='ltr'><strong>venerandos</strong></span> <span class='ocrx_word' id='word_1_397' title='bbox 2891 2453 3193 2524; x_wconf 90' lang='lat' dir='ltr'><strong>episcopos,</strong></span> <span class='ocrx_word' id='word_1_398' title='bbox 3223 2454 3366 2524; x_wconf 91' lang='lat' dir='ltr'><strong>quod</strong></span> <span class='ocrx_word' id='word_1_399' title='bbox 3409 2462 3589 2508; x_wconf 88' lang='lat' dir='ltr'><strong>rectus</strong></span> <span class='ocrx_word' id='word_1_400' title='bbox 3617 2453 3696 2509; x_wconf 81' lang='lat' dir='ltr'><strong>de</strong></span> 
     </span>
    </p>
   </div>
   <div class='ocr_carea' id='block_1_54' title="bbox 2095 2542 3690 2616">
    <p class='ocr_par' dir='ltr' id='par_1_54' title="bbox 2095 2542 3690 2616">
     <span class='ocr_line' id='line_1_54' title="bbox 2095 2542 3690 2616; baseline 0.001 -16"><span class='ocrx_word' id='word_1_401' title='bbox 2095 2542 2312 2601; x_wconf 88' lang='lat' dir='ltr'><strong>Christo</strong></span> <span class='ocrx_word' id='word_1_402' title='bbox 2339 2545 2596 2602; x_wconf 70' lang='lat' dir='ltr'><strong>doctrinae</strong></span> <span class='ocrx_word' id='word_1_403' title='bbox 2622 2560 2803 2601; x_wconf 85' lang='lat' dir='ltr'><strong>sermo</strong></span> <span class='ocrx_word' id='word_1_404' title='bbox 2841 2561 2948 2601; x_wconf 90' lang='lat' dir='ltr'><strong>non</strong></span> <span class='ocrx_word' id='word_1_405' title='bbox 2989 2545 3115 2612; x_wconf 80' lang='lat' dir='ltr'><strong>ﬁat,</strong></span> <span class='ocrx_word' id='word_1_406' title='bbox 3165 2545 3259 2601; x_wconf 89' lang='lat' dir='ltr'><strong>sed</strong></span> <span class='ocrx_word' id='word_1_407' title='bbox 3299 2547 3519 2602; x_wconf 90' lang='lat' dir='ltr'><strong>omnino</strong></span> <span class='ocrx_word' id='word_1_408' title='bbox 3553 2561 3690 2616; x_wconf 82' lang='lat' dir='ltr'><strong>per-</strong></span> 
     </span>
    </p>
   </div>
   <div class='ocr_carea' id='block_1_55' title="bbox 2095 2649 2351 2693">
    <p class='ocr_par' dir='ltr' id='par_1_55' title="bbox 2095 2649 2351 2693">
     <span class='ocr_line' id='line_1_55' title="bbox 2095 2649 2351 2693; baseline -0.008 -1"><span class='ocrx_word' id='word_1_409' title='bbox 2095 2649 2302 2693; x_wconf 88' lang='lat' dir='ltr'><strong>versus.</strong></span> <span class='ocrx_word' id='word_1_410' title='bbox 2337 2657 2351 2667; x_wconf 79' lang='grc'><strong>⁸</strong></span> 
     </span>
    </p>
   </div>
   <div class='ocr_carea' id='block_1_56' title="bbox 2166 2748 3690 2806">
    <p class='ocr_par' dir='ltr' id='par_1_56' title="bbox 2166 2748 3690 2806">
     <span class='ocr_line' id='line_1_56' title="bbox 2166 2748 3690 2806; baseline 0.001 -2"><span class='ocrx_word' id='word_1_411' title='bbox 2166 2750 2218 2805; x_wconf 87' lang='grc'><strong>9.</strong></span> <span class='ocrx_word' id='word_1_412' title='bbox 2251 2750 2457 2806; x_wconf 85' lang='lat' dir='ltr'><strong>Sullicit</strong></span> <span class='ocrx_word' id='word_1_413' title='bbox 2479 2758 2657 2806; x_wconf 90' lang='lat' dir='ltr'><strong>autem</strong></span> <span class='ocrx_word' id='word_1_414' title='bbox 2685 2749 2790 2805; x_wconf 90' lang='lat' dir='ltr'><strong>hoc</strong></span> <span class='ocrx_word' id='word_1_415' title='bbox 2811 2748 3190 2806; x_wconf 89' lang='lat' dir='ltr'><strong>documentum</strong></span> <span class='ocrx_word' id='word_1_416' title='bbox 3233 2749 3302 2804; x_wconf 89' lang='lat' dir='ltr'><strong>ad</strong></span> <span class='ocrx_word' id='word_1_417' title='bbox 3328 2749 3690 2805; x_wconf 80' lang='lat' dir='ltr'><strong>confutandos</strong></span> 
     </span>
    </p>
   </div>
   <div class='ocr_carea' id='block_1_57' title="bbox 2094 2841 3690 2912">
    <p class='ocr_par' dir='ltr' id='par_1_57' title="bbox 2094 2841 3690 2912">
     <span class='ocr_line' id='line_1_57' title="bbox 2094 2841 3690 2912; baseline 0.001 -15"><span class='ocrx_word' id='word_1_418' title='bbox 2094 2857 2206 2906; x_wconf 88' lang='lat' dir='ltr'><strong>eos,</strong></span> <span class='ocrx_word' id='word_1_419' title='bbox 2232 2841 2377 2912; x_wconf 89' lang='lat' dir='ltr'><strong>quod</strong></span> <span class='ocrx_word' id='word_1_420' title='bbox 2399 2855 2688 2912; x_wconf 87' lang='lat' dir='ltr'><strong>numquam</strong></span> <span class='ocrx_word' id='word_1_421' title='bbox 2710 2857 2740 2894; x_wconf 89' lang='lat' dir='ltr'><strong>a</strong></span> <span class='ocrx_word' id='word_1_422' title='bbox 2770 2855 3042 2912; x_wconf 91' lang='lat' dir='ltr'><strong>quoquam</strong></span> <span class='ocrx_word' id='word_1_423' title='bbox 3069 2841 3175 2896; x_wconf 90' lang='lat' dir='ltr'><strong>tale</strong></span> <span class='ocrx_word' id='word_1_424' title='bbox 3203 2841 3329 2912; x_wconf 91' lang='lat' dir='ltr'><strong>quid</strong></span> <span class='ocrx_word' id='word_1_425' title='bbox 3350 2842 3402 2896; x_wconf 89' lang='lat' dir='ltr'><strong>in</strong></span> <span class='ocrx_word' id='word_1_426' title='bbox 3428 2841 3690 2899; x_wconf 82' lang='lat' dir='ltr'><strong>Ecclesiis</strong></span> 
     </span>
    </p>
   </div>
   <div class='ocr_carea' id='block_1_58' title="bbox 2093 2933 3684 3005">
    <p class='ocr_par' dir='ltr' id='par_1_58' title="bbox 2093 2933 3684 3005">
     <span class='ocr_line' id='line_1_58' title="bbox 2093 2933 3684 3005; baseline 0.001 -15"><span class='ocrx_word' id='word_1_427' title='bbox 2093 2933 2295 2990; x_wconf 86' lang='lat' dir='ltr'><strong>dictum</strong></span> <span class='ocrx_word' id='word_1_428' title='bbox 2325 2935 2411 3000; x_wconf 89' lang='lat' dir='ltr'><strong>sit,</strong></span> <span class='ocrx_word' id='word_1_429' title='bbox 2463 2933 2621 3004; x_wconf 87' lang='lat' dir='ltr'><strong>quale</strong></span> <span class='ocrx_word' id='word_1_430' title='bbox 2655 2933 2710 2988; x_wconf 93' lang='lat' dir='ltr'><strong>in</strong></span> <span class='ocrx_word' id='word_1_431' title='bbox 2739 2933 2854 3003; x_wconf 90' lang='lat' dir='ltr'><strong>ejus</strong></span> <span class='ocrx_word' id='word_1_432' title='bbox 2897 2935 3323 3005; x_wconf 77' lang='lat' dir='ltr'><strong>expositionibus</strong></span> <span class='ocrx_word' id='word_1_433' title='bbox 3351 2936 3684 3004; x_wconf 84' lang='lat' dir='ltr'><strong>continetur,</strong></span> 
     </span>
    </p>
   </div>
   <div class='ocr_carea' id='block_1_59' title="bbox 2093 3025 3689 3102">
    <p class='ocr_par' dir='ltr' id='par_1_59' title="bbox 2093 3025 3689 3102">
     <span class='ocr_line' id='line_1_59' title="bbox 2093 3025 3689 3102; baseline 0.003 -22"><span class='ocrx_word' id='word_1_434' title='bbox 2093 3025 2238 3097; x_wconf 86' lang='lat' dir='ltr'><strong>quod</strong></span> <span class='ocrx_word' id='word_1_435' title='bbox 2265 3026 2344 3081; x_wconf 91' lang='lat' dir='ltr'><strong>sic</strong></span> <span class='ocrx_word' id='word_1_436' title='bbox 2384 3041 2443 3081; x_wconf 90' lang='lat' dir='ltr'><strong>se</strong></span> <span class='ocrx_word' id='word_1_437' title='bbox 2480 3028 2641 3082; x_wconf 86' lang='lat' dir='ltr'><strong>habet</strong></span> <span class='ocrx_word' id='word_1_438' title='bbox 2671 3045 2683 3081; x_wconf 90' lang='lat'><strong>:</strong></span> <span class='ocrx_word' id='word_1_439' title='bbox 2719 3037 2744 3074; x_wconf 77' lang='grc' dir='ltr'><strong><em>κ</em></strong></span> <span class='ocrx_word' id='word_1_440' title='bbox 2786 3025 2912 3082; x_wconf 84' lang='grc' dir='ltr'><strong>Νοη</strong></span> <span class='ocrx_word' id='word_1_441' title='bbox 2939 3027 3248 3083; x_wconf 75' lang='lat' dir='ltr'><strong>clamoribus</strong></span> <span class='ocrx_word' id='word_1_442' title='bbox 3289 3029 3514 3100; x_wconf 85' lang='lat' dir='ltr'><strong>approbo</strong></span> <span class='ocrx_word' id='word_1_443' title='bbox 3552 3046 3689 3102; x_wconf 86' lang='lat' dir='ltr'><strong>erga</strong></span> 
     </span>
    </p>
   </div>
   <div class='ocr_carea' id='block_1_60' title="bbox 2092 3119 3691 3194">
    <p class='ocr_par' dir='ltr' id='par_1_60' title="bbox 2092 3119 3691 3194">
     <span class='ocr_line' id='line_1_60' title="bbox 2092 3119 3691 3194; baseline 0.003 -20"><span class='ocrx_word' id='word_1_444' title='bbox 2092 3135 2176 3174; x_wconf 88' lang='lat' dir='ltr'><strong>me</strong></span> <span class='ocrx_word' id='word_1_445' title='bbox 2200 3119 2426 3174; x_wconf 86' lang='lat' dir='ltr'><strong>studium</strong></span> <span class='ocrx_word' id='word_1_446' title='bbox 2447 3129 2682 3186; x_wconf 83' lang='lat' dir='ltr'><strong>vestrum,</strong></span> <span class='ocrx_word' id='word_1_447' title='bbox 2715 3121 2807 3174; x_wconf 91' lang='lat' dir='ltr'><strong>sed</strong></span> <span class='ocrx_word' id='word_1_448' title='bbox 2844 3121 2998 3176; x_wconf 86' lang='lat' dir='ltr'><strong>laudo</strong></span> <span class='ocrx_word' id='word_1_449' title='bbox 3028 3123 3164 3175; x_wconf 87' lang='lat' dir='ltr'><strong>circa</strong></span> <span class='ocrx_word' id='word_1_450' title='bbox 3204 3122 3445 3194; x_wconf 80' lang='lat' dir='ltr'><strong>dogmata</strong></span> <span class='ocrx_word' id='word_1_451' title='bbox 3480 3124 3691 3178; x_wconf 84' lang='lat' dir='ltr'><strong>deside-</strong></span> 
     </span>
    </p>
   </div>
   <div class='ocr_carea' id='block_1_61' title="bbox 395 3209 3688 3288">
    <p class='ocr_par' dir='ltr' id='par_1_61' title="bbox 395 3209 3688 3288">
     <span class='ocr_line' id='line_1_61' title="bbox 395 3209 3688 3288; baseline -0.002 -13"><span class='ocrx_word' id='word_1_452' title='bbox 395 3221 484 3286; x_wconf 89' lang='lat' dir='ltr'><strong>sit,</strong></span> <span class='ocrx_word' id='word_1_453' title='bbox 513 3226 569 3274; x_wconf 91' lang='lat' dir='ltr'><strong>et</strong></span> <span class='ocrx_word' id='word_1_454' title='bbox 596 3234 704 3273; x_wconf 91' lang='lat' dir='ltr'><strong>non</strong></span> <span class='ocrx_word' id='word_1_455' title='bbox 748 3217 892 3271; x_wconf 90' lang='lat' dir='ltr'><strong>Deus</strong></span> <span class='ocrx_word' id='word_1_456' title='bbox 931 3215 1185 3280; x_wconf 88' lang='lat' dir='ltr'><strong>Verbum,</strong></span> <span class='ocrx_word' id='word_1_457' title='bbox 1217 3213 1392 3284; x_wconf 85' lang='lat' dir='ltr'><strong>quasi,</strong></span> <span class='ocrx_word' id='word_1_458' title='bbox 1426 3212 1511 3266; x_wconf 90' lang='lat' dir='ltr'><strong>vel</strong></span> <span class='ocrx_word' id='word_1_459' title='bbox 1537 3212 1713 3276; x_wconf 90' lang='lat' dir='ltr'><strong>nobis,</strong></span> <span class='ocrx_word' id='word_1_460' title='bbox 1747 3212 1838 3266; x_wconf 85' lang='lat' dir='ltr'><strong>vel</strong></span> <span class='ocrx_word' id='word_1_461' title='bbox 1870 3211 1989 3282; x_wconf 91' lang='lat' dir='ltr'><strong>qui-</strong></span> <span class='ocrx_word' id='word_1_462' title='bbox 2016 3223 2061 3288; x_wconf 73' lang='grc' dir='ltr'><strong>ρ</strong></span> <span class='ocrx_word' id='word_1_463' title='bbox 2092 3213 2246 3277; x_wconf 87' lang='lat' dir='ltr'><strong>rium,</strong></span> <span class='ocrx_word' id='word_1_464' title='bbox 2276 3211 2332 3264; x_wconf 88' lang='lat' dir='ltr'><strong>in</strong></span> <span class='ocrx_word' id='word_1_465' title='bbox 2361 3226 2459 3282; x_wconf 87' lang='lat' dir='ltr'><strong>quo</strong></span> <span class='ocrx_word' id='word_1_466' title='bbox 2487 3209 2710 3265; x_wconf 84' lang='lat' dir='ltr'><strong>Deitatis</strong></span> <span class='ocrx_word' id='word_1_467' title='bbox 2741 3220 2791 3265; x_wconf 93' lang='lat' dir='ltr'><strong>et</strong></span> <span class='ocrx_word' id='word_1_468' title='bbox 2822 3211 3156 3266; x_wconf 84' lang='lat' dir='ltr'><strong>humanitatis</strong></span> <span class='ocrx_word' id='word_1_469' title='bbox 3196 3211 3408 3266; x_wconf 87' lang='lat' dir='ltr'><strong>Domini</strong></span> <span class='ocrx_word' id='word_1_470' title='bbox 3441 3215 3688 3270; x_wconf 85' lang='lat' dir='ltr'><strong>memini-</strong></span> 
     </span>
    </p>
   </div>
   <div class='ocr_carea' id='block_1_62' title="bbox 394 3301 1990 3373">
    <p class='ocr_par' dir='ltr' id='par_1_62' title="bbox 394 3301 1990 3373">
     <span class='ocr_line' id='line_1_62' title="bbox 394 3301 1990 3373; baseline -0.004 -9"><span class='ocrx_word' id='word_1_471' title='bbox 394 3309 626 3365; x_wconf 88' lang='lat' dir='ltr'><strong>buslibet</strong></span> <span class='ocrx_word' id='word_1_472' title='bbox 653 3307 974 3371; x_wconf 89' lang='lat' dir='ltr'><strong>dicentibus,</strong></span> <span class='ocrx_word' id='word_1_473' title='bbox 1008 3305 1242 3360; x_wconf 87' lang='lat' dir='ltr'><strong>Verbum</strong></span> <span class='ocrx_word' id='word_1_474' title='bbox 1271 3301 1418 3368; x_wconf 91' lang='lat' dir='ltr'><strong>illud,</strong></span> <span class='ocrx_word' id='word_1_475' title='bbox 1451 3302 1596 3373; x_wconf 91' lang='lat' dir='ltr'><strong>quod</strong></span> <span class='ocrx_word' id='word_1_476' title='bbox 1633 3311 1714 3357; x_wconf 89' lang='lat' dir='ltr'><strong>est</strong></span> <span class='ocrx_word' id='word_1_477' title='bbox 1742 3302 1990 3373; x_wconf 79' lang='lat' dir='ltr'><strong>impossi—</strong></span> 
     </span>
    </p>
   </div>
   <div class='ocr_carea' id='block_1_63' title="bbox 394 3395 1991 3470">
    <p class='ocr_par' dir='ltr' id='par_1_63' title="bbox 394 3395 1991 3470">
     <span class='ocr_line' id='line_1_63' title="bbox 394 3395 1991 3470; baseline -0.004 -14"><span class='ocrx_word' id='word_1_478' title='bbox 394 3400 521 3465; x_wconf 88' lang='lat' dir='ltr'><strong>bile,</strong></span> <span class='ocrx_word' id='word_1_479' title='bbox 569 3399 940 3470; x_wconf 87' lang='lat' dir='ltr'><strong>passibilitatis</strong></span> <span class='ocrx_word' id='word_1_480' title='bbox 985 3411 1158 3466; x_wconf 77' lang='lat' dir='ltr'><strong>capax</strong></span> <span class='ocrx_word' id='word_1_481' title='bbox 1199 3409 1320 3450; x_wconf 89' lang='lat' dir='ltr'><strong>esse</strong></span> <span class='ocrx_word' id='word_1_482' title='bbox 1363 3395 1648 3465; x_wconf 90' lang='lat' dir='ltr'><strong>potuisset.</strong></span> <span class='ocrx_word' id='word_1_483' title='bbox 1691 3395 1859 3450; x_wconf 82' lang='lat' dir='ltr'><strong>Nemo</strong></span> <span class='ocrx_word' id='word_1_484' title='bbox 1909 3404 1991 3450; x_wconf 91' lang='lat' dir='ltr'><strong>est</strong></span> 
     </span>
    </p>
   </div>
   <div class='ocr_carea' id='block_1_64' title="bbox 394 3484 1984 3562">
    <p class='ocr_par' dir='ltr' id='par_1_64' title="bbox 394 3484 1984 3562">
     <span class='ocr_line' id='line_1_64' title="bbox 394 3484 1984 3562; baseline -0.004 -15"><span class='ocrx_word' id='word_1_485' title='bbox 394 3506 616 3562; x_wconf 88' lang='lat' dir='ltr'><strong>prorsus</strong></span> <span class='ocrx_word' id='word_1_486' title='bbox 663 3491 756 3560; x_wconf 88' lang='lat' dir='ltr'><strong>qui</strong></span> <span class='ocrx_word' id='word_1_487' title='bbox 794 3489 872 3544; x_wconf 91' lang='lat' dir='ltr'><strong>sic</strong></span> <span class='ocrx_word' id='word_1_488' title='bbox 907 3488 1176 3551; x_wconf 88' lang='lat' dir='ltr'><strong>insaniat;</strong></span> <span class='ocrx_word' id='word_1_489' title='bbox 1221 3484 1336 3552; x_wconf 91' lang='lat' dir='ltr'><strong>sed,</strong></span> <span class='ocrx_word' id='word_1_490' title='bbox 1381 3485 1522 3540; x_wconf 88' lang='lat' dir='ltr'><strong>sicut</strong></span> <span class='ocrx_word' id='word_1_491' title='bbox 1560 3493 1708 3554; x_wconf 69' lang='lat' dir='ltr'><strong>smpe’</strong></span> <span class='ocrx_word' id='word_1_492' title='bbox 1734 3485 1984 3549; x_wconf 83' lang='lat' dir='ltr'><strong>diximus,</strong></span> 
     </span>
    </p>
   </div>
   <div class='ocr_carea' id='block_1_65' title="bbox 394 3575 1988 3649">
    <p class='ocr_par' dir='ltr' id='par_1_65' title="bbox 394 3575 1988 3649">
     <span class='ocr_line' id='line_1_65' title="bbox 394 3575 1988 3649; baseline -0.003 -11"><span class='ocrx_word' id='word_1_493' title='bbox 394 3590 638 3638; x_wconf 87' lang='lat' dir='ltr'><strong>sanctum</strong></span> <span class='ocrx_word' id='word_1_494' title='bbox 668 3579 953 3636; x_wconf 90' lang='lat' dir='ltr'><strong>concilium</strong></span> <span class='ocrx_word' id='word_1_495' title='bbox 995 3578 1150 3640; x_wconf 81' lang='lat' dir='ltr'><strong>dixit,</strong></span> <span class='ocrx_word' id='word_1_496' title='bbox 1183 3577 1357 3648; x_wconf 90' lang='lat' dir='ltr'><strong>ipsum</strong></span> <span class='ocrx_word' id='word_1_497' title='bbox 1397 3575 1652 3642; x_wconf 90' lang='lat' dir='ltr'><strong>Verbum,</strong></span> <span class='ocrx_word' id='word_1_498' title='bbox 1704 3592 1800 3648; x_wconf 88' lang='lat' dir='ltr'><strong>per</strong></span> <span class='ocrx_word' id='word_1_499' title='bbox 1843 3578 1988 3649; x_wconf 90' lang='lat' dir='ltr'><strong>quod</strong></span> 
     </span>
    </p>
   </div>
   <div class='ocr_carea' id='block_1_66' title="bbox 395 3669 1986 3738">
    <p class='ocr_par' dir='ltr' id='par_1_66' title="bbox 395 3669 1986 3738">
     <span class='ocr_line' id='line_1_66' title="bbox 395 3669 1986 3738; baseline -0.002 -10"><span class='ocrx_word' id='word_1_500' title='bbox 395 3673 534 3729; x_wconf 80' lang='lat' dir='ltr'><strong>facta</strong></span> <span class='ocrx_word' id='word_1_501' title='bbox 558 3680 684 3728; x_wconf 90' lang='lat' dir='ltr'><strong>sunt</strong></span> <span class='ocrx_word' id='word_1_502' title='bbox 710 3671 910 3736; x_wconf 89' lang='lat' dir='ltr'><strong>omnia,</strong></span> <span class='ocrx_word' id='word_1_503' title='bbox 943 3684 1107 3725; x_wconf 84' lang='lat' dir='ltr'><strong>carne</strong></span> <span class='ocrx_word' id='word_1_504' title='bbox 1145 3682 1243 3722; x_wconf 87' lang='lat' dir='ltr'><strong>sua</strong></span> <span class='ocrx_word' id='word_1_505' title='bbox 1267 3682 1388 3723; x_wconf 85' lang='lat' dir='ltr'><strong>esse</strong></span> <span class='ocrx_word' id='word_1_506' title='bbox 1425 3684 1662 3738; x_wconf 86' lang='lat' dir='ltr'><strong>passum,</strong></span> <span class='ocrx_word' id='word_1_507' title='bbox 1692 3669 1986 3726; x_wconf 89' lang='lat' dir='ltr'><strong>secundum</strong></span> 
     </span>
    </p>
   </div>
   <div class='ocr_carea' id='block_1_67' title="bbox 2092 3299 3690 3377">
    <p class='ocr_par' dir='ltr' id='par_1_67' title="bbox 2092 3299 3690 3377">
     <span class='ocr_line' id='line_1_67' title="bbox 2092 3299 3690 3377; baseline 0.003 -21"><span class='ocrx_word' id='word_1_508' title='bbox 2092 3302 2204 3356; x_wconf 88' lang='lat' dir='ltr'><strong>stis.</strong></span> <span class='ocrx_word' id='word_1_509' title='bbox 2231 3299 2299 3356; x_wconf 90' lang='lat' dir='ltr'><strong>Et</strong></span> <span class='ocrx_word' id='word_1_510' title='bbox 2326 3309 2449 3372; x_wconf 87' lang='lat' dir='ltr'><strong>post</strong></span> <span class='ocrx_word' id='word_1_511' title='bbox 2477 3317 2649 3372; x_wconf 89' lang='lat' dir='ltr'><strong>pauca</strong></span> <span class='ocrx_word' id='word_1_512' title='bbox 2669 3320 2681 3356; x_wconf 85' lang='lat'>:</span> <span class='ocrx_word' id='word_1_513' title='bbox 2698 3301 2767 3355; x_wconf 86' lang='lat' dir='ltr'><strong>Et</strong></span> <span class='ocrx_word' id='word_1_514' title='bbox 2787 3303 2981 3373; x_wconf 88' lang='lat' dir='ltr'><strong>aspicio</strong></span> <span class='ocrx_word' id='word_1_515' title='bbox 3003 3303 3214 3374; x_wconf 89' lang='lat' dir='ltr'><strong>populos</strong></span> <span class='ocrx_word' id='word_1_516' title='bbox 3234 3305 3448 3359; x_wconf 87' lang='lat' dir='ltr'><strong>multam</strong></span> <span class='ocrx_word' id='word_1_517' title='bbox 3473 3307 3690 3377; x_wconf 79' lang='lat' dir='ltr'><strong>quidem</strong></span> 
     </span>
    </p>
   </div>
   <div class='ocr_carea' id='block_1_68' title="bbox 2093 3393 3684 3466">
    <p class='ocr_par' dir='ltr' id='par_1_68' title="bbox 2093 3393 3684 3466">
     <span class='ocr_line' id='line_1_68' title="bbox 2093 3393 3684 3466; baseline 0.002 -19"><span class='ocrx_word' id='word_1_518' title='bbox 2093 3394 2427 3447; x_wconf 84' lang='lat' dir='ltr'><strong>reverentiam</strong></span> <span class='ocrx_word' id='word_1_519' title='bbox 2489 3402 2539 3446; x_wconf 91' lang='lat' dir='ltr'><strong>et</strong></span> <span class='ocrx_word' id='word_1_520' title='bbox 2602 3395 2842 3463; x_wconf 86' lang='lat' dir='ltr'><strong>pietatem</strong></span> <span class='ocrx_word' id='word_1_521' title='bbox 2893 3393 3345 3464; x_wconf 85' lang='lat' dir='ltr'><strong>prudentissimum</strong></span> <span class='ocrx_word' id='word_1_522' title='bbox 3383 3396 3684 3466; x_wconf 76' lang='lat' dir='ltr'><strong>possidere,</strong></span> 
     </span>
    </p>
   </div>
   <div class='ocr_carea' id='block_1_69' title="bbox 2090 3484 3688 3556">
    <p class='ocr_par' dir='ltr' id='par_1_69' title="bbox 2090 3484 3688 3556">
     <span class='ocr_line' id='line_1_69' title="bbox 2090 3484 3688 3556; baseline 0.004 -19"><span class='ocrx_word' id='word_1_523' title='bbox 2090 3485 2388 3556; x_wconf 82' lang='lat' dir='ltr'><strong>ignorantia</strong></span> <span class='ocrx_word' id='word_1_524' title='bbox 2416 3499 2532 3538; x_wconf 86' lang='lat' dir='ltr'><strong>vero</strong></span> <span class='ocrx_word' id='word_1_525' title='bbox 2555 3484 2808 3556; x_wconf 82' lang='lat' dir='ltr'><strong>dogmatis</strong></span> <span class='ocrx_word' id='word_1_526' title='bbox 2828 3487 3064 3540; x_wconf 70' lang='lat' dir='ltr'><strong>ca’cutire</strong></span> <span class='ocrx_word' id='word_1_527' title='bbox 3086 3503 3103 3551; x_wconf 89' lang='lat'><strong><em>;</em></strong></span> <span class='ocrx_word' id='word_1_528' title='bbox 3125 3487 3219 3540; x_wconf 84' lang='lat' dir='ltr'><strong>hoc</strong></span> <span class='ocrx_word' id='word_1_529' title='bbox 3248 3497 3416 3542; x_wconf 88' lang='lat' dir='ltr'><strong>autem</strong></span> <span class='ocrx_word' id='word_1_530' title='bbox 3438 3505 3538 3543; x_wconf 85' lang='lat' dir='ltr'><strong>non</strong></span> <span class='ocrx_word' id='word_1_531' title='bbox 3569 3491 3688 3544; x_wconf 88' lang='lat' dir='ltr'><strong>cri-</strong></span> 
     </span>
    </p>
   </div>
   <div class='ocr_carea' id='block_1_70' title="bbox 2090 3575 3685 3649">
    <p class='ocr_par' dir='ltr' id='par_1_70' title="bbox 2090 3575 3685 3649">
     <span class='ocr_line' id='line_1_70' title="bbox 2090 3575 3685 3649; baseline 0.003 -18"><span class='ocrx_word' id='word_1_532' title='bbox 2090 3593 2208 3631; x_wconf 88' lang='lat' dir='ltr'><strong>men</strong></span> <span class='ocrx_word' id='word_1_533' title='bbox 2227 3585 2304 3630; x_wconf 91' lang='lat' dir='ltr'><strong>est</strong></span> <span class='ocrx_word' id='word_1_534' title='bbox 2323 3575 2564 3648; x_wconf 85' lang='lat' dir='ltr'><strong>plebium,</strong></span> <span class='ocrx_word' id='word_1_535' title='bbox 2593 3575 2701 3640; x_wconf 84' lang='lat' dir='ltr'><strong>sed,</strong></span> <span class='ocrx_word' id='word_1_536' title='bbox 2725 3585 2780 3630; x_wconf 90' lang='lat' dir='ltr'><strong>ut</strong></span> <span class='ocrx_word' id='word_1_537' title='bbox 2806 3577 3083 3631; x_wconf 84' lang='lat' dir='ltr'><strong>verecunde</strong></span> <span class='ocrx_word' id='word_1_538' title='bbox 3114 3588 3206 3632; x_wconf 92' lang='lat' dir='ltr'><strong>aut</strong></span> <span class='ocrx_word' id='word_1_539' title='bbox 3223 3579 3456 3634; x_wconf 82' lang='lat' dir='ltr'><strong>decenter</strong></span> <span class='ocrx_word' id='word_1_540' title='bbox 3483 3578 3685 3649; x_wconf 73' lang='lat' dir='ltr'><strong>dicant,</strong></span> 
     </span>
    </p>
   </div>
   <div class='ocr_carea' id='block_1_71' title="bbox 2091 3667 3690 3743">
    <p class='ocr_par' dir='ltr' id='par_1_71' title="bbox 2091 3667 3690 3743">
     <span class='ocr_line' id='line_1_71' title="bbox 2091 3667 3690 3743; baseline 0.006 -22"><span class='ocrx_word' id='word_1_541' title='bbox 2091 3669 2118 3708; x_wconf 73' lang='grc' dir='ltr'><strong><em>ιι</em></strong></span> <span class='ocrx_word' id='word_1_542' title='bbox 2148 3677 2424 3740; x_wconf 85' lang='lat' dir='ltr'><strong>propterea</strong></span> <span class='ocrx_word' id='word_1_543' title='bbox 2461 3668 2596 3741; x_wconf 89' lang='lat' dir='ltr'><strong>quod</strong></span> <span class='ocrx_word' id='word_1_544' title='bbox 2628 3667 2861 3723; x_wconf 86' lang='lat' dir='ltr'><strong>doctores</strong></span> <span class='ocrx_word' id='word_1_545' title='bbox 2893 3671 3153 3724; x_wconf 84' lang='lat' dir='ltr'><strong>elimatius</strong></span> <span class='ocrx_word' id='word_1_546' title='bbox 3184 3679 3234 3724; x_wconf 87' lang='lat' dir='ltr'><strong>et</strong></span> <span class='ocrx_word' id='word_1_547' title='bbox 3270 3671 3509 3743; x_wconf 78' lang='lat' dir='ltr'><strong>liquidius</strong></span> <span class='ocrx_word' id='word_1_548' title='bbox 3535 3673 3690 3730; x_wconf 75' lang='lat' dir='ltr'><strong>vobis</strong></span> 
     </span>
    </p>
   </div>
   <div class='ocr_carea' id='block_1_72' title="bbox 1565 3757 2502 3818">
    <p class='ocr_par' dir='ltr' id='par_1_72' title="bbox 1565 3757 2502 3818">
     <span class='ocr_line' id='line_1_72' title="bbox 1565 3757 2502 3818; baseline -0.002 -4"><span class='ocrx_word' id='word_1_549' title='bbox 1565 3759 2108 3818; x_wconf 78' lang='lat' dir='ltr'><strong>CASTIGATIONES</strong></span> <span class='ocrx_word' id='word_1_550' title='bbox 2145 3757 2233 3816; x_wconf 73' lang='lat' dir='ltr'><strong>ET</strong></span> <span class='ocrx_word' id='word_1_551' title='bbox 2273 3757 2502 3814; x_wconf 67' lang='grc' dir='ltr'><strong>ΝΟΤΑΕ.</strong></span> 
     </span>
    </p>
   </div>
   <div class='ocr_carea' id='block_1_73' title="bbox 468 3847 1983 3920">
    <p class='ocr_par' dir='ltr' id='par_1_73' title="bbox 468 3847 1983 3920">
     <span class='ocr_line' id='line_1_73' title="bbox 468 3847 1983 3920; baseline -0.002 -12"><span class='ocrx_word' id='word_1_552' title='bbox 468 3865 495 3893; x_wconf 76' lang='grc' dir='ltr'>ι</span> <span class='ocrx_word' id='word_1_553' title='bbox 525 3854 772 3909; x_wconf 83' lang='lat' dir='ltr'><strong>Baluzius</strong></span> <span class='ocrx_word' id='word_1_554' title='bbox 805 3849 1063 3916; x_wconf 86' lang='lat' dir='ltr'><strong>ediderat,</strong></span> <span class='ocrx_word' id='word_1_555' title='bbox 1090 3847 1181 3903; x_wconf 87' lang='lat' dir='ltr'><strong>sed</strong></span> <span class='ocrx_word' id='word_1_556' title='bbox 1202 3849 1445 3920; x_wconf 82' lang='lat' dir='ltr'><strong>quoniam</strong></span> <span class='ocrx_word' id='word_1_557' title='bbox 1478 3851 1677 3903; x_wconf 85' lang='lat' dir='ltr'><strong>unitum</strong></span> <span class='ocrx_word' id='word_1_558' title='bbox 1709 3851 1855 3903; x_wconf 89' lang='lat' dir='ltr'><strong>carni</strong></span> <span class='ocrx_word' id='word_1_559' title='bbox 1888 3851 1983 3905; x_wconf 88' lang='lat' dir='ltr'><strong>hoc</strong></span> 
     </span>
    </p>
   </div>
   <div class='ocr_carea' id='block_1_74' title="bbox 404 3919 1984 4002">
    <p class='ocr_par' dir='ltr' id='par_1_74' title="bbox 404 3919 1984 4002">
     <span class='ocr_line' id='line_1_74' title="bbox 404 3919 1984 4002; baseline -0.003 -22"><span class='ocrx_word' id='word_1_560' title='bbox 404 3926 627 4002; x_wconf 76' lang='lat' dir='ltr'><strong>Verbum</strong></span> <span class='ocrx_word' id='word_1_561' title='bbox 652 3935 764 4002; x_wconf 44' lang='lat' dir='ltr'><strong>“est,</strong></span> <span class='ocrx_word' id='word_1_562' title='bbox 802 3923 917 3976; x_wconf 90' lang='lat' dir='ltr'><strong>ideo</strong></span> <span class='ocrx_word' id='word_1_563' title='bbox 953 3919 1537 4002; x_wconf 70' lang='lat' dir='ltr'><strong>cacarnepatientiam</strong></span> <span class='ocrx_word' id='word_1_564' title='bbox 1578 3936 1732 4002; x_wconf 86' lang='lat' dir='ltr'><strong>quam</strong></span> <span class='ocrx_word' id='word_1_565' title='bbox 1774 3923 1984 4002; x_wconf 78' lang='lat' dir='ltr'><strong>proprio</strong></span> 
     </span>
    </p>
   </div>
   <div class='ocr_carea' id='block_1_75' title="bbox 393 3990 1979 4062">
    <p class='ocr_par' dir='ltr' id='par_1_75' title="bbox 393 3990 1979 4062">
     <span class='ocr_line' id='line_1_75' title="bbox 393 3990 1979 4062; baseline -0.004 -11"><span class='ocrx_word' id='word_1_566' title='bbox 393 3999 504 4062; x_wconf 83' lang='lat' dir='ltr'><strong>ejus</strong></span> <span class='ocrx_word' id='word_1_567' title='bbox 532 3995 762 4050; x_wconf 88' lang='lat' dir='ltr'><strong>videlicet</strong></span> <span class='ocrx_word' id='word_1_568' title='bbox 779 4008 992 4062; x_wconf 91' lang='lat' dir='ltr'><strong>corpore</strong></span> <span class='ocrx_word' id='word_1_569' title='bbox 1012 3992 1064 4044; x_wconf 89' lang='lat' dir='ltr'><strong>in</strong></span> <span class='ocrx_word' id='word_1_570' title='bbox 1086 4005 1141 4044; x_wconf 86' lang='lat' dir='ltr'><strong>se</strong></span> <span class='ocrx_word' id='word_1_571' title='bbox 1154 3990 1290 4062; x_wconf 61' lang='lat' dir='ltr'><strong>[tunc</strong></span> <span class='ocrx_word' id='word_1_572' title='bbox 1305 3990 1654 4062; x_wconf 77' lang='lat' dir='ltr'><strong>revocatinire</strong></span> <span class='ocrx_word' id='word_1_573' title='bbox 1665 3990 1979 4060; x_wconf 81' lang='lat' dir='ltr'><strong>passionem.</strong></span> 
     </span>
    </p>
   </div>
   <div class='ocr_carea' id='block_1_76' title="bbox 394 4016 1985 4132">
    <p class='ocr_par' dir='ltr' id='par_1_76' title="bbox 394 4016 1985 4132">
     <span class='ocr_line' id='line_1_76' title="bbox 394 4016 1979 4062; baseline -0.003 -12"><span class='ocrx_word' id='word_1_574' title='bbox 394 4016 421 4050; x_wconf 77' lang='grc' dir='ltr'><em>ε</em></span> <span class='ocrx_word' id='word_1_575' title='bbox 445 4016 504 4050; x_wconf 87' lang='lat' dir='ltr'><strong>us</strong></span> <span class='ocrx_word' id='word_1_576' title='bbox 532 4016 761 4050; x_wconf 79' lang='lat' dir='ltr'><strong>maeucet</strong></span> <span class='ocrx_word' id='word_1_577' title='bbox 779 4016 992 4062; x_wconf 76' lang='lat' dir='ltr'><strong>corpore</strong></span> <span class='ocrx_word' id='word_1_578' title='bbox 1012 4016 1064 4044; x_wconf 79' lang='lat' dir='ltr'><strong>In</strong></span> <span class='ocrx_word' id='word_1_579' title='bbox 1086 4016 1141 4044; x_wconf 75' lang='lat' dir='ltr'><strong>se</strong></span> <span class='ocrx_word' id='word_1_580' title='bbox 1159 4016 1288 4043; x_wconf 77' lang='lat' dir='ltr'><strong>nuru;</strong></span> <span class='ocrx_word' id='word_1_581' title='bbox 1305 4016 1506 4042; x_wconf 70' lang='lat' dir='ltr'><strong>revocat</strong></span> <span class='ocrx_word' id='word_1_582' title='bbox 1519 4016 1654 4043; x_wconf 67' lang='lat' dir='ltr'><strong>&quot;iure</strong></span> <span class='ocrx_word' id='word_1_583' title='bbox 1665 4016 1979 4060; x_wconf 71' lang='lat' dir='ltr'><strong>pusswnem.</strong></span> 
     </span>
     <span class='ocr_line' id='line_1_77' title="bbox 394 4016 1985 4132; baseline -0.004 -10"><span class='ocrx_word' id='word_1_584' title='bbox 394 4016 546 4122; x_wconf 62' lang='lat' dir='ltr'><strong>lianc</strong></span> <span class='ocrx_word' id='word_1_585' title='bbox 573 4067 876 4122; x_wconf 86' lang='lat' dir='ltr'><strong>lectionem.</strong></span> <span class='ocrx_word' id='word_1_586' title='bbox 902 4061 1117 4132; x_wconf 74' lang='lat' dir='ltr'><strong>repetiit</strong></span> <span class='ocrx_word' id='word_1_587' title='bbox 1142 4058 1450 4132; x_wconf 88' lang='lat' dir='ltr'><strong>Callandius</strong></span> <span class='ocrx_word' id='word_1_588' title='bbox 1473 4059 1524 4112; x_wconf 90' lang='lat' dir='ltr'><strong>in</strong></span> <span class='ocrx_word' id='word_1_589' title='bbox 1552 4067 1735 4132; x_wconf 49' lang='lat' dir='ltr'><strong>testu;</strong></span> <span class='ocrx_word' id='word_1_590' title='bbox 1768 4062 1819 4114; x_wconf 91' lang='lat' dir='ltr'><strong>in</strong></span> <span class='ocrx_word' id='word_1_591' title='bbox 1843 4064 1985 4116; x_wconf 87' lang='lat' dir='ltr'><strong>notis</strong></span> 
     </span>
    </p>
   </div>
   <div class='ocr_carea' id='block_1_77' title="bbox 395 4128 1982 4195">
    <p class='ocr_par' dir='ltr' id='par_1_77' title="bbox 395 4128 1982 4195">
     <span class='ocr_line' id='line_1_78' title="bbox 395 4128 1982 4195; baseline -0.003 -4"><span class='ocrx_word' id='word_1_592' title='bbox 395 4153 527 4192; x_wconf 87' lang='lat' dir='ltr'><strong>vero</strong></span> <span class='ocrx_word' id='word_1_593' title='bbox 558 4137 630 4190; x_wconf 88' lang='lat' dir='ltr'><strong>ita</strong></span> <span class='ocrx_word' id='word_1_594' title='bbox 669 4134 906 4190; x_wconf 78' lang='lat' dir='ltr'><strong>correxit</strong></span> <span class='ocrx_word' id='word_1_595' title='bbox 945 4128 1016 4184; x_wconf 66' lang='grc'><strong>;”‹</strong></span> <span class='ocrx_word' id='word_1_596' title='bbox 1052 4130 1228 4185; x_wconf 90' lang='lat' dir='ltr'><strong>Locus</strong></span> <span class='ocrx_word' id='word_1_597' title='bbox 1269 4131 1578 4184; x_wconf 88' lang='lat' dir='ltr'><strong>mendosus.</strong></span> <span class='ocrx_word' id='word_1_598' title='bbox 1613 4128 1730 4195; x_wconf 87' lang='lat' dir='ltr'><strong>Gr.,</strong></span> <span class='ocrx_word' id='word_1_599' title='bbox 1769 4133 1874 4186; x_wconf 83' lang='grc' dir='ltr'>ἀλλ’</span> <span class='ocrx_word' id='word_1_600' title='bbox 1904 4132 1982 4188; x_wconf 84' lang='grc' dir='ltr'><strong>ὅτι</strong></span> 
     </span>
    </p>
   </div>
   <div class='ocr_carea' id='block_1_78' title="bbox 394 4199 1979 4282">
    <p class='ocr_par' dir='ltr' id='par_1_78' title="bbox 394 4199 1979 4282">
     <span class='ocr_line' id='line_1_79' title="bbox 394 4199 1979 4282; baseline -0.007 -18"><span class='ocrx_word' id='word_1_601' title='bbox 394 4209 587 4268; x_wconf 78' lang='grc' dir='ltr'><strong>ἕνωθείς</strong></span> <span class='ocrx_word' id='word_1_602' title='bbox 609 4210 656 4261; x_wconf 85' lang='grc' dir='ltr'><strong>ἐν</strong></span> <span class='ocrx_word' id='word_1_603' title='bbox 683 4215 741 4282; x_wconf 82' lang='grc' dir='ltr'>τῇ</span> <span class='ocrx_word' id='word_1_604' title='bbox 763 4207 937 4280; x_wconf 78' lang='grc' dir='ltr'><strong>σαρκὶ,</strong></span> <span class='ocrx_word' id='word_1_605' title='bbox 959 4199 1071 4258; x_wconf 77' lang='grc' dir='ltr'><strong>εἶτα</strong></span> <span class='ocrx_word' id='word_1_606' title='bbox 1090 4199 1421 4282; x_wconf 41' lang='grc' dir='ltr'><strong>⁵πίῃσχοῦ-σπης</strong></span> <span class='ocrx_word' id='word_1_607' title='bbox 1443 4203 1618 4282; x_wconf 53' lang='lat' dir='ltr'><strong>cturus.</strong></span> <span class='ocrx_word' id='word_1_608' title='bbox 1643 4205 1713 4282; x_wconf 62' lang='grc' dir='ltr'><strong>ᾡς</strong></span> <span class='ocrx_word' id='word_1_609' title='bbox 1739 4209 1832 4259; x_wconf 81' lang='grc' dir='ltr'><strong>τοῦ</strong></span> <span class='ocrx_word' id='word_1_610' title='bbox 1850 4201 1979 4282; x_wconf 57' lang='grc' dir='ltr'><strong>ἰδίῳ</strong></span> 
     </span>
    </p>
   </div>
   <div class='ocr_carea' id='block_1_79' title="bbox 394 4273 1980 4358">
    <p class='ocr_par' dir='ltr' id='par_1_79' title="bbox 394 4273 1980 4358">
     <span class='ocr_line' id='line_1_80' title="bbox 394 4273 1980 4358; baseline -0.003 -25"><span class='ocrx_word' id='word_1_611' title='bbox 394 4282 692 4350; x_wconf 82' lang='grc' dir='ltr'><strong>πάσχοντος</strong></span> <span class='ocrx_word' id='word_1_612' title='bbox 718 4273 1012 4358; x_wconf 43' lang='lat' dir='ltr'><strong>adipes-Ep“.</strong></span> <span class='ocrx_word' id='word_1_613' title='bbox 1045 4273 1368 4356; x_wconf 37' lang='lat' dir='ltr'><strong>adi-oculati;</strong></span> <span class='ocrx_word' id='word_1_614' title='bbox 1417 4273 1572 4354; x_wconf 51' lang='grc' dir='ltr'><strong>αὐςρν</strong></span> <span class='ocrx_word' id='word_1_615' title='bbox 1607 4274 1879 4358; x_wconf 59' lang='grc' dir='ltr'><strong>ρίκειοῡται</strong></span> <span class='ocrx_word' id='word_1_616' title='bbox 1922 4276 1980 4329; x_wconf 84' lang='grc' dir='ltr'><strong>τὸ</strong></span> 
     </span>
    </p>
   </div>
   <div class='ocr_carea' id='block_1_80' title="bbox 395 4343 1983 4415">
    <p class='ocr_par' dir='ltr' id='par_1_80' title="bbox 395 4343 1983 4415">
     <span class='ocr_line' id='line_1_81' title="bbox 395 4343 1983 4415; baseline -0.006 -11"><span class='ocrx_word' id='word_1_617' title='bbox 395 4343 556 4408; x_wconf 57' lang='lat' dir='ltr'><strong>«est;</strong></span> <span class='ocrx_word' id='word_1_618' title='bbox 591 4365 603 4399; x_wconf 89' lang='lat'>:</span> <span class='ocrx_word' id='word_1_619' title='bbox 641 4348 706 4398; x_wconf 80' lang='lat' dir='ltr'><strong>At</strong></span> <span class='ocrx_word' id='word_1_620' title='bbox 738 4343 860 4415; x_wconf 85' lang='lat' dir='ltr'><strong>quia</strong></span> <span class='ocrx_word' id='word_1_621' title='bbox 892 4343 1111 4397; x_wconf 87' lang='lat' dir='ltr'><strong>Verbum</strong></span> <span class='ocrx_word' id='word_1_622' title='bbox 1139 4343 1289 4396; x_wconf 82' lang='lat' dir='ltr'><strong>carni</strong></span> <span class='ocrx_word' id='word_1_623' title='bbox 1320 4358 1375 4395; x_wconf 83' lang='lat' dir='ltr'><strong>se</strong></span> <span class='ocrx_word' id='word_1_624' title='bbox 1403 4343 1566 4415; x_wconf 79' lang='lat' dir='ltr'><strong>univit</strong></span> <span class='ocrx_word' id='word_1_625' title='bbox 1601 4345 1793 4412; x_wconf 79' lang='lat' dir='ltr'><strong>factum</strong></span> <span class='ocrx_word' id='word_1_626' title='bbox 1820 4352 1896 4396; x_wconf 89' lang='lat' dir='ltr'><strong>est</strong></span> <span class='ocrx_word' id='word_1_627' title='bbox 1928 4353 1983 4395; x_wconf 87' lang='lat' dir='ltr'><strong>ut</strong></span> 
     </span>
    </p>
   </div>
   <div class='ocr_carea' id='block_1_81' title="bbox 393 4413 1984 4489">
    <p class='ocr_par' dir='ltr' id='par_1_81' title="bbox 393 4413 1984 4489">
     <span class='ocr_line' id='line_1_82' title="bbox 393 4413 1984 4489; baseline -0.004 -17"><span class='ocrx_word' id='word_1_628' title='bbox 393 4421 509 4489; x_wconf 88' lang='lat' dir='ltr'><strong>ipsa</strong></span> <span class='ocrx_word' id='word_1_629' title='bbox 545 4431 699 4489; x_wconf 83' lang='lat' dir='ltr'><strong>carne</strong></span> <span class='ocrx_word' id='word_1_630' title='bbox 739 4413 963 4489; x_wconf 85' lang='lat' dir='ltr'><strong>patiente</strong></span> <span class='ocrx_word' id='word_1_631' title='bbox 1007 4423 1266 4484; x_wconf 86' lang='lat' dir='ltr'><strong>tamquam</strong></span> <span class='ocrx_word' id='word_1_632' title='bbox 1298 4413 1507 4489; x_wconf 75' lang='lat' dir='ltr'><strong>proprio</strong></span> <span class='ocrx_word' id='word_1_633' title='bbox 1545 4428 1756 4489; x_wconf 71' lang='lat' dir='ltr'><strong>corpore</strong></span> <span class='ocrx_word' id='word_1_634' title='bbox 1783 4415 1984 4466; x_wconf 88' lang='lat' dir='ltr'><strong>crucia-</strong></span> 
     </span>
    </p>
   </div>
   <div class='ocr_carea' id='block_1_82' title="bbox 397 4484 1983 4554">
    <p class='ocr_par' dir='ltr' id='par_1_82' title="bbox 397 4484 1983 4554">
     <span class='ocr_line' id='line_1_83' title="bbox 397 4484 1983 4554; baseline -0.003 -14"><span class='ocrx_word' id='word_1_635' title='bbox 397 4484 501 4540; x_wconf 70' lang='lat' dir='ltr'><strong>tum</strong></span> <span class='ocrx_word' id='word_1_636' title='bbox 533 4484 799 4551; x_wconf 83' lang='lat' dir='ltr'><strong>subeunte,</strong></span> <span class='ocrx_word' id='word_1_637' title='bbox 830 4487 996 4554; x_wconf 88' lang='lat' dir='ltr'><strong>ipsum</strong></span> <span class='ocrx_word' id='word_1_638' title='bbox 1021 4499 1214 4554; x_wconf 88' lang='lat' dir='ltr'><strong>quoque</strong></span> <span class='ocrx_word' id='word_1_639' title='bbox 1238 4484 1468 4554; x_wconf 79' lang='lat' dir='ltr'><strong>corporis</strong></span> <span class='ocrx_word' id='word_1_640' title='bbox 1498 4484 1877 4554; x_wconf 68' lang='lat' dir='ltr'><strong>perpessionem</strong></span> <span class='ocrx_word' id='word_1_641' title='bbox 1902 4501 1983 4537; x_wconf 87' lang='lat' dir='ltr'><strong>ve-</strong></span> 
     </span>
    </p>
   </div>
   <div class='ocr_carea' id='block_1_83' title="bbox 401 4551 1975 4677">
    <p class='ocr_par' dir='ltr' id='par_1_83' title="bbox 401 4551 1975 4677">
     <span class='ocr_line' id='line_1_84' title="bbox 401 4551 1975 4626; baseline -0.003 -16"><span class='ocrx_word' id='word_1_642' title='bbox 401 4558 491 4612; x_wconf 84' lang='lat' dir='ltr'><strong>luti</strong></span> <span class='ocrx_word' id='word_1_643' title='bbox 517 4556 784 4626; x_wconf 89' lang='lat' dir='ltr'><strong>propriam</strong></span> <span class='ocrx_word' id='word_1_644' title='bbox 810 4551 861 4606; x_wconf 77' lang='lat' dir='ltr'><strong>in</strong></span> <span class='ocrx_word' id='word_1_645' title='bbox 885 4568 938 4606; x_wconf 89' lang='lat' dir='ltr'><strong>se</strong></span> <span class='ocrx_word' id='word_1_646' title='bbox 961 4551 1285 4622; x_wconf 71' lang='lat' dir='ltr'><strong>transferret.</strong></span> <span class='ocrx_word' id='word_1_647' title='bbox 1318 4551 1452 4607; x_wconf 87' lang='lat' dir='ltr'><strong>Vide</strong></span> <span class='ocrx_word' id='word_1_648' title='bbox 1481 4551 1606 4623; x_wconf 76' lang='lat' dir='ltr'><strong>app.</strong></span> <span class='ocrx_word' id='word_1_649' title='bbox 1631 4551 1814 4625; x_wconf 90' lang='lat' dir='ltr'><strong>Cyrilli</strong></span> <span class='ocrx_word' id='word_1_650' title='bbox 1845 4562 1975 4608; x_wconf 90' lang='lat' dir='ltr'><strong>tom.</strong></span> 
     </span>
     <span class='ocr_line' id='line_1_85' title="bbox 401 4621 1095 4677; baseline -0.003 0"><span class='ocrx_word' id='word_1_651' title='bbox 401 4627 463 4677; x_wconf 84' lang='lat' dir='ltr'><strong>V.</strong></span> <span class='ocrx_word' id='word_1_652' title='bbox 495 4642 549 4677; x_wconf 87' lang='lat' dir='ltr'><strong>n.</strong></span> <span class='ocrx_word' id='word_1_653' title='bbox 584 4641 639 4677; x_wconf 81' lang='grc' dir='ltr'><strong>ιι.</strong></span> <span class='ocrx_word' id='word_1_654' title='bbox 671 4639 725 4677; x_wconf 85' lang='grc' dir='ltr'><strong>ι).</strong></span> <span class='ocrx_word' id='word_1_655' title='bbox 757 4623 844 4677; x_wconf 74' lang='grc'><strong>⁸55.</strong></span> <span class='ocrx_word' id='word_1_656' title='bbox 886 4642 904 4673; x_wconf 73' lang='grc' dir='ltr'><strong><em>ι</em></strong></span> <span class='ocrx_word' id='word_1_657' title='bbox 941 4621 1095 4676; x_wconf 78' lang='lat' dir='ltr'><strong>Enn.</strong></span> 
     </span>
    </p>
   </div>
   <div class='ocr_carea' id='block_1_84' title="bbox 399 4627 1095 4681">
    <p class='ocr_par' dir='ltr' id='par_1_84' title="bbox 399 4627 1095 4681">
     <span class='ocr_line' id='line_1_86' title="bbox 399 4627 1095 4681; baseline -0.009 0"><span class='ocrx_word' id='word_1_658' title='bbox 399 4627 463 4681; x_wconf 88' lang='lat' dir='ltr'><strong>V.</strong></span> <span class='ocrx_word' id='word_1_659' title='bbox 495 4642 549 4681; x_wconf 86' lang='lat' dir='ltr'><strong>n.</strong></span> <span class='ocrx_word' id='word_1_660' title='bbox 584 4641 639 4681; x_wconf 86' lang='lat' dir='ltr'><strong>ll.</strong></span> <span class='ocrx_word' id='word_1_661' title='bbox 671 4639 725 4681; x_wconf 87' lang='grc' dir='ltr'><strong>ι).</strong></span> <span class='ocrx_word' id='word_1_662' title='bbox 757 4627 844 4677; x_wconf 75' lang='grc'><strong>55.</strong></span> <span class='ocrx_word' id='word_1_663' title='bbox 886 4642 904 4673; x_wconf 74' lang='grc' dir='ltr'><strong><em>ι</em></strong></span> <span class='ocrx_word' id='word_1_664' title='bbox 942 4627 1095 4676; x_wconf 78' lang='lat' dir='ltr'><strong>Enn.</strong></span> 
     </span>
    </p>
   </div>
   <div class='ocr_carea' id='block_1_85' title="bbox 448 4639 1980 4766">
    <p class='ocr_par' dir='ltr' id='par_1_85' title="bbox 448 4639 1980 4766">
     <span class='ocr_line' id='line_1_87' title="bbox 448 4639 1095 4696; baseline -0.008 -16"><span class='ocrx_word' id='word_1_665' title='bbox 448 4667 463 4692; x_wconf 94' lang='lat'><strong>,</strong></span> <span class='ocrx_word' id='word_1_666' title='bbox 495 4642 549 4696; x_wconf 89' lang='lat' dir='ltr'><strong>p.</strong></span> <span class='ocrx_word' id='word_1_667' title='bbox 584 4641 639 4689; x_wconf 81' lang='grc' dir='ltr'><strong>ιι,</strong></span> <span class='ocrx_word' id='word_1_668' title='bbox 671 4639 725 4694; x_wconf 90' lang='lat' dir='ltr'><strong>p.</strong></span> <span class='ocrx_word' id='word_1_669' title='bbox 758 4639 844 4677; x_wconf 76' lang='lat' dir='ltr'><strong>oo.</strong></span> <span class='ocrx_word' id='word_1_670' title='bbox 886 4642 904 4673; x_wconf 74' lang='grc' dir='ltr'><strong><em>ι</em></strong></span> <span class='ocrx_word' id='word_1_671' title='bbox 944 4639 1095 4676; x_wconf 73' lang='lat' dir='ltr'><strong>non.</strong></span> 
     </span>
     <span class='ocr_line' id='line_1_88' title="bbox 469 4691 1980 4766; baseline 0 -16"><span class='ocrx_word' id='word_1_672' title='bbox 469 4696 497 4735; x_wconf 70' lang='grc' dir='ltr'><strong>ι)</strong></span> <span class='ocrx_word' id='word_1_673' title='bbox 541 4694 734 4751; x_wconf 89' lang='lat' dir='ltr'><strong>Socius</strong></span> <span class='ocrx_word' id='word_1_674' title='bbox 756 4693 870 4766; x_wconf 60' lang='lat' dir='ltr'><strong>fuit</strong></span> <span class='ocrx_word' id='word_1_675' title='bbox 902 4691 1010 4766; x_wconf 76' lang='lat' dir='ltr'><strong>ille,</strong></span> <span class='ocrx_word' id='word_1_676' title='bbox 1032 4700 1102 4766; x_wconf 87' lang='lat' dir='ltr'><strong>_u_t</strong></span> <span class='ocrx_word' id='word_1_677' title='bbox 1128 4691 1378 4766; x_wconf 59' lang='lat' dir='ltr'><strong>diximus.</strong></span> <span class='ocrx_word' id='word_1_678' title='bbox 1408 4692 1674 4766; x_wconf 84' lang='lat' dir='ltr'><strong>Anastasii</strong></span> <span class='ocrx_word' id='word_1_679' title='bbox 1699 4695 1980 4766; x_wconf 83' lang='lat' dir='ltr'><strong>presbyte-</strong></span> 
     </span>
    </p>
   </div>
   <div class='ocr_carea' id='block_1_86' title="bbox 396 4761 1982 4837">
    <p class='ocr_par' dir='ltr' id='par_1_86' title="bbox 396 4761 1982 4837">
     <span class='ocr_line' id='line_1_89' title="bbox 396 4761 1982 4837; baseline -0.001 -15"><span class='ocrx_word' id='word_1_680' title='bbox 396 4767 464 4833; x_wconf 88' lang='lat' dir='ltr'><strong>ri,</strong></span> <span class='ocrx_word' id='word_1_681' title='bbox 496 4767 713 4837; x_wconf 88' lang='lat' dir='ltr'><strong>quicum</strong></span> <span class='ocrx_word' id='word_1_682' title='bbox 755 4761 1296 4837; x_wconf 78' lang='lat' dir='ltr'><strong>Philadelphiensium</strong></span> <span class='ocrx_word' id='word_1_683' title='bbox 1331 4761 1982 4837; x_wconf 72' lang='lat' dir='ltr'><strong>corruptoribuslitteras</strong></span> 
     </span>
    </p>
   </div>
   <div class='ocr_carea' id='block_1_87' title="bbox 393 4834 1978 4908">
    <p class='ocr_par' dir='ltr' id='par_1_87' title="bbox 393 4834 1978 4908">
     <span class='ocr_line' id='line_1_90' title="bbox 393 4834 1978 4908; baseline -0.003 -14"><span class='ocrx_word' id='word_1_684' title='bbox 393 4834 564 4902; x_wconf 79' lang='lat' dir='ltr'><strong>dedit,</strong></span> <span class='ocrx_word' id='word_1_685' title='bbox 584 4851 832 4908; x_wconf 27' lang='lat' dir='ltr'><strong>iquarum</strong></span> <span class='ocrx_word' id='word_1_686' title='bbox 862 4835 1065 4908; x_wconf 67' lang='lat' dir='ltr'><strong>mentio</strong></span> <span class='ocrx_word' id='word_1_687' title='bbox 1100 4835 1157 4888; x_wconf 88' lang='lat' dir='ltr'><strong>lit</strong></span> <span class='ocrx_word' id='word_1_688' title='bbox 1193 4834 1246 4887; x_wconf 92' lang='lat' dir='ltr'><strong>in</strong></span> <span class='ocrx_word' id='word_1_689' title='bbox 1275 4847 1438 4908; x_wconf 75' lang='lat' dir='ltr'><strong>causa</strong></span> <span class='ocrx_word' id='word_1_690' title='bbox 1471 4834 1700 4908; x_wconf 79' lang='lat' dir='ltr'><strong>Charisii</strong></span> <span class='ocrx_word' id='word_1_691' title='bbox 1742 4835 1814 4908; x_wconf 68' lang='grc' dir='ltr'><strong>(ῃ</strong></span> <span class='ocrx_word' id='word_1_692' title='bbox 1841 4846 1978 4905; x_wconf 86' lang='lat' dir='ltr'><strong>part.</strong></span> 
     </span>
    </p>
   </div>
   <div class='ocr_carea' id='block_1_88' title="bbox 395 4902 1983 4979">
    <p class='ocr_par' dir='ltr' id='par_1_88' title="bbox 395 4902 1983 4979">
     <span class='ocr_line' id='line_1_91' title="bbox 395 4902 1983 4979; baseline -0.002 -17"><span class='ocrx_word' id='word_1_693' title='bbox 395 4925 540 4964; x_wconf 87' lang='lat' dir='ltr'><strong>conc.</strong></span> <span class='ocrx_word' id='word_1_694' title='bbox 573 4902 713 4979; x_wconf 81' lang='lat' dir='ltr'><strong>Eph.</strong></span> <span class='ocrx_word' id='word_1_695' title='bbox 733 4904 957 4979; x_wconf 32' lang='lat' dir='ltr'><strong>petiti).</strong></span> <span class='ocrx_word' id='word_1_696' title='bbox 985 4904 1154 4979; x_wconf 80' lang='lat' dir='ltr'><strong>Quam</strong></span> <span class='ocrx_word' id='word_1_697' title='bbox 1181 4919 1310 4979; x_wconf 83' lang='lat' dir='ltr'><strong>vero</strong></span> <span class='ocrx_word' id='word_1_698' title='bbox 1337 4902 1548 4979; x_wconf 75' lang='lat' dir='ltr'><strong>scripsit</strong></span> <span class='ocrx_word' id='word_1_699' title='bbox 1575 4902 1983 4979; x_wconf 75' lang='lat' dir='ltr'><strong>responsioiiem</strong></span> 
     </span>
    </p>
   </div>
   <div class='ocr_carea' id='block_1_89' title="bbox 396 4973 1985 5048">
    <p class='ocr_par' dir='ltr' id='par_1_89' title="bbox 396 4973 1985 5048">
     <span class='ocr_line' id='line_1_92' title="bbox 396 4973 1985 5048; baseline -0.002 -15"><span class='ocrx_word' id='word_1_700' title='bbox 396 4979 463 5033; x_wconf 90' lang='lat' dir='ltr'><strong>ad</strong></span> <span class='ocrx_word' id='word_1_701' title='bbox 493 4973 686 5033; x_wconf 83' lang='lat' dir='ltr'><strong>librum</strong></span> <span class='ocrx_word' id='word_1_702' title='bbox 709 4973 1002 5048; x_wconf 24' lang='lat' dir='ltr'><strong>‘Cyrilli&#39;ad</strong></span> <span class='ocrx_word' id='word_1_703' title='bbox 1028 4975 1339 5048; x_wconf 66' lang='lat' dir='ltr'><strong>monachos,</strong></span> <span class='ocrx_word' id='word_1_704' title='bbox 1373 4988 1456 5048; x_wconf 79' lang='lat' dir='ltr'><strong>ea,</strong></span> <span class='ocrx_word' id='word_1_705' title='bbox 1491 4973 1789 5048; x_wconf 27' lang='lat' dir='ltr'><strong>nisi‘l‘allor,</strong></span> <span class='ocrx_word' id='word_1_706' title='bbox 1825 4977 1985 5048; x_wconf 85' lang='lat' dir='ltr'><strong>periit</strong></span> 
     </span>
    </p>
   </div>
   <div class='ocr_carea' id='block_1_90' title="bbox 395 5043 1982 5116">
    <p class='ocr_par' dir='ltr' id='par_1_90' title="bbox 395 5043 1982 5116">
     <span class='ocr_line' id='line_1_93' title="bbox 395 5043 1982 5116; baseline -0.001 -14"><span class='ocrx_word' id='word_1_707' title='bbox 395 5050 680 5116; x_wconf 88' lang='lat' dir='ltr'><strong>absumpta</strong></span> <span class='ocrx_word' id='word_1_708' title='bbox 701 5043 950 5110; x_wconf 75' lang='lat' dir='ltr'><strong>flammis,</strong></span> <span class='ocrx_word' id='word_1_709' title='bbox 974 5045 1171 5116; x_wconf 86' lang='lat' dir='ltr'><strong>quibus</strong></span> <span class='ocrx_word' id='word_1_710' title='bbox 1183 5043 1530 5098; x_wconf 84' lang='lat' dir='ltr'><strong>Nestorianos</strong></span> <span class='ocrx_word' id='word_1_711' title='bbox 1551 5043 1717 5116; x_wconf 68' lang='lat' dir='ltr'><strong>libros</strong></span> <span class='ocrx_word' id='word_1_712' title='bbox 1739 5043 1982 5116; x_wconf 83' lang='lat' dir='ltr'><strong>comburi</strong></span> 
     </span>
    </p>
   </div>
   <div class='ocr_carea' id='block_1_91' title="bbox 393 5113 1979 5188">
    <p class='ocr_par' dir='ltr' id='par_1_91' title="bbox 393 5113 1979 5188">
     <span class='ocr_line' id='line_1_94' title="bbox 393 5113 1979 5188; baseline -0.003 -16"><span class='ocrx_word' id='word_1_713' title='bbox 393 5117 552 5188; x_wconf 86' lang='lat' dir='ltr'><strong>jussit</strong></span> <span class='ocrx_word' id='word_1_714' title='bbox 581 5113 918 5188; x_wconf 83' lang='lat' dir='ltr'><strong>Theodosius</strong></span> <span class='ocrx_word' id='word_1_715' title='bbox 947 5113 1122 5170; x_wconf 87' lang='lat' dir='ltr'><strong>edicto</strong></span> <span class='ocrx_word' id='word_1_716' title='bbox 1153 5114 1253 5188; x_wconf 73' lang='lat' dir='ltr'><strong>(ut</strong></span> <span class='ocrx_word' id='word_1_717' title='bbox 1275 5123 1408 5188; x_wconf 76' lang='lat' dir='ltr'><strong>part.</strong></span> <span class='ocrx_word' id='word_1_718' title='bbox 1433 5131 1593 5188; x_wconf 49' lang='grc' dir='ltr'><strong>99ηςἱ</strong></span> <span class='ocrx_word' id='word_1_719' title='bbox 1616 5113 1750 5186; x_wconf 83' lang='grc' dir='ltr'><strong>ΕρΙι.</strong></span> <span class='ocrx_word' id='word_1_720' title='bbox 1778 5134 1823 5188; x_wconf 82' lang='lat' dir='ltr'><strong>c.</strong></span> <span class='ocrx_word' id='word_1_721' title='bbox 1857 5115 1979 5186; x_wconf 76' lang='lat'><strong>48),</strong></span> 
     </span>
    </p>
   </div>
   <div class='ocr_carea' id='block_1_92' title="bbox 437 5183 1983 5252">
    <p class='ocr_par' dir='ltr' id='par_1_92' title="bbox 437 5183 1983 5252">
     <span class='ocr_line' id='line_1_95' title="bbox 437 5183 1983 5252; baseline -0.002 -9"><span class='ocrx_word' id='word_1_722' title='bbox 437 5190 540 5243; x_wconf 89' lang='lat' dir='ltr'><strong>uod</strong></span> <span class='ocrx_word' id='word_1_723' title='bbox 562 5189 757 5243; x_wconf 89' lang='lat' dir='ltr'><strong>lectum</strong></span> <span class='ocrx_word' id='word_1_724' title='bbox 787 5186 983 5241; x_wconf 89' lang='lat' dir='ltr'><strong>dicitur</strong></span> <span class='ocrx_word' id='word_1_725' title='bbox 1009 5183 1286 5240; x_wconf 83' lang='lat' dir='ltr'><strong>monachis</strong></span> <span class='ocrx_word' id='word_1_726' title='bbox 1314 5185 1399 5238; x_wconf 90' lang='lat' dir='ltr'><strong>dic</strong></span> <span class='ocrx_word' id='word_1_727' title='bbox 1429 5183 1498 5238; x_wconf 74' lang='grc'>25</span> <span class='ocrx_word' id='word_1_728' title='bbox 1538 5183 1868 5252; x_wconf 82' lang='lat' dir='ltr'><strong>Pharmuthi,</strong></span> <span class='ocrx_word' id='word_1_729' title='bbox 1902 5183 1983 5240; x_wconf 86' lang='lat' dir='ltr'><strong>in-</strong></span> 
     </span>
    </p>
   </div>
   <div class='ocr_carea' id='block_1_93' title="bbox 434 5253 1981 5322">
    <p class='ocr_par' dir='ltr' id='par_1_93' title="bbox 434 5253 1981 5322">
     <span class='ocr_line' id='line_1_96' title="bbox 434 5253 1981 5322; baseline -0.003 -8"><span class='ocrx_word' id='word_1_730' title='bbox 434 5261 631 5315; x_wconf 89' lang='lat' dir='ltr'><strong>ictione</strong></span> <span class='ocrx_word' id='word_1_731' title='bbox 666 5257 716 5320; x_wconf 82' lang='lat' dir='ltr'><strong>l,</strong></span> <span class='ocrx_word' id='word_1_732' title='bbox 750 5269 891 5311; x_wconf 85' lang='lat' dir='ltr'><strong>anno</strong></span> <span class='ocrx_word' id='word_1_733' title='bbox 924 5256 1236 5310; x_wconf 89' lang='lat' dir='ltr'><strong>Diocletiani</strong></span> <span class='ocrx_word' id='word_1_734' title='bbox 1270 5253 1388 5322; x_wconf 69' lang='grc'><strong>164,</strong></span> <span class='ocrx_word' id='word_1_735' title='bbox 1422 5255 1473 5309; x_wconf 91' lang='lat' dir='ltr'><strong>id</strong></span> <span class='ocrx_word' id='word_1_736' title='bbox 1496 5264 1594 5317; x_wconf 89' lang='lat' dir='ltr'><strong>est,</strong></span> <span class='ocrx_word' id='word_1_737' title='bbox 1629 5271 1770 5310; x_wconf 90' lang='lat' dir='ltr'><strong>anno</strong></span> <span class='ocrx_word' id='word_1_738' title='bbox 1801 5256 1981 5311; x_wconf 88' lang='lat' dir='ltr'><strong>Theo-</strong></span> 
     </span>
    </p>
   </div>
   <div class='ocr_carea' id='block_1_94' title="bbox 397 5325 1980 5396">
    <p class='ocr_par' dir='ltr' id='par_1_94' title="bbox 397 5325 1980 5396">
     <span class='ocr_line' id='line_1_97' title="bbox 397 5325 1980 5396; baseline -0.001 -13"><span class='ocrx_word' id='word_1_739' title='bbox 397 5330 531 5385; x_wconf 89' lang='lat' dir='ltr'><strong>dosii</strong></span> <span class='ocrx_word' id='word_1_740' title='bbox 561 5329 650 5396; x_wconf 72' lang='grc'><strong>41,</strong></span> <span class='ocrx_word' id='word_1_741' title='bbox 675 5325 1035 5383; x_wconf 84' lang='lat' dir='ltr'><strong>Valentiniani</strong></span> <span class='ocrx_word' id='word_1_742' title='bbox 1058 5325 1152 5396; x_wconf 58' lang='lat'><strong>‘24,</strong></span> <span class='ocrx_word' id='word_1_743' title='bbox 1170 5325 1367 5380; x_wconf 89' lang='lat' dir='ltr'><strong>Christi</strong></span> <span class='ocrx_word' id='word_1_744' title='bbox 1398 5325 1523 5392; x_wconf 68' lang='grc'><strong>448,</strong></span> <span class='ocrx_word' id='word_1_745' title='bbox 1550 5326 1764 5381; x_wconf 81' lang='lat' dir='ltr'><strong>Zenone</strong></span> <span class='ocrx_word' id='word_1_746' title='bbox 1790 5333 1843 5381; x_wconf 85' lang='lat' dir='ltr'><strong>et</strong></span> <span class='ocrx_word' id='word_1_747' title='bbox 1872 5326 1980 5382; x_wconf 88' lang='lat' dir='ltr'><strong>Po-</strong></span> 
     </span>
    </p>
   </div>
   <div class='ocr_carea' id='block_1_95' title="bbox 396 5395 1981 5466">
    <p class='ocr_par' dir='ltr' id='par_1_95' title="bbox 396 5395 1981 5466">
     <span class='ocr_line' id='line_1_98' title="bbox 396 5395 1981 5466; baseline 0.001 -13"><span class='ocrx_word' id='word_1_748' title='bbox 396 5401 702 5453; x_wconf 89' lang='lat' dir='ltr'><strong>sthumiano</strong></span> <span class='ocrx_word' id='word_1_749' title='bbox 728 5415 894 5462; x_wconf 89' lang='lat' dir='ltr'><strong>coss.,</strong></span> <span class='ocrx_word' id='word_1_750' title='bbox 927 5398 1013 5453; x_wconf 90' lang='lat' dir='ltr'><strong>die</strong></span> <span class='ocrx_word' id='word_1_751' title='bbox 1036 5395 1101 5449; x_wconf 76' lang='lat' dir='ltr'><strong>i8</strong></span> <span class='ocrx_word' id='word_1_752' title='bbox 1129 5395 1357 5466; x_wconf 83' lang='lat' dir='ltr'><strong>Aprilis:</strong></span> <span class='ocrx_word' id='word_1_753' title='bbox 1390 5412 1711 5466; x_wconf 87' lang='lat' dir='ltr'><strong>quamquam</strong></span> <span class='ocrx_word' id='word_1_754' title='bbox 1735 5406 1981 5455; x_wconf 87' lang='lat' dir='ltr'><strong>anteces-</strong></span> 
     </span>
    </p>
   </div>
   <div class='ocr_carea' id='block_1_96' title="bbox 317 5467 1974 5535">
    <p class='ocr_par' dir='ltr' id='par_1_96' title="bbox 317 5467 1974 5535">
     <span class='ocr_line' id='line_1_99' title="bbox 317 5467 1974 5535; baseline 0 -13"><span class='ocrx_word' id='word_1_755' title='bbox 317 5489 321 5493; x_wconf 28' lang='grc' dir='ltr'><strong>Α</strong></span> <span class='ocrx_word' id='word_1_756' title='bbox 395 5471 466 5522; x_wconf 86' lang='lat' dir='ltr'><strong>sit</strong></span> <span class='ocrx_word' id='word_1_757' title='bbox 508 5470 733 5522; x_wconf 87' lang='lat' dir='ltr'><strong>alterum</strong></span> <span class='ocrx_word' id='word_1_758' title='bbox 772 5469 1006 5524; x_wconf 89' lang='lat' dir='ltr'><strong>edictum</strong></span> <span class='ocrx_word' id='word_1_759' title='bbox 1048 5467 1236 5523; x_wconf 85' lang='lat' dir='ltr'><strong>eadem</strong></span> <span class='ocrx_word' id='word_1_760' title='bbox 1283 5468 1350 5522; x_wconf 91' lang='lat' dir='ltr'><strong>dc</strong></span> <span class='ocrx_word' id='word_1_761' title='bbox 1391 5483 1468 5531; x_wconf 91' lang='lat' dir='ltr'><strong>re,</strong></span> <span class='ocrx_word' id='word_1_762' title='bbox 1517 5467 1660 5535; x_wconf 89' lang='lat' dir='ltr'><strong>quod</strong></span> <span class='ocrx_word' id='word_1_763' title='bbox 1699 5467 1750 5521; x_wconf 90' lang='lat' dir='ltr'><strong>in</strong></span> <span class='ocrx_word' id='word_1_764' title='bbox 1791 5467 1974 5522; x_wconf 87' lang='lat' dir='ltr'><strong>codice</strong></span> 
     </span>
    </p>
   </div>
   <div class='ocr_carea' id='block_1_97' title="bbox 398 5535 1971 5606">
    <p class='ocr_par' dir='ltr' id='par_1_97' title="bbox 398 5535 1971 5606">
     <span class='ocr_line' id='line_1_100' title="bbox 398 5535 1971 5606; baseline 0.001 -15"><span class='ocrx_word' id='word_1_765' title='bbox 398 5537 771 5593; x_wconf 85' lang='lat' dir='ltr'><strong>Theodosiano</strong></span> <span class='ocrx_word' id='word_1_766' title='bbox 804 5539 988 5593; x_wconf 86' lang='lat' dir='ltr'><strong>datum</strong></span> <span class='ocrx_word' id='word_1_767' title='bbox 1017 5537 1264 5592; x_wconf 88' lang='lat' dir='ltr'><strong>scribitur</strong></span> <span class='ocrx_word' id='word_1_768' title='bbox 1291 5535 1757 5606; x_wconf 87' lang='lat' dir='ltr'><strong>Constantinopoli</strong></span> <span class='ocrx_word' id='word_1_769' title='bbox 1786 5553 1841 5592; x_wconf 84' lang='grc' dir='ltr'>ιιι</span> <span class='ocrx_word' id='word_1_770' title='bbox 1872 5553 1971 5592; x_wconf 84' lang='grc' dir='ltr'><strong>ηο-</strong></span> 
     </span>
    </p>
   </div>
   <div class='ocr_carea' id='block_1_98' title="bbox 396 5606 1968 5678">
    <p class='ocr_par' dir='ltr' id='par_1_98' title="bbox 396 5606 1968 5678">
     <span class='ocr_line' id='line_1_101' title="bbox 396 5606 1968 5678; baseline 0.001 -18"><span class='ocrx_word' id='word_1_771' title='bbox 396 5623 494 5660; x_wconf 87' lang='lat' dir='ltr'><strong>nas</strong></span> <span class='ocrx_word' id='word_1_772' title='bbox 521 5607 760 5678; x_wconf 84' lang='lat' dir='ltr'><strong>Augusti,</strong></span> <span class='ocrx_word' id='word_1_773' title='bbox 805 5607 1110 5664; x_wconf 84' lang='lat' dir='ltr'><strong>Theodosio</strong></span> <span class='ocrx_word' id='word_1_774' title='bbox 1148 5623 1235 5672; x_wconf 83' lang='lat' dir='ltr'><strong>xv,</strong></span> <span class='ocrx_word' id='word_1_775' title='bbox 1269 5616 1324 5678; x_wconf 88' lang='lat' dir='ltr'><strong>et</strong></span> <span class='ocrx_word' id='word_1_776' title='bbox 1350 5608 1442 5678; x_wconf 87' lang='lat' dir='ltr'><strong>qui</strong></span> <span class='ocrx_word' id='word_1_777' title='bbox 1479 5606 1637 5661; x_wconf 85' lang='lat' dir='ltr'><strong>fuerit</strong></span> <span class='ocrx_word' id='word_1_778' title='bbox 1674 5610 1968 5670; x_wconf 85' lang='lat' dir='ltr'><strong>nuntiatus,</strong></span> 
     </span>
    </p>
   </div>
   <div class='ocr_carea' id='block_1_99' title="bbox 396 5677 1324 5741">
    <p class='ocr_par' dir='ltr' id='par_1_99' title="bbox 396 5677 1324 5741">
     <span class='ocr_line' id='line_1_102' title="bbox 396 5677 1324 5741; baseline -0.001 -9"><span class='ocrx_word' id='word_1_779' title='bbox 396 5693 560 5741; x_wconf 88' lang='lat' dir='ltr'><strong>coss.,</strong></span> <span class='ocrx_word' id='word_1_780' title='bbox 595 5677 644 5729; x_wconf 88' lang='lat' dir='ltr'><strong>id</strong></span> <span class='ocrx_word' id='word_1_781' title='bbox 673 5688 775 5739; x_wconf 88' lang='lat' dir='ltr'><strong>est,</strong></span> <span class='ocrx_word' id='word_1_782' title='bbox 807 5695 948 5732; x_wconf 87' lang='lat' dir='ltr'><strong>anno</strong></span> <span class='ocrx_word' id='word_1_783' title='bbox 972 5679 1168 5732; x_wconf 86' lang='lat' dir='ltr'><strong>Christi</strong></span> <span class='ocrx_word' id='word_1_784' title='bbox 1203 5677 1324 5731; x_wconf 63' lang='grc'>453.</span> 
     </span>
    </p>
   </div>
   <div class='ocr_carea' id='block_1_100' title="bbox 469 5745 1975 5818">
    <p class='ocr_par' dir='ltr' id='par_1_100' title="bbox 469 5745 1975 5818">
     <span class='ocr_line' id='line_1_103' title="bbox 469 5745 1975 5818; baseline 0.002 -18"><span class='ocrx_word' id='word_1_785' title='bbox 469 5757 490 5784; x_wconf 74' lang='grc' dir='ltr'><strong><em>ο</em></strong></span> <span class='ocrx_word' id='word_1_786' title='bbox 522 5745 718 5801; x_wconf 85' lang='lat' dir='ltr'><strong>Charta</strong></span> <span class='ocrx_word' id='word_1_787' title='bbox 762 5747 849 5802; x_wconf 86' lang='lat' dir='ltr'><strong>illa</strong></span> <span class='ocrx_word' id='word_1_788' title='bbox 890 5751 940 5801; x_wconf 90' lang='lat' dir='ltr'><strong>in</strong></span> <span class='ocrx_word' id='word_1_789' title='bbox 982 5749 1216 5817; x_wconf 83' lang='lat' dir='ltr'><strong>speciem</strong></span> <span class='ocrx_word' id='word_1_790' title='bbox 1254 5750 1625 5818; x_wconf 82' lang='lat' dir='ltr'><strong>qualernionis</strong></span> <span class='ocrx_word' id='word_1_791' title='bbox 1663 5749 1748 5803; x_wconf 92' lang='lat' dir='ltr'><strong>cui</strong></span> <span class='ocrx_word' id='word_1_792' title='bbox 1787 5748 1975 5804; x_wconf 89' lang='lat' dir='ltr'><strong>titulus</strong></span> 
     </span>
    </p>
   </div>
   <div class='ocr_carea' id='block_1_101' title="bbox 394 5818 1974 5890">
    <p class='ocr_par' dir='ltr' id='par_1_101' title="bbox 394 5818 1974 5890">
     <span class='ocr_line' id='line_1_104' title="bbox 394 5818 1974 5890; baseline 0 -16"><span class='ocrx_word' id='word_1_793' title='bbox 394 5819 682 5888; x_wconf 87' lang='lat' dir='ltr'><strong>inscriptus</strong></span> <span class='ocrx_word' id='word_1_794' title='bbox 712 5827 824 5873; x_wconf 85' lang='lat' dir='ltr'><strong>erat</strong></span> <span class='ocrx_word' id='word_1_795' title='bbox 854 5837 864 5870; x_wconf 94' lang='lat'><strong>:</strong></span> <span class='ocrx_word' id='word_1_796' title='bbox 904 5818 1156 5871; x_wconf 84' lang='lat' dir='ltr'><strong>Adversus</strong></span> <span class='ocrx_word' id='word_1_797' title='bbox 1185 5835 1269 5872; x_wconf 87' lang='lat' dir='ltr'><strong>eos</strong></span> <span class='ocrx_word' id='word_1_798' title='bbox 1299 5821 1382 5889; x_wconf 86' lang='lat' dir='ltr'><strong>qui</strong></span> <span class='ocrx_word' id='word_1_799' title='bbox 1413 5829 1618 5889; x_wconf 84' lang='lat' dir='ltr'><strong>propter</strong></span> <span class='ocrx_word' id='word_1_800' title='bbox 1653 5821 1974 5890; x_wconf 86' lang='lat' dir='ltr'><strong>conjunctio-</strong></span> 
     </span>
    </p>
   </div>
   <div class='ocr_carea' id='block_1_102' title="bbox 2015 4555 2507 4638">
    <p class='ocr_par' dir='ltr' id='par_1_102' title="bbox 2015 4555 2507 4638">
     <span class='ocr_line' id='line_1_105' title="bbox 2015 4555 2507 4638; baseline -0.008 -30"><span class='ocrx_word' id='word_1_801' title='bbox 2015 4577 2062 4638; x_wconf 79' lang='grc' dir='ltr'>ο</span> <span class='ocrx_word' id='word_1_802' title='bbox 2085 4556 2165 4624; x_wconf 87' lang='lat' dir='ltr'><strong>gis</strong></span> <span class='ocrx_word' id='word_1_803' title='bbox 2196 4555 2416 4635; x_wconf 82' lang='lat' dir='ltr'><strong>forsitan</strong></span> <span class='ocrx_word' id='word_1_804' title='bbox 2445 4569 2507 4604; x_wconf 91' lang='lat' dir='ltr'><strong>ar</strong></span> 
     </span>
    </p>
   </div>
   <div class='ocr_carea' id='block_1_103' title="bbox 2089 3847 3688 3923">
    <p class='ocr_par' dir='ltr' id='par_1_103' title="bbox 2089 3847 3688 3923">
     <span class='ocr_line' id='line_1_106' title="bbox 2089 3847 3688 3923; baseline 0.004 -17"><span class='ocrx_word' id='word_1_805' title='bbox 2089 3867 2229 3911; x_wconf 90' lang='lat' dir='ltr'><strong>nem,</strong></span> <span class='ocrx_word' id='word_1_806' title='bbox 2259 3849 2338 3923; x_wconf 88' lang='lat' dir='ltr'><strong>ve_l</strong></span> <span class='ocrx_word' id='word_1_807' title='bbox 2366 3848 2701 3903; x_wconf 75' lang='lat' dir='ltr'><strong>Divitiitatem</strong></span> <span class='ocrx_word' id='word_1_808' title='bbox 2736 3847 2864 3904; x_wconf 84' lang='lat' dir='ltr'><strong>Filii</strong></span> <span class='ocrx_word' id='word_1_809' title='bbox 2893 3851 3228 3923; x_wconf 82' lang='lat' dir='ltr'><strong>mortiﬁcant,</strong></span> <span class='ocrx_word' id='word_1_810' title='bbox 3265 3855 3342 3908; x_wconf 86' lang='lat' dir='ltr'><strong>vel</strong></span> <span class='ocrx_word' id='word_1_811' title='bbox 3377 3855 3688 3912; x_wconf 81' lang='lat' dir='ltr'><strong>humanita-</strong></span> 
     </span>
    </p>
   </div>
   <div class='ocr_carea' id='block_1_104' title="bbox 2092 3919 3688 3992">
    <p class='ocr_par' dir='ltr' id='par_1_104' title="bbox 2092 3919 3688 3992">
     <span class='ocr_line' id='line_1_107' title="bbox 2092 3919 3688 3992; baseline 0.004 -16"><span class='ocrx_word' id='word_1_812' title='bbox 2092 3932 2190 3976; x_wconf 89' lang='lat' dir='ltr'><strong>tem</strong></span> <span class='ocrx_word' id='word_1_813' title='bbox 2218 3923 2272 3974; x_wconf 88' lang='lat' dir='ltr'><strong>in</strong></span> <span class='ocrx_word' id='word_1_814' title='bbox 2299 3919 2461 3992; x_wconf 85' lang='lat' dir='ltr'><strong>Deum</strong></span> <span class='ocrx_word' id='word_1_815' title='bbox 2495 3923 2830 3992; x_wconf 69' lang='lat' dir='ltr'><strong>transferunt,</strong></span> <span class='ocrx_word' id='word_1_816' title='bbox 2856 3919 3158 3992; x_wconf 84' lang='lat' dir='ltr'><strong>nullatenus</strong></span> <span class='ocrx_word' id='word_1_817' title='bbox 3178 3923 3354 3979; x_wconf 76' lang='lat' dir='ltr'><strong>dillert</strong></span> <span class='ocrx_word' id='word_1_818' title='bbox 3374 3941 3404 3978; x_wconf 88' lang='lat' dir='ltr'><strong>a</strong></span> <span class='ocrx_word' id='word_1_819' title='bbox 3425 3940 3688 3983; x_wconf 78' lang='lat' dir='ltr'><strong>sermone</strong></span> 
     </span>
    </p>
   </div>
   <div class='ocr_carea' id='block_1_105' title="bbox 2089 3989 3688 4062">
    <p class='ocr_par' dir='ltr' id='par_1_105' title="bbox 2089 3989 3688 4062">
     <span class='ocr_line' id='line_1_108' title="bbox 2089 3989 3688 4062; baseline 0.006 -20"><span class='ocrx_word' id='word_1_820' title='bbox 2089 4000 2281 4062; x_wconf 86' lang='lat' dir='ltr'><strong>quarto</strong></span> <span class='ocrx_word' id='word_1_821' title='bbox 2311 3990 2566 4062; x_wconf 90' lang='lat' dir='ltr'><strong>adversus</strong></span> <span class='ocrx_word' id='word_1_822' title='bbox 2597 3989 2864 4057; x_wconf 82' lang='lat' dir='ltr'><strong>Proclum,</strong></span> <span class='ocrx_word' id='word_1_823' title='bbox 2896 3991 3050 4062; x_wconf 86' lang='lat' dir='ltr'><strong>cujus</strong></span> <span class='ocrx_word' id='word_1_824' title='bbox 3078 3994 3286 4048; x_wconf 89' lang='lat' dir='ltr'><strong>initium</strong></span> <span class='ocrx_word' id='word_1_825' title='bbox 3314 4004 3396 4050; x_wconf 87' lang='lat' dir='ltr'><strong>est</strong></span> <span class='ocrx_word' id='word_1_826' title='bbox 3422 4013 3435 4048; x_wconf 92' lang='lat'>:</span> <span class='ocrx_word' id='word_1_827' title='bbox 3474 3994 3688 4052; x_wconf 78' lang='lat' dir='ltr'><strong>Contu-</strong></span> 
     </span>
    </p>
   </div>
   <div class='ocr_carea' id='block_1_106' title="bbox 2089 4061 2653 4132">
    <p class='ocr_par' dir='ltr' id='par_1_106' title="bbox 2089 4061 2653 4132">
     <span class='ocr_line' id='line_1_109' title="bbox 2089 4061 2653 4132; baseline -0.007 -16"><span class='ocrx_word' id='word_1_828' title='bbox 2089 4061 2269 4132; x_wconf 79' lang='lat' dir='ltr'><strong>melias</strong></span> <span class='ocrx_word' id='word_1_829' title='bbox 2296 4061 2653 4132; x_wconf 77' lang='lat' dir='ltr'><strong>quidem,etc.</strong></span> 
     </span>
    </p>
   </div>
   <div class='ocr_carea' id='block_1_107' title="bbox 2161 4130 3684 4202">
    <p class='ocr_par' dir='ltr' id='par_1_107' title="bbox 2161 4130 3684 4202">
     <span class='ocr_line' id='line_1_110' title="bbox 2161 4130 3684 4202; baseline 0.005 -16"><span class='ocrx_word' id='word_1_830' title='bbox 2161 4130 2188 4169; x_wconf 69' lang='grc' dir='ltr'><strong>τι</strong></span> <span class='ocrx_word' id='word_1_831' title='bbox 2218 4130 2393 4202; x_wconf 78' lang='lat' dir='ltr'><strong>Super</strong></span> <span class='ocrx_word' id='word_1_832' title='bbox 2430 4147 2493 4186; x_wconf 88' lang='lat' dir='ltr'><strong>ea</strong></span> <span class='ocrx_word' id='word_1_833' title='bbox 2534 4131 2766 4186; x_wconf 83' lang='lat' dir='ltr'><strong>Nestorii</strong></span> <span class='ocrx_word' id='word_1_834' title='bbox 2796 4131 3052 4201; x_wconf 87' lang='lat' dir='ltr'><strong>opinione</strong></span> <span class='ocrx_word' id='word_1_835' title='bbox 3092 4133 3214 4189; x_wconf 86' lang='lat' dir='ltr'><strong>vide</strong></span> <span class='ocrx_word' id='word_1_836' title='bbox 3239 4133 3684 4193; x_wconf 86' lang='lat' dir='ltr'><strong>dissertationem</strong></span> 
     </span>
    </p>
   </div>
   <div class='ocr_carea' id='block_1_108' title="bbox 2088 4202 2739 4268">
    <p class='ocr_par' dir='ltr' id='par_1_108' title="bbox 2088 4202 2739 4268">
     <span class='ocr_line' id='line_1_111' title="bbox 2088 4202 2739 4268; baseline -0.002 -11"><span class='ocrx_word' id='word_1_837' title='bbox 2088 4203 2188 4257; x_wconf 90' lang='lat' dir='ltr'><strong>hac</strong></span> <span class='ocrx_word' id='word_1_838' title='bbox 2213 4203 2278 4256; x_wconf 91' lang='lat' dir='ltr'><strong>de</strong></span> <span class='ocrx_word' id='word_1_839' title='bbox 2306 4217 2366 4256; x_wconf 88' lang='lat' dir='ltr'><strong>re</strong></span> <span class='ocrx_word' id='word_1_840' title='bbox 2395 4202 2739 4268; x_wconf 83' lang='lat' dir='ltr'><strong>singularem.</strong></span> 
     </span>
    </p>
   </div>
   <div class='ocr_carea' id='block_1_109' title="bbox 2162 4269 3686 4342">
    <p class='ocr_par' dir='ltr' id='par_1_109' title="bbox 2162 4269 3686 4342">
     <span class='ocr_line' id='line_1_112' title="bbox 2162 4269 3686 4342; baseline 0.004 -18"><span class='ocrx_word' id='word_1_841' title='bbox 2162 4283 2184 4310; x_wconf 77' lang='grc' dir='ltr'>ε</span> <span class='ocrx_word' id='word_1_842' title='bbox 2207 4272 2264 4326; x_wconf 92' lang='lat' dir='ltr'><strong>ld</strong></span> <span class='ocrx_word' id='word_1_843' title='bbox 2287 4272 2458 4340; x_wconf 89' lang='lat' dir='ltr'><strong>ipsum</strong></span> <span class='ocrx_word' id='word_1_844' title='bbox 2486 4272 2731 4340; x_wconf 88' lang='lat' dir='ltr'><strong>queritur</strong></span> <span class='ocrx_word' id='word_1_845' title='bbox 2753 4269 2984 4342; x_wconf 83' lang='lat' dir='ltr'><strong>Cyrillus</strong></span> <span class='ocrx_word' id='word_1_846' title='bbox 3012 4272 3152 4342; x_wconf 89' lang='lat' dir='ltr'><strong>apud</strong></span> <span class='ocrx_word' id='word_1_847' title='bbox 3181 4274 3501 4329; x_wconf 83' lang='lat' dir='ltr'><strong>Nestorium.</strong></span> <span class='ocrx_word' id='word_1_848' title='bbox 3535 4273 3686 4330; x_wconf 77' lang='lat' dir='ltr'><strong>Gar-</strong></span> 
     </span>
    </p>
   </div>
   <div class='ocr_carea' id='block_1_110' title="bbox 2086 4342 3685 4416">
    <p class='ocr_par' dir='ltr' id='par_1_110' title="bbox 2086 4342 3685 4416">
     <span class='ocr_line' id='line_1_113' title="bbox 2086 4342 3685 4416; baseline 0.003 -20"><span class='ocrx_word' id='word_1_849' title='bbox 2086 4345 2246 4416; x_wconf 80' lang='lat' dir='ltr'><strong>riunt,</strong></span> <span class='ocrx_word' id='word_1_850' title='bbox 2281 4344 2412 4395; x_wconf 84' lang='lat' dir='ltr'><strong>sicut</strong></span> <span class='ocrx_word' id='word_1_851' title='bbox 2442 4342 2617 4407; x_wconf 88' lang='lat' dir='ltr'><strong>audio,</strong></span> <span class='ocrx_word' id='word_1_852' title='bbox 2649 4342 2857 4416; x_wconf 80' lang='lat' dir='ltr'><strong>quidam</strong></span> <span class='ocrx_word' id='word_1_853' title='bbox 2890 4344 2954 4396; x_wconf 86' lang='lat' dir='ltr'><strong>de</strong></span> <span class='ocrx_word' id='word_1_854' title='bbox 2983 4345 3362 4400; x_wconf 69' lang='lat' dir='ltr'><strong>existimatione</strong></span> <span class='ocrx_word' id='word_1_855' title='bbox 3386 4363 3498 4400; x_wconf 90' lang='lat' dir='ltr'><strong>mea</strong></span> <span class='ocrx_word' id='word_1_856' title='bbox 3528 4348 3685 4416; x_wconf 77' lang='lat' dir='ltr'><strong>apud</strong></span> 
     </span>
    </p>
   </div>
   <div class='ocr_carea' id='block_1_111' title="bbox 2086 4413 3682 4484">
    <p class='ocr_par' dir='ltr' id='par_1_111' title="bbox 2086 4413 3682 4484">
     <span class='ocr_line' id='line_1_114' title="bbox 2086 4413 3682 4484; baseline 0.004 -18"><span class='ocrx_word' id='word_1_857' title='bbox 2086 4414 2384 4483; x_wconf 87' lang='lat' dir='ltr'><strong>religionem</strong></span> <span class='ocrx_word' id='word_1_858' title='bbox 2415 4421 2573 4474; x_wconf 88' lang='lat' dir='ltr'><strong>tuam,</strong></span> <span class='ocrx_word' id='word_1_859' title='bbox 2617 4423 2667 4466; x_wconf 88' lang='lat' dir='ltr'><strong>et</strong></span> <span class='ocrx_word' id='word_1_860' title='bbox 2702 4413 2796 4466; x_wconf 83' lang='lat' dir='ltr'><strong>hoc</strong></span> <span class='ocrx_word' id='word_1_861' title='bbox 2826 4415 3136 4484; x_wconf 78' lang='lat' dir='ltr'><strong>frequenter,</strong></span> <span class='ocrx_word' id='word_1_862' title='bbox 3175 4413 3572 4484; x_wconf 48' lang='lat' dir='ltr'><strong>processionum&#39;</strong></span> <span class='ocrx_word' id='word_1_863' title='bbox 3593 4419 3682 4472; x_wconf 78' lang='lat' dir='ltr'><strong>vel</strong></span> 
     </span>
    </p>
   </div>
   <div class='ocr_carea' id='block_1_112' title="bbox 2087 4492 3682 4604">
    <p class='ocr_par' dir='ltr' id='par_1_112' title="bbox 2087 4492 3682 4604">
     <span class='ocr_line' id='line_1_115' title="bbox 2087 4492 3682 4604; baseline 0.003 -68"><span class='ocrx_word' id='word_1_864' title='bbox 2087 4493 2423 4537; x_wconf 68' lang='lat' dir='ltr'><strong>convcntuum</strong></span> <span class='ocrx_word' id='word_1_865' title='bbox 2451 4492 2739 4604; x_wconf 54' lang='lat' dir='ltr'><strong>opportuna</strong></span> <span class='ocrx_word' id='word_1_866' title='bbox 2771 4493 3000 4553; x_wconf 84' lang='lat' dir='ltr'><strong>tempora</strong></span> <span class='ocrx_word' id='word_1_867' title='bbox 3029 4496 3361 4555; x_wconf 77' lang='lat' dir='ltr'><strong>aucupantes,</strong></span> <span class='ocrx_word' id='word_1_868' title='bbox 3392 4496 3440 4540; x_wconf 85' lang='lat' dir='ltr'><strong>et</strong></span> <span class='ocrx_word' id='word_1_869' title='bbox 3470 4501 3530 4541; x_wconf 89' lang='lat' dir='ltr'><strong>eo</strong></span> <span class='ocrx_word' id='word_1_870' title='bbox 3554 4504 3682 4540; x_wconf 85' lang='lat' dir='ltr'><strong>ma-</strong></span> 
     </span>
     <span class='ocr_line' id='line_1_116' title="bbox 2087 4553 3682 4604; baseline 0 0"><span class='ocrx_word' id='word_1_871' title='bbox 2087 4556 2165 4604; x_wconf 88' lang='lat' dir='ltr'><strong>ais</strong></span> <span class='ocrx_word' id='word_1_872' title='bbox 2199 4555 2416 4604; x_wconf 79' lang='lat' dir='ltr'><strong>forsitan</strong></span> <span class='ocrx_word' id='word_1_873' title='bbox 2445 4569 2507 4604; x_wconf 90' lang='lat' dir='ltr'><strong>ar</strong></span> <span class='ocrx_word' id='word_1_874' title='bbox 2542 4554 2755 4604; x_wconf 84' lang='lat' dir='ltr'><strong>itrantes</strong></span> <span class='ocrx_word' id='word_1_875' title='bbox 2787 4553 3039 4604; x_wconf 83' lang='lat' dir='ltr'><strong>delectare</strong></span> <span class='ocrx_word' id='word_1_876' title='bbox 3070 4572 3124 4604; x_wconf 84' lang='lat' dir='ltr'><strong>se</strong></span> <span class='ocrx_word' id='word_1_877' title='bbox 3150 4571 3299 4604; x_wconf 85' lang='lat' dir='ltr'><strong>aures</strong></span> <span class='ocrx_word' id='word_1_878' title='bbox 3328 4566 3460 4604; x_wconf 68' lang='lat' dir='ltr'><strong>tum.</strong></span> <span class='ocrx_word' id='word_1_879' title='bbox 3484 4557 3682 4604; x_wconf 68' lang='lat' dir='ltr'><strong>adver-</strong></span> 
     </span>
    </p>
   </div>
   <div class='ocr_carea' id='block_1_113' title="bbox 2542 4553 3683 4618">
    <p class='ocr_par' dir='ltr' id='par_1_113' title="bbox 2542 4553 3683 4618">
     <span class='ocr_line' id='line_1_117' title="bbox 2542 4553 3683 4618; baseline 0.004 -13"><span class='ocrx_word' id='word_1_880' title='bbox 2542 4554 2755 4607; x_wconf 84' lang='lat' dir='ltr'><strong>itrantcs</strong></span> <span class='ocrx_word' id='word_1_881' title='bbox 2787 4553 3039 4607; x_wconf 83' lang='lat' dir='ltr'><strong>delectare</strong></span> <span class='ocrx_word' id='word_1_882' title='bbox 3070 4572 3124 4608; x_wconf 89' lang='lat' dir='ltr'><strong>se</strong></span> <span class='ocrx_word' id='word_1_883' title='bbox 3150 4553 3299 4609; x_wconf 83' lang='lat' dir='ltr'><strong>aures</strong></span> <span class='ocrx_word' id='word_1_884' title='bbox 3328 4566 3460 4618; x_wconf 79' lang='lat' dir='ltr'><strong>tuos,</strong></span> <span class='ocrx_word' id='word_1_885' title='bbox 3484 4557 3683 4610; x_wconf 73' lang='lat' dir='ltr'><strong>adver-</strong></span> 
     </span>
    </p>
   </div>
   <div class='ocr_carea' id='block_1_114' title="bbox 2083 4623 3683 4698">
    <p class='ocr_par' dir='ltr' id='par_1_114' title="bbox 2083 4623 3683 4698">
     <span class='ocr_line' id='line_1_118' title="bbox 2083 4623 3683 4698; baseline 0.004 -22"><span class='ocrx_word' id='word_1_886' title='bbox 2083 4623 2203 4698; x_wconf 26' lang='lat' dir='ltr'><strong>sum;</strong></span> <span class='ocrx_word' id='word_1_887' title='bbox 2226 4639 2317 4676; x_wconf 89' lang='lat' dir='ltr'><strong>nos</strong></span> <span class='ocrx_word' id='word_1_888' title='bbox 2350 4623 2642 4698; x_wconf 77' lang='lat' dir='ltr'><strong>inconditas</strong></span> <span class='ocrx_word' id='word_1_889' title='bbox 2672 4640 2814 4698; x_wconf 80' lang='lat' dir='ltr'><strong>voces</strong></span> <span class='ocrx_word' id='word_1_890' title='bbox 2845 4625 3100 4698; x_wconf 77' lang='lat' dir='ltr'><strong>emittunt.</strong></span> <span class='ocrx_word' id='word_1_891' title='bbox 3130 4623 3230 4688; x_wconf 83' lang='lat' dir='ltr'><strong>Qui</strong></span> <span class='ocrx_word' id='word_1_892' title='bbox 3251 4626 3360 4680; x_wconf 66' lang='lat' dir='ltr'><strong>laesi</strong></span> <span class='ocrx_word' id='word_1_893' title='bbox 3391 4627 3590 4698; x_wconf 81' lang='lat' dir='ltr'><strong>quidem</strong></span> <span class='ocrx_word' id='word_1_894' title='bbox 3614 4628 3683 4682; x_wconf 74' lang='lat' dir='ltr'><strong>in</strong></span> 
     </span>
    </p>
   </div>
   <div class='ocr_carea' id='block_1_115' title="bbox 2084 4691 3683 4766">
    <p class='ocr_par' dir='ltr' id='par_1_115' title="bbox 2084 4691 3683 4766">
     <span class='ocr_line' id='line_1_119' title="bbox 2084 4691 3683 4766; baseline 0.003 -19"><span class='ocrx_word' id='word_1_895' title='bbox 2084 4693 2227 4747; x_wconf 88' lang='lat' dir='ltr'><strong>nullo</strong></span> <span class='ocrx_word' id='word_1_896' title='bbox 2259 4702 2394 4758; x_wconf 85' lang='lat' dir='ltr'><strong>sunt,</strong></span> <span class='ocrx_word' id='word_1_897' title='bbox 2427 4691 2685 4766; x_wconf 85' lang='lat' dir='ltr'><strong>objurgati</strong></span> <span class='ocrx_word' id='word_1_898' title='bbox 2706 4703 2874 4766; x_wconf 84' lang='lat' dir='ltr'><strong>autem</strong></span> <span class='ocrx_word' id='word_1_899' title='bbox 2902 4711 2934 4748; x_wconf 91' lang='lat' dir='ltr'><strong>a</strong></span> <span class='ocrx_word' id='word_1_900' title='bbox 2963 4694 3108 4748; x_wconf 87' lang='lat' dir='ltr'><strong>nobis</strong></span> <span class='ocrx_word' id='word_1_901' title='bbox 3127 4711 3280 4766; x_wconf 66' lang='grc' dir='ltr'><strong>ηερε,</strong></span> <span class='ocrx_word' id='word_1_902' title='bbox 3304 4691 3515 4766; x_wconf 71' lang='grc' dir='ltr'><strong>εθάἸιοσ</strong></span> <span class='ocrx_word' id='word_1_903' title='bbox 3537 4697 3683 4751; x_wconf 76' lang='lat' dir='ltr'><strong>leni-</strong></span> 
     </span>
    </p>
   </div>
   <div class='ocr_carea' id='block_1_116' title="bbox 2088 4764 3683 4837">
    <p class='ocr_par' dir='ltr' id='par_1_116' title="bbox 2088 4764 3683 4837">
     <span class='ocr_line' id='line_1_120' title="bbox 2088 4764 3683 4837; baseline 0.003 -22"><span class='ocrx_word' id='word_1_904' title='bbox 2088 4774 2192 4837; x_wconf 81' lang='lat' dir='ltr'><strong>ter;</strong></span> <span class='ocrx_word' id='word_1_905' title='bbox 2215 4780 2347 4837; x_wconf 86' lang='lat' dir='ltr'><strong>unus</strong></span> <span class='ocrx_word' id='word_1_906' title='bbox 2376 4764 2739 4837; x_wconf 58' lang='lat' dir='ltr'><strong>eorum,&#39;quod</strong></span> <span class='ocrx_word' id='word_1_907' title='bbox 2759 4781 2921 4819; x_wconf 69' lang='lat' dir='ltr'><strong>cteros</strong></span> <span class='ocrx_word' id='word_1_908' title='bbox 2945 4774 2993 4817; x_wconf 90' lang='lat' dir='ltr'><strong>et</strong></span> <span class='ocrx_word' id='word_1_909' title='bbox 3021 4764 3270 4836; x_wconf 81' lang='lat' dir='ltr'><strong>pauperes</strong></span> <span class='ocrx_word' id='word_1_910' title='bbox 3297 4765 3507 4821; x_wconf 71' lang='lat' dir='ltr'><strong>vexabat</strong></span> <span class='ocrx_word' id='word_1_911' title='bbox 3533 4768 3683 4837; x_wconf 81' lang='lat' dir='ltr'><strong>inju-</strong></span> 
     </span>
    </p>
   </div>
   <div class='ocr_carea' id='block_1_117' title="bbox 2087 4833 3678 4907">
    <p class='ocr_par' dir='ltr' id='par_1_117' title="bbox 2087 4833 3678 4907">
     <span class='ocr_line' id='line_1_121' title="bbox 2087 4833 3678 4907; baseline 0.003 -21"><span class='ocrx_word' id='word_1_912' title='bbox 2087 4835 2166 4886; x_wconf 85' lang='lat' dir='ltr'><strong>ria</strong></span> <span class='ocrx_word' id='word_1_913' title='bbox 2182 4852 2200 4907; x_wconf 66' lang='lat' dir='ltr'><strong>,f</strong></span> <span class='ocrx_word' id='word_1_914' title='bbox 2231 4833 2544 4907; x_wconf 74' lang='lat' dir='ltr'><strong>alter,_quod</strong></span> <span class='ocrx_word' id='word_1_915' title='bbox 2571 4833 2757 4907; x_wconf 80' lang='lat' dir='ltr'><strong>contra</strong></span> <span class='ocrx_word' id='word_1_916' title='bbox 2784 4846 2997 4889; x_wconf 90' lang='lat' dir='ltr'><strong>matrem</strong></span> <span class='ocrx_word' id='word_1_917' title='bbox 3017 4833 3375 4906; x_wconf 73' lang='lat' dir='ltr'><strong>euaginaverat</strong></span> <span class='ocrx_word' id='word_1_918' title='bbox 3401 4833 3636 4907; x_wconf 66' lang='lat' dir='ltr'><strong>gladium</strong></span> <span class='ocrx_word' id='word_1_919' title='bbox 3655 4857 3678 4902; x_wconf 81' lang='lat'><strong>,-</strong></span> 
     </span>
    </p>
   </div>
   <div class='ocr_carea' id='block_1_118' title="bbox 2089 4904 3683 4986">
    <p class='ocr_par' dir='ltr' id='par_1_118' title="bbox 2089 4904 3683 4986">
     <span class='ocr_line' id='line_1_122' title="bbox 2089 4904 3683 4986; baseline 0.005 -30"><span class='ocrx_word' id='word_1_920' title='bbox 2089 4906 2287 4986; x_wconf 32' lang='lat' dir='ltr'><strong>terotius,</strong></span> <span class='ocrx_word' id='word_1_921' title='bbox 2307 4904 2438 4986; x_wconf 47' lang='lat' dir='ltr'><strong>.quia</strong></span> <span class='ocrx_word' id='word_1_922' title='bbox 2461 4921 2574 4957; x_wconf 90' lang='lat' dir='ltr'><strong>cum</strong></span> <span class='ocrx_word' id='word_1_923' title='bbox 2599 4904 2792 4986; x_wconf 73' lang='lat' dir='ltr'><strong>ancilla</strong></span> <span class='ocrx_word' id='word_1_924' title='bbox 2820 4921 3002 4986; x_wconf 83' lang='lat' dir='ltr'><strong>aurum</strong></span> <span class='ocrx_word' id='word_1_925' title='bbox 3025 4904 3230 4986; x_wconf 67' lang='lat' dir='ltr'><strong>furatus</strong></span> <span class='ocrx_word' id='word_1_926' title='bbox 3250 4917 3324 4960; x_wconf 86' lang='lat' dir='ltr'><strong>est</strong></span> <span class='ocrx_word' id='word_1_927' title='bbox 3350 4904 3591 4986; x_wconf 65' lang='lat' dir='ltr'><strong>alienum,</strong></span> <span class='ocrx_word' id='word_1_928' title='bbox 3620 4919 3683 4964; x_wconf 76' lang='lat' dir='ltr'><strong>et</strong></span> 
     </span>
    </p>
   </div>
   <div class='ocr_carea' id='block_1_119' title="bbox 2087 4973 3680 5047">
    <p class='ocr_par' dir='ltr' id='par_1_119' title="bbox 2087 4973 3680 5047">
     <span class='ocr_line' id='line_1_123' title="bbox 2087 4973 3680 5047; baseline 0.004 -21"><span class='ocrx_word' id='word_1_929' title='bbox 2087 4976 2206 5047; x_wconf 80' lang='lat' dir='ltr'><strong>quia</strong></span> <span class='ocrx_word' id='word_1_930' title='bbox 2246 4973 2398 5030; x_wconf 81' lang='lat' dir='ltr'><strong>talem</strong></span> <span class='ocrx_word' id='word_1_931' title='bbox 2435 4991 2635 5047; x_wconf 80' lang='lat' dir='ltr'><strong>semper</strong></span> <span class='ocrx_word' id='word_1_932' title='bbox 2671 4975 2907 5047; x_wconf 83' lang='lat' dir='ltr'><strong>habuerit</strong></span> <span class='ocrx_word' id='word_1_933' title='bbox 2953 4973 3412 5037; x_wconf 74' lang='lat' dir='ltr'><strong>existimationem,</strong></span> <span class='ocrx_word' id='word_1_934' title='bbox 3463 4978 3680 5047; x_wconf 81' lang='lat' dir='ltr'><strong>qualem</strong></span> 
     </span>
    </p>
   </div>
   <div class='ocr_carea' id='block_1_120' title="bbox 2087 5044 3675 5184">
    <p class='ocr_par' dir='ltr' id='par_1_120' title="bbox 2087 5044 3675 5184">
     <span class='ocr_line' id='line_1_124' title="bbox 2087 5044 3675 5184; baseline 0.004 -88"><span class='ocrx_word' id='word_1_935' title='bbox 2087 5044 2258 5099; x_wconf 86' lang='lat' dir='ltr'><strong>nullus</strong></span> <span class='ocrx_word' id='word_1_936' title='bbox 2261 5045 2537 5168; x_wconf 40' lang='lat' dir='ltr'><strong>Erqtvenire</strong></span> <span class='ocrx_word' id='word_1_937' title='bbox 2552 5044 2626 5184; x_wconf 53' lang='lat' dir='ltr'><strong>ig;</strong></span> <span class='ocrx_word' id='word_1_938' title='bbox 2637 5045 2952 5116; x_wconf 86' lang='lat' dir='ltr'><strong>gravissimis</strong></span> <span class='ocrx_word' id='word_1_939' title='bbox 2963 5047 3182 5100; x_wconf 85' lang='lat' dir='ltr'><strong>inimicis</strong></span> <span class='ocrx_word' id='word_1_940' title='bbox 3196 5050 3444 5118; x_wconf 83' lang='lat' dir='ltr'><strong>optaverit</strong></span> <span class='ocrx_word' id='word_1_941' title='bbox 3465 5044 3502 5117; x_wconf 85' lang='grc' dir='ltr'>(ι</span> <span class='ocrx_word' id='word_1_942' title='bbox 3522 5059 3675 5117; x_wconf 82' lang='lat' dir='ltr'><strong>part.</strong></span> 
     </span>
     <span class='ocr_line' id='line_1_125' title="bbox 2087 5130 2638 5184; baseline 0.002 -17"><span class='ocrx_word' id='word_1_943' title='bbox 2087 5130 2226 5168; x_wconf 87' lang='lat' dir='ltr'><strong>conc.</strong></span> <span class='ocrx_word' id='word_1_944' title='bbox 2311 5133 2342 5184; x_wconf 91' lang='lat' dir='ltr'><strong>p</strong></span> <span class='ocrx_word' id='word_1_945' title='bbox 2380 5131 2451 5168; x_wconf 88' lang='lat' dir='ltr'><strong>es.</strong></span> <span class='ocrx_word' id='word_1_946' title='bbox 2486 5131 2532 5169; x_wconf 92' lang='lat' dir='ltr'><strong>c.</strong></span> <span class='ocrx_word' id='word_1_947' title='bbox 2625 5155 2638 5168; x_wconf 90' lang='lat'><strong>.</strong></span> 
     </span>
    </p>
   </div>
   <div class='ocr_carea' id='block_1_121' title="bbox 2085 5130 2638 5169">
    <p class='ocr_par' dir='ltr' id='par_1_121' title="bbox 2085 5130 2638 5169">
     <span class='ocr_line' id='line_1_126' title="bbox 2085 5130 2638 5169; baseline 0.002 -2"><span class='ocrx_word' id='word_1_948' title='bbox 2085 5130 2226 5168; x_wconf 78' lang='grc' dir='ltr'><strong>εοηε.</strong></span> <span class='ocrx_word' id='word_1_949' title='bbox 2261 5130 2451 5169; x_wconf 66' lang='lat' dir='ltr'><strong>nones.</strong></span> <span class='ocrx_word' id='word_1_950' title='bbox 2486 5131 2532 5169; x_wconf 77' lang='grc' dir='ltr'><strong>ο.</strong></span> <span class='ocrx_word' id='word_1_951' title='bbox 2564 5130 2638 5169; x_wconf 82' lang='lat' dir='ltr'><strong>Ol.</strong></span> 
     </span>
    </p>
   </div>
   <div class='ocr_carea' id='block_1_122' title="bbox 2161 5133 3681 5255">
    <p class='ocr_par' dir='ltr' id='par_1_122' title="bbox 2161 5133 3681 5255">
     <span class='ocr_line' id='line_1_127' title="bbox 2161 5133 3681 5255; baseline 0.003 -16"><span class='ocrx_word' id='word_1_952' title='bbox 2161 5133 2638 5254; x_wconf 50' lang='grc' dir='ltr'><strong>ἴδ’Νῖῖἷιῖωὲεῗὶῖιῖἰ</strong></span> <span class='ocrx_word' id='word_1_953' title='bbox 2675 5201 2783 5240; x_wconf 91' lang='lat' dir='ltr'><strong>non</strong></span> <span class='ocrx_word' id='word_1_954' title='bbox 2823 5185 3001 5242; x_wconf 89' lang='lat' dir='ltr'><strong>videat</strong></span> <span class='ocrx_word' id='word_1_955' title='bbox 3036 5185 3122 5240; x_wconf 87' lang='lat' dir='ltr'><strong>hic</strong></span> <span class='ocrx_word' id='word_1_956' title='bbox 3164 5186 3433 5255; x_wconf 81' lang='lat' dir='ltr'><strong>designari</strong></span> <span class='ocrx_word' id='word_1_957' title='bbox 3474 5186 3681 5243; x_wconf 84' lang='lat' dir='ltr'><strong>Nesto-</strong></span> 
     </span>
    </p>
   </div>
   <div class='ocr_carea' id='block_1_123' title="bbox 2083 5255 2473 5310">
    <p class='ocr_par' dir='ltr' id='par_1_123' title="bbox 2083 5255 2473 5310">
     <span class='ocr_line' id='line_1_128' title="bbox 2083 5255 2473 5310; baseline 0.005 -2"><span class='ocrx_word' id='word_1_958' title='bbox 2083 5255 2242 5310; x_wconf 88' lang='lat' dir='ltr'><strong>rium.</strong></span> <span class='ocrx_word' id='word_1_959' title='bbox 2275 5255 2473 5310; x_wconf 77' lang='lat' dir='ltr'><strong>BALUZ.</strong></span> 
     </span>
    </p>
   </div>
   <div class='ocr_carea' id='block_1_124' title="bbox 2156 5321 3694 5398">
    <p class='ocr_par' dir='ltr' id='par_1_124' title="bbox 2156 5321 3694 5398">
     <span class='ocr_line' id='line_1_129' title="bbox 2156 5321 3694 5398; baseline 0.003 -19"><span class='ocrx_word' id='word_1_960' title='bbox 2156 5335 2180 5372; x_wconf 74' lang='grc' dir='ltr'><strong>ϐ</strong></span> <span class='ocrx_word' id='word_1_961' title='bbox 2210 5321 2336 5380; x_wconf 79' lang='lat' dir='ltr'><strong>llaec</strong></span> <span class='ocrx_word' id='word_1_962' title='bbox 2373 5327 2488 5398; x_wconf 85' lang='lat' dir='ltr'><strong>ipsa</strong></span> <span class='ocrx_word' id='word_1_963' title='bbox 2517 5326 2680 5381; x_wconf 88' lang='lat' dir='ltr'><strong>verba</strong></span> <span class='ocrx_word' id='word_1_964' title='bbox 2709 5327 2959 5398; x_wconf 75' lang='lat' dir='ltr'><strong>leguntur</strong></span> <span class='ocrx_word' id='word_1_965' title='bbox 2988 5326 3042 5381; x_wconf 88' lang='lat' dir='ltr'><strong>in</strong></span> <span class='ocrx_word' id='word_1_966' title='bbox 3081 5325 3151 5380; x_wconf 71' lang='lat'><strong>20</strong></span> <span class='ocrx_word' id='word_1_967' title='bbox 3189 5337 3446 5396; x_wconf 70' lang='lat' dir='ltr'><strong>excerpta</strong></span> <span class='ocrx_word' id='word_1_968' title='bbox 3485 5327 3694 5398; x_wconf 28' lang='lat' dir='ltr'><strong>Ephe-I</strong></span> 
     </span>
    </p>
   </div>
   <div class='ocr_carea' id='block_1_125' title="bbox 2082 5396 3681 5467">
    <p class='ocr_par' dir='ltr' id='par_1_125' title="bbox 2082 5396 3681 5467">
     <span class='ocr_line' id='line_1_130' title="bbox 2082 5396 3681 5467; baseline 0.001 -17"><span class='ocrx_word' id='word_1_969' title='bbox 2082 5396 2201 5467; x_wconf 85' lang='lat' dir='ltr'><strong>sino</strong></span> <span class='ocrx_word' id='word_1_970' title='bbox 2235 5415 2245 5448; x_wconf 91' lang='lat'>:</span> <span class='ocrx_word' id='word_1_971' title='bbox 2279 5397 2557 5467; x_wconf 88' lang='lat' dir='ltr'><strong>continent</strong></span> <span class='ocrx_word' id='word_1_972' title='bbox 2597 5412 2726 5452; x_wconf 89' lang='lat' dir='ltr'><strong>vero</strong></span> <span class='ocrx_word' id='word_1_973' title='bbox 2769 5397 2976 5451; x_wconf 90' lang='lat' dir='ltr'><strong>initium</strong></span> <span class='ocrx_word' id='word_1_974' title='bbox 3013 5399 3297 5459; x_wconf 85' lang='lat' dir='ltr'><strong>sermonis,</strong></span> <span class='ocrx_word' id='word_1_975' title='bbox 3334 5407 3391 5452; x_wconf 90' lang='lat' dir='ltr'><strong>ut</strong></span> <span class='ocrx_word' id='word_1_976' title='bbox 3418 5412 3515 5467; x_wconf 87' lang='lat' dir='ltr'><strong>ego</strong></span> <span class='ocrx_word' id='word_1_977' title='bbox 3533 5396 3681 5467; x_wconf 62' lang='lat' dir='ltr'><strong>wqui--</strong></span> 
     </span>
    </p>
   </div>
   <div class='ocr_carea' id='block_1_126' title="bbox 2081 5466 3683 5539">
    <p class='ocr_par' dir='ltr' id='par_1_126' title="bbox 2081 5466 3683 5539">
     <span class='ocr_line' id='line_1_131' title="bbox 2081 5466 3683 5539; baseline 0.001 -19"><span class='ocrx_word' id='word_1_978' title='bbox 2081 5466 2205 5522; x_wconf 91' lang='lat' dir='ltr'><strong>dem</strong></span> <span class='ocrx_word' id='word_1_979' title='bbox 2236 5466 2446 5536; x_wconf 91' lang='lat' dir='ltr'><strong>opinor,</strong></span> <span class='ocrx_word' id='word_1_980' title='bbox 2472 5467 2709 5522; x_wconf 87' lang='lat' dir='ltr'><strong>secundi.</strong></span> <span class='ocrx_word' id='word_1_981' title='bbox 2743 5467 2876 5522; x_wconf 89' lang='lat' dir='ltr'><strong>Vide</strong></span> <span class='ocrx_word' id='word_1_982' title='bbox 2901 5468 3304 5525; x_wconf 88' lang='lat' dir='ltr'><strong>observationes</strong></span> <span class='ocrx_word' id='word_1_983' title='bbox 3335 5469 3403 5523; x_wconf 87' lang='lat' dir='ltr'><strong>ad</strong></span> <span class='ocrx_word' id='word_1_984' title='bbox 3430 5466 3683 5539; x_wconf 77' lang='lat' dir='ltr'><strong>eumip-</strong></span> 
     </span>
    </p>
   </div>
   <div class='ocr_carea' id='block_1_127' title="bbox 2082 5552 2553 5593">
    <p class='ocr_par' dir='ltr' id='par_1_127' title="bbox 2082 5552 2553 5593">
     <span class='ocr_line' id='line_1_132' title="bbox 2082 5552 2553 5593; baseline -0.002 -2"><span class='ocrx_word' id='word_1_985' title='bbox 2082 5552 2201 5591; x_wconf 79' lang='lat' dir='ltr'><strong>SUlll</strong></span> <span class='ocrx_word' id='word_1_986' title='bbox 2230 5553 2553 5593; x_wconf 89' lang='lat' dir='ltr'><strong>sermonem.</strong></span> 
     </span>
    </p>
   </div>
   <div class='ocr_carea' id='block_1_128' title="bbox 2155 5604 3681 5679">
    <p class='ocr_par' dir='ltr' id='par_1_128' title="bbox 2155 5604 3681 5679">
     <span class='ocr_line' id='line_1_133' title="bbox 2155 5604 3681 5679; baseline 0.003 -19"><span class='ocrx_word' id='word_1_987' title='bbox 2155 5604 2183 5644; x_wconf 70' lang='grc' dir='ltr'><strong>ιι</strong></span> <span class='ocrx_word' id='word_1_988' title='bbox 2215 5607 2369 5663; x_wconf 85' lang='lat' dir='ltr'><strong>Hunc</strong></span> <span class='ocrx_word' id='word_1_989' title='bbox 2398 5609 2574 5663; x_wconf 90' lang='lat' dir='ltr'><strong>locum</strong></span> <span class='ocrx_word' id='word_1_990' title='bbox 2596 5616 2751 5676; x_wconf 85' lang='lat' dir='ltr'><strong>urget</strong></span> <span class='ocrx_word' id='word_1_991' title='bbox 2769 5606 3056 5664; x_wconf 87' lang='lat' dir='ltr'><strong>Cassianus</strong></span> <span class='ocrx_word' id='word_1_992' title='bbox 3079 5607 3216 5676; x_wconf 89' lang='lat' dir='ltr'><strong>(Lib.</strong></span> <span class='ocrx_word' id='word_1_993' title='bbox 3249 5625 3340 5673; x_wconf 85' lang='lat' dir='ltr'><strong>vn,</strong></span> <span class='ocrx_word' id='word_1_994' title='bbox 3373 5627 3417 5662; x_wconf 90' lang='lat' dir='ltr'><strong>c.</strong></span> <span class='ocrx_word' id='word_1_995' title='bbox 3451 5608 3559 5679; x_wconf 81' lang='grc'><strong>50).</strong></span> <span class='ocrx_word' id='word_1_996' title='bbox 3592 5607 3681 5679; x_wconf 72' lang='lat' dir='ltr'><strong>Et</strong></span> 
     </span>
    </p>
   </div>
   <div class='ocr_carea' id='block_1_129' title="bbox 2083 5677 3684 5750">
    <p class='ocr_par' dir='ltr' id='par_1_129' title="bbox 2083 5677 3684 5750">
     <span class='ocr_line' id='line_1_134' title="bbox 2083 5677 3684 5750; baseline 0.004 -21"><span class='ocrx_word' id='word_1_997' title='bbox 2083 5685 2156 5741; x_wconf 89' lang='lat' dir='ltr'><strong>tu,</strong></span> <span class='ocrx_word' id='word_1_998' title='bbox 2189 5694 2219 5730; x_wconf 93' lang='lat' dir='ltr'><strong>o</strong></span> <span class='ocrx_word' id='word_1_999' title='bbox 2248 5679 2547 5748; x_wconf 87' lang='lat' dir='ltr'><strong>impiissime</strong></span> <span class='ocrx_word' id='word_1_1000' title='bbox 2573 5689 2725 5750; x_wconf 86' lang='lat' dir='ltr'><strong>atque</strong></span> <span class='ocrx_word' id='word_1_1001' title='bbox 2751 5679 3208 5750; x_wconf 80' lang='lat' dir='ltr'><strong>impudentissime.</strong></span> <span class='ocrx_word' id='word_1_1002' title='bbox 3239 5681 3503 5749; x_wconf 69' lang='lat' dir='ltr'><strong>prceclaraa</strong></span> <span class='ocrx_word' id='word_1_1003' title='bbox 3521 5677 3684 5735; x_wconf 84' lang='lat' dir='ltr'><strong>urbis</strong></span> 
     </span>
    </p>
   </div>
   <div class='ocr_carea' id='block_1_130' title="bbox 2083 5749 3685 5822">
    <p class='ocr_par' dir='ltr' id='par_1_130' title="bbox 2083 5749 3685 5822">
     <span class='ocr_line' id='line_1_135' title="bbox 2083 5749 3685 5822; baseline 0.002 -22"><span class='ocrx_word' id='word_1_1004' title='bbox 2083 5749 2484 5822; x_wconf 85' lang='lat' dir='ltr'><strong>contaminator,</strong></span> <span class='ocrx_word' id='word_1_1005' title='bbox 2517 5749 2866 5822; x_wconf 56' lang='lat' dir='ltr'><strong>catholicwgc</strong></span> <span class='ocrx_word' id='word_1_1006' title='bbox 2887 5759 3085 5822; x_wconf 76' lang='lat' dir='ltr'><strong>sancth</strong></span> <span class='ocrx_word' id='word_1_1007' title='bbox 3108 5749 3267 5820; x_wconf 87' lang='lat' dir='ltr'><strong>plebis</strong></span> <span class='ocrx_word' id='word_1_1008' title='bbox 3288 5751 3457 5822; x_wconf 85' lang='lat' dir='ltr'><strong>gravis</strong></span> <span class='ocrx_word' id='word_1_1009' title='bbox 3483 5759 3533 5822; x_wconf 73' lang='lat' dir='ltr'><strong>et</strong></span> <span class='ocrx_word' id='word_1_1010' title='bbox 3559 5752 3685 5804; x_wconf 65' lang='lat' dir='ltr'><strong>esi-</strong></span> 
     </span>
    </p>
   </div>
   <div class='ocr_carea' id='block_1_131' title="bbox 2086 5818 3685 5894">
    <p class='ocr_par' dir='ltr' id='par_1_131' title="bbox 2086 5818 3685 5894">
     <span class='ocr_line' id='line_1_136' title="bbox 2086 5818 3685 5894; baseline 0.003 -23"><span class='ocrx_word' id='word_1_1011' title='bbox 2086 5820 2217 5873; x_wconf 82' lang='lat' dir='ltr'><strong>tiosa</strong></span> <span class='ocrx_word' id='word_1_1012' title='bbox 2251 5822 2508 5891; x_wconf 80' lang='lat' dir='ltr'><strong>contagio,</strong></span> <span class='ocrx_word' id='word_1_1013' title='bbox 2537 5831 2674 5874; x_wconf 85' lang='lat' dir='ltr'><strong>stare</strong></span> <span class='ocrx_word' id='word_1_1014' title='bbox 2701 5821 2753 5873; x_wconf 90' lang='lat' dir='ltr'><strong>in</strong></span> <span class='ocrx_word' id='word_1_1015' title='bbox 2780 5818 3014 5875; x_wconf 82' lang='lat' dir='ltr'><strong>Ecclesia</strong></span> <span class='ocrx_word' id='word_1_1016' title='bbox 3049 5818 3146 5874; x_wconf 83' lang='lat' dir='ltr'><strong>Dei</strong></span> <span class='ocrx_word' id='word_1_1017' title='bbox 3169 5837 3229 5875; x_wconf 87' lang='lat' dir='ltr'><strong>ac</strong></span> <span class='ocrx_word' id='word_1_1018' title='bbox 3251 5818 3388 5894; x_wconf 82' lang='lat' dir='ltr'><strong>loqui</strong></span> <span class='ocrx_word' id='word_1_1019' title='bbox 3413 5819 3594 5887; x_wconf 86' lang='lat' dir='ltr'><strong>audes,</strong></span> <span class='ocrx_word' id='word_1_1020' title='bbox 3619 5830 3685 5875; x_wconf 77' lang='lat' dir='ltr'><strong>et</strong></span> 
     </span>
    </p>
   </div>
  </div>
