3904 6272
424 253 530 312 815

936 251 1129 311 MAR"
1165 248 1597 308 MERCATORIS
1633 224 2192 304 TRANSLATIONES
2231 241 2586 300 VAlllORUM
2623 241 3152 300 OPUSCULORUM.

3595 240 3715 299 816

423 367 702 439 Scriptura
739 365 1026 434 loquatur?
1064 363 1143 418 An
1180 363 1346 418 ullum
1386 359 1688 431 episcopale
1715 357 1999 413 concilium
2025 363 2079 421 Α
2104 354 2374 426 quomodo
2409 353 2598 408 saltem
2637 352 2886 426 θεοδόχος
2921 361 3021 418 est,
3066 351 3092 390 δ
3122 360 3180 406 ιιι
3209 352 3307 423 ipsi
3335 352 3542 420 iterum
3578 350 3717 424 pla-

425 467 527 522 est,
553 455 698 528 quod
725 455 988 528 θιοδόχον,
1018 454 1071 509 id
1099 461 1200 519 est,
1224 451 1604 522 susceptricem
1631 451 1716 506 vel
1742 463 1999 520 capacem

423 549 638 606 deitatis
665 547 911 614 formam,
951 546 1308 602 nominaverit
1333 543 1643 599 Christum?

498 639 584 695 16.
618 649 646 678 ι
671 639 731 695 In
770 639 862 695 illo
889 638 1031 694 enim
1067 636 1437 707 quaternione,
1483 649 1643 706 quem
1688 635 1795 690 huc
1833 634 1996 699 misit,

424 745 633 801 nosque
662 731 1008 786 vehementer
1035 727 1273 791 offendit,
1315 727 1389 781 ita
1417 734 1519 790 est,
1541 732 1633 787 τὴν
1657 725 1902 797 θιοδὸχον
1926 733 2001 799 τῷ

425 829 536 896 Θεῷ
561 821 708 895 Λόγῳ
734 820 1126 892 συνθεολογῶμιν
1161 819 1370 894 μόρφνον,
1398 818 1461 874 id'
1485 825 1590 882 est,
1620 818 2000 888 susceptricem

423 913 524 968 Dei
547 912 776 968 formam
804 926 909 965 una
931 925 994 965 ac
1014 909 1147 979 pari,
1177 925 1280 978 qua
1309 909 1476 964 Deum
1497 909 1750 976 Verbum,
1776 909 2000 965 Deitatis

423 1003 635 1058 ratione
657 1016 992 1056 veneremur.
1023 999 1297 1063 Similiter,
1333 999 1401 1055 de
1426 999 1515 1054 illa
1543 1015 1758 1069 quoque
1775 1014 2000 1055 venera-

424 1093 520 1148 bili
547 1106 760 1162 semper
791 1089 1004 1158 Virgine
1042 1091 1115 1144 ita
1137 1091 1334 1160 posuit,
1367 1097 1459 1152 τὴν
1483 1090 1725 1163 θεοδόχον
1753 1093 1999 1170 παρθένον

423 1190 499 1253 τῷ
527 1188 636 1256 Θεῷ
664 1186 734 1253 μή
761 1181 1184 1254 συνθσολοοιῶμεν,
1218 1181 1270 1235 id
1292 1189 1394 1245 est,
1423 1183 1801 1252 suseeptricem
1827 1182 2002 1238 deita-

425 1272 494 1327 tis
518 1271 791 1340 Virginem
817 1287 942 1327 cum
972 1272 1084 1327 Deo
1111 1271 1178 1326 ad
1201 1271 1379 1327 divina
1401 1287 1508 1327 non
1537 1273 1862 1328 attollamus.

494 1361 583 1416 17.
615 1361 793 1417 Nescit
823 1377 954 1418 vero
991 1362 1118 1433 quid
1157 1363 1422 1432 loquatur.
1454 1361 1512 1418 Si
1552 1364 1697 1418 enim
1725 1363 1907 1434 Virgo,
1944 1372 2005 1420 ut

423 1454 558 1519 vult,
609 1471 719 1510 non
748 1456 959 1526 peperit
997 1455 1197 1522 Deum,
1248 1471 1349 1511 nec
1394 1463 1478 1511 est
1517 1457 1781 1519 Θεοτόκος,
1826 1471 2001 1526 neque

425 1545 697 1617 suscipere
735 1546 910 1617 potuit
948 1545 1118 1600 Deum
1155 1546 1211 1601 in
1250 1554 1424 1613 utero,
1464 1547 1556 1616 qui
1605 1555 1688 1602 est
1733 1545 1997 1614 Christus,

2107 450 2230 506 cet?

2177 538 2264 594 18.
2301 549 2323 580 ε
2353 537 2492 606 Quid
2521 538 2574 594 in
2605 537 2762 594 dictis
2799 537 2910 592 suis
2937 535 3151 594 Patrem
3170 535 3412 594 Θιοτὸκον
3435 535 3555 592 dici
3587 550 3713 592 ma-

2106 632 2240 698 vult,
2263 647 2420 703 quam
2451 631 2595 686 illam
2622 630 2899 698 Virginem
2921 641 3180 693 sanctam,
3203 644 3362 699 quem
3391 629 3620 685 rectius
3654 636 3713 685 et

2107 723 2498 796 competentius
2523 724 2884 798 θιογιννήτορα
2908 719 3115 790 (Latini
3143 719 3240 775 Dei
3271 721 3592 789 genitorem
3626 717 3711 774 di-

2107 818 2313 887 cerent)
2336 815 2619 872 enuntiare
2645 814 2929 870 debuerit?
2957 813 3110 868 Dicat
3132 826 3262 882 ergo
3289 813 3460 876 nobis,
3482 810 3602 867 ubi
3627 809 3710 866 le-

2099 909 2239 978 gerit
2276 908 2393 964 haac
2428 907 2612 971 verba,
2644 905 2732 961 vel
2768 919 2800 960 a
2841 905 3038 974 quibus
3077 903 3324 958 audierit.
3353 901 3528 958 Multa
3579 907 3711 956 sunt

2101 1003 2326 1060 crimina
2353 1001 2748 1072 expositionum
2781 999 2917 1070 ejus,
2947 998 3044 1054 sed
3069 997 3442 1062 servabuntur,
3472 1003 3539 1052 et
3571 1010 3706 1065 pro-

2101 1095 2342 1152 ferentur
2368 1095 2423 1150 in
2461 1102 2708 1164 tempore
2734 1099 3062 1165 opportuno,
3093 1091 3198 1147 nisi
3230 1089 3368 1146 forte
3404 1088 3708 1162 pmnitndo

2107 1186 2287 1256 aliqua
2318 1185 2692 1255 subsequatur.
3153 1197 3160 1203 ‘

2177 1274 2264 1331 19.
2297 1273 2323 1314 δ
2353 1273 2580 1346 Oportet
2607 1281 2788 1329 autem
2813 1288 2903 1330 me
2938 1287 3121 1328 meum
3159 1270 3314 1327 vobis
3350 1269 3707 1342 propositum

2104 1367 2281 1424 facere
2320 1366 2681 1433 manifestum,
2717 1373 2774 1421 et
2809 1364 2932 1420 ideo
2966 1365 3162 1419 iterum
3189 1362 3382 1429 scribo,
3410 1360 3570 1432 quod
3603 1360 3706 1416 etsi

2105 1474 2205 1530 ego
2233 1459 2335 1514 sim
2363 1467 2552 1514 natura
2575 1455 2850 1528 paciﬁcus,
2867 1464 2924 1512 et
2942 1455 3115 1511 litium
3143 1455 3275 1510 satis
3301 1454 3538 1524 ignarus,
3568 1460 3707 1522 opto

2105 1559 2284 1608 tamen
2304 1551 2573 1608 Ecclesias
2591 1550 2830 1620 quietem
2849 1549 3072 1616 habere,
3095 1555 3152 1603 et
3178 1545 3487 1602 sacerdotes
3506 1544 3624 1599 Dei
3653 1543 3706 1598 in

1578 1677 2123 1740 CASTIGATIONES
2163 1681 2253 1738 ET
2291 1680 2520 1739 NOTAE.

427 1773 619 1828 saltem
647 1769 832 1850 iuitio,
866 1769 1064 1850 faciunt
1091 1767 1423 1850 probabilem
1459 1781 1694 1850 sensum.
1733 1767 1893 1824 Certe
1912 1770 2004 1850 in:
2033 1780 2082 1840 Β
2108 1788 2292 1850 assero
2332 1772 2563 1842 primum
2600 1769 2712 1850 falli
2750 1769 3004 1841 opinione
3042 1784 3172 1850 sua,
3203 1769 3318 1850 sive
3343 1769 3435 1838 qui
3456 1767 3615 1823 hunc

428 1852 637 1924 terpres
664 1840 969 1924 Romanus,
1010 1839 1112 1924 etsi
1149 1839 1317 1924 v'alde
1345 1848 1650 1924 conaretur,
1695 1855 1800 1924 non
1831 1841 2006 1924 potuit

427 1907 561 1968 satis
589 1911 713 1966 huic
749 1909 879 1964 vitio
908 1908 1130 1963 mederi.
1170 1907 1352 1976 Longe
1389 1909 1613 1964 clariora
1641 1918 1765 1963 sunt
1793 1907 1849 1964 et
1875 1910 2004 1965 reli-

428 1983 549 2053 quis
567 1979 984 2053 consonantiora
1010 1993 1130 2047 quae
1157 1977 1420 2053 Mercator
1441 1980 1620 2053 habet.

501 2065 528 2091 α
566 2049 814 2116 lntelligit
867 2063 1169 2104 sermonem
1217 2049 1448 2118 primum
1504 2049 1570 2104 de
1616 2049 2002 2113 incarnatione,

426 2138 524 2180 seu
562 2122 630 2177 de
660 2119 898 2187 virgineo
935 2131 1122 2188 partu,
1173 2119 1226 2188 in
1253 2133 1361 2186 quo
1382 2119 1725 2173 continentur
1751 2119 1862 2174 inec
1890 2120 2004 2188 ipsa

427 2194 592 2248 verba
623 2188 804 2262 (Nunt.
841 2187 1086 2262 12)“;-τὴν
1111 2187 1351 2260 θεοδὸχον
1382 2196 1600 2262 τῷμθιῷ
1626 2187 2004 2262 λδόγῳ-συνθιο-

426 2258 650 2336 λογῶμιὺ
687 2258 918 2340 papyri»,
961 2259 1022 2340 id
1067 2267 1199 2340 est;
1225 2258 1622 2340 suscept'uicoetu.
1645 2258 2005 2340 Dei'Jformam

427 2328 535 2389 una
561 2328 626 2387 ac
662 2328 808 2401 pari,
830 2343 933 2398 qua
961 2328 1131 2384 Deum
1158 2328 1410 2395 Verbum,
1434 2329 1655 2384 Deitatis
1681 2329 1888 2384 ratione
1917 2345 2008 2386 ve-

433 2418 702 2458 ueremur.

499 2473 618 2528 Non
639 2469 978 2526 mediocriter
1007 2469 1105 2523 ista
1123 2467 1312 2536 juvant
1337 2468 1686 2534 sententiam,
1711 2468 1837 2524 licet
1862 2468 2007 2524 inso-

428 2544 661 2608 lentem,
694 2541 931 2595 auctoris
971 2538 1338 2608 Praedestinati
1377 2539 1518 2594 hunc
1553 2539 1606 2593 in
1635 2539 1851 2593 modum
1882 2556 2006 2594 nar-

427 2614 597 2669 rantis
640 2607 918 2666 exordium
952 2610 1099 2680 inati
1125 2607 1380 2680 Cyrillum
1427 2609 1567 2664 inter
1610 2617 1666 2664 et
1703 2609 2006 2665 Nestorium

428 2682 635 2740 dissidii
660 2680 884 2751 (eresi
906 2679 1030 2749 89):
1075 2679 1453 2751 Octogesimom
1481 2688 1530 2733 et
1559 2695 1748 2751 nonam
1774 2679 2007 2734 heresim

431 2750 706 2808 Nestorius
743 2751 1262 2820 Constantinopotiles
1295 2750 1558 2819 episcopus
1607 2750 1793 2804 dicitur
1831 2751 2008 2804 incur-

428 2826 577 2879 risse.
620 2821 941 2876 Consuetudo
967 2828 1043 2874 est
1063 2835 1281 2889 namque
1301 2827 1356 2871 ut
1382 2835 1539 2889 unum
1564 2828 1836 2873 tractatum
1859 2836 2008 2876 suum

429 2897 694 2964 episcopus
742 2890 1126 2964 Alexandrinus
1164 2887 1332 2942 mittat
1371 2889 1441 2941 ad
1485 2887 2002 2964 Constanginopolini,

429 2957 516 3034 qui
547 2957 782 3034 recitetur
808 2962 864 3034 in
894 2959 1121 3034 Pascha,
1155 2968 1203 3034 et
1225 2967 1496 3034 tractatum
1526 2975 1673 3034 suum
1707 2957 2006 3014 Constanti-

430 3027 718 3102 impolita,
759 3027 1217 3102 qui__Ale;§9ndrit_e
1252 3029 1504 3102 recitetur.
1529 3027 1616 3102 _in
1649 3037 1873 3102 tractatu
1912 3046 2006 3086 suo
2053 3075 2056 3078 .

2032 3151 2079 3215 C

432 3095 951 3168 Constantinopolim
981 3095 1250 3168 Nestorius
1271 3098 1495 3168 scripsit,
1520 3096 1576 3168 Μ
1581 3099 1746 3152 ariam
1767 3115 1871 3153 non
1897 3116 2008 3156 esse

431 3173 687 3245 statim,
710 3166 798 3222 sed
831 3168 1128 3245 Χρεᾳτόκρν,
1258 3176 1334 3245 est
1355 3166 1383 3231 ,⁷
1402 3184 1506 3221 non
1534 3167 1701 3245 _Deunt
1732 3170 2002 3245 peperisse,

427 3243 521 3297 sed
553 3242 823 3296 hominem.
874 3236 945 3311 'Si
981 3240 1119 3292 enim
1158 3236 1584 3311 dixerimusiquia
1614 3236 2004 3311 Deunrgenuit,

431 3314 646 3386 facimus
669 3321 884 3386 mairem
911 3308 1138 3374 deorum,
1163 3309 1300 3386 sicut
1319 3308 1549 3386 gentiles.

499 3380 737 3437 Observa
757 3381 895 3434 hanc
914 3394 1101 3433 vocem
1118 3419 1133 3442 ,
1157 3379 1211 3432 in
1233 3378 1438 3432 Pascha
1456 3419 1470 3443 ,
1497 3395 1604 3434 non
1634 3379 1704 3434 ita
1735 3379 2009 3448 accipiens

429 3451 552 3507 dam
575 3490 590 3514 ,
638 3459 696 3504 ut
722 3457 982 3504 tractatus
1018 3447 1342 3514 intelligatur
1375 3448 1544 3503 lectus
1581 3448 1667 3503 die
1706 3447 2000 3516 Paschatis,

428 3521 525 3576 sed
549 3521 602 3575 in
631 3519 854 3585 Pascha,
888 3519 941 3572 id
968 3525 1069 3584 est,
1101 3518 1170 3571 ad
1197 3517 1402 3573 Pascha
1432 3519 1770 3574 indicendum
1791 3519 1879 3574 die
1905 3535 2007 3574 na-

428 3591 524 3644 tali
549 3590 764 3644 Christi.

428 3591 524 3646 tali
549 3590 764 3644 Christi.

501 3659 529 3698 ιι
560 3659 618 3714 In
648 3659 752 3714 alio
783 3657 1032 3712 nimirum
1071 3671 1319 3712 sermone
1344 3671 1503 3725 quam
1531 3657 1682 3726 cujus
1719 3657 1880 3712 modo
1909 3659 2008 3714 lie-

427 3729 522 3785 bat
549 3729 770 3784 mentio.
812 3727 861 3782 Is
889 3735 1066 3780 autem
1093 3735 1176 3781 est
1195 3733 1416 3794 quartus
1449 3727 1705 3782 adversus
1737 3727 2003 3794 Proclum,

430 3816 485 3856 an
505 3815 612 3869 quo
633 3805 765 3869 sunt
783 3798 897 3852 haec
923 3797 1084 3869 verba
1110 3813 1122 3848 :
1149 3795 1294 3869 illius
1314 3804 1390 3848 est
1408 3798 1544 3869 enim
1563 3835 1577 3860 ,
1609 3805 1665 3869 ut
1695 3813 1788 3866 ego
1826 3814 2008 3851 secun-

433 3864 556 3940 dum
576 3871 712 3940 ipsos
734 3868 923 3932 dicam,
951 3865 1111 3940 Pater
1139 3864 1278 3940 Deus
1317 3866 1585 3940 etot-6mg,
1609 3866 1666 3919 id
1692 3864 2009 3940 est_,_genitor

427 3939 549 4006 Dei,
579 3934 666 4008 qui
690 3939 784 3993 hoc
805 3953 989 3991 nomen
1018 3936 1310 4008 impositum
1334 3934 1693 4008 habet_(_1_Vum.
1720 3934 1833 4008 47f.

503 4003 693 4064 ellaec
737 4009 928 4062 iterum
967 4020 998 4059 a
1025 4003 1224 4061 Grzecis
1270 4005 1426 4072 longe
1465 4003 1750 4071 differunt,
1792 4003 1895 4061 sed
1919 4006 2003 4073 iis,

429 4080 643 4149 opinor,
675 4085 826 4149 tanto
866 4076 1088 4131 meliora
1106 4082 1359 4149 ,“quanto
1392 4076 1599 4149 aptiora
1635 4075 1899 4149 orationis
1910 4093 2007 4149 _se-

427 4144 559 4214 riei,
590 4157 646 4218 et
676 4148 1070 4218 explicantiora
1098 4145 1380 4218 dictorum.
1421 4144 1532 4199 Cur
1561 4154 1738 4201 autem
1779 4144 2008 4218 Cyrillus

428 4219 598 4290 Deum
617 4215 831 4274 Patrem
854 4217 1004 4271 malit
1022 4215 1127 4271 dici
1151 4220 1513 4290 Θισγεννήτορα
1539 4231 1699 4290 quam
1740 4215 2004 4283 Θεότόκον,

427 4289 484 4343 in
507 4297 762 4359 promptu
783 4302 943 4341 causa
979 4294 1090 4359 est;
1119 4286 1303 4359 τέκῃ-ειν
1323 4286 1485 4350 enim,
1516 4286 1662 4359 quod
1690 4302 1881 4356 parere
1901 4296 2002 4359 est,

427 4355 712 4413 de—matre
749 4356 1074 4425 lrequentius
1120 4355 1314 4411 dicitur
1338 4371 1500 4425 quam
1516 4355 1606 4427 _de
1632 4355 1818 4427 patre,
1853 4357 2007 4427 cujus

425 4427 703 4498 proprium
730 4434 813 4498 est
849 4432 1048 4498 7mg»,
1079 4441 1174 4480 seu
1195 4439 1469 4498 generare.
1509 4425 1669 4481 Jubet
1699 4436 1878 4480 autem
1905 4425 2004 4482 ex-

426 4495 628 4552 bellens
648 4497 786 4550 ratio
805 4495 1078 4565 principii,
1109 4509 1228 4563 qua:
1249 4495 1432 4564 primm
1459 4511 1702 4565 persona:
1730 4498 2001 4564 convenit,

425 4565 486 4620 ut
532 4565 944 4636 appellationem
989 4580 1021 4617 a
1058 4573 1211 4636 patre
1247 4565 1424 4634 potius
1467 4579 1629 4633 quam
1665 4581 1695 4619 a
1736 4574 1908 4620 matre
1934 4567 2003 4622 ad

425 4633 660 4706 divin—ain
689 4649 972 4705 personam
993 4633 1400 4706 transferamus;
1423 4649 1746 4706 quamquam
1768 4651 1868 4706 nec
1888 4637 2001 4706 ipsa

424 4703 705 4776 §criptura
746 4717 958 4776 semper
999 4703 1072 4757 ita
1110 4703 1422 4776 scrupulose
1461 4704 1696 4776 loquitur
1717 4721 1784 4776 ea
1808 4703 1996 4776 ide're,

426 4771 643 4832 Patrem
681 4775 824 4830 enim
862 4771 1121 4828 internum
1154 4771 1292 4828 Filio
1336 4771 1604 4828 dicentem
1643 4774 1882 4835 inducit:
1930 4771 1998 4830 In

421 4845 1092 4970 glfgdoribusgpnctomm
1116 4859 1182 4897 ea;
1217 4851 1361 4898 utero
1389 4853 1508 4898 ante
1539 4843 1808 4917 luciferum
1845 4848 2000 4918 genui

573 4933 619 4970 ε.
651 4932 756 4970 etx.
846 4954 860 4967 .

425 4925 472 4970 te
502 4925 619 4981 (ιιι.
651 4932 756 4981 CIX,
783 4925 860 4981 ὃ).

423 4925 472 4991 ‘w
494 4915 766 5042 ιςρῆᾦὲζῖ
782 4913 894 5038 alia
914 4983 982 5038 ad
1007 4997 1176 5052 usque
1203 4981 1362 5037 ﬁnem
1384 4981 1752 5038 desiderantur
1770 4984 1824 5039 in
1844 4982 1995 5040 Grat-

420 5071 508 5121 co.
538 5071 638 5127 pro
662 5057 854 5127 quibus
888 5053 1136 5127 leguniur
1165 5053 1420 5127 nonnulla
1448 5053 1516 5108 de
1543 5053 1723 5127 libello
1753 5070 1992 5127 precum,

462 5127 512 5180 ui
537 5122 842 5182 oll'erimdus
864 5131 1007 5179 esset
1035 5122 1337 5178 Theodosio
1368 5124 1708 5194 imperatori,
1738 5122 1937 5194 quique
1963 5141 1996 5181 a

417 5140 512 5249 aut
537 5140 842 5182 onerenuus
864 5140 1007 5179 esset
1044 5140 1337 5178 ineoaosw
1368 5140 1675 5194 imperatori
1693 5162 1708 5186 ,
1777 5140 1937 5193 utque
1963 5141 1996 5181 a

467 5196 621 5268 yrillo
657 5195 836 5268 _lectus
873 5194 1325 5268 emendatusque,
1373 5202 1428 5248 et
1461 5208 1581 5268 cum
1619 5140 1883 5250 manantis
1909 5209 1997 5250 re-

418 5263 615 5321 missus
641 5265 863 5334 dicitur,
884 5273 943 5318 ut
969 5263 1051 5318 sin
1079 5263 1254 5334 minus
1280 5263 1570 5318 necessitas
1597 5271 1842 5334 urgeret,
1871 5279 1995 5334 pre-

418 5343 685 5402 meretur;
729 5336 774 5390 si
821 5333 1096 5389 Nestorius
1118 5333 1351 5402 insanire
1381 5341 1656 5402 pergeret,
1689 5332 1990 5388 oﬂ‘erretur.

417 5401 590 5460 Porro
618 5413 797 5460 autem
817 5401 1000 5466 Cyrilli
1024 5403 1241 5459 nomine
1269 5401 1601 5458 offerendum
1625 5401 1803 5466 fuisse,
1831 5419 1898 5458 ex
1927 5417 1994 5458 eo

417 5421 590 5460 rorro
618 5421 797 5460 autem
817 5421 858 5458 ιλ
897 5421 1000 5460 run
1024 5421 1241 5459 nomine
1269 5421 1601 5458 onerenuum
1625 5421 1803 5466 ruisse,
1831 5421 1898 5458 ex
1927 5421 1994 5458 eo

417 5473 582 5529 credo
605 5475 812 5543 aliquos
837 5421 1062 5538 dyixisse,
1102 5473 1326 5544 quodin
1356 5472 1452 5544 illo
1473 5472 1740 5544 videretur
1765 5471 1995 5544 Cyrillus

455 5541 709 5614 etei-eah—
730 5546 1052 5614 imperatore
1080 5541 1148 5598 ne
1179 5543 1416 5614 judicem
1442 5542 1664 5598 haberet
1689 5541 1992 5598 Nestorium

455 5627 487 5668 e
509 5612 700 5682 libellis
719 5612 854 5682 quos
880 5622 1219 5672 accusatores
1245 5612 1534 5667 dedissent.

489 5681 690 5739 Verum
717 5681 905 5741 uthac
930 5684 997 5740 de
1044 5699 1102 5739 re
1130 5693 1244 5739 tota
1291 5683 1529 5754 aperiam
1575 5682 1705 5752 quid
1741 5684 1990 5750 sentiam,

2110 1844 2262 1914 brum
2284 1838 2476 1914 putant
2493 1841 2740 1914 eumdem
2761 1838 2880 1895 esse
2899 1855 3019 1914 cum
3041 1839 3398 1914 obtestatione
3415 1838 3701 1914 proposita

2107 1909 2597 1982 Constantinopoli,
2641 1911 2709 1982 de
2728 1909 3082 1982 consensione
3102 1909 3334 1965 Nestorii
3348 1924 3485 1982 cum
3505 1909 3704 1982 Samo-

2107 1993 2329 2049 sateno;
2372 1976 2486 2037 sive
2513 1976 2604 2051 qui
2631 1981 3009 2051 obtestationis
3036 1988 3312 2051 auctorem
3340 1978 3544 2034 faciunt
3585 1976 3697 2048 Cy-

2108 2054 2284 2108 rillum
2303 2048 2322 2118 ;⁷
2342 2067 2465 2107 nam
2485 2048 2757 2122 publicata
2787 2059 2870 2122 est
2890 2050 2998 2122 illa,
3021 2058 3076 2105 et
3098 2066 3206 2105 uno
3228 2048 3338 2122 fere
3365 2063 3510 2103 anno
3537 2054 3696 2122 ante:

2147 2139 2269 2177 nam
2306 2116 2630 2178 Scriberetur
2675 2121 2903 2190 epistola
2946 2119 3014 2174 de
3057 2134 3164 2188 qua
3211 2118 3416 2188 agimus
3437 2157 3469 2190 ,_
3506 2125 3572 2190 _e_t
3630 2116 3696 2172 ab

2155 2191 2598 2263 usebioiDorylaei
2625 2187 2967 2263 postmodum
2995 2187 3281 2263 episcopo,
3322 2196 3380 2244 et
3405 2187 3478 2242 ad
3506 2187 3697 2263 Nesto-

2106 2263 2246 2318 rium
2274 2254 2496 2332 puhljce'
2516 2254 2733 2316 haeresis
2763 2254 3197 2332 postulandum._'
3211 2256 3347 2312 Cum
3375 2254 3692 2332 tamen_Cy-

2107 2333 2259 2388 rillus
2275 2327 2341 2386 'in
2374 2330 2562 2388 Grzeco
2591 2339 2740 2386 textu
2766 2327 2921 2385 'dicat
2954 2329 3278 2398 selibellum
3304 2327 3691 2398 suppressisse.

2109 2403 2381 2472 quomodo
2411 2402 2479 2456 ab
2507 2402 2626 2472 aliis
2653 2400 2985 2470 compositus
3012 2397 3223 2462 fuerat,
3266 2396 3497 2472 aliisque
3513 2396 3695 2472 verbis

2108 2467 2450 2529 emendatum
2496 2471 2725 2527 dictasse
2747 2467 2795 2535 ,’
2824 2484 2893 2525 ne
2948 2477 3266 2538 quereretur
3311 2467 3596 2538 Nestor-ius
3635 2481 3694 2522 se

2107 2543 2248 2613 apud
2269 2543 2664 2613 imperatorem
2677 2539 2896 2613 haeresis
2918 2537 3180 2613 postulari
3186 2555 3208 2613 _;
3236 2537 3367 2613 quid
3386 2538 3533 2606 quod
3553 2538 3694 2613 obte:

2108 2606 2275 2686 statio
2309 2606 2410 2668 nec
2454 2612 2625 2686 ullam
2655 2611 2819 2666 habet
2864 2606 3100 2686 speciem
3145 2606 3314 2664 libelli
3365 2623 3588 2686 precum
3619 2606 3692 2686 _ad

2107 2683 2402 2754 principem
2422 2721 2468 2754 ,Α
2488 2697 2587 2754 nec
2614 2678 2929 2754 imperatori
2945 2678 3125 2734 oblata
3148 2687 3260 2754 est,
3295 2678 3393 2754 sed
3416 2678 3688 2749 proposita

2107 2749 2557 2825 palam—omnibus
2577 2753 2632 2806 in
2660 2749 2794 2806 urbe
2819 2750 2969 2825 regia
2995 2749 3368 2825 versantibus?

2181 2822 2378 2878 Assero
2399 2821 2622 2884 deinde,
2654 2828 2824 2876 totam
2852 2814 2992 2875 hanc
3019 2818 3186 2874 libelli
3215 2817 3494 2874 historiam
3523 2814 3688 2872 videri

2107 2909 2268 2964 posse
2306 2909 2431 2964 non?
2456 2893 3012 2964 nemini_susp_ectam,
3045 2904 3146 2964 nec
3164 2889 3282 2945 sine
3310 2888 3542 2964 ratione,

2111 2956 2259 3046 iiullo
2274 2963 2392 3046 .alio
2421 2963 2475 3017 in
2493 2962 2622 3046 loco
2649 2961 2742 3046 fiat
2896 2960 3108 3046 .meutio
3136 2976 3157 3041 ξ
3194 2974 3320 3046 naui
3345 2956 3690 3046 qupdvenijat

2107 3033 2248 3088 forte
2273 3034 2326 3087 in
2363 3041 2598 3087 mentem
2636 3026 2828 3093 alicui,
2860 3029 2913 3084 id
2941 3037 3113 3084 totum
3143 3026 3379 3097 intelligi
3408 3026 3689 3082 deberetis

2110 3103 2500 3182 supplicatione
2528 3099 3480 3182 Basiliialiorumquemonachorum

2110 3168 2264 3229 dosio
2289 3173 2444 3238 data,
2478 3171 2677 3226 nullam
2713 3171 2878 3226 habet
2913 3168 3316 3228 similitudinem
3355 3168 3505 3230 veri;
3528 3168 3691 3236 siqui-

2110 3243 2232 3318 dem
2256 3243 2309 3318 in
2334 3241 2516 3318 libello
2543 3249 2765 3318 cavetur
2786 3255 2854 3318 ne
2875 3239 3116 3294 accusari
3137 3239 3278 3318 apud
3308 3238 3690 3318 imperatorem

2109 3313 2328 3368 hzeresis
2365 3312 2640 3368 Nestorius
2667 3310 2930 3379 videatur,
2955 3317 3239 3379 accusatur
3266 3315 3455 3379 aperte
3482 3310 3546 3379 iui
3565 3321 3689 3379 sup-

2151 3383 2420 3465 licatione.
2498 3381 2556 3435 ln
2614 3380 2795 3462 libelio
2817 3378 3070 3465 .C‘yrillus
3127 3376 3691 3465 detrecth

2110 3447 2339 3508 Nestorii
2358 3491 2372 3514 ,
2396 3467 2651 3522 eXpresso
2685 3447 3082 3505 inimicitiarum
3110 3449 3304 3513 modo;
3342 3447 3478 3502 nihil
3500 3447 3692 3501 horum

2110 3521 2581 3601 insupplicatione
2625 3520 2838 3601 legitur.
2877 3518 2937 3574 In
2983 3518 3166 3601 libello
3192 3517 3425 3591 Cyrillus
3463 3531 3692 3601 suone:

2109 3589 2274 3648 mine"
2296 3589 2576 3649 locuturus
2614 3589 2760 3657 erat,
2793 3589 2847 3644 in
2883 3589 3274 3661 supplicatione
3298 3602 3401 3659 pro
3427 3602 3490 3643 se
3529 3591 3691 3656 agunt

2109 3665 2379 3803 mg'iatflll‘ils.
2397 3740 2576 3803 tamen
2601 3736 2755 3803 putet
2787 3736 2960 3784 totum
2989 3728 3041 3803 id
3077 3727 3224 3798 quod
3245 3726 3314 3782 de
3353 3725 3539 3803 libello

2109 3802 2254 3857 hitur
2275 3795 2342 3857 ad
2370 3795 2810 3872 suppiicationem
2830 3795 3529 3872 monachorumpertinere,
3554 3795 3698 3851 dicat

2109 3872 2278 3926 visam
2305 3866 3103 3938 fuisse'Constantinopolitanis
3121 3866 3478 3938 omittendam
3505 3880 3693 3938 emen-

2111 3941 2383 3998 dationem
2409 3941 2622 4013 Cyrilli,
2652 3934 2875 4013 propter
2912 3939 3154 4013 insanam
3194 3937 3468 4013 Nestorii,
3501 3945 3615 3991 tum

2110 4013 2411 4082 spargendo
2433 4005 2636 4076 errore,
2655 4005 2781 4064 tum
2810 4008 3146 4082 in‘vexandis
3173 4007 3502 4082 adversariis
3527 4005 3694 4082 perti-

2111 4075 2337 4149 naciam,
2370 4082 2439 4137 oh
2460 4075 2629 4151 quam
2649 4087 2834 4151 aperte
2865 4078 2919 4134 in
2941 4079 3144 4134 crimen
3173 4076 3395 4133 haeresis
3417 4075 3695 4132 vocandus

2111 4161 2272 4206 esset.
3029 4167 3035 4180 ’

2181 4222 2334 4276 Dicat
2353 4229 2408 4276 et
2428 4219 2844 4291 postulationem
2866 4216 3183 4291 meumeuici
3202 4216 3422 4291 concilii
3442 4215 3693 4291 idoneam

2109 4305 2228 4345 esse
2247 4285 2661 4346 declinationem
2699 4303 2876 4344 causa:
2904 4287 3044 4356 apud
3081 4286 3390 4342 Nestorium
3432 4285 3692 4349 dicende.

2107 4358 2376 4431 fuisseque
2403 4360 2699 4431 prudentia:
2721 4357 3022 4431 singularis,
3053 4371 3160 4411 non
3192 4365 3398 4431 tantum

2105 4423 2363 4497 judicium
2392 4423 2777 4485 monachorum
2800 4423 3176 4498 i10mine,_non
3198 4427 3326 4480 item
3352 4423 3575 4498 erilli;
3601 4423 3697 4480 sed

2111 4495 2299 4571 etiam_
2317 4498 2593 4571 Cyrillum
2617 4499 2758 4554 inter
2787 4496 2988 4571 Patres
3011 4495 3156 4571 _fidei
3181 4503 3348 4551 testes
3388 4495 3693 4571 numerare.

2107 4583 2217 4637 quo
2255 4565 2485 4624 Nestorii
2531 4568 2866 4623 adversarius
2909 4566 3296 4637 declararetur,
3334 4575 3516 4637 atque
3559 4565 3696 4637 adeo

2109 4633 2329 4693 alterius
2353 4638 2554 4707 judicio
2583 4637 2866 4694 obnoxius.
2915 4635 3069 4702 Quod
3096 4645 3274 4707 autem
3301 4633 3699 4707 sine—magniﬁ-

2107 4708 2203 4771 cis,
2235 4717 2296 4762 ut
2323 4705 2501 4762 tamen
2529 4723 2648 4762 mos
2688 4714 2840 4772 erat,
2881 4707 3053 4762 titulis
3085 4705 3408 4776 appelletur.
3439 4705 3694 4776 indicium

2106 4793 2214 4832 non
2235 4778 2452 4833 dubium
2471 4776 2611 4833 forte
2637 4777 2922 4843 videbitur,
2954 4773 3413 4846 visam—aCyrillo
3429 4775 3694 4846 supplicat

2104 4847 2307 4902 tionem
2335 4847 2497 4904 fuisse
2513 4887 2528 4914 ,
2559 4847 2656 4903 sed
2688 4861 2799 4919 pra:
2824 4846 3088 4904 modestia
3113 4845 3226 4902 suis
3241 4843 3512 4901 laudith
3533 4843 3696 4916 quasi

2103 4925 2466 4987 repurgatam.

2223 4983 2436 5042 xiZstimo
2481 4986 2714 5056 denique
2737 5025 2753 5050 ,
2795 5000 2897 5043 nec
2933 4986 3052 5042 sine
3085 4984 3319 5049 ratione,
3341 4983 3630 5056 epistolam
3657 4997 3692 5038 a

2101 5053 2552 5129 Cyrilloperinde
2580 5053 2837 5128 scriptam
2861 5056 3041 5127 reipsa
3063 5096 3079 5122 ,
3109 5063 3272 5125 atque
3318 5069 3352 5109 a
3380 5053 3695 5129 Mercatore

2101 5122 2163 5181 in'
2205 5122 2452 5182 Latinum
2495 5141 2651 5182 versa
2689 5122 2811 5193 est;
2853 5122 3221 5182 assumentum
3263 5139 3396 5180 vero
3444 5122 3695 5180 Graecum

2101 5197 2234 5252 nihil
2254 5197 2397 5252 aliud
2418 5211 2536 5252 esse
2557 5211 2718 5266 quam
2737 5197 3209 5266 commonitorium
3235 5209 3333 5250 seu
3352 5193 3692 5266 schedulam,

2101 5280 2262 5337 quam
2287 5267 2462 5322 eidem
2481 5264 2680 5332 libello,
2722 5274 2782 5322 ut
2801 5266 2880 5337 tit,
2920 5264 3184 5337 Cyrillus,
3211 5279 3338 5337 cum
3364 5264 3693 5337 remitteret,

2097 5333 2404 5405 adjunxerit
2425 5378 2441 5403 ,
2480 5351 2752 5406 quamque
2789 5333 2982 5406 aliquis
3020 5351 3145 5406 non
3171 5333 3696 5406 inteliigentissimus

2095 5403 2303 5476 partem
2325 5422 2442 5462 esse
2469 5403 2711 5476 epistolis
2736 5403 3041 5469 crediderit,
3064 5405 3172 5469 cui,
3195 5419 3264 5460 ne
3290 5403 3430 5459 duas
3466 5403 3696 5476 haberet

2095 5473 2379 5547 clausulas,
2411 5473 2684 5547 propriam
2711 5476 3006 5538 sustulerit,
3023 5483 3100 5547 _ut
3126 5477 3389 5547 insereret
3435 5473 3691 5547 alienam.

2169 5545 2365 5601 Verum
2403 5543 2625 5616 nequid
2661 5560 2849 5616 eorum
2872 5561 2992 5615 qua:
3022 5545 3126 5616 iegi
3145 5545 3325 5601 solent
3351 5543 3698 5616 desideretur

2096 5614 2201 5686 hoc
2230 5616 2284 5669 in
2309 5617 2447 5679 loco,
2477 5613 2786 5671 schedulam
2806 5613 2996 5672 Graece
3022 5613 3321 5686 Latineque
3344 5614 3691 5675 exhibemus,

2097 5685 2194 5740 sed
2223 5701 2322 5742 suo
2353 5687 2569 5742 nomine
2599 5686 2930 5756 inscriptam.
