3904 6272
223 362 323 428 817

1009 360 1322 422 SECUNDA
1359 359 1677 420 NESTORI!
1718 358 2054 417 EPISTOLA
2092 359 2184 416 AD
2212 356 2271 416 S.
2309 356 2685 417 CYRILLUM.

3363 362 3469 420 8i8

222 494 353 553 pace
371 477 624 547 degentes
652 476 821 533 nostri
848 490 1115 531 memores
1141 490 1278 542 esse,
1308 475 1520 531 dicente
1553 474 1792 530 omnium
1815 476 1871 538 Α
1894 473 2177 542 diligenter
2218 474 2552 545 perscribite.
2631 473 2837 543 Eligam
2885 472 3029 531 enim
3064 475 3210 532 viros
3252 476 3373 547 pios
3408 494 3474 535 ac

221 572 485 629 salvatore
511 570 737 626 Domino
772 567 900 625 Jesu
925 568 1139 625 Christo
1171 587 1184 622 :
1208 568 1398 624 Pacem
1417 585 1582 623 meam
1610 568 1675 623 do
1700 584 1788 623 ro-

220 664 314 727 bis,
338 678 515 734 pacem
535 678 701 717 meam
732 660 960 733 relinquo
987 658 1125 715 vobis
1149 659 1329 731 (Joan.
1360 675 1465 725 xw,
1495 658 1607 731 27).

285 751 376 807 20.
409 761 436 791 ι
458 751 516 806 ln
545 751 825 822 colloquiis
852 763 980 819 ergo
1006 750 1112 806 hoc
1130 750 1310 817 dicite,
1332 750 1457 819 quia
1484 749 1650 804 multa
1670 747 1790 818 qui-

219 842 337 898 dem
372 841 438 897 ah
465 841 545 897 eis
579 855 701 910 qua:
728 856 827 896 nos
853 840 1108 896 laederent
1134 848 1542 911 processerunt;
1570 854 1790 895 verum-

219 941 399 987 tamen
431 932 534 987 erit
565 947 688 1002 pax,
723 946 847 987 cum
873 931 962 986 ille
987 930 1183 987 docere
1221 930 1486 987 destiterit
1524 930 1672 994 talia,
1704 929 1791 985 vel

216 1024 415 1080 sentire
446 1041 459 1078 :
491 1021 621 1078 ﬁdes
649 1023 793 1079 enim
823 1036 944 1079 cum
976 1022 1204 1089 laeditur,
1236 1022 1541 1079 inimicitias
1567 1022 1788 1087 excitat,

218 1115 381 1171 immo
409 1122 465 1170 et
486 1121 794 1184 exaggerat.

283 1204 373 1259 2i.
405 1203 462 1261 Si
500 1213 702 1261 rectam
734 1203 1052 1275 proﬁteatur
1089 1203 1266 1270 fidem,
1297 1202 1390 1258 llet
1421 1203 1580 1273 plena
1611 1210 1668 1257 et
1701 1199 1793 1255 tir-

214 1294 451 1351 missima
477 1310 602 1366 pax,
643 1308 807 1365 quam
837 1294 884 1350 si
923 1295 979 1349 in
1005 1301 1133 1350 voto
1160 1293 1313 1363 gerit,
1337 1292 1537 1348 scribat
1562 1290 1795 1347 catholi-

213 1403 334 1444 cam
360 1385 537 1453 lidem,
561 1394 618 1443 et
643 1387 821 1442 mittat
848 1385 1225 1442 Alexandriam
1257 1402 1270 1438 :
1302 1384 1347 1439 si
1367 1384 1482 1438 hzec
1510 1398 1579 1439 ex
1598 1381 1794 1437 atl'ectu

211 1477 391 1533 cordis
418 1477 590 1532 intimi
623 1476 944 1543 scribantur,
972 1482 1192 1545 paratus
1221 1488 1339 1529 sum
1378 1480 1434 1529 et
1464 1485 1566 1540 ego
1586 1486 1686 1542 pro
1712 1470 1794 1525 vi-

210 1570 361 1629 ribus
391 1570 544 1635 meis,
579 1569 773 1625 similia
800 1569 1055 1632 scribere,
1093 1574 1149 1623 et
1176 1565 1335 1622 edere
1370 1565 1583 1630 librum,
1615 1578 1679 1619 ac
1711 1562 1794 1617 di-

210 1674 358 1725 cere,
400 1660 602 1716 nullum
630 1660 827 1716 debere
854 1657 1066 1730 gravari
1103 1656 1549 1713 consacerdotum
1576 1661 1793 1709 nostro-

208 1769 352 1817 rum,
390 1754 514 1823 quia
553 1752 669 1822 ejus
705 1767 869 1808 voces
904 1750 1159 1806 discimus
1196 1748 1396 1804 habere
1433 1746 1789 1802 intentionem
1848 1806 1849 1809 η

1890 565 2207 635 prudentes,
2257 581 2381 621 cum
2405 566 2721 638 episcopos,
2764 573 2879 620 tum
2917 567 3208 622 monachos
3233 582 3469 636 quoque,

1895 670 2033 726 quos
2060 656 2222 711 etiam
2260 657 2437 727 primo
2481 671 2696 727 quoque
2730 664 2971 728 tempore
3009 655 3077 712 ad
3104 672 3202 712 vos
3240 657 3470 711 mittam.

1892 745 2075 818 Neque
2111 750 2248 802 enim
2285 749 2447 804 oculis
2476 750 2621 815 meis,
2673 754 2733 802 ut
2769 749 3024 819 scriptum
3071 756 3190 814 est,
3237 762 3473 803 somnum

1893 839 2046 905 dabo,
2077 856 2238 912 neque
2273 839 2532 912 palpebris
2559 842 2683 896 meis
2728 841 3172 907 dormitationem,
3206 857 3364 912 neque
3394 857 3476 894 re-

1893 930 2059 1001 quiem
2098 930 2404 1001 temporibus
2442 932 2580 1006 meis_
2607 930 2722 1002 (Ps.
2747 947 2928 997 cxxxr,
2954 930 3041 1003 4),
3092 930 3265 986 donec
3292 938 3472 985 certa-

1893 1022 2038 1076 mine
2084 1035 2184 1091 pro
2223 1021 2463 1076 omnium
2502 1021 2676 1077 salute
2718 1022 3027 1093 perfunctus
3065 1021 3238 1077 fuero.
3297 1021 3476 1088 Quare

1894 1128 2018 1168 cum
2036 1128 2213 1168 meam
2239 1128 2380 1169 nunc
2401 1116 2725 1169 sententiam
2755 1114 3077 1182 didiceritis,
3110 1115 3335 1169 viriliter
3363 1114 3477 1183 agi-

1896 1209 1969 1256 te.
2000 1202 2171 1269 Quam
2198 1202 2427 1272 primum
2450 1203 2593 1258 enim
2622 1204 2952 1273 parabuntur
2977 1220 3009 1258 a
3051 1220 3137 1259 me
3177 1204 3385 1269 littene,
3420 1211 3477 1257 et

1894 1291 2082 1361 quales
2103 1300 2336 1362 oportet,
2363 1299 2419 1346 et
2438 1292 2507 1346 ad
2524 1308 2659 1362 quos
2686 1302 2918 1364 oportet.
2961 1294 3135 1350 Statui
3175 1295 3318 1350 enim
3347 1307 3474 1364 pro-

1894 1388 2018 1452 pter
2046 1380 2245 1437 Christi
2275 1381 2433 1437 tidem
2460 1384 2701 1451 quemvis
2739 1384 2977 1440 laborem
3016 1385 3197 1440 subire
3220 1426 3235 1450 ,
3271 1385 3474 1454 qumvis

1893 1486 2109 1541 quoque
2129 1470 2367 1541 perferre
2394 1479 2661 1528 tormenta
2682 1515 2697 1540 ,
2728 1474 2890 1529 etiam
2928 1491 2992 1531 ea
3030 1490 3148 1545 quae
3176 1476 3314 1531 inter
3340 1491 3470 1547 sup-

1891 1561 2051 1631 plicia
2089 1570 2381 1618 censentur
2406 1565 2714 1632 gravissima
2731 1606 2746 1631 ,
2782 1565 2955 1622 donec
2984 1568 3195 1623 tandem
3222 1578 3470 1638 mortem,

1891 1652 1993 1709 hac
2018 1652 2086 1710 de
2113 1669 2277 1711 causa
2304 1666 2628 1728 susceptam,
2652 1658 2781 1712 mihi
2802 1658 3094 1728 jucundam
3115 1662 3407 1731 pertulero.

208 1852 415 1900 rectam
452 1853 509 1899 et
540 1843 873 1915 propositum
900 1840 1261 1897 manifestum.
1283 1838 1341 1895 Si
1372 1853 1500 1894 vero
1529 1838 1583 1893 in
1609 1836 1789 1908 pravi-
1818 1841 1869 1904 Β
1895 1828 2236 1885 SECUNDA
2282 1830 2651 1888 NESTORII
2677 1833 2705 1874 δ
2736 1833 3101 1891 EPISTULA
3122 1836 3191 1891 ad
3218 1837 3278 1893 S.
3303 1837 3473 1910 Cyril-

208 1943 324 1991 tate
368 1934 541 1991 inanis
574 1935 757 2004 gloria?
794 1938 1092 2004 permanet,
1135 1931 1375 2002 petitque
1401 1944 1610 2000 pacem,
1654 1926 1787 1982 nihil

206 2034 398 2094 restat,
436 2028 539 2083 nisi
577 2036 637 2082 ut
664 2027 938 2083 obstemus
968 2024 1095 2081 totis
1120 2023 1341 2088 viribus,
1384 2037 1451 2077 ne
1483 2020 1790 2077 consentire

207 2117 284 2173 illi
340 2126 590 2188 putemur
636 2117 851 2190 [Baluz.
910 2116 1034 2171 add.
1094 2122 1150 2171 et
1202 2128 1322 2184 quae
1378 2120 1504 2169 sunt
1560 2109 1789 2167 nefanda

204 2207 452 2280 sentire].
503 2207 637 2263 Nam
683 2208 815 2263 mihi
858 2223 955 2278 pro
1004 2205 1106 2262 lide
1155 2220 1276 2275 quae
1323 2204 1376 2259 in
1421 2203 1635 2258 Christo
1682 2209 1786 2268 est,

205 2306 263 2355 et
299 2299 577 2366 laborare,
619 2306 674 2355 et
717 2299 927 2365 vivere,
972 2305 1028 2355 et
1064 2296 1230 2363 mori,
1273 2295 1563 2351 maximum
1605 2300 1789 2351 votum

206 2397 313 2445 est.

459 2520 1105 2580 COMMONITORIUM
1143 2517 1538 2575 EPISTOLAB

748 2610 1256 2669 SUBJUNCTUM.

176 2726 177 2729 “
280 2726 543 2782 Libellum
570 2725 864 2795 supplicem
892 2739 924 2778 a
946 2723 1095 2778 vobis
1116 2721 1183 2777 ad
1210 2736 1295 2776 me
1316 2721 1555 2785 missum,
1584 2718 1675 2788 qui
1691 2718 1791 2773 im-

201 2816 450 2888 peratori
489 2814 841 2885 porrigendus
887 2822 1007 2878 est,
1062 2829 1170 2868 non
1218 2821 1395 2866 tamen
1450 2811 1565 2866 sine
1606 2817 1790 2865 nostra

202 2906 499 2968 sententia,
532 2905 714 2974 accepi
742 2912 797 2959 et
816 2904 919 2973 legi
944 2921 957 2956 :
981 2918 1167 2958 verum
1187 2901 1332 2972 quod
1352 2901 1560 2971 prolixe
1593 2902 1645 2955 iu
1667 2916 1791 2955 eum

203 2997 515 3061 invehatur,
546 2997 638 3064 qui
660 2996 780 3050 istic
806 2996 934 3063 agit,
977 2994 1091 3048 sive
1130 2992 1341 3056 fratris,
1372 2992 1486 3046 sive
1522 2991 1629 3046 alio
1656 3005 1791 3059 quo-

205 3102 442 3157 cumque
487 3087 703 3142 nomine
747 3094 1049 3152 censeatur,
1079 3086 1337 3140 hactenus
1374 3085 1673 3154 suppressi,
1722 3099 1792 3138 ne

206 3178 495 3235 adversum
536 3194 636 3233 nos
673 3178 970 3246 insurgens,
1012 3191 1071 3232 se
1098 3191 1195 3246 per
1221 3184 1320 3231 nos
1357 3176 1622 3230 hmrcscos
1650 3175 1790 3245 apud
1816 3216 1861 3279 Β

206 3272 594 3341 imperatorem
638 3269 874 3325 delatum
911 3269 1207 3324 cavilletur.
1248 3268 1433 3337 Itaque
1461 3269 1577 3322 aliis
1613 3267 1792 3322 verbis

205 3361 363 3415 illum
384 3360 720 3423 dictavimus,
763 3376 886 3415 eum
923 3374 1138 3429 quoque
1179 3359 1333 3413 nobis
1355 3357 1588 3427 judicem
1616 3357 1793 3413 detre-

206 3459 441 3516 ctantes,
464 3466 718 3522 expresso
746 3450 1142 3506 inimicitiarum
1180 3449 1361 3513 modo,
1393 3456 1449 3504 et
1472 3456 1790 3519 praesentem

205 3543 654 3608 controversiam,
696 3542 742 3596 si
788 3541 1008 3595 omnino
1054 3540 1344 3610 importuni
1382 3555 1501 3595 esse
1537 3553 1792 3609 perrexe-

206 3634 337 3698 rint,
371 3634 437 3688 ad
459 3634 601 3701 aliud
621 3633 795 3688 forum
825 3631 1101 3687 transferri
1138 3640 1410 3700 rogantes.
1451 3628 1584 3684 Cum
1614 3630 1792 3698 itaque

207 3721 453 3779 libellum
496 3724 861 3795 perlegeritis,
892 3724 940 3778 si
978 3738 1083 3793 qua
1130 3722 1423 3779 necessitas
1461 3723 1789 3793 poposcerit,

207 3818 442 3884 tradite;
473 3826 527 3873 et
553 3818 599 3873 si
620 3832 742 3872 eum
763 3817 817 3872 in
845 3817 993 3872 hisce
1022 3815 1226 3872 insidiis
1251 3823 1705 3886 perseverantem,
1737 3822 1794 3869 et

209 3910 344 3965 nihil
368 3927 479 3966 non
508 3900 789 3967 adversum
816 3927 917 3968 nos
944 3911 1255 3967 molientem
1284 3908 1788 3973 animadverteritis,

1962 1922 2067 1977 lum
2104 1922 2515 1979 Alexandrinum
2539 1926 2894 1991 rescribentis;
2918 1927 3154 1983 similiter
3186 1945 3250 1983 ea:
3290 1927 3470 1986 Greece

1961 2032 2193 2072 sermone
2214 2018 2466 2073 translata
2490 2020 2547 2072 in
2568 2017 2812 2073 Latinum
2839 2036 2872 2073 a
2892 2017 3065 2074 Mario
3089 2018 3396 2077 Mercatore.

1961 2171 2013 2227 1.
2045 2172 2269 2244 lnjurias
2286 2173 2502 2244 quidem
2531 2184 2743 2231 tuarum
2763 2176 3045 2231 adversum
3068 2192 3168 2233 nos
3184 2177 3471 2245 admirabi-

1890 2263 2018 2319 lium
2044 2265 2362 2332 litterarum,
2391 2275 2668 2337 tamquam
2690 2268 2996 2323 medicinali
3035 2270 3225 2339 dignas
3261 2273 3472 2343 patien-

1889 2357 1986 2419 tia,
2026 2364 2082 2413 et
2112 2373 2211 2426 pro
2239 2373 2299 2412 re
2327 2373 2391 2412 ac
2418 2367 2663 2429 tempore
2690 2368 2990 2431 opportuna
3018 2361 3086 2417 ad
3111 2363 3209 2418 has
3247 2378 3472 2434 respon-

1889 2448 2045 2503 sione
2090 2450 2387 2519 relinquam
2418 2469 2430 2503 :
2462 2450 2605 2520 quod
2629 2467 2760 2507 vero
2785 2453 3055 2509 silentium
3085 2470 3193 2510 non
3236 2457 3467 2525 patitur,

1891 2541 2016 2606 quia
2045 2536 2201 2593 affert
2247 2539 2560 2608 periculum,
2592 2541 2639 2596 si
2682 2549 2943 2610 taceatur,
2989 2555 3011 2582 ε
3041 2552 3202 2613 prout
3247 2561 3383 2613 sum,
3414 2555 3472 2605 et

1891 2630 2021 2683 mihi
2050 2629 2275 2685 facultas
2296 2630 2465 2698 adest,
2490 2632 2558 2687 ad
2578 2633 2654 2689 tui
2681 2635 3044 2704 prolixitatem
3064 2640 3327 2696 sermonis
3352 2649 3470 2698 ten-

1892 2721 2019 2775 tabo
2045 2720 2282 2776 breviter
2322 2730 2377 2777 et
2400 2724 2718 2794 compendio
2742 2727 3086 2796 respondere,
3120 2729 3388 2802 refugiens
3414 2741 3470 2790 et

1892 2814 2163 2870 declinans
2187 2812 2213 2852 ἀ
2244 2817 2587 2873 tenebrosum
2601 2817 3026 2892 indigestumque
3039 2823 3182 2895 longi
3205 2840 3419 2885 sermon

1891 2906 2191 2961 horrorem.
3410 2934 3413 2935 ν

1960 3001 2014 3056 2.
2042 3002 2298 3073 Incipiam
2323 3018 2555 3074 namque
2578 3020 2608 3060 a
2628 3006 3036 3077 sapientissimis
3062 3010 3337 3068 charitatis
3364 3019 3469 3068 tua:

1891 3092 2133 3159 vocibus,
2163 3094 2305 3163 ipsas
2330 3093 2695 3166 interponens,
2727 3098 2813 3152 vel
2832 3099 3011 3169 potius
3043 3101 3110 3155 ad
3142 3101 3362 3157 verbum
3386 3102 3470 3157 iu-

1892 3190 2106 3238 struens
2133 3201 2145 3237 :
2180 3183 2433 3239 Sanctum
2453 3202 2691 3258 namque,
2713 3187 2813 3251 ais,
2844 3197 2894 3243 et
2910 3206 3153 3261 magnum
3175 3192 3464 3261 concilium,

1894 3275 2063 3345 ipsum
2082 3291 2148 3329 ea:
2172 3274 2283 3329 Deo
2321 3275 2485 3331 Patre
2511 3279 2735 3349 genitum
2758 3281 3035 3336 secundum
3069 3293 3325 3350 naturam,
3349 3286 3469 3341 uni—

1896 3381 2011 3418 cum
2025 3363 2241 3431 Filium,
2264 3366 2429 3422 Deum
2447 3385 2616 3422 verum
2632 3369 2696 3423 de
2713 3368 2825 3426 Deo
2846 3388 2979 3437 vero,
2998 3374 3167 3428 lumen
3183 3375 3245 3429 de
3257 3375 3465 3444 lumine,

1897 3473 1989 3529 per
2007 3474 2154 3529 quem
2174 3461 2347 3513 omnia
2369 3462 2557 3514 crearit
2584 3460 2763 3529 Pater,
2788 3462 3126 3531 descendisse,
3143 3469 3469 3525 incarnatum

1893 3565 2021 3613 esse,
2041 3558 2190 3622 atqiw
2209 3550 2462 3606 hominem
2492 3554 2703 3625 factum,
2735 3571 3037 3628 passamque
3064 3567 3114 3613 et
3134 3562 3471 3615 resurrexisss

1896 3640 2142 3710 deﬁnivit.

1966 3732 2017 3785 5.
2059 3730 2183 3787 Haec
2211 3740 2316 3786 tum
2362 3733 2637 3802 religionis
2657 3735 2819 3790 verba
2856 3744 3012 3802 sunt,
3046 3746 3101 3793 ct
3129 3741 3471 3808 recognoscis

1894 3820 2135 3891 proiecto
2161 3829 2436 3890 tamquam
2460 3831 2549 3877 tua
2583 3842 2595 3876 :
2628 3833 2652 3862 ο
2675 3824 2797 3879 audi
2818 3841 2959 3881 nunc
2977 3835 3031 3881 et
3056 3843 3155 3883 nos
3177 3827 3469 3885 fraternam

1894 3925 1994 3979 pro
2020 3910 2220 3979 pietate
2245 3910 2532 3967 oll'erentes
2554 3913 3011 3983 exhortationem,
3035 3916 3174 3975 hanc
3202 3919 3467 3987 videlicet,

1384 4019 1926 4077 CASTIGATIONES
1963 4022 2053 4078 ET
2091 4021 2315 4077 ΝΟΤᾹΞ.

282 4125 310 4154 ⁸
352 4116 542 4170 Baluz.
579 4134 605 4189 _:A
628 4116 689 4171 Si
724 4117 847 4189 quid
874 4134 993 4189 ergo
1021 4126 1099 4189 est
1124 4134 1222 4188 quo
1240 4116 1504 4189 stabilitas
1534 4115 1797 4171 roboretur

213 4187 352 4257 (vere
371 4189 512 4240 enim
553 4186 667 4240 dico
706 4186 829 4256 quia
863 4186 944 4257 sic
964 4186 1153 4257 adopto
1178 4187 1303 4240 mihi
1340 4187 1613 4241 sanitatem
1639 4196 1689 4240 et
1718 4204 1798 4240 me

211 4256 433 4328 probum
452 4258 669 4310 inveniri
689 4256 828 4327 apud
852 4256 1017 4311 Deum
1047 4256 1177 4311 sicut
1208 4259 1361 4311 etiam
1401 4271 1575 4311 omnes
1603 4258 1798 4327 episco-

212 4330 351 4381 pos).
376 4329 435 4379 in
456 4325 740 4381 colloauiis.
765 4334 867 4381 etc.

212 4330 351 4398 pos),
376 4330 435 4379 in
456 4330 740 4397 colloquiis,
765 4334 867 4381 etc.

215 4464 244 4467 _
285 4395 313 4434 δ
344 4395 476 4467 Haec
511 4396 737 4467 epistola
778 4397 1060 4467 missaest
1099 4412 1223 4451 ann.
1252 4396 1375 4463 4'50,
1404 4406 1527 4467 post
1570 4394 1791 4467 Pascha.

215 4464 558 4536 Bospondet’
584 4466 727 4520 enim
771 4466 1016 4522 secundis
1055 4468 1276 4533 litteris,
1307 4464 1441 4536 quas
1480 4465 1796 4521 Alexandria

1900 4118 2141 4189 dogmata
2181 4120 2711 4187 anathematizamus;
2733 4138 2907 4176 omnes
2937 4121 3237 4179 Nestorium
3264 4125 3471 4181 hereti-

1899 4204 2013 4266 cum
2042 4190 2549 4266 anathematizamus
2579 4191 2769 4262 (Part.
2802 4207 2866 4266 l‘l,
2899 4192 3224 4266 conc.__Eph_.i
3243 4206 3344 4251 act.
3376 4197 3465 4266 1).

1902 4257 2121 4340 Reiecta
2164 4274 2378 4328 quoque
2423 4269 2479 4314 et
2519 4257 2769 4315 damnata
2810 4263 2864 4315 in
2892 4257 3132 4317 concilio
3169 4257 3470 4322 Chalwdo-

1901 4343 2069 4382 nensn.

1970 4396 2049 4471 Ex
2071 4412 2134 4471 ea
2162 4412 2292 4452 vero
2320 4398 2599 4471 verbisque
2626 4407 2903 4471 auctorum
2945 4401 3107 4471 ipsius
3144 4405 3472 4461 mentionem

1901 4465 2225 4531 facientium,
2253 4468 2419 4521 multa
2458 4465 2753 4537 intelligere
2781 4470 2905 4525 licet
2942 4465 3007 4525 ad
3037 4472 3251 4528 haeresis
3278 4474 3471 4531 Nesto-

212 4530 254 4588 C
294 4526 450 4590 rillus
475 4532 825 4590 Constantino
865 4536 995 4590 olim
1017 4536 1163 4592 dedit
1182 4538 1248 4592 ad
1265 4526 1599 4603 Nestorium,
1616 4551 1800 4592 mense
1827 4526 1878 4588 D
1901 4538 2062 4591 riante
2087 4546 2141 4591 et
2160 4526 2394 4591 historia:
2410 4526 2722 4607 penitiorém
2744 4540 3145 4609 intelligentiam
3171 4526 3473 4601 conducen-

214 4552 443 4659 Myechir.
475 4604 764 4659 indictione
791 4552 877 4659 ig.
1904 4607 1996 4659 tia.
2027 4623 2145 4659 quae
2164 4607 2275 4659 suis
2294 4608 2497 4659 sinaula
2527 4609 2660 4659 locis
2687 4610 2999 4659 exnonenda
3026 4620 3169 4659 sunt.

268 4605 443 4671 echir,
475 4604 764 4660 indictione
791 4605 818 4658 1

285 4675 363 4730 De
384 4675 489 4729 hac
516 4675 628 4744 ipsa
671 4674 1001 4745 Nicephorus
1023 4676 1207 4731 scribit
1236 4678 1289 4731 in
1318 4677 1433 4732 haec
1453 4676 1636 4741 verba,
1668 4675 1798 4731 alias

215 4745 584 4816 scrupulosius
601 4745 955 4800 examinanda
980 4763 991 4798 :
1025 4746 1250 4816 Cyrillus
1272 4745 1503 4801 Nestorii
1524 4746 1704 4799 litteris
1714 4747 1797 4799 in-

216 4825 393 4887 gentes
432 4815 863 4887 Ahazresisﬂuctus
888 4815 1232 4887 eructantibus
1259 4818 1499 4887 acceptis,
1532 4832 1643 4868 cum
1668 4832 1796 4887 qua-

218 4882 539 4956 ternionibus
567 4882 868 4955 quibusdam
894 4885 1012 4939 aliis
1028 4925 1044 4949 ,
1072 4882 1433 4956 provincialem
1459 4882 1794 4956 Alexandria:

214 4955 474 5027 synodum
502 4954 839 5025 congregavit,
871 4964 1021 5027 atque
1046 4954 1249 5027 mutuas
1275 4958 1532 5027 utriusque
1550 4954 1791 5027 epistolas

215 5024 472 5096 exhibuit,
500 5024 715 5095 quarum
737 5024 985 5096 exempla
996 5025 1278 5096 synodique
1303 5024 1463 5095 ipsius
1489 5025 1699 5096 decreta
1729 5024 1798 5077 ad

215 5096 399 5165 gewris
430 5091 611 5165 Romae
629 5091 919 5165 episcopum
947 5091 1267 5149 Ctelestinum
1287 5091 1427 5149 misit
1455 5093 1591 5165 (Lib.
1620 5110 1724 5159 xxv,
1747 5109 1794 5148 c.

217 5161 326 5234 ’1)ζὸζ
337 5164 544 5234 dissert.
577 5162 639 5216 de
656 5161 885 5234 synod.).

286 5231 546 5315 Ejusdem
574 5231 877 5315 exemplu‘m
904 5248 935 5315 a
961 5231 1169 5315 Cyrillo.
1181 5235 1408 5315 primum
1432 5232 1798 5315 pchossli‘do—

217 5302 363 5356 nium
404 5301 688 5357 diaconum
708 5301 785 5368 ,‘a
814 5301 1059 5359 Nestorio
1085 5301 1277 5359 deinde
1304 5304 1369 5358 ad
1396 5301 1637 5359 sanctum
1669 5301 1794 5358 Ca:-

221 5369 472 5442 lestinum
494 5374 861 5442 transmissum
886 5382 1005 5428 est:
1047 5374 1175 5428 illud
1219 5374 1431 5442 quidem
1459 5390 1527 5428 ex
1571 5374 1795 5442 epistola

220 5440 500 5512 Cyrilliad
530 5441 905 5509 leestinum;
936 5444 1076 5498 istud
1123 5459 1190 5499 ex
1230 5440 1384 5499 tertia
1414 5440 1637 5509 epistola
1666 5442 1795 5497 Nes-

221 5510 341 5565 torii
364 5510 435 5565 ad
463 5512 706 5567 eumdem
728 5522 955 5568 constat.

285 5579 456 5635 Lecta
484 5590 565 5636 est
588 5582 641 5635 in
669 5583 898 5637 concilio
921 5581 1207 5651 Ephesino,
1240 5590 1432 5635 etcum
1455 5582 1794 5636 anathemate

215 5647 271 5722 in
292 5660 570 5705 auctorem
590 5667 621 5705 a
642 5647 997 5722 metropolitis
1023 5652 1579 5722 primumisingulatim
1608 5651 1792 5722 dicen-

216 5718 358 5773 tibus
405 5722 727 5775 sententiam
772 5718 1083 5785 reprobata;
1113 5721 1179 5774 ab
1221 5721 1339 5774 aliis
1362 5720 1553 5773 deinde
1580 5721 1794 5774 concla-

213 5789 493 5846 mantibus
520 5790 575 5846 in
602 5791 715 5848 hzec
741 5788 905 5848 verba
929 5809 941 5846 :
975 5789 1163 5846 Omnes
1193 5788 1423 5846 Nestorii
1458 5790 1725 5860 epistolam
1745 5800 1794 5845 et

1904 4607 1996 4673 tia,
2027 4623 2145 4679 quae
2164 4607 2275 4679 suis
2294 4608 2497 4676 singula
2527 4609 2660 4663 locis
2687 4607 3000 4679 exponenda
3026 4620 3169 4665 sunt.

1977 4688 1999 4716 ο
2040 4677 2356 4750 Legeudunl
2371 4689 2521 4750 prout
2540 4677 2769 4750 possum,
2790 4688 2849 4732 ut
2870 4687 3017 4749 patet
3043 4695 3110 4734 ex
3129 4682 3343 4750 antiqua
3360 4699 3472 4737 ver-

1902 4744 2053 4801 sione
2078 4744 2288 4801 cOncilii
2317 4744 2588 4816 Ephesini,
2613 4756 2669 4802 et
2693 4764 2759 4803 ex
2788 4764 2851 4802 ea
2872 4744 3000 4817 'quxe
3027 4757 3200 4803 exstat
3228 4744 3280 4805 in
3308 4753 3470 4808 colla-

1903 4817 2049 4886 tione
2074 4825 2224 4869 sexta
2252 4817 2463 4886 concilii
2492 4818 2682 4886 quinti.
2714 4818 2909 4872 BALUZ.

1972 4883 1998 4922 ἀ
2039 4885 2224 4955 Arguit
2249 4885 2433 4960 Cyrilli
2461 4883 2762 4960 epistolam,
2781 4888 2932 4960 quasi
2952 4896 3143 4957 quater
3166 4888 3219 4942 in
3233 4888 3332 4960 illo
3350 4906 3471 4960 pec-

1901 4964 2087 5027 catum
2122 4965 2281 5023 esset,
2340 4957 2662 5010 obscuritate
2712 4957 2981 5022 nimirum,
3044 4957 3467 5027 perturbatione,

1900 5026 2226 5096 prolixitate,
2284 5034 2339 5082 et
2393 5027 2704 5080 borriditate
2754 5029 3016 5081 sermonis
3033 5026 3338 5096 {simulque
3370 5030 3471 5085 sibi

1897 5095 2145 5176 adulatur
2169 5112 2267 5166 per
2285 5096 2697 5176 oppositionem,
2728 5095 3096 5176 quippecujus
3120 5095 3294 5176 oratio
3322 5113 3459 5176 pers-

1940 5167 2055 5220 icua
2084 5164 2187 5232 sit,
2213 5164 2495 5227 concinna,
2528 5165 2704 5219 brevis
2730 5174 2785 5219 et
2813 5164 3033 5219 nimium
3070 5164 3207 5220 forte
3234 5164 3468 5222 exculta.

1940 5182 2055 5220 Icua
2084 5182 2172 5232 δη,
2213 5182 2495 5227 concmna,
2528 5182 2704 5219 υῐθνις
2730 5182 2785 5219 ει
2813 5182 3033 5219 nimium
3070 5182 3207 5220 torte
3234 5182 3468 5222 exculta.

1898 5182 2052 5358 alia?
2067 5244 2252 5358 23:2?!
2277 5236 2480 5305 objicit,
2513 5234 2729 5290 Asiatici
2751 5234 3121 5290 Alexandrinis
3140 5236 3422 5306 exprobra.
3440 5252 3472 5293 e

1896 5313 2037 5359 soliti
2067 5313 2238 5359 erant.

1971 5385 1994 5412 ο
2032 5372 2245 5429 Crimen
2275 5389 2305 5427 a
2333 5371 2531 5445 Cyrillo
2576 5373 2677 5445 sibi
2730 5372 2998 5445 objectum
3052 5373 3173 5430 ficta
3219 5375 3471 5431 exhorta-

1897 5446 2043 5516 tione
2097 5458 2344 5516 regerere
2380 5441 2615 5516 conatur
2656 5443 2709 5497 in
2748 5441 3025 5514 Cyrillum,
3065 5444 3164 5516 sed,
3200 5447 3467 5516 nonrpari

1894 5514 2016 5582 jure
2041 5532 2052 5565 :
2078 5528 2200 5583 nam
2220 5512 2531 5583 _Nestoriutn
2558 5527 2746 5583 omnes
2774 5512 3029 5568 accusant
3047 5512 3382 5583 negligentiae
3413 5515 3466 5570 in

1900 5581 2172 5655 versandis
2218 5581 2454 5655 Pa_trum__
2482 5581 2645 5655 li_bris,
2676 5583 2849 5655 immo_
2881 5581 3272 5655 eteorumdem
3292 5585 3469 5655 despi-

1897 5651 2297 5723 cientiac,’quod
2323 5650 2483 5704 tradit
2501 5650 2770 5723 Socrates.
2811 5652 3040 5723 Cyrillus
3067 5668 3197 5708 vero
3224 5650 3471 5708 laudatur

1896 5722 2042 5776 velut
2069 5722 2535 5791 πολυμαθξᾳτατος,
2556 5729 2609 5775 et
2632 5720 3271 5791 Patrum'curiosissimus
3294 5728 3471 5777 secta-

1898 5798 2009 5856 tor;
2056 5798 2112 5845 et
2138 5790 2267 5848 vero
2304 5790 2580 5848 Nestorius
2618 5790 2872 5864 Cyrillum
2918 5793 2993 5849 ita
3036 5794 3366 5860 criminatur,
3410 5798 3470 5849 ut
