3960 6272
398 325 503 382 819

904 324 1095 382 MAR“
1134 325 1575 385 MERCATORIS
1612 322 2178 382 TRANSLATIONES
2218 322 2579 381 VABIORUM
2618 322 3147 382 OPUSCULORUM.

395 452 558 508 quam
603 448 627 475 κ
654 454 818 494 senex
848 439 937 495 ille
971 439 1166 496 Paulus
1189 442 1505 496 charissima
1542 456 1641 495 suo
1690 439 1971 494 Timotheo
1997 442 2051 500 Α
2078 453 2220 504 nem,
2252 445 2311 492 ut
2336 453 2405 493 ne
2438 440 2558 508 quis
2586 439 2708 495 hinc
2748 439 2984 495 Verbum
3014 440 3181 494 Deum
3208 437 3515 508 passibilem
3538 455 3662 496 sus-

394 537 726 601 protestatus
754 540 837 587 est
852 532 1039 589 dicens
1064 552 1078 586 :
1107 533 1327 589 Attende
1353 533 1578 601 lectioni,
1601 533 1967 599 exhortationi,

394 622 678 687 doctrinae;
705 623 803 679 hoc
827 624 964 677 enim
984 625 1199 694 faciens,
1221 634 1272 679 et
1299 634 1348 679 te
1368 625 1610 690 salvebis,
1637 632 1688 679 et
1712 640 1797 679 eos
1811 625 1898 696 qui
1927 633 1974 678 te

392 714 613 771 audiunt
635 713 678 785 (Ι
701 713 831 769 Tim.
861 730 931 779 tv,
964 713 1073 784 16).
1100 714 1449 784 Quideigitur,
1491 715 1578 771 die
1602 715 1734 770 mihi
1761 722 1836 781 tu,
1859 714 1974 769 vult

391 802 495 861 ista
514 819 621 858 vox
640 804 884 859 attende?
909 803 1229 865 Sanctorum
1256 821 1452 877 nempe
1473 806 1684 862 illorum
1704 807 1759 860 in
1786 821 1975 877 super-

392 893 513 950 ticie
542 894 725 962 legens
772 895 1145 962 traditionem,
1193 897 1349 955 venia
1390 897 1609 967 dignam
1653 898 1751 953 tibi
1798 898 1975 954 inesse

391 982 748 1053 ignorantiam
794 986 1071 1056 ignorasti,
1102 989 1358 1058 passibile
1382 1005 1477 1045 eos
1498 990 1713 1046 dixisse
1741 990 1971 1047 arbitra-

392 1082 481 1131 tus
507 1074 760 1143 Verbum,
789 1077 935 1147 quod
963 1076 1110 1135 Patri
1138 1089 1231 1136 est
1244 1088 1590 1137 consternunt.

460 1165 515 1224 4.
543 1165 814 1225 Attentius
842 1182 994 1239 ergo,
1024 1171 1069 1227 si
1097 1172 1291 1241 placet,
1318 1173 1434 1229 haec
1473 1172 1640 1228 verba
1671 1172 1888 1239 rimare,
1919 1178 1976 1227 et

392 1254 637 1314 invenies
678 1256 918 1314 divinum
954 1260 1103 1317 illum
1126 1260 1351 1318 Patrum
1367 1274 1693 1319 conventum
1720 1261 1748 1301 δ
1769 1278 1880 1318 non
1904 1262 1975 1317 il-

391 1341 501 1403 lam
513 1347 1005 1405 consubstantivam
1019 1351 1284 1408 Deitatem
1299 1352 1497 1409 dixisse
1511 1367 1630 1408 esse
1639 1352 1973 1422 passibilem;

399 1447 423 1476 θ
445 1452 624 1508 neque
646 1438 715 1495 de
749 1442 954 1496 recenti
983 1449 1166 1503 natam
1194 1444 1352 1509 hanc,
1383 1459 1505 1513 qua:
1534 1442 1680 1498 Patri
1722 1451 1805 1499 est
1841 1458 1975 1499 eon-

390 1528 752 1600 sempiterua;
784 1546 962 1600 neque
983 1532 1141 1591 istam
1167 1534 1545 1601 resurrexisse,
1576 1548 1697 1604 quas
1719 1534 1978 1605 templum

392 1618 671 1679 suscitavit
698 1620 953 1679 solutum.

462 1706 521 1764 Si
553 1709 686 1769 mihi
709 1710 1031 1769 medicinam
1076 1713 1370 1773 fraternam
1415 1713 1664 1771 offerenti
1696 1730 1856 1771 aures
1884 1715 1979 1772 ad~

2073 528 2364 599 piearetur,
2404 529 2584 599 posuit
2603 526 2857 595 Christus,
2889 536 3155 597 tamquam
3183 527 3451 598 passibﬂis
3475 538 3530 584 et
3557 529 3662 585 im-

2071 619 2339 689 passibilis
2365 619 2628 686 essentiae,
2656 618 2677 658 ί
2704 620 2756 674 in
2776 618 3145 688 singularitate
3169 633 3433 688 personte,
3457 618 3666 687 signiﬁ-

2074 710 2308 765 cativum
2334 710 2675 777 vocabulum,
2705 719 2766 765 ut
2785 710 3125 781 impassibilis
3149 718 3204 765 et
3222 710 3487 780 passibilis
3504 710 3666 767 Chri—

2072 807 2188 857 stus
2228 801 2626 872 sineperieulo
2668 801 3017 857 nominetur:
3061 801 3400 872 impassibilis
3439 802 3661 872 quidem

2075 890 2304 957 Deitate,
2330 892 2598 961 passibilis
2621 907 2751 947 vero
2772 899 2961 947 natura
2989 907 3270 962 corporea.

2144 979 2199 1035 8.
2231 980 2396 1036 Multa
2445 996 2609 1052 super
2647 981 2751 1037 hoc
2778 996 2899 1037 cum
2943 983 3144 1052 possim
3176 981 3375 1050 dicere,
3406 990 3462 1039 et
3485 984 3666 1054 primo

2074 1071 2290 1141 quidem
2314 1071 2573 1137 omnium,
2614 1071 2761 1141 quod
2800 1087 2909 1126 non
2956 1071 3255 1128 Divinitatis
3298 1071 3353 1127 in
3380 1072 3666 1143 dispensa-

2077 1162 2244 1228 tione,
2264 1161 2359 1217 sed
2382 1162 2734 1231 susceptionis
2760 1162 3106 1216 humanitatis
3127 1169 3334 1216 tantum
3356 1164 3668 1219 meminisse

2075 1259 2291 1308 sanctos
2317 1252 2440 1306 illos
2468 1251 2672 1319 Patres,
2705 1252 2989 1307 ostendere
3015 1253 3256 1319 valeam;
3285 1252 3379 1307 sed
3404 1253 3669 1310 recordor

2076 1342 2394 1399 brevitatem
2416 1341 2675 1399 orationis
2695 1344 2748 1397 in
2774 1343 3085 1413 praefatione
3112 1344 3449 1415 promissam,
3467 1352 3523 1401 et
3540 1360 3668 1400 eam

2078 1435 2252 1491 sentio
2279 1434 2491 1491 frenare
2518 1450 2843 1491 sermonem.

2150 1527 2203 1582 9.
2244 1528 2416 1584 Venio
2439 1543 2582 1584 nunc
2608 1536 2663 1584 et
2681 1527 2749 1583 ad
2785 1528 3077 1584 secundum
3098 1544 3128 1583 a
3157 1530 3418 1586 cbaritate
3455 1538 3548 1584 tua
3576 1545 3640 1584 ar
3664 1559 3672 1574 -

2078 1620 2302 1678 ticulum
2327 1627 2550 1687 motum,
2582 1620 2636 1674 iu
2657 1635 2766 1691 quo
2795 1629 3104 1675 naturarum
3133 1621 3349 1691 quidem
3376 1621 3665 1681 laudabam

2080 1712 2275 1767 factam
2312 1710 2694 1767 discretionem
2737 1711 3031 1768 secundum
3069 1710 3291 1767 Deitatis
3331 1720 3387 1767 et
3413 1712 3640 1767 humani

394 1811 633 1862 moveas,
654 1799 795 1869 ipsas
819 1800 916 1856 tibi
942 1817 1104 1858 voces
1130 1802 1344 1859 illorum
1364 1804 1713 1874 interponens
1738 1802 1979 1873 Patrum,
2012 1811 2059 1872 Β
2087 1804 2212 1858 tatis
2250 1803 2535 1870 rationem,
2589 1811 2642 1859 et
2682 1804 2738 1858 in
2770 1820 2876 1875 una
2906 1819 3133 1874 persona
3163 1804 3491 1860 consortium
3517 1822 3530 1856 :
3564 1818 3666 1862 nec

394 1902 427 1941 a
453 1888 736 1947 calumnias
762 1899 817 1947 te
859 1907 1022 1958 nexu,
1054 1907 1221 1963 quam
1246 1894 1351 1950 illis
1397 1894 1643 1964 ingerere
1689 1896 1895 1963 niteris,
1926 1903 1985 1953 et
2084 1911 2195 1952 non
2222 1902 2278 1950 et
2304 1894 2451 1959 illud,
2482 1892 2628 1964 quod
2660 1894 2827 1950 Deum
2856 1893 3090 1949 Verbum
3120 1894 3353 1950 secunda
3386 1893 3671 1952 nativitate

394 1993 494 2050 per
519 1980 641 2037 illos
668 1981 983 2057 scripturisd
1010 1984 1229 2057 [Belum
1244 1984 1369 2038 add.
1388 1982 1660 2056 moliris],
1679 1985 1976 2041 absolvam.

343 2079 361 2114 1
467 2069 519 2127 5.
552 2072 840 2142 Credimus,
865 2077 1115 2145 inquiunt
1138 2077 1234 2143 illi,
1264 2086 1314 2132 et
1336 2078 1393 2132 in
1419 2076 1703 2132 Dominum
1736 2087 1981 2133 nostrum

393 2160 575 2218 Iesum
620 2161 911 2234 Christum;
951 2165 1150 2223 Filium
1204 2168 1315 2239 ejus
1370 2170 1710 2240 unigenitum.
1756 2167 1982 2226 Pervide

392 2253 668 2322 Quomodo
709 2254 1024 2323 Domini,et
1040 2255 1170 2313 Iesu
1194 2255 1413 2322 Christi,
1448 2264 1503 2313 et
1525 2266 1547 2295 ο
1572 2257 1833 2327 unigeniti
1860 2257 1982 2313 Filii

392 2342 563 2411 prius,
592 2347 895 2403 communia
914 2347 1138 2403 Deitatis
1158 2347 1362 2419 [Baluz.
1388 2346 1511 2402 add.
1535 2355 1591 2404 et
1609 2345 1979 2418 humanitatis]

648 2442 927 2505 tamquam
938 2434 1284 2495 fundamenta
1302 2445 1587 2509 ponentes,
1613 2446 1727 2494 tum
1746 2438 1981 2508 suscepti

389 2519 654 2591 hominis,
680 2568 685 2575 μ
694 2531 755 2585 et
781 2527 1226 2595 resurrectionis,
1252 2536 1310 2584 et
1343 2529 1611 2600 passionis
1648 2529 1980 2601 superaediti—

389 2620 521 2683 eant
543 2614 904 2684 traditionem,
933 2623 994 2672 ut
1023 2619 1329 2676 nominibus
1354 2619 1675 2690 quibusdam
1699 2621 1979 2690 utriusque

387 2708 598 2765 natura:
614 2706 990 2765 communibus
1018 2715 1074 2763 et
1101 2707 1467 2779 significativis
1484 2710 1695 2780 positis,
1721 2725 1894 2780 neque
1911 2725 1976 2765 ea

378 2795 907 2873 gumgenerationis
952 2794 1062 2852 ﬁlii
1090 2806 1148 2853 et
1188 2798 1599 2866 dominationis,
1644 2798 1977 2855 dissecentur

391 2879 596 2957 [Boium
629 2883 1040 2958 diiudicenmr];
1071 2902 1249 2957 neque
1274 2903 1495 2960 ea,qu:e
1515 2898 1825 2946 naturarum
1851 2899 1978 2946 sunt

390 2971 609 3040 propria
631 2972 684 3027 in
704 2974 1075 3043 singularitate
1096 2978 1391 3035 nativitatis
1417 2979 1559 3047 Filii,
1576 2980 1683 3036 ulla
1700 2981 1976 3037 confusio-

386 3059 475 3135 nis
512 3062 805 3120 abolitione
824 3063 1029 3137 LW.
1051 3067 1414 3142 absolutione]
1442 3070 1838 3141 pagiclitentur,
1875 3086 1975 3128 no-

384 3152 788 3223 ,minennionis.

458 3240 742 3303 6.,In.hoc
762 3244 1051 3315 apudillos
1074 3245 1273 3309 Paulus
1308 3249 1505 3307 doctor
1547 3258 1631 3306 est
1659 3250 1846 3320 factus,
1876 3252 1970 3322 qui

387 3347 510 3397 cum
525 3333 719 3393 divinae
734 3336 1119 3401 incarnationis
1136 3342 1452 3398 memoriam
1474 3341 1692 3410 faceret,
1710 3344 1971 3413 incipiens

386 3423 717 3505 subiungere.
732 3442 853 3498 quae
880 3436 1006 3487 sunt
1032 3431 1317 3500 passionis,
1332 3434 1482 3503 prius
1509 3433 1692 3504 posuit
1713 3432 1965 3502 Christus,

387 3527 691 3582 commune,
722 3525 781 3571 ut
824 3519 987 3588 paulo
1032 3529 1158 3579 ante
1199 3521 1331 3590 dixi,
1377 3538 1575 3579 nomen
1621 3531 1964 3591 naturarum;

387 3610 517 3661 tunc
535 3604 817 3663 decentem
835 3608 998 3665 infert
1010 3624 1319 3668 sermonem
1343 3614 1459 3669 sive
1485 3614 1753 3668 rationem
1776 3613 1971 3668 utrius-

385 3708 526 3764 que;
552 3697 753 3752 etenim
790 3699 867 3753 ait
908 3716 920 3752 :
954 3699 1071 3755 Hoc
1108 3705 1359 3757 sentiatur
1377 3706 1434 3758 in
1459 3704 1619 3770 vobis,
1650 3706 1786 3777 quod
1821 3714 1874 3760 et
1913 3706 1971 3760 in

386 3782 591 3855 Christo
613 3785 649 3842 Ι
651 3804 758 3854 esu,
780 3790 869 3861 qui
896 3805 1015 3845 cum
1032 3792 1088 3845 in
1118 3793 1287 3863 fama
1305 3792 1404 3849 Dei
1431 3803 1580 3859 esset,
1603 3811 1708 3850 non
1730 3797 1967 3866 rapinam

336 3924 341 3931 .
384 3872 667 3931 arbitratus
690 3886 767 3935 est
796 3894 909 3935 esse
933 3895 990 3935 se
1017 3882 1266 3953 aequalem
1295 3882 1406 3939 Dee
1421 3900 1442 3948 ;
1470 3884 1567 3940 sed
1593 3899 1661 3940 ne
1688 3886 1757 3941 ad
1781 3902 1964 3954 unum,

383 3964 635 4035 quodque
675 3967 896 4041 loquar,
928 3972 1099 4042 factus
1137 3972 1380 4029 obediens
1419 3991 1578 4046 usque
1624 3975 1693 4029 ad
1729 3987 1963 4042 mortem,

383 4058 598 4112 mortem
626 4069 795 4114 autem
818 4064 983 4118 crucis
1015 4062 1234 4135 (Philip.
1267 4081 1323 4131 ιι,
1358 4064 1432 4137 5).

456 4146 507 4200 7.
539 4145 803 4214 Quoniam
849 4151 1009 4221 igitur
1034 4164 1271 4224 cmperat
1296 4159 1487 4214 mortis
1511 4159 1690 4217 facere
1732 4160 1965 4215 mentio-

2083 2001 2153 2041 ex
2201 1985 2426 2041 muliere
2470 1986 2690 2041 minime
2734 1985 2952 2041 dicebas
2993 1986 3231 2054 eguisse;
3270 1985 3520 2056 quodque
3541 2000 3665 2055 pasr

2082 2078 2250 2134 sionis
2287 2077 2597 2148 incapacem
2648 2076 2988 2147 proﬁtebaris
3039 2076 3337 2143 Deitatem;
3397 2075 3667 2130 catholica

2081 2168 2226 2224 enim
2245 2182 2432 2223 revera
2459 2173 2582 2222 sunt
2608 2167 2741 2232 haec,
2766 2174 2822 2220 et
2840 2166 3062 2222 omnino
3080 2166 3240 2221 sectis
3260 2165 3508 2233 omnibus
3528 2179 3668 2221 con-

2081 2266 2164 2314 tra
2185 2259 2491 2314 Dominicas
2509 2265 2728 2312 naturas
2756 2256 3001 2311 adversa.

2152 2348 2240 2403 10.
2276 2348 2337 2403 In
2365 2348 2584 2418 reliquis
2611 2362 2760 2415 vero,
2792 2348 2836 2402 si
2859 2348 3091 2416 aliquam
3133 2346 3410 2413 latentem,
3441 2353 3497 2401 et
3537 2361 3669 2416 pro-

2081 2438 2317 2502 fundam,
2349 2446 2511 2507 atque
2539 2436 3133 2507 incomprehensibilem
3177 2437 3439 2491 rationem
3482 2434 3669 2503 legen-

2081 2528 2211 2583 tium
2246 2528 2463 2582 auribus
2500 2525 2713 2592 aﬂ‘eras,
2766 2533 2871 2582 tute
2894 2527 2965 2582 sit
3003 2526 3314 2582 examinare
3343 2524 3669 2595 prudentia.

2079 2618 2224 2675 Scite
2244 2619 2389 2674 enim
2415 2619 2543 2673 mihi
2562 2618 2744 2689 priora
2764 2618 3036 2674 videbaris
3053 2617 3350 2680 destruere,
3371 2632 3489 2671 cum
3511 2632 3673 2682 eum,

2077 2710 2171 2779 qui
2190 2710 2243 2763 in
2270 2708 2455 2779 primis
2481 2708 2841 2780 impassibilis,
2873 2716 2928 2763 et
2952 2707 3259 2764 secumdam
3280 2723 3388 2764 non
3420 2708 3678 2777 recipere

2079 2800 2411 2854 nativitatem
2440 2798 2611 2854 fuerat
2637 2798 2973 2869 praedicatus,
3006 2799 3200 2854 iterum
3227 2798 3553 2863 passibilem,
3611 2806 3676 2855 et

2078 2890 2289 2945 noviter
2327 2897 2582 2955 creatum,
2642 2887 2823 2945 nescio
2869 2888 3142 2958 quomodo
3188 2888 3489 2945 inlerebas:
3521 2896 3676 2945 tam-

2076 2994 2237 3049 quam
2266 2994 2386 3048 quae
2404 2979 2516 3034 Deo
2536 2978 2717 3034 Verbo
2746 2979 3065 3035 naturaliter
3108 2978 3345 3035 inessent
3384 2981 3673 3037 consortio

2076 3069 2258 3139 templi
2280 3077 2528 3140 corrupta
2549 3070 2674 3136 sint,
2706 3077 2799 3126 aut
2827 3075 3074 3140 Oporteat
3102 3068 3323 3124 forsitan
3344 3084 3441 3140 pro
3488 3069 3675 3129 nihilo

1995 3172 2044 3237 ρ
2076 3161 2143 3216 ab
2163 3160 2464 3216 hominibus
2483 3160 2661 3231 putari
2682 3160 2811 3215 illud
2832 3160 3006 3230 ipsum
3029 3160 3230 3229 absque
3258 3168 3478 3231 peccato
3519 3168 3672 3217 tem-

2073 3251 2238 3322 plum,
2271 3258 2325 3305 et
2353 3251 2707 3322 inseparabile
2726 3266 2757 3304 a
2785 3250 2964 3307 divina
2996 3259 3203 3316 natura,
3247 3251 3575 3306 nativitatem
3606 3257 3673 3308 et

2073 3349 2303 3398 mortem
2336 3358 2439 3421 pro
2484 3342 2855 3412 peccatoribus
2903 3357 3011 3397 non
3042 3342 3354 3413 pertulisse;
3385 3350 3672 3411 tamquam

2073 3434 2236 3488 etiam
2278 3432 2400 3487 voci
2435 3432 2727 3487 Dominicm
2765 3432 2829 3486 ad
2878 3430 3092 3488 Iudaeos
3134 3432 3423 3489 clamanti:
3456 3432 3673 3489 Soluite

2074 3527 2312 3599 templum
2333 3527 2446 3593 hoc,
2478 3536 2527 3580 et
2553 3527 2608 3579 in
2640 3526 2806 3580 triduo
2827 3525 3084 3580 suscitabo
3104 3526 3233 3580 illud
3257 3526 3431 3597 (Joan.
3456 3524 3664 3597 11,19),

2073 3633 2182 3673 non
2227 3617 2420 3673 debeat
2466 3616 2630 3673 credi.
2675 3616 2793 3673 Non
2834 3616 3020 3672 dixit:
3068 3616 3271 3674 Solvite
3315 3618 3669 3675 Divinitatem

2076 3723 2270 3773 meam,
2301 3707 2428 3761 etin
2458 3706 2631 3761 triduo
2660 3706 3020 3762 suscitabitur.

2147 3796 2231 3851 ll.
2274 3796 2469 3851 lterum
2515 3811 2602 3851 me
2641 3796 2727 3852 hic
2773 3797 3073 3852 orationem
3101 3796 3326 3852 dilatare
3349 3797 3667 3866 cupientem

2076 3888 2142 3943 ad
2162 3888 2550 3958 professionem
2576 3887 2854 3942 brevitatis
2874 3889 3152 3959 promissae
3172 3887 3470 3943 recordatio
3495 3903 3668 3942 revo-

2074 3987 2192 4045 cat;
2235 3979 2408 4033 dicam
2452 3985 2634 4034 tamen
2681 3978 2902 4048 aliquid.
2927 3976 3135 4049 Ubique
3162 3996 3258 4052 per
3278 3979 3480 4034 divinas
3500 3977 3668 4034 Scri-

2072 4078 2277 4140 pturas,
2302 4069 2514 4139 quoties
2531 4070 2891 4125 meminerunt
2910 4070 3200 4127 Dominicte
3218 4069 3663 4141 dispensationis,

2076 4178 2185 4218 non
2210 4161 2511 4218 Divinitatis
2535 4160 2754 4226 Christi,
2786 4162 3253 4219 sed~hnmanitatis
3280 4163 3414 4234 ejus,
3469 4164 3667 4234 passio

1545 4269 2089 4330 CASTlGATlONES
2126 4273 2214 4331 ET
2251 4274 2483 4337 NOTE.

381 4347 833 4431 diosusuperlicie
854 4362 1008 4410 tenus
1034 4355 1139 4425 legi
1168 4357 1235 4412 ab
1270 4358 1384 4427 ipso
1413 4358 1554 4414 dicta
1584 4359 1820 4431 Patrum,
1852 4379 1963 4419 non

383 4419 512 4474 item
536 4419 775 4491 intelligi.

454 4520 482 4550 ι
519 4511 1145 4586 ιη,οοιιαὶιίο.Εριιεδίιιο,
1170 4535 1386 4590 magnus
1412 4521 1502 4577 ille
1526 4520 1744 4577 Paulus.
1764 4524 1959 4579 Bsz.

418 4673 431 4685 .
450 4601 481 4642 ιι
514 4600 931 4685 ΔΠιεαειιιιῐιιιὶιιιι
955 4604 1158 4685 faceret
1176 4606 1393 4685 Cyrillo,
1426 4611 1773 4685 abstractum,
1819 4615 1964 4685 quod

382 4679 551 4735 aiunt,
575 4688 771 4747 nomen
795 4690 893 4744 pro
911 4683 1167 4732 concreto
1186 4680 1366 4747 posuit
1393 4697 1405 4732 :
1434 4697 1556 4734 nam
1576 4697 1695 4736 cum
1725 4679 1851 4738 illud
1876 4700 1963 4739 na-

381 4750 579 4806 turam,
610 4742 765 4826 istud.
780 4742 1375 4826 personamsigniiicet,
1412 4766 1624 4826 _neque_
1645 4752 1961 4826 idiomatum

381 4814 689 4893 communio
734 4814 1047 4893 lieripossit
1072 4817 1125 4871 in
1148 4814 1803 4893 abstractisnominibus,
1835 4840 1963 4893 pro-

379 4889 510 4963 pter.
528 4890 838 4963 naturarum
858 4884 1190 4942 inconfusam
1211 4887 1590 4963 differentiam,
1623 4892 1715 4963 sed
1829 4884 1959 4948 eon-

824 4964 1045 5037 propter
1068 4960 1353 5037 τᾳῃτόεηιςα
1389 4976 1635 5037 persona;
1665 4962 1716 5015 in
1741 4962 1954 5037 duabus

379 5022 583 5102 naturis
610 5022 965 5102 subsistentis,
1001 5027 1200 5082 invidia
1226 5022 1408 5102 lie-bat"
1428 5030 1695 5102 catholico
1724 5031 1952 5098 doctori,

377 5098 530 5211 quasi
551 5100 814 5154 assereret
838 5110 1057 5164 passum
1082 5112 1202 5153 esse
1240 5098 1473 5154 Verbum
1505 5101 1557 5154 in
1604 5116 1701 5155 sua
1742 5112 1949 5157 natura.

421 5159 567 5211 [Chal
594 5175 723 5211 vero
748 5171 897 5211 tanto
923 5167 1325 5211 nminaaihiline
1374 5176 1576 5211 nslnnln
1621 5170 1805 5211 palm-ta
1852 5172 1949 5211 Γπ)-

421 5159 567 5242 iebat
594 5175 723 5217 vero
748 5159 897 5218 κωἱο
923 5167 1342 5242 persuasibilius,
1374 5176 1589 5242 quanto
1621 5170 1805 5242 Patres
1852 5172 1956 5225 fre-

375 5236 650 5304 quentius,
666 5247 789 5304 eum
811 5248 998 5290 secure
1012 5236 1376 5304 loquerentur,
1401 5240 1559 5293 nullis
1580 5240 1955 5295 insidiantibus

375 5295 660 5423 Ettigicis,
682 5303 964 5361 abstractis
991 5295 1373 5373 usi-videntur,
1390 5323 1509 5363 eum
1536 5309 1795 5363 deberent
1820 5326 1954 5365 con-

450 5460 809 5544 °:_Dluaa.sunt
860 5466 1302 5544 partes_hreresis
1351 5467 1679 5544 Photiniante
1700 5489 1730 5544 ξ
1753 5472 1951 5544 altera,

374 5529 792 5604 quod‘Cbristus
819 5529 925 5588 non
954 5536 1023 5590 sit
1050 5536 1189 5591 Deus
1209 5539 1675 5595 eonsubstantivus
1698 5529 1954 5604 Patri;al-'

376 5602 919 5681 tera,_guedVerbum
945 5607 1261 5681 humanitati
1282 5623 1517 5681 coaevum
1542 5611 1818 5681 ii‘temperit
1839 5602 1957 5665 esse

374 5669 689 5751 simpliciter
710 5686 782 5726 ex
801 5684 984 5751 sancta
1014 5675 1247 5743 Virgine.
1282 5675 1459 5751 Prima
1491 5696 1614 5751 pars
1636 5669 1851 5751 objecta
1872 5688 1955 5734 est

377 5737 657 5821 Nestbrio;
689 5743 979 5798 secundam
1006 5737 1135 5815 Ipse'
1164 5747 1361 5816 regerit
1408 5737 1566 5807 tacite
1594 5748 1653 5808 in
1678 5737 1952 5821 Cyrillum,

2069 4380 2133 4447 ac
2152 4366 2442 4447 sisenttret
2469 4377 2597 4447 tunc
2618 4367 2845 4435 primum
2872 4368 3141 4424 exstitisse
3162 4367 3414 4435 Verbum,
3437 4383 3560 4425 eum
3578 4383 3668 4429 ex

2119 4442 2288 4503 irgine
2314 4443 2498 4491 natum
2514 4442 2598 4490 est
2610 4451 2793 4491 carne.

1990 4477 2044 4537 Β
2070 4433 2288 4542 Via-giae
2314 4443 2498 4516 natum
2514 4433 2793 4519 estearne.
3147 4507 3160 4519 .
3356 4507 3368 4521 .

2097 4574 2108 4580 _
2204 4504 2343 4580 illnc
2365 4505 2561 4580 colligo
2579 4506 2980 4580 rescribendum
3001 4520 3120 4561 esse
3140 4523 3199 4563 in
3219 4507 3444 4564 οοῐιειιιο
3465 4506 3662 4580 Ephe-

2066 4574 2185 4631 sino
2204 4573 2437 4644 liberabo
2465 4588 2564 4644 pro
2592 4575 2828 4631 liberato.
2860 4576 3057 4631 ΒΑιῑη.

2139 4653 2164 4717 _°
2202 4642 2281 4717 Ei;
2309 4645 2412 4717 hoc
2440 4642 2567 4717 loco
2576 4646 2760 4717 potuit
2788 4646 3054 4717 Mercator
3078 4661 3291 4702 sumere
3329 4646 3470 4717 quod
3499 4661 3665 4703 asse-

2064 4713 2192 4775 ruit,
2225 4712 2457 4769 Verbum
2487 4728 2518 4767 a
2546 4712 2795 4770 Nestorio
2821 4714 3023 4769 dictum
3052 4723 3176 4771 ante
3222 4712 3661 4772 incarnationem

2065 4781 2299 4839 Verbum
2346 4791 2586 4849 tantum;
2640 4792 2766 4852 post
2810 4785 3233 4840 incarnationem
3278 4785 3488 4840 Filium.
3541 4785 3658 4852 Qui

2063 4866 2227 4922 porro
2274 4853 2576 4908 contineret
2611 4853 2809 4909 abusus
2853 4854 2954 4909 iste
2982 4856 3258 4913 nominum
3285 4855 3500 4921 Christi,
3534 4854 3658 4909 Do-

2062 4922 2213 4985 mini,
2265 4931 2321 4978 et
2360 4922 2485 4992 Filii
2525 4924 2869 4992 purissimum
2910 4932 2965 4978 et
2991 4925 3395 4980 subtilissimum
3426 4925 3661 4980 haeresis

2061 5007 2346 5055 venenum,
2378 4991 2561 5046 videre
2574 4992 2701 5047 licet
2724 4993 2779 5047 in
2806 4992 3182 5049 dissertatione
3208 4995 3276 5049 de
3302 4996 3403 5049 hac
3426 4995 3650 5050 hreresi.

2138 5060 2155 5099 ί
2199 5060 2376 5117 Locus
2395 5061 2499 5135 hie2
2530 5068 2590 5115 ut
2609 5063 2818 5135 e‘t‘alius
2840 5063 3150 5135 praecedens
3171 5062 3353 5135 (Num.
3378 5062 3658 5135 5),)immo

2059 5145 2397 5203 consequens
2419 5128 2604 5203 (Nam.
2625 5131 2703 5199 8),
2732 5128 3660 5203 imprudentiores'aliquos'abduxit

2057 5200 2113 5253 in
2135 5215 2394 5273 errorem,
2420 5215 2527 5268 quo
2547 5200 2785 5255 dicerent
2805 5200 2836 5255 ξι
2856 5201 3103 5273 Nestorio
3124 5200 3334 5273 unicam
3356 5217 3659 5273 personam

2059 5269 2326 5341 catholico
2366 5284 2544 5341 sensu
2564 5279 2861 5341 assertum.
2895 5271 3100 5341 Dictum
3128 5269 3373 5341 pluribus
3398 5273 3657 5327 testimo-

2060 5339 2161 5392 niis
2212 5337 2633 5412 sive_Nestorii,_
2655 5341 2767 5412 sive
2795 5337 3186 5412 etiamCyrilli,
3218 5340 3433 5396 firmare
3461 5345 3656 5398 conati

2056 5415 2213 5474 sunt;
2264 5408 2359 5463 sed
2412 5424 2534 5464 cum
2586 5409 2833 5465 viderent
2874 5408 3151 5464 reclamari
3172 5412 3225 5465 in
3255 5412 3583 5467 contrarium
3616 5430 3655 5466 ει

2058 5476 2366 5533 doctoribus
2412 5478 2710 5543 catholicis,
2760 5481 3079 5535 sententiam
3124 5495 3275 5534 suam
3320 5483 3391 5535 ita
3438 5482 3657 5550 scripto

2057 5555 2523 5626 exposuerunt,_ut
2549 5564 2737 5626 revera
2765 5556 3139 5626 retractarent.
3170 5550 3246 5626 De
3275 5551 3657 5626 singularitate

2058 5616 2146 5667 illa
2178 5631 2420 5683 persona:
2448 5618 2786 5683 Nestoriana,
2821 5620 2941 5675 vide
2972 5616 3402 5675 dissertationefn
3431 5618 3497 5674 de
3525 5620 3654 5673 hce-

2056 5685 2164 5761 resi
2193 5684 2530 5761 Nestoriana,
2564 5688 2653 5761 ubi
2674 5690 2946 5760 aperimus
2965 5692 3110 5761 ipsos
3131 5690 3305 5748 fontes
3325 5690 3516 5746 veneni
3539 5691 3655 5752 sub

2015 5814 2033 5839 ζ
2058 5753 2160 5812 hac
2188 5755 2367 5826 specie
2395 5757 2631 5813 latentis.
2678 5776 2679 5779 η
