3904 6272
230 222 316 281 891
1011 221 1323 281 SECUNDA
1361 224 1676 282 NESTOBII
1716 225 2047 283 EPlSTOLA
2085 229 2177 284 AD
2214 230 2271 287 S.
2313 227 2683 286 CYRILLMM.

3359 229 3467 288 822

227 342 275 388 et
300 331 545 386 nativitas
572 331 813 398 traditur,
838 338 897 386 ut
936 334 1228 389 secundum
1268 335 1669 403 liquidissimam
1698 352 1788 390 ra-
1816 341 1864 400 Α
1894 358 2042 395 meo:
2070 342 2203 397 Sede
2223 343 2290 395 ad
2319 342 2553 397 dextram
2577 357 2743 395 meam
2774 338 2985 407 (Matth.
3033 356 3161 404 xxn,
3204 339 3335 408 ων
3370 340 3468 397 Est

223 426 415 479 tionem
445 425 846 479 convenientius
867 440 929 479 ac
950 426 1123 496 aptius
1142 426 1226 492 sit,
1245 436 1482 483 sanctam
1502 429 1785 497 Virginem,

224 528 323 568 non
351 514 658 581 genitricem
680 514 793 581 Dei,
819 516 870 569 id
893 525 993 582 est,
1027 518 1285 583 Θεοτόκον,
1312 518 1405 574 sed
1425 517 1621 573 Christi
1641 521 1791 589 geni-

222 605 421 669 tricem,
453 604 505 659 id
534 614 632 672 est,
654 609 991 678 Χριστοτὸκον
1018 610 1217 663 vocari.

285 695 368 747 12.
411 696 491 749 Ad
518 696 632 751 htec
660 699 985 767 evangelista
1010 714 1225 769 quoque
1245 699 1572 755 vociferante
1601 719 1611 754 :
1637 700 1789 757 Liber

218 788 553 860 generationis
582 787 705 843 Jesu
752 788 961 853 Christi,
1005 790 1103 861 ﬁlii
1156 790 1340 855 David,
1391 791 1489 861 [itii
1525 790 1789 847 Abraham

220 878 424 950 (Matth.
457 895 493 945 1,
528 878 611 949 1);
642 880 858 936 evidens
886 889 986 945 est,
1010 881 1134 950 quia
1156 881 1297 935 Deus
1316 881 1549 936 Verbum
1573 880 1789 937 Davidis

218 988 319 1027 non
365 979 482 1027 erat
521 971 676 1027 illius.
712 973 926 1043 Accipe,
969 974 1015 1027 si
1036 974 1264 1041 videtur,
1289 980 1342 1028 et
1371 973 1513 1028 aliud
1542 973 1787 1028 testimo-

216 1062 394 1119 nium:
426 1062 588 1119 Jacob
624 1073 791 1119 autem
824 1066 999 1136 genuit
1044 1062 1256 1135 Ioseph,
1293 1066 1455 1118 virum
1492 1062 1700 1131 Mariae,
1726 1063 1790 1118 de

213 1169 308 1225 qua
326 1162 478 1208 natus
498 1162 574 1208 est
592 1151 627 1206 Ι
630 1170 763 1217 esus,
791 1155 877 1225 qui
898 1154 1085 1208 dicitur
1113 1152 1345 1209 Christus
1370 1152 1530 1224 (Ibid.
1553 1153 1684 1225 xvi).
1702 1153 1790 1207 ln-

214 1244 369 1299 tende
410 1245 467 1299 in
514 1245 659 1299 aliud
684 1245 925 1301 dictum:
958 1244 1148 1300 Christi
1196 1255 1363 1299 autem
1412 1247 1671 1316 generatio
1716 1246 1790 1299 sic

210 1344 336 1392 erat.
364 1334 489 1390 Cum
508 1346 638 1391 esset
658 1338 967 1408 desponsata
996 1323 1136 1409 virgo
1162 1336 1355 1403 Maria,
1386 1339 1592 1391 inventa
1629 1345 1704 1391 est
1735 1338 1789 1390 in

210 1437 350 1483 utero
373 1428 563 1482 habens
587 1428 649 1483 de
672 1428 871 1499 Spiritu
891 1437 1069 1484 sancto
1094 1426 1253 1497 (Ibid.
1282 1426 1451 1497 xvm).
1474 1426 1789 1483 Creaturam

211 1529 391 1575 autem
432 1519 662 1590 Spiritus
690 1520 861 1575 sancti
889 1519 1157 1588 Unigeniti
1186 1520 1447 1575 Deitatem
1475 1521 1595 1589 quis
1619 1522 1790 1590 possit

209 1610 413 1683 (Batus.
436 1627 538 1666 om.
573 1609 763 1682 possit]
791 1611 876 1667 vel
906 1611 1099 1666 debeat
1138 1611 1433 1681 suspicari?
1462 1610 1597 1677 Quid
1626 1611 1789 1667 etiam

1894 436 2097 508 [Baluz.
2152 432 2444 506 tamquam]
2511 434 2648 489 ﬁlius
2684 432 2926 503 profecto
2968 433 3137 488 David
3175 432 3467 488 secundum

1890 544 2127 594 carnem,
2170 530 2457 585 secundum
2496 528 2834 583 Divinitatem
2870 542 2999 582 vero
3032 527 3305 581 Dominus.
3336 526 3466 581 Esse

1890 620 2108 688 quidem
2135 621 2392 689 templum
2415 621 2712 676 Divinitatis
2740 620 2859 677 Filii
2879 636 3094 691 corpus,
3124 628 3180 676 et
3208 620 3467 689 templum

1891 712 2185 767 secundum
2230 714 2579 768 excellentem
2604 713 2889 782 quamdam
2918 722 2974 767 et
2998 713 3230 768 divinam
3259 712 3467 766 unitum

1891 804 2342 872 conjunctionem,
2370 805 2725 861 certissimum
2753 812 2853 869 est,
2902 804 2975 858 ita
3005 810 3063 859 ut
3099 819 3164 859 ea
3198 818 3317 872 qua:
3342 812 3467 858 sunt

1890 895 1985 949 Dei
2015 896 2279 950 asciscere
2298 896 2398 950 sibi
2426 904 2481 951 et
2501 895 2569 951 ad
2596 911 2653 951 se
2674 910 2928 952 revocare
2947 895 3177 950 divinam
3199 902 3462 960 naturam,
3530 902 3533 905 '

1890 986 2133 1057 proﬁteri
2196 988 2265 1042 sit
2326 988 2545 1053 bonum,
2586 996 2642 1044 et
2677 988 2895 1057 dignum
2942 988 3245 1055 evangelica
3298 987 3465 1042 tradi-
3524 1033 3535 1055 ,

1892 1078 2057 1135 tione.
3531 1072 3535 1101 ³

1961 1168 2048 1223 14.
2075 1167 2244 1237 Hujus
2273 1177 2451 1223 autem
2478 1167 2852 1224 familiaritatis
2880 1169 3095 1225 nomine
3121 1168 3381 1234 affricare,
3415 1176 3470 1222 et

1892 1258 2191 1328 conjunctm
2219 1258 2394 1313 carnis
2414 1259 2788 1327 preprietates,
2812 1260 3212 1329 generationem
3241 1260 3464 1323 scilicet,

1892 1358 1948 1406 et
1990 1351 2310 1420 passionem,
2362 1358 2416 1404 et
2442 1351 2823 1404 mortalitatem
2856 1352 2964 1406 Deo
2986 1352 3236 1416 tribuere,
3262 1358 3353 1404 aut
3379 1366 3467 1405 er-

1892 1442 2062 1495 rantis
2090 1440 2419 1509 gentilitatis,
2449 1440 2630 1506 frater,
2655 1450 2737 1495 est
2764 1455 2969 1508 sensus,
3003 1450 3094 1496 aut
3121 1450 3302 1497 mente
3328 1443 3470 1512 capti

1893 1532 2214 1604 Apollinaris
2242 1543 2295 1588 et
2323 1532 2452 1599 Arii,
2485 1542 2578 1588 aut
2613 1533 2938 1602 reliquarum
2986 1535 3211 1602 pestium
3254 1535 3469 1589 haereti-

1894 1644 2094 1695 carum,
2127 1636 2181 1683 et
2208 1629 2292 1683 his
2320 1627 2521 1695 aliquid
2545 1625 2696 1696 pejus
2721 1645 2733 1679 :
2767 1642 2986 1682 necesse
3006 1635 3088 1682 est
3125 1628 3267 1682 enim
3288 1627 3473 1695 hujus-

207 1699 285 1755 his
308 1699 620 1770 superfuudi
648 1700 876 1757 debeat?
912 1701 1035 1757 audi
1076 1701 1305 1757 iterum:
1355 1700 1425 1755 Et
1471 1713 1583 1757 erat
1628 1712 1790 1756 mater

1902 1720 2040 1775 modi
2087 1720 2348 1781 homines,
2400 1726 2658 1772 attractos
2704 1718 3077 1772 familiaritatis
3124 1718 3360 1784 nomine,
3418 1724 3473 1772 et

204 1790 325 1845 Jesu
372 1791 442 1845 ibi
485 1790 664 1860 (Joan.
687 1809 744 1858 u,
778 1792 853 1864 1).
886 1792 953 1847 Et
974 1793 1205 1848 iterum:
1240 1791 1366 1847 Cum
1406 1792 1581 1846 Maria
1625 1802 1789 1847 matre

208 1881 333 1936 Jesu
356 1884 489 1953 (Act.
522 1900 558 1949 1,
594 1883 704 1954 14).
730 1884 863 1941 Illud
883 1900 1097 1955 quoque
1122 1902 1134 1937 :
1170 1884 1318 1949 Quod
1343 1885 1396 1938 in
1422 1901 1483 1940 ea
1502 1896 1677 1940 natum
1692 1895 1785 1953 est,

204 1971 266 2025 de
296 1970 501 2042 Spiritu
529 1982 707 2029 sancto
734 1982 809 2031 est
832 1972 1043 2045 (Matth.
1071 1992 1106 2042 t,
1132 1973 1243 2045 20).
1268 1973 1336 2028 Et
1356 1974 1548 2030 iterum
1569 1993 1581 2028 :
1605 1976 1789 2045 Accipe

204 2081 419 2134 puerum
446 2075 495 2118 et
527 2075 745 2121 matrem
771 2067 902 2135 eius,
932 2078 981 2122 et
1010 2070 1128 2139 fuge
1155 2069 1211 2121 in
1246 2068 1537 2140 Afgyptum
1574 2066 1786 2136 (Matth.

200 2171 257 2218 n,
290 2155 406 2225 15).
448 2155 514 2210 Et
559 2158 725 2212 illud:
760 2158 839 2214 De
883 2158 1024 2215 Filio
1058 2160 1168 2232 ejus
1197 2162 1481 2232 unigenite,
1514 2163 1599 2234 qui
1621 2164 1788 2231 factus

200 2254 277 2298 est
298 2246 346 2299 ei
371 2262 433 2299 ea:
467 2248 659 2302 semine
688 2247 860 2304 David
886 2251 1162 2306 secundum
1190 2267 1397 2305 carnem
1427 2250 1603 2322 (Rom.
1638 2268 1676 2314 ι,
1708 2251 1786 2320 5).

198 2330 267 2386 Et
298 2332 496 2389 iterum
530 2335 598 2392 de
626 2339 875 2408 passione
901 2339 1016 2408 ejus
1042 2358 1053 2392 :
1086 2336 1223 2403 Quia
1252 2339 1388 2394 Deus
1417 2338 1615 2394 Filium
1640 2356 1790 2393 suum

198 2425 346 2478 misit
374 2426 429 2478 in
474 2428 863 2483 similitudinem
900 2432 1071 2485 carnis
1112 2432 1328 2501 peccati,
1377 2439 1427 2484 et
1475 2431 1537 2485 de
1582 2441 1790 2501 peccato

197 2514 473 2571 damnavit
494 2531 757 2589 peccatum
777 2522 830 2575 in
861 2538 1014 2576 carne
1036 2521 1212 2593 (Rom.
1235 2539 1345 2588 vni,
1370 2524 1446 2594 '5).
1472 2522 1540 2577 Et
1560 2523 1787 2578 iterum:

196 2604 439 2662 Christus
464 2620 693 2665 mortuus
720 2620 799 2666 est
816 2629 909 2682 pro
930 2614 1149 2682 peccatis
1171 2615 1362 2670 nostris
1394 2613 1436 2685 (1
1456 2612 1575 2668 Cor.
1600 2630 1683 2678 xv,
1710 2613 1787 2684 5).

191 2694 268 2759 Ει
298 2697 484 2754 denuo
510 2718 523 2753 :
555 2698 761 2756 Christo
806 2719 958 2773 passo
984 2704 1041 2757 in
1089 2720 1242 2758 carne
1271 2703 1313 2775 (l
1341 2703 1485 2758 Petr.
1510 2720 1587 2772 ιν,
1616 2704 1692 2776 1).
1724 2704 1793 2758 Et

193 2787 335 2841 illud
364 2807 376 2841 :
412 2788 526 2844 Hoc
552 2802 629 2846 est
650 2809 832 2864 corpus
858 2812 1041 2862 meum,
1066 2804 1117 2850 et
1144 2796 1224 2849 hic
1246 2798 1456 2868 sanguis
1476 2815 1615 2852 meus
1639 2796 1787 2870 (Luc.

194 2894 334 2943 xxn,
375 2878 486 2950 19).
515 2881 632 2937 Non
662 2882 793 2938 dixit
826 2903 837 2937 :
872 2884 998 2941 lixae
1022 2894 1103 2942 est
1130 2887 1311 2943 Deitas
1337 2904 1476 2944 mea.

236 2968 239 2969 ⁷
268 2968 367 3023 15.
411 2969 479 3024 Et
504 2971 692 3028 decem
715 2975 882 3029 millia
911 2976 1015 3030 alia
1044 2985 1185 3043 sunt,
1228 2978 1347 3032 aliis
1368 2986 1530 3047 atque
1554 2979 1672 3034 aliis
1693 2994 1792 3034 vo-

1895 1811 2201 1866 lactationis
2230 1810 2437 1865 socium
2466 1816 2684 1879 pr0pter
2703 1808 3150 1875 familiaritatem;
3188 1816 3242 1863 et
3280 1809 3471 1876 aetatis,

1892 1916 2013 1970 qua:
2050 1902 2308 1972 paulatim
2354 1902 2611 1967 accessit,
2662 1901 3115 1957 incrementorum
3156 1902 3472 1971 participem

1892 1992 2062 2047 Deum
2099 1993 2333 2047 Verbum
2370 1991 2578 2057 facere;
2620 2000 2675 2047 et
2710 1992 2975 2062 passionis
3013 1992 3067 2045 in
3123 2000 3365 2063 tempore
3406 2009 3473 2049 cx

1894 2082 2181 2137 timiditate
2210 2082 2391 2137 auxilii
2416 2081 2641 2149 angelici
2666 2081 3009 2150 indigentem.

1964 2171 2053 2227 15.
2094 2171 2269 2228 Taceo
2290 2172 2752 2228 eircumcisionem
2780 2179 2835 2225 et
2861 2169 3200 2234 sacriﬁcium,
3230 2179 3286 2227 et
3313 2171 3475 2227 sudo-

1893 2280 2029 2328 rem,
2056 2274 2111 2319 et
2138 2264 2354 2328 famem,
2378 2279 2498 2333 qua:
2523 2264 2739 2333 quidem
2767 2264 2914 2319 carni
2942 2280 3040 2333 pro
3078 2264 3232 2317 nobis
3278 2278 3475 2318 evene—

1894 2362 2020 2409 runt
2044 2373 2054 2407 :
2090 2355 2203 2409 haec
2227 2363 2424 2431 tamen,
2456 2371 2577 2409 eum
2601 2354 2678 2408 illi
2706 2354 3118 2423 conjunguntur,
3140 2354 3299 2409 etiam
3342 2353 3474 2407 ado-

1895 2448 2063 2503 randa
2091 2456 2260 2503 sunt‘:
2293 2447 2347 2501 in
2368 2447 2576 2501 Deitate
2597 2454 2776 2502 autem
2802 2446 2905 2500 ista
2932 2453 2988 2501 et
3008 2444 3119 2513 jam
3148 2444 3477 2499 mendaciter

1896 2538 2247 2606 accipiuntur,
2272 2546 2327 2590 et
2348 2536 2501 2590 nobis
2521 2544 2792 2603 tamquam
2814 2534 3289 2591 calumniatoribus
3304 2534 3475 2603 justas

1896 2626 2255 2683 damnationis
2283 2640 2475 2682 causas
2504 2625 2814 2695 iniportant.

1969 2718 2054 2774 16.
2096 2718 2190 2774 Hac
2217 2726 2523 2773 sanctorum
2550 2715 2769 2771 Patrum
2792 2715 3120 2782 traditiones,
3172 2714 3285 2771 haec
3333 2713 3476 2769 Scri-

1895 2818 2175 2883 pturarum
2204 2809 2455 2865 mandata
2477 2817 2783 2865 sanctarum
2809 2827 2821 2862 :
2852 2810 2931 2864 sic
2952 2809 3027 2863 illi
3047 2824 3165 2877 qua:
3192 2816 3317 2863 sunt
3343 2807 3478 2863 divi-

1897 2918 1982 2957 na:
2002 2900 2383 2957 misericordia:
2412 2909 2465 2955 et
2494 2901 2829 2956 auctoritatis
2850 2900 3137 2957 secundum
3176 2901 3343 2956 Deum
3391 2916 3478 2955 ra-

1898 2990 2263 3046 tiocinantur:
2298 2989 2428 3047 Haec
2450 2990 2715 3057 meditare,
2738 2992 2791 3044 in
2831 2991 2909 3046 his
2946 3001 3071 3057 esto,
3122 3000 3178 3045 ut
3220 2994 3477 3063 profectus

195 3062 361 3117 cibus
406 3066 828 3133 protestantibus
855 3067 1146 3123 humanum
1168 3083 1355 3137 genus,
1387 3085 1493 3126 non
1522 3070 1640 3125 Filii
1670 3070 1791 3127 Dei-
1819 3084 1867 3147 ο
1894 3081 2201 3152 manifestus
2254 3081 2323 3135 sit
2372 3079 2414 3150 (l
2448 3078 2578 3135 Tim.
2623 3095 2695 3145 ιν,
2728 3078 2837 3150 15).
2881 3078 3076 3135 Paulus
3104 3080 3206 3136 ista
3230 3062 3480 3135 omnibus

194 3161 377 3213 tatem
422 3166 694 3213 recentem
736 3168 942 3229 putare,
986 3170 1079 3216 aut
1107 3163 1391 3231 novellam,
1417 3174 1512 3219 aut
1536 3180 1793 3235 corpora-

195 3244 334 3299 lium
368 3248 678 3317 passionum
714 3266 833 3307 esse
874 3266 1147 3321 capacem,
1178 3254 1273 3309 sed
1303 3255 1444 3309 illam
1471 3256 1665 3311 divinae
1692 3272 1790 3311 na-

194 3345 338 3391 tura:
358 3338 704 3408 Coniunctam
732 3356 969 3405 carnem,
1002 3358 1069 3398 ex
1098 3358 1201 3414 qua
1231 3342 1398 3398 ﬁlium
1428 3362 1485 3400 se
1516 3346 1680 3399 David
1703 3362 1795 3401 noo

194 3428 379 3482 minat
406 3428 670 3487 Christus.
703 3430 839 3499 Quid
863 3434 1005 3489 enim
1028 3435 1139 3489 ait?
1172 3432 1308 3500 Quid
1336 3436 1475 3491 vobis
1504 3436 1701 3490 videtur
1730 3437 1792 3492 de

194 3516 447 3575 Christo?
467 3524 610 3593 cujus
632 3534 706 3579 est
726 3526 865 3593 ﬁlius
881 3526 904 3579 ?
919 3525 1329 3598 Responderunt,
1351 3528 1536 3583 David.
1560 3529 1793 3600 Respon-

196 3610 271 3664 dit
291 3611 453 3667 Jesus
476 3622 525 3667 et
552 3614 720 3669 dixit:
746 3614 1012 3679 Quomodo
1032 3636 1149 3690 ergo
1172 3618 1342 3673 David
1359 3621 1415 3674 in
1452 3622 1636 3692 spiritu
1676 3620 1789 3678 Do-

194 3702 405 3756 minum
459 3719 573 3758 eum
612 3714 776 3772 vocat,
834 3707 1044 3763 dicens:
1076 3707 1225 3765 Dixit
1262 3708 1518 3768 Dominus
1566 3712 1790 3771 Domino

1895 3170 2047 3225 dixit.

1970 3261 2057 3314 17.
2100 3262 2245 3317 Bene
2272 3268 2451 3317 autem
2471 3260 2601 3317 lacis
2622 3276 2807 3317 eorum
2828 3262 2919 3331 qui
2940 3261 3007 3317 de
3026 3261 3180 3317 nobis
3201 3259 3479 3316 oﬂendun-

1896 3361 1987 3407 tur
2014 3368 2198 3407 curam
2218 3367 2424 3422 gerere,
2450 3362 2476 3390 ι
2505 3360 2559 3408 et
2586 3352 2653 3407 de
2698 3352 2782 3407 his
2820 3352 3232 3408 sollicitudinem
3279 3352 3478 3407 habere

1899 3456 2019 3511 quae
2039 3442 2178 3511 apud
2198 3458 2297 3496 nos
2324 3450 2466 3496 sunt.
2500 3442 2844 3498 Unanimitati
2873 3450 2977 3495 tute
3000 3442 3223 3511 gratiam
3272 3442 3474 3506 habeo;

1900 3534 2037 3589 scito
2090 3542 2269 3588 autem
2315 3533 2594 3588 seductum
2623 3549 2739 3589 esse
2767 3542 2821 3589 te
2862 3532 2890 3573 δ
2920 3534 2986 3588 ab
3014 3534 3096 3588 bis
3122 3534 3263 3603 quia
3292 3542 3477 3588 sancto

1900 3624 2131 3680 concilio
2177 3624 2408 3694 depositi
2434 3632 2560 3678 sunt
2587 3636 2632 3691 ο,
2662 3633 2883 3695 propter
2909 3624 3053 3694 quod
3091 3625 3281 3681 morbo
3309 3623 3479 3680 Mani-

1900 3716 2176 3772 chzeorum
2203 3725 2387 3771 essent
2414 3718 2633 3789 repleti;
2665 3725 2760 3773 aut
2784 3717 2927 3787 quod
2955 3718 3292 3787 potissimum
3314 3728 3413 3785 est,
3447 3734 3477 3771 a

1378 3827 1922 3889 CASTIGATIONES
1957 3830 2050 3889 ΕΤ
2065 3828 2317 3888 NOTAE.

266 3925 295 3953 ι
337 3915 485 3971 Hinc
505 3926 680 3993 tamen
704 3919 1015 3993 criminatus
1036 3928 1115 3993 est
1134 3920 1389 3993 Cyrillum
1412 3923 1552 3993 apud
1572 3924 1795 3993 impera-

192 3993 398 4052 torem,
424 3990 581 4055 quasi
609 3990 870 4045 curiosius
916 3990 1109 4046 alienis
1156 3990 1313 4046 rebus
1351 3990 1607 4048 studeret.
1642 3990 1793 4050 Unde

193 4055 549 4132 Theodosius
578 4059 933 4132 stibiracunde
981 4060 1048 4114 ad
1074 4059 1331 4132 Cyrillum
1363 4080 1375 4114 :
1411 4061 1635 4117 Omnino
1664 4067 1794 4118 vitu-

191 4128 528 4209 perationem
548 4128 900 4209 effugerenpn
930 4128 1253 4209 potestfeum
1276 4134 1365 4209 _qui
1383 4141 1528 4209 _tanto
1558 4132 1787 4187 locorum

189 4196 479 4270 intervallo
502 4215 533 4250 a
555 4196 698 4270 nobis
733 4196 1066 4270 disjungilur,
1100 4196 1347 4270 curiosius
1378 4202 1429 4255 in
1462 4219 1542 4256 res
1587 4211 1791 4257 nostras

189 4267 503 4350 inquirere,
518 4276 619 4322 etc.
642 4268 769 4350 .(l‘p‘.
804 4267 862 4350 c._
884 4267 1169 4350 Eph-mean
1202 4269 1345 4350 51)._
1409 4316 1419 4350 Α.

334 4336 418 4421 ᾼὺ
451 4338 530 4421 his
570 4336 760 4421 qui,‘id
788 4348 870 4392 est
889 4336 1518 4421 a'Philippopresbytero
1540 4339 1792 4421 Ecclesiae

1898 3924 2373 3992 Quadragesimam
2404 3922 2639 3985 Paschte,
2680 3923 2763 3977 vel
2791 3922 2932 3977 circa
2977 3930 3186 3992 tempus
3214 3924 3472 3977 autumni.

1900 3994 1957 4049 Si
1978 3995 2120 4050 enim
2140 3994 2481 4049 convenisset
2498 4001 2691 4062 praeter
2709 4007 2934 4054 morem,
2959 3993 3325 4046 meminissent
3339 3993 3479 4046 illius

1895 4064 2082 4131 utique
2134 4064 2441 4131 scriptores,
2500 4062 2591 4131 qui
2632 4070 2759 4131 tam,
2790 4062 3003 4131 curiose
3050 4062 3245 4115 versati
3271 4070 3394 4115 sunt
3423 4064 3476 4116 in

1893 4130 2191 4189 scribendis
2217 4130 2549 4193 Nestorianaa
2578 4130 2811 4184 historia:
2839 4130 3057 4196 singulis
3112 4131 3478 4185 minutissimis

1897 4203 2180 4272 adjunctis.
2213 4201 2402 4272 Solent
2442 4216 2571 4272 vero
2598 4200 2810 4253 silentio
2832 4200 3166 4272 praetermitti
3190 4200 3479 4272 ordinaria:

1896 4268 2105 4343 synodi,
2153 4272 2253 4326 nisi
2294 4271 2432 4325 forte
2459 4271 2512 4324 in
2540 4270 2605 4324 iis
2623 4277 2829 4337 gestum
2853 4268 3011 4323 fuerit
3039 4270 3239 4339 aliquid
3267 4286 3475 4326 memo-

1899 4352 2022 4396 ratu
2041 4343 2275 4409 dignum.

188 4403 818 4491 Constantinopolitanzn
839 4424 999 4491 qu_e_m
1018 4403 1467 4491 deposiiumesse
1495 4426 1524 4464 a
1544 4409 1791 4491 Nestorio
1824 4432 1872 4491 ι)
1972 4403 2226 4491 Pmsedit
2252 4410 2550 4491 Nestorius,
2583 4408 2703 4476 quis
2731 4407 2871 4491 enim
2900 4408 3113 4491 alius_in
3138 4410 3279 4491 prbe
3307 4410 3474 4477 regia,

190 4484 430 4557 propter
471 4477 873 4557 accusationem
908 4477 1285 4557 Manichaaismi
1313 4479 1470 4557 docet
1497 4483 1794 4557 commoni-

193 4547 611 4621 toriumsancti
634 4547 815 4621 Cyrilli
844 4548 1036 4621 datum
1050 4548 1365 4621 Possidonio
1395 4549 1791 4621 euntiﬁRomam

188 4614 257 4666 ad
298 4614 923 4681 leestinum'papam,
956 4619 1156 4673 editum
1204 4619 1257 4673 in
1311 4634 1449 4674 nova
1478 4620 1795 4677 collectione

188 4682 580 4739 Conciliorum
609 4702 663 4757 p.
694 4682 817 4753 379,
851 4687 1046 4741 Bawz.

263 4766 287 4791 ε
354 4757 485 4821 Quo
515 4755 728 4811 tandem
758 4771 786 4809 a
810 4758 1068 4812 concilio?
1090 4756 1255 4811 Miror
1277 4772 1304 4810 a
1334 4758 1548 4814 nemine
1577 4760 1631 4813 in
1654 4759 1796 4814 hunc

190 4838 370 4893 usque
383 4824 533 4878 diem
559 4826 865 4895 inquisitum
879 4825 1039 4881 fuisse
1060 4826 1113 4880 in
1134 4828 1249 4883 11330
1268 4828 1448 4890 verba,
1472 4844 1594 4884 cum
1616 4837 1794 4884 tamen

189 4895 447 4965 omnium
464 4895 810 4965 _eruditorum
840 4897 1083 4965 manibus
1107 4898 1230 4950 trita
1251 4897 1336 4959 sit,
1362 4898 1636 4965 oculisque
1658 4899 1795 4953 lecta

188 4965 396 5035 sepius
428 4963 665 5019 Nestorii
692 4965 934 5033 epistola.
960 4964 1274 5021 Cenandum
1304 4967 1502 5035 aliquid
1530 4963 1581 5021 in
1606 4984 1665 5021 re
1687 4976 1795 5020 tam

189 5033 461 5105 obscura,
508 5035 590 5105 sin
637 5036 812 5105 minus
828 5035 1211 5105 indubitatum,
1240 5033 1429 5105 saltem
1459 5053 1567 5091 non
1597 5038 1795 5105 impro-

188 5101 379 5173 habile
408 5117 481 5157 ex
510 5103 730 5171 singulis
779 5103 1040 5173 adjunctis
1068 5120 1273 5159 eruere.
1306 5104 1440 5160 Hinc
1466 5108 1606 5160 enim
1636 5101 1795 5159 refel-

189 5170 638 5296 liturdpoplularis
658 5170 857 5242 opinio,
883 5188 1001 5241 qua:
1027 5175 1313 5228 multorum
1343 5176 1610 5229 mentibus
1650 5176 1792 5229 inse-

189 5241 291 5296 dit.
368 5258 402 5296 e
484 5242 737 5296 claaianis
766 5243 1031 5296 eniscoois
1052 5245 1117 5296 ab
1140 5242 1489 5296 Orientalium
1534 5245 1791 5296 concilia-

189 5241 291 5313 dit,
327 5241 402 5313 de
435 5241 737 5313 Pelagianis
766 5243 1031 5313 episcopis
1052 5245 1117 5298 ab
1140 5242 1489 5299 Orientalium
1534 5245 1791 5299 concilia-

186 5310 324 5365 bulo
354 5310 637 5381 Ephesino
657 5310 903 5380 receptis.

184 5392 204 5463 ιΔ
262 5381 408 5463 Illud
442 5390 593 5463 certe
620 5383 923 5463 concilium
944 5382 1014 5463 de
1048 5398 1154 5463 quo
1189 5384 1379 5463 agitur,
1406 5383 1794 5463 qualecumque

187 5451 436 5520 tandem,
459 5451 547 5517 sit,
580 5452 819 5506 habitum
849 5462 931 5507 est
976 5451 1460 5520 Constantinopoli,
1493 5453 1633 5507 unde
1661 5454 1793 5507 scri-

185 5521 361 5578 bebat
386 5519 671 5592 Nestor-ius
698 5523 841 5592 quod
868 5522 1130 5590 significat
1177 5539 1279 5578 vox
1326 5519 1507 5579 Graeca
1548 5527 1790 5585 ἐνταῦθα,

186 5600 295 5647 not:
328 5607 385 5644 IN
413 5606 573 5664 Loco.
607 5591 854 5646 Habitum
877 5594 1037 5647 etiam
1062 5594 1244 5664 procul
1273 5593 1434 5648 dubio
1463 5593 1529 5647 de
1552 5608 1720 5658 more,
1742 5593 1794 5646 id

185 5670 296 5731 est,
331 5661 641 5715 secundum
680 5677 943 5719 canonem
971 5661 1214 5734 quintum
1238 5664 1525 5733 Nicaenum,
1552 5664 1635 5719 vel
1667 5672 1791 5723 ante

1899 4480 2052 4548 cujus
2070 4481 2252 4552 sedem
2283 4480 2519 4552 tenebat,
2542 4492 2768 4552 eamque
2795 4480 3160 4552 ituroxs'qzulov?
3200 4478 3479 4552 Convene-

1898 4547 2027 4604 runt
2069 4549 2307 4629 episcopi
2362 4547 2666 4629 provinciae,
2720 4547 3213 4629 sic-‘e‘nim'jubebat
3234 4550 3479 4604 Nicmnus

1900 4616 2119 4674 canonf
2140 4616 2470 4673 Con—venisse
2498 4619 2602 4688 vel,
2620 4632 2752 4688 ann.
2780 4616 2900 4681 4‘29,
2936 4616 3177 4672 autumni
3202 4628 3473 4688 tempore;

1898 4690 2004 4755 vel,
2029 4689 2172 4760 quod
2199 4689 2358 4760 longe
2386 4687 2711 4760 credibilius.
2742 4687 2904 4760 iian
2931 4696 3133 4760 certum
3168 4688 3297 4760 mihi
3317 4687 3477 4760 vide-

1899 4766 2005 4823 tur,
2030 4755 2153 4813 ann.
2185 4755 2314 4822 430,
2337 4766 2461 4812 ante
2489 4756 2957 4823 Quadragesimam
2986 4755 3221 4820 Paschze,
3246 4758 3358 4810 sive
3380 4757 3480 4809 ini-

1899 4830 1977 4883 tio
2005 4828 2284 4883 Februarii
2320 4827 2537 4890 mensis,
2594 4824 2895 4880 ﬁrmissima
2938 4828 3079 4880 ratio
3125 4826 3473 4880 demonstrat.

1899 4896 2083 4966 Neque
2103 4898 2247 4953 enim
2288 4898 2473 4951 haberi
2500 4895 2692 4965 potuit,
2723 4903 2814 4948 aut
2843 4895 3021 4962 priore
3043 4910 3204 4966 anno,
3229 4896 3319 4966 qui
3350 4894 3469 4966 4:28,

1897 4963 2020 5021 cum
2040 4967 2268 5021 necdum
2296 4963 2563 5020 ferverent
2583 4965 2823 5018 autumni
2847 4973 3088 5033 tempore
3113 4965 3327 5018 dissidia
3376 4963 3479 5016 Ne-

1896 5037 2121 5115 storium
2134 5038 2291 5115 Ainter
2318 5034 3318 5115 et_Cyrillutn;.aut'annouposteriore‘,
3358 5048 3477 5086 cum

1897 5107 2101 5159 mentio
2131 5104 2221 5159 ﬁat
2242 5103 2456 5159 concilii
2475 5105 2527 5157 in
2549 5103 2739 5173 litteris
2766 5104 3015 5168 Nestorii,
3032 5104 3265 5173 ipstnque
3286 5104 3475 5173 littera:

1898 5190 1936 5246 a7
1957 5173 2157 5246 Cyrillo
2183 5175 2408 5246 Romam
2427 5174 2609 5246 missa:
2636 5171 2762 5233 sint,
2785 5188 2893 5246 _u_na
2914 5188 3034 5229 cum
3053 5171 3162 5246 suis
3191 5172 3257 5246 ad
3288 5172 3477 5246 Nesto-

1896 5242 2035 5298 rium
2058 5245 2291 5313 seriptis,
2315 5242 2627 5313 Cyrilloque
2648 5243 2890 5311 pontifex
2916 5242 3250 5312 responderit
3273 5242 3359 5296 die
3385 5256 3482 5293 ’111-

1899 5313 2107 5369 decimo
2130 5310 2503 5381 A'ugusti'ann.
2535 5310 2659 5365 450.

1971 5384 2163 5437 Actum
2202 5380 2256 5437 in
2304 5382 2532 5437 concilio
2560 5381 2627 5435 de
2670 5380 2975 5436 Manichteis
3022 5397 3084 5435 ac
3105 5381 3474 5443 Marcionistis,

1899 5460 1993 5507 aut
2009 5454 2075 5507 iis
2097 5461 2243 5507 certe
2262 5452 2354 5520 qui
2375 5449 2786 5505 Manichzeorum
2825 5452 3016 5505 morbo
3059 5452 3305 5505 laborare
3331 5452 3478 5504 dice-

1897 5531 2102 5586 rentur,
2137 5522 2280 5591 quod
2309 5521 2422 5588 ipse
2452 5527 2679 5591 testatur
2728 5520 3025 5591 Nestorius.
3074 5521 3308 5589 Depositi
3358 5528 3481 5574 sunt

1898 5593 2062 5661 aliqui
2102 5592 2366 5645 sententia
2390 5590 2623 5661 concilii,
2646 5606 2781 5659 quoe
2832 5590 3121 5661 licerentur
3154 5594 3219 5646 τὰ
3245 5598 3344 5647 τῶν
3367 5602 3479 5646 Mot-

1896 5658 2112 5733 νιχᾶἰων
2142 5669 2359 5736 φρονεῖν.
2383 5658 2487 5727 Qui
2506 5674 2633 5718 vero
2660 5658 2788 5719 Sunt
2805 5660 2883 5717 illi
2905 5661 3119 5720 clerici?
3141 5676 3209 5716 an
3247 5661 3483 5721 Alexan-
