3904 6272
170 341 261 400 825
939 337 1253 395 SECUNDA
1294 330 1612 397 NESTORII
1653 337 1989 396 EPISTOLA
2027 336 2121 396 AD
2153 337 2212 395 S.
2255 329 2621 396 CYRILLUM.

3313 334 3420 394 826

167 453 378 514 vocibus
411 446 684 524 propheta:
717 446 912 508 clamet
954 469 967 502 :
1009 451 1305 523 Replebitur
1344 462 1480 508 terra
1516 454 1731 508 scientia
1759 456 1814 518 Α
1837 453 2068 521 Damini,
2083 455 2217 508 sicut
2237 469 2372 525 aqua
2387 453 2548 507 multa
2563 453 2860 523 cooperiens
2880 434 3317 521 maria(lsai.x1,
3339 450 3419 524 9).

1312 587 1860 648 CASTIGATIONES
1908 591 1997 647 ΕΤ
2043 590 2269 647 NOTIE.

170 695 289 740 tores
326 682 485 752 ipsius
526 677 1013 752 Marcianistarum,
1055 695 1207 752 quam
1253 682 1735 748 commemorabam,

166 751 406 816 lueresim,
437 751 572 804 unde
598 767 711 803 eum
732 766 870 803 reum
908 751 1248 803 moliebantur
1270 752 1491 820 efﬁcere,
1518 755 1739 808 interra-

164 824 263 900 gati
289 830 567 900 quteesset,
593 822 788 900 nescire
807 836 861 900 se
888 822 1165 891 manifesta
1184 823 1502 900 professione
1521 839 1738 894 respon-

164 890 358 947 derunt.
388 891 471 944 Ex
496 907 597 961 qua
625 906 681 944 re
709 890 965 943 evidenter
984 890 1434 961 agnoscitur'quod
1461 890 1732 961 personam

161 964 314 1033 ipsius
343 962 455 1033 sine
482 960 580 1013 Dei
608 969 855 1033 respectu,
898 976 999 1012 non
1017 960 1174 1030 juste,
1206 960 1297 1033 sed
1314 960 1502 1033 contra
1530 965 1731 1033 animus

159 1029 290 1096 suas,
316 1031 429 1086 sola
448 1046 662 1101 gravare
679 1029 936 1101 voluntate
957 1029 1308 1083 tantummodo
1328 1030 1593 1084 voluerint.
1621 1031 1733 1088 Nos

160 1106 325 1172 itaque
354 1100 491 1171 facta
520 1114 776 1172 CONGILIO,
807 1100 942 1152 sicut
966 1108 1223 1169 gestorum
1248 1100 1386 1170 apud
1407 1117 1498 1154 nos
1532 1101 1736 1172 habito-

160 1170 264 1225 rum
286 1180 431 1224 tenor
469 1170 708 1233 ostendit,
734 1177 917 1222 cuncta
949 1184 1061 1239 qua:
1088 1178 1238 1222 erant
1268 1172 1558 1224 necessaria
1576 1171 1738 1226 subti-

160 1240 267 1294 liter
286 1247 665 1310 perscrutantes
686 1254 747 1291 ac
771 1247 1079 1310 tractantes:
1103 1239 1342 1309 quoniam
1361 1241 1414 1292 in
1436 1240 1577 1294 nullo
1598 1251 1741 1295 ante-

160 1308 356 1382 dictum
370 1308 722 1382 presbyterum
745 1325 891 1382 Areum
918 1308 1147 1382 invenire
1161 1318 1447 1382 potuimus,
1480 1313 1737 1382 prwcipue

158 1381 269 1451 quia
298 1376 498 1451 libellus
523 1376 680 1449 'quem
719 1377 1032 1451 delegatisqa
1058 1376 1197 1451 vobis
1232 1376 1493 1451 judicibus
1533 1376 1734 1447 obtulit,

157 1447 304 1503 recta:
331 1447 453 1530 ﬁdei
595 1449 769 1501 omnia
797 1447 1080 1530 sinceritati
1113 1449 1417 1530 concordat,
1441 1466 1501 1503 ea
1530 1460 1738 1521 propter

156 1516 443 1573 earumdem
455 1516 689 1588 judicum
724 1516 1050 1588 reprobantes
1072 1520 1393 1583 sententiam,
1425 1516 1600 1573 nostra
1622 1516 1736 1575 eum

154 1586 807 1658 deﬁnitione'casliolicum,
850 1595 922 1658 et_
939 1586 1003 1658 ab
1051 1588 1190 1639 omni
1236 1588 1476 1643 hwretico
1523 1592 1737 1645 crimine

156 1655 367 1712 liberum
386 1673 513 1721 esse,
538 1655 730 1709 Christi
756 1655 851 1708 Dei
883 1655 1238 1725 Redemptoris
1260 1661 1423 1712 nostri
1444 1660 1736 1715 misericor-

156 1728 237 1781 dia
264 1738 317 1781 et
343 1729 512 1788 gratia
534 1727 801 1788 revelante,
827 1725 1249 1780 denuntiavimus.

1847 684 2215 749 orthodoxam,
2260 695 2429 740 tamen
2451 693 2664 756 propter
2701 684 2830 756 alios
2867 686 3002 738 cauti
3035 700 3145 738 esse
3168 682 3456 756 debemus,'

1847 703 2215 749 ormaaoxum,
2260 703 2429 740 tamen
2494 703 2664 756 rapter
2701 703 2830 739 auos
2867 703 3002 738 caua
3035 703 3145 738 esse
3168 703 3423 747 aeaemus,

1847 764 1921 820 ut,
1964 765 2237 829 antequam
2265 758 2333 810 ad
2369 703 2623 829 publiicum
2653 754 2930 826 prodeant,
2961 772 3193 809 errorum
3231 754 3427 808 semina

1850 825 2229 879 conculcentur.

1913 894 2151 963 Denique
2169 896 2237 949 ad
2258 896 2596 952 Anastasium
2625 896 3037 951 Antiochenam.
3060 893 3185 948 Cum
3215 895 3279 948 de
3304 912 3429 948 san-

1841 973 2037 1018 ctarum
2065 965 2396 1049 corneiliarum
2420 967 2656 1049 custodia
2683 975 2769 1019 tua
2792 967 3090 1049 fraternitas
3121 966 3425 1049 loqueretur,

1842 1045 2077 1107 sanctam
2104 1033 2420 1107 Ephesinam
2446 1038 2699 1107 synodum
2723 1033 2943 1106 primam
2963 1052 3016 1088 se
3036 1033 3289 1107 custodire
3309 1052 3431 1107 pro:

1845 1105 1981 1176 fessa
2009 1113 2101 1157 est.
2136 1105 2242 1158 Sed
2264 1108 2383 1176 quia
2412 1105 2830 1161 ex'annatatione
2858 1106 3083 1161 hwretici
3112 1105 3321 1169 codicis,
3344 1106 3431 1176 qui

1844 1174 1915 1225 ad
1942 1190 2022 1255 m_e
2049 1190 2113 1227 ea:
2140 1174 2429 1255 regia'lurbe
2446 1178 2786 1255 transmissus
2814 1186 2908 1239 est,
2925 1176 3117 1255 agnovi
3137 1177 3251 1236 hoc,
3281 1174 3419 1245 quod

1845 1243 2083 1364 quautam
2104 1243 2329 1326 capitula
2350 1246 2604 1327 catholica
2625 1263 2738 1299 cum
2759 1243 3016 1327 haereticis
3034 1247 3238 1316 fuerant
3256 1243 3432 1315 repre-

1864 1329 2025 1364 tensa.
2049 1329 2170 1364 auia
2197 1313 2404 1364 quidam
2428 1316 2573 1364 illam
2595 1315 2909 1364 Euhcsmam
2938 1332 3157 1364 primum
3176 1314 3430 1364 sunodum

1864 1313 2027 1386 iensa,
2049 1314 2170 1384 quia
2197 1313 2404 1386 quidam
2428 1316 2573 1369 illam
2594 1315 2909 1386 Ephesinam
2938 1313 3157 1386 primam
3176 1313 3430 1386 synodum

1845 1383 1901 1435 in
1929 1383 2106 1457 eadem
2132 1383 2255 1436 urbe
2282 1385 2608 1451 existimant,
2642 1383 2766 1457 quae
2792 1383 3052 1456 quondam
3088 1384 3152 1437 ab
3179 1383 3431 1457 haereticis

1848 1453 2070 1505 traditur
2097 1469 2207 1524 esse
2235 1457 2534 1524 composita,
2558 1453 2767 1509 omnino
2796 1453 2996 1509 necesse
3023 1463 3099 1508 est
3118 1464 3175 1507 ut
3204 1455 3431 1508 charitas

1845 1531 2012 1575 vestra
2041 1522 2271 1594 eamdem
2311 1522 2563 1594 synodum
2604 1524 2742 1593 apud
2765 1534 2995 1579 sanctam
3022 1524 3434 1579 Alexandrinam

1846 1600 1997 1665 atque
2023 1592 2399 1665 Antiochenam
2440 1592 2727 1665 Ecclesium
2756 1595 3011 1665 requirat,
3036 1604 3104 1665 et
3130 1594 3350 1665 qualiter
3376 1596 3433 1649 in

1845 1663 2056 1735 veritate
2075 1678 2131 1714 se
2148 1662 2333 1735 habeat
2352 1665 2609 1728 inveniat;
2633 1664 2727 1727 vel,
2751 1664 2796 1718 si
2816 1662 3000 1734 placet,
3023 1662 3432 1735 hincdirigimus

1844 1747 1960 1801 qua:
1989 1731 2052 1784 ab
2100 1733 2405 1803 antiquitate
2449 1744 2649 1803 servata
2687 1731 2993 1803 iniseriuiis
3032 1731 3309 1797 habemus;
3338 1734 3433 1788 illa

220 1785 625 1878 ᾼῳξῆιιιίὶρᾳιη
646 1785 846 1878 pariter
866 1795 1243 1878 imperatorem
1262 1796 1453 1878 (Epist.
1479 1797 1598 1864 116,
1623 1815 1737 1870 qua:
1768 1785 1814 1845 Β
1842 1785 1980 1853 enim
2008 1785 2390 1878 synodus’,_qute
2537 1785 2719 1873 prima:
2733 1785 3021 1878 Ephesium
3039 1785 3269 1878 imagine
3287 1785 3431 1878 facta

223 1868 321 1936 inti
345 1866 432 1920 lib.
456 1864 527 1939 1
548 1866 606 1939 )_:
643 1864 849 1939 Relatis
868 1866 1055 1939 igitur,
1074 1865 1126 1918 in
1148 1864 1395 1939 concilia,
1421 1884 1532 1939 quia
1559 1864 1740 1923 contra

187 1934 406 1992 aannem
444 1934 1267 2005 Chalcedonensispresbyterum
1324 1934 1576 1992 Ecclesia:
1622 1950 1739 1992 acta

150 2016 295 2079 sunt,
330 2006 482 2060 simul
510 2014 560 2058 et
587 2006 717 2079 serie
730 2005 972 2079 judicati,
996 2006 1246 2079 majorem
1266 2005 1412 2061 illum
1431 2009 1740 2079 injustitiam

150 2078 448 2131 sustinuisse
467 2077 790 2151 cognovimus
818 2076 1001 2145 quippe
1020 2092 1165 2145 quem
1191 2076 1495 2151 clamantem
1515 2094 1571 2132 se
1589 2091 1741 2151 atque

150 2156 519 2200 monstrantem
535 2145 847 2218 catholicum
860 2161 995 2218 esse,
1021 2162 1123 2198 non
1144 2155 1314 2199 reatus
1336 2147 1506 2218 culpa,
1530 2148 1622 2201 sed
1650 2145 1740 2202 diu

148 2219 408 2289 accusatio
435 2219 629 2289 incerta
656 2216 909 2268 contrivit.
938 2213 1003 2268 In
1035 2224 1231 2269 tantum
1258 2218 1381 2289 quia
1410 2213 1739 2289 accusatores

146 2286 309 2356 ipsius
332 2285 805 2350 Marcianistarum,
824 2301 976 2355 quam
997 2285 1481 2352 commemorabam,
1500 2287 1737 2343 haeresim

147 2372 202 2428 se
227 2358 445 2428 nescire,
470 2365 649 2428 aperta
671 2356 1001 2428 responsione
1020 2358 1239 2428 professi
1259 2367 1397 2410 sunt.
1422 2357 1489 2411 Et
1508 2366 1697 2428 postea
1720 2377 1733 2412 :

149 2422 285 2498 Quia
332 2443 450 2497 ergo
490 2422 1028 2498 omnibusfsubtiliter’
1046 2422 1246 2479 rimatis
1288 2436 1440 2498 atque
1480 2422 1734 2493 tractatis,

146 2492 457 2549 catholicum
484 2496 890 2566 suprascriptum
913 2492 1170 2566 Joannem
1190 2492 1537 2566 presbyterum
1571 2492 1738 2551 sancti

143 2579 375 2620 conetur
422 2564 619 2618 mecum
666 2564 927 2632 deﬁnitio,
980 2564 1166 2618 divina:
1192 2564 1446 2634 patentia:
1482 2567 1740 2620 revelante

141 2638 340 2704 gratia,
373 2634 678 2704 declaravit,
705 2640 810 2704 etc.
1019 2702 1029 2704 ῃ
1255 2642 1260 2647 ’

215 2704 310 2775 Ad
331 2702 1062 2775 Theoctistumimperatoris
1082 2710 1369 2771 cognatum
1382 2702 1583 2775 (Epist.
1612 2704 1736 2773 117,

137 2772 359 2844 quia”
388 2772 505 2826 libri
532 2772 724 2844 quinti)
746 2789 759 2825 :
794 2771 1092 2826 Indicamus
1118 2775 1291 2844 itaque
1310 2771 1448 2844 vobis
1465 2771 1741 2829 'Jaannens

137 2841 515 2912 presbyterum,
539 2841 1118 2915 lataremrprcesentium,
1142 2841 1355 2915 liberum
1377 2843 1440 2896 ab
1461 2844 1539 2898 his
1560 2845 1741 2915 quibus

140 2921 419 2985 accusatus
449 2914 913 2985 fueratexstitisse.
947 2912 1104 2985 cujus
1132 2913 1289 2982 ﬁdem
1312 2916 1451 2985 facta
1473 2912 1737 2985 conciato,

140 2980 321 3039 subtili
351 2980 764 3047 examinatione,
808 2991 865 3034 ut
890 2980 1067 3051 petiit,
1097 2980 1505 3051 perscrutantes,
1538 2984 1741 3038 nullam

141 2998 321 3039 suam:
351 2998 764 3047 examinatione,
808 2998 865 3034 ut
926 2998 1067 3046 emt,
1097 2998 1505 3051 perscrutantes,
1538 2998 1740 3038 nuuam

141 3054 194 3105 in
222 3067 291 3105 eo
320 3052 525 3126 culpam
534 3067 727 3126 pravas
770 2998 1109 3126 confgssionis
1135 3053 1457 3126 invenimus._
1483 3053 1590 3107 Sed
1616 3056 1740 3126 quia

141 3132 296 3177 recta:
334 3122 457 3192 ﬁdei
476 3162 491 3185 ,
527 3122 633 3174 Deo
658 3122 952 3184 miserante,
982 3123 1249 3243 professor
1275 3138 1337 3176 ac
1375 3123 1541 3177 cultor
1568 3122 1738 3194 appa-

141 3194 264 3243 ruit.
290 3201 473 3243 nostra
492 3208 607 3243 eum
627 3189 926 3243 deﬁnitione
945 3206 977 3242 a
1012 3206 1069 3243 so
1092 3192 1281 3243 vimus:
1312 3194 1598 3243 nrmsertim
1618 3210 1738 3243 cum

141 3194 264 3256 ruit,
290 3189 473 3245 nostra
492 3208 607 3244 eum
627 3189 926 3259 deﬁnitione
945 3189 1281 3262 absolvimus;
1312 3189 1738 3262 prwsertim'cum

143 3272 509 3335 acccusatores
528 3262 688 3335 ipsius
729 3276 843 3335 quas
880 3269 1011 3313 esset
1050 3260 1539 3335 Marcionistarum,
1582 3280 1739 3335 quam

144 3329 633 3401 commemorabam,
660 3329 895 3401 haeresim
929 3346 983 3401 se
1000 3332 1209 3401 nescire
1226 3334 1446 3401 professi
1467 3334 1591 3386 sint.

211 3400 281 3454 Et
309 3401 380 3454 ad
411 3400 691 3470 Eulogium
721 3399 1145 3470 Alexandrinum
1184 3399 1347 3470 atque
1378 3400 1738 3458 'Anastasium

144 3471 538 3526 Antiochenum
563 3469 752 3539 (Epist.
773 3467 892 3535 195,
911 3468 1197 3539 φιωὸιίὸνὶ
1217 3467 1370 3539 sexti)
1398 3489 1410 3524 :
1432 3474 1566 3526 Ante
1587 3474 1740 3527 trien-

144 3542 282 3595 nium
308 3548 520 3612 cogente
548 3538 704 3612 c'ausa
721 3538 1099 3612 monachorum
1129 3538 1369 3612 haurite,
1400 3543 1487 3612 qui
1506 3542 1739 3597 hceretici

146 3609 542 3682 accusabantur,
571 3610 898 3682 satisfaciens
917 3609 1043 3662 mihi
1065 3610 1323 3682 quondam
1340 3609 1508 3682 frater
1535 3621 1587 3666 et
1613 3630 1744 3680 can-

146 3681 385 3752 sacerdos
409 3696 550 3733 meus
579 3676 1114 3752 D_aniinus_Jaannes,
1148 3676 1355 3752 litteras
1370 3682 1531 3752 misit,
1555 3677 1740 3752 quibus

146 3749 412 3803 videbatur
432 3748 699 3803 ostendere
718 3764 803 3820 eos
832 3747 1110 3820 Ephesium
1128 3750 1312 3819 synodi
1342 3747 1736 3820 deﬁnitionibus

145 3819 563 3889 contradixisse:
593 3827 642 3871 et
668 3818 801 3871 velut
841 3835 907 3871 ea:
946 3818 1124 3872 eadem
1151 3818 1348 3889 synodo
1388 3818 1527 3874 certa
1564 3821 1734 3887 nobis,

146 3890 323 3961 quibus
352 3891 456 3961 ipsi
486 3887 815 3961 obsisterent,
861 3888 1087 3961 capitula
1129 3887 1426 3961 destinavit;
1466 3892 1599 3944 inter
1625 3891 1737 3945 alia

146 3958 313 4033 aulam
335 3958 586 4029 scriptum
612 3958 719 4011 illic
748 3958 1099 4033 continebatur
1119 3959 1182 4013 de
1207 3960 1586 4033 Adteanima,t
1613 3963 1739 4033 quia

145 4029 199 4100 in
226 4037 442 4099 peccato
480 4038 812 4100 martuanon
840 4029 1019 4098 fuerit,
1050 4046 1110 4083 eo
1137 4030 1274 4100 quod
1301 4030 1534 4084 diabolus
1560 4029 1737 4085 in'car

147 4098 365 4153 hominis
388 4116 493 4153 non
522 4101 576 4152 in
613 4098 921 4161 rediebatur,
944 4108 994 4151 et
1013 4100 1057 4151 si
1078 4098 1192 4170 quis
1221 4100 1317 4153 hoc
1346 4100 1577 4162 dixisset,
1603 4117 1739 4153 ana-

147 4169 309 4223 thema
331 4180 484 4223 esset.
512 4190 529 4219 :
559 4116 686 4233 ἅνω
706 4184 819 4220 cum
847 4168 971 4222 mihi
993 4168 1157 4225 relata
1179 4170 1413 4233 fuissent,
1442 4169 1591 4223 valde
1611 4186 1739 4225 con—

147 4169 309 4251 thema
331 4180 484 4223 esset.
512 4190 529 4219 >
559 4168 686 4250 Qua:
706 4168 971 4251 cum‘mihi
993 4168 1157 4250 relata
1178 4170 1413 4251 fuissent,
1442 4169 1591 4251 valde
1611 4186 1740 4251 con-
1766 4221 1771 4225 _

145 4241 376 4293 tristatus
404 4256 552 4303 sum;
582 4240 625 4292 si
653 4240 789 4293 enim
814 4238 968 4301 Adae,
1000 4240 1085 4309 qui
1114 4238 1307 4308 primus
1336 4241 1586 4309 peccavit,
1618 4242 1738 4294 ani-

144 4324 227 4361 ma
248 4310 311 4379 in
342 4320 553 4379 peccato
575 4318 776 4363 mortua
798 4325 901 4361 non
931 4308 1026 4371 est,
1054 4309 1306 4379 quomodo
1327 4309 1390 4361 de
1417 4308 1556 4378 ligno
1583 4312 1736 4364 vetita

144 4380 192 4431 ei
220 4378 419 4433 dictum
444 4389 521 4432 est
554 4396 570 4431 :
614 4379 679 4431 In
699 4393 1041 4448 iquacumque
1084 4378 1170 4448 die
1197 4379 1516 4431 comederitis
1561 4395 1626 4432 ex
1652 4396 1733 4445 eo,

146 4458 309 4502 morte
337 4449 668 4503 moriemini?
697 4445 764 4501 Et
804 4445 991 4516 postea
1016 4465 1028 4499 :
1068 4445 1217 4509 Quod
1240 4465 1356 4502 vero
1386 4448 1619 4502 diabolus
1647 4466 1738 4503 cor

1768 3156 1816 3220 C

1845 1880 1957 1934 est,
2001 1871 2234 1943 quadam
2262 1871 2315 1925 in
2346 1889 2401 1926 se
2428 1871 2600 1943 ablata
2629 1874 2856 1943 capitula
2901 1874 3086 1943 asserit
3126 1871 3430 1943 appgo'bata,

1881 1955 1960 2013 nte
1978 1938 2097 2013 sunt
2118 1938 2338 2013 Caelestii
2367 1953 2516 2013 atque
2536 1938 2753 2013 Pelagii
2768 1938 3287 2013 pradicamentn.'Et
3314 1954 3432 2013 cum

1870 2008 2105 2083 Iazlestius
2128 2020 2281 2083 atque
2302 1999 2544 2083 Pelagius
2571 2014 2623 2065 in
2652 1999 2917 2083 Ephesina
2944 2010 3141 2083 synodo
3163 2013 3265 2083 sint
3286 2000 3434 2066 dam-

1844 2081 1978 2142 nati,
2002 2080 2256 2154 quamodo
2285 2080 2349 2133 ab
2376 2080 2447 2135 ea'
2466 2080 2711 2153 poterant
2730 2083 2823 2136 illa
2852 2080 3077 2152 capitula
3101 2082 3278 2152 recipi,
3300 2098 3432 2154 qua-

1844 2166 1961 2201 rum
1985 2149 2367 2203 damnabantur
2393 2149 2626 2206 auctores
2643 2154 2668 2205 ?

1917 2218 1997 2291 Es
2023 2221 2105 2291 his
2141 2234 2259 2288 qua:
2287 2223 2498 2290 scripsit
2523 2221 2812 2291 Gregorius
2840 2220 3081 2291 Magnus,
3104 2221 3271 2277 multa
3299 2220 3430 2277 licet

1845 2290 2168 2361 concludere
2196 2291 2247 2344 in
2277 2305 2390 2345 rem
2412 2290 2727 2361 przcsentem
2753 2310 2765 2344 :
2798 2300 2853 2345 et
2880 2290 3109 2361 primum
3137 2291 3373 2359 quidem,
3400 2306 3433 2345 a

1846 2360 2115 2430 pontiﬁcis
2143 2360 2427 2415 sententia
2451 2363 2703 2429 recedere
2732 2362 2822 2430 qui
2869 2360 3082 2416 causam
3129 2361 3435 2415 Isaurorum

1844 2429 2234 2501 monachorum
2251 2431 2329 2501 ab
2357 2446 2421 2484 ea
2446 2446 2565 2499 qua:
2592 2429 2818 2485 duorum
2848 2431 3282 2501 presbyterogum
3317 2437 3437 2484 erat

1843 2506 2148 2570 secernunt.
2201 2499 2467 2570 Alterum,
2512 2501 2684 2556 codici
2728 2499 3116 2570 quo’syno‘dus
3144 2499 3433 2570 Ephesius

1847 2567 2227 2622 continebatur
2266 2569 2495 2624 insertos
2533 2571 2694 2625 fuisse
2732 2567 2965 2624 canones
3004 2567 3224 2624 alterius
3256 2568 3438 2636 cujus-

1845 2636 1972 2690 dam
2004 2637 2232 2692 concilii.
2262 2637 2518 2704 Tertium,
2552 2639 2739 2694 huicce
2768 2639 2968 2693 inserto
2997 2639 3224 2694 concilio
3252 2637 3437 2693 oblata

1844 2705 2009 2761 fuisse
2037 2707 2291 2778 capitula,
2337 2723 2454 2776 quae
2493 2710 2560 2778 ab
2589 2710 2704 2778 ipso
2739 2709 2967 2778 probata
2995 2710 3119 2762 sint.
3150 2707 3435 2775 Quartum,

1846 2790 1911 2829 ea
1952 2778 2185 2833 capitula
2232 2776 2444 2832 Isauros
2490 2776 2679 2833 fecisse
2728 2776 2852 2833 reos
2896 2778 3265 2833 consensionis
3309 2792 3432 2832 cum

1846 2843 2135 2901 Manichmo
2177 2854 2231 2901 et
2268 2847 2558 2902 Marcionc.
2592 2847 2864 2915 Quintum,
2896 2864 3059 2901 unum
3088 2865 3154 2902 ex
3184 2847 3434 2916 capitulis

1846 2917 2233 2971 contradixisse
2267 2918 2561 2982 catholicas,
2595 2919 2661 2972 de
2699 2919 2874 2972 anima
2904 2918 3091 2971 Adami
3114 2934 3211 2987 per
3238 2932 3435 2987 pecca-

1845 2992 1958 3056 t_um
1997 2995 2237 3053 mortua,
2271 2988 2535 3056 Anastasii
2574 2989 2883 3049 sententiae,
2920 2995 3081 3056 atque
3109 2984 3253 3041 adeo
3272 2984 3439 3042 fuisse

1846 3050 2232 3123 Pelagianum,
2277 3057 2362 3110 vel
2412 3055 2809 3111 C(elcstianum.
2853 3050 3106 3123 Sextum,
3147 3056 3435 3111 concilium

1847 3123 1987 3177 istud
2007 3124 2271 3206 diversum
2294 3125 2454 3207 fuisse
2475 3128 2541 3180 ab
2562 3128 2890 3207 mcumcnica
2913 3126 3118 3207 synodo
3138 3126 3431 3207 Ephesius,

1846 3208 1966 3267 cum
1990 3195 2058 3267 _in
2094 3197 2427 3267 arcumcnica
2448 3197 2678 3267 Asynodo
2716 3195 3434 3267 damnationissenteutiam

1846 3264 2065 3333 tulerint
2094 3263 2341 3333 Pelagius
2363 3274 2415 3320 et
2437 3263 2736 3330 Caelestius,
2762 3266 2815 3319 in
2836 3267 2927 3320 illo
2947 3266 3175 3320 concilio
3197 3266 3434 3333 ipsorum

1844 3332 2337 3406 dogmata_probata
2361 3337 2485 3390 sint.
2505 3334 2821 3406 Septimum,
2843 3335 3158 3406 Gregorium
3181 3332 3434 3403 Magnum

1844 3418 2061 3457 causam
2084 3404 2389 3459 Isaurorum
2410 3406 2462 3459 in
2485 3404 2715 3460 concilio
2736 3406 3071 3473 cognovisse,
3096 3405 3256 3473 idque
3278 3412 3436 3459 testa-

1845 3480 1957 3543 t_um
2003 3474 2256 3539 voluisse,
2305 3482 2359 3528 et
2405 3475 2747 3543 imperatori,
2791 3482 2846 3528 et
2892 3474 3099 3529 Narseti
3143 3473 3344 3540 comiti,
3376 3482 3435 3529 et

1844 3541 2037 3596 Joanni
2064 3541 2659 3615 Constantinopolitano
2700 3545 2972 3615 episcopo,
3011 3544 3433 3615 et_imperatoris

1845 3621 2095 3681 cognato,
2130 3629 2197 3668 ne
2235 3614 2354 3682 quis
2386 3630 2572 3668 eorum
2618 3613 2758 3669 foret
2804 3613 3017 3669 inscius.
3070 3613 3432 3680 Postremum,

1846 3683 2128 3737 concilium
2175 3683 2303 3737 illud
2349 3699 2453 3738 non
2504 3683 2665 3739 fuisse
2720 3683 2859 3739 idem
2907 3699 3029 3738 cum
3076 3683 3433 3738 conciliabqu

1846 3749 2192 3806 Orientalium
2233 3754 2731 3809 schismaticorum:
2764 3754 2817 3807 in
2860 3754 2964 3808 hoc
3002 3755 3176 3818 enim,
3208 3764 3266 3807 ut
3292 3754 3437 3808 bene

1847 3830 2247 3893 argumentatur
2276 3823 2472 3893 Lupus,
2505 3825 2798 3893 approbata
2823 3840 2929 3877 non
2958 3831 3081 3876 sunt
3108 3821 3435 3893 leestiana

1845 3890 2125 3959 dogmata;
2157 3893 2202 3945 si
2224 3890 2370 3946 enini
2389 3890 2588 3957 forent,
2605 3909 2635 3947 a
2663 3894 2937 3947 catholicis
2966 3893 3148 3960 utique
3170 3892 3286 3945 sine
3305 3905 3431 3959 gra-

1844 3962 2064 4015 vissima
2110 3962 2326 4030 querela
2375 3970 2581 4035 tantum
2615 3962 2832 4035 facinus
2860 3962 3277 4035 prtctermissum
3313 3975 3436 4035 .non

1847 4039 2019 4097 esset;
2053 4046 2176 4085 nam
2204 4047 2235 4084 a
2264 4032 2512 4098 concilio,
2544 4031 2631 4087 cui
2659 4031 2839 4086 oblata
2862 4030 3014 4095 Sunt,
3053 4030 3280 4100 probata
3304 4030 3437 4085 Sunt.

1845 4101 2049 4169 pariter
2075 4101 2327 4170 capitula.

1918 4170 2099 4241 Atque
2130 4168 2243 4225 hac
2280 4186 2399 4225 cum
2438 4178 2585 4241 certa
2623 4171 2761 4234 sint,
2803 4169 3097 4241 probabilis
3133 4168 3257 4241 inde
3293 4182 3436 4223 con—

1842 4238 2051 4307 jectura
2071 4240 2193 4295 duci
2215 4248 2411 4308 potest,
2434 4256 2538 4308 qua
2560 4238 2838 4295 ﬁrmentur
2858 4241 2958 4295 ista
2975 4254 3069 4293 sex
3088 4240 3279 4308 quibus
3298 4252 3439 4308 con-

1848 4310 2050 4363 tinetur
2076 4307 2415 4378 quazs’tionis,
2447 4307 2549 4365 nisi
2577 4310 2750 4377 fallor,
2784 4311 2947 4365 totius
2993 4309 3212 4375 solutio,
3243 4307 3436 4378 reique

1848 4379 2135 4434 admodum
2164 4380 2430 4448 impeditae
2455 4380 2758 4449 explicatio.

1918 4449 1970 4502 1.
2000 4445 2298 4503 Concilium
2337 4445 2768 4523 cujusjneminit
2808 4450 3097 4523 Gregorius
3136 4464 3245 4503 non
3286 4445 3436 4523 aliud

147 4517 372 4602 hominis
405 4520 743 4600 ingrediatur,
776 4520 820 4571 si
852 4516 1130 4602 Evangelia
1160 4518 1404 4602 creditur,
1436 4534 1538 4599 non
1577 4535 1737 4602 nega-
1768 4526 1822 4585 ι)
1846 4518 2007 4602 fuisse
2044 4534 2204 4587 quam
2240 4520 2383 4600 quod
2422 4535 2451 4573 a
2475 4519 2721 4602 Ifiestorio
2759 4516 3004 4602 coactum
3041 4534 3236 4602 mortua
3275 4518 3438 4602 nobis

146 4598 258 4651 tur;
288 4588 361 4642 ibi
392 4587 531 4642 enim
560 4589 809 4655 scriptum
833 4597 909 4641 est
931 4604 947 4640 :
972 4587 1039 4639 Et
1058 4598 1173 4655 post
1202 4588 1479 4641 buccellam
1506 4587 1741 4643 introivit

146 4658 198 4709 in
226 4674 343 4710 eum
374 4659 627 4712 Satanas.
664 4657 731 4709 Et
759 4673 936 4710 rursus
976 4658 1043 4709 ibi
1073 4658 1301 4711 dicitur:
1333 4657 1458 4711 Cum
1501 4657 1737 4713 diabolus

146 4728 251 4791 iam
280 4745 336 4781 se
356 4728 580 4781 misisset
600 4730 653 4781 in
675 4744 763 4780 car
780 4725 949 4791 Judw,
972 4737 1027 4779 ut
1052 4727 1272 4780 traderet
1289 4745 1401 4781 eum
1423 4727 1619 4792 ludas;
1642 4728 1739 4783 hac

149 4808 315 4850 autem
344 4800 435 4869 qui
464 4807 647 4868 negat,
690 4799 743 4869 Ψ
785 4796 1124 4869 Pelagianam
1153 4798 1387 4869 hazresim
1416 4798 1571 4851 cadit.
1605 4796 1742 4862 Quia

148 4882 267 4937 ergo
287 4865 669 4937 perscrutantes
690 4865 1004 4937 Ephesinam
1032 4867 1302 4935 synodum,
1328 4868 1459 4921 nihil
1475 4870 1611 4937 inea
1639 4870 1750 4922 tale

149 4935 436 4991 invenimus
485 4938 764 5020 contineri,
816 4936 1219 5020 de'lia‘vennate
1262 4954 1458 5020 quoque
1504 4935 1746 5020 Ecclesia

150 5016 403 5061 vetustum
434 5007 583 5059 valde
611 5006 834 5060 codicem
855 5005 1290 5077 ejusdemsynadi
1318 5005 1387 5060 ad
1415 5024 1508 5061 nos
1536 5007 1744 5077 deferre

154 5078 385 5145 fecimus,
421 5086 471 5129 et
514 5077 709 5146 synodo
753 5092 904 5146 quam
946 5076 1252 5130 habebamus
1282 5094 1394 5130 eum
1424 5080 1495 5130 ita
1523 5076 1744 5131 concor-

154 5146 276 5200 dare
302 5145 612 5209 invenimus,
644 5159 700 5198 ut
726 5145 780 5199 in
810 5145 953 5199 nullo
983 5147 1326 5216 discreparet,
1358 5157 1407 5201 et
1435 5147 1564 5199 nihil
1592 5147 1743 5200 aliud

154 5219 440 5287 contineret
478 5218 533 5287 in
563 5217 859 5284 deﬁnitione
899 5217 1238 5269 anathematis
1266 5228 1313 5270 et
1342 5217 1738 5287 reprabatianis,

154 5286 254 5338 nisi
292 5286 434 5357 quod
484 5286 747 5357 duodecim
794 5287 1018 5356 capitula
1061 5287 1222 5339 beatw
1262 5284 1519 5340 memoriae
1559 5284 1745 5356 Cyrilli

154 5354 456 5423 reprobant.
492 5354 644 5408 lianc
674 5354 1041 5409 autem'tatam
1090 5358 1339 5409 rationem
1383 5358 1543 5410 multa
1586 5354 1740 5411 latius

155 5426 494 5497 subtiliusque
533 5426 791 5497 prwdictis
831 5425 1207 5495 responsalibus
1248 5428 1358 5496 ejus
1399 5428 1452 5479 in
1505 5428 1747 5496 prtesenti

156 5497 337 5567 positis
372 5496 687 5567 reddidimus
706 5537 741 5567 ,Α
770 5505 918 5567 atque
957 5498 1003 5548 ei
1050 5498 1341 5566 plenissime
1368 5497 1745 5567 satisfacimus;

156 5565 314 5634 igitur
337 5583 405 5619 ne
427 5566 501 5635 sel
531 5566 639 5619 hwc
668 5565 741 5617 vel
770 5565 940 5635 aliqua
960 5568 1150 5619 similia
1178 5567 1285 5619 illic
1313 5565 1606 5635 subrepant,
1631 5583 1747 5635 qua:

157 5583 314 5634 igitur
337 5583 405 5619 ne
428 5583 500 5618 vet
531 5583 639 5619 meo
668 5583 739 5617 vet
770 5583 940 5635 auq'ta
960 5583 1150 5619 smuua
1178 5583 1285 5619 unc
1313 5583 1606 5635 suarepant,
1699 5583 1746 5620 az

157 5646 397 5706 sanctam
418 5633 703 5689 Ecclesium
723 5636 1090 5700 scandalizent,
1107 5653 1314 5706 necesse
1334 5636 1478 5690 nobis
1509 5638 1606 5706 fuit
1631 5583 1746 5689 Vilice

155 5705 271 5773 ipsa
299 5706 567 5758 sanctitati
608 5714 785 5758 vestra:
811 5705 1059 5758 indicare.
1094 5705 1174 5776 Es
1201 5708 1426 5776 quamvis
1468 5705 1601 5759 hunc
1630 5708 1745 5776 fra-

162 5783 291 5830 trem
336 5785 389 5829 et
447 5776 794 5846 coepiscopum
852 5783 1080 5828 nostrum
1136 5774 1405 5845 Cyriacum
1458 5774 1743 5830 noverimus

1848 4589 2141 4650 dicebatur,
2166 4605 2287 4642 nam
2312 4590 2363 4642 in
2385 4604 2451 4643 eo
2468 4590 2702 4644 damnati
2723 4591 3025 4645 scribuntur
3043 4590 3135 4659 qui
3152 4587 3436 4659 Manichaei

1851 4667 2013 4727 atque
2036 4659 2172 4712 adeo
2204 4659 2486 4713 Marcionis
2512 4661 2755 4714 sensibus
2776 4656 3124 4715 adhmrerent.
3151 4656 3266 4711 Una
3287 4656 3435 4727 enim

1850 4724 1951 4782 fuit
1998 4728 2274 4798 utriusque
2327 4729 2562 4784 haeretici
2615 4731 2828 4800 opinio,
2886 4730 2953 4785 de
3000 4730 3140 4783 mala
3195 4724 3437 4781 hominis

1851 4806 2061 4852 natura.

1919 4868 1972 4921 2.
2005 4868 2192 4923 Oblata
2240 4883 2358 4923 esse
2397 4868 2714 4923 Nestoriano
2752 4869 2980 4924 concilio
3017 4882 3136 4936 qum
3181 4865 3440 4919 dicuntur

1852 4939 2047 5007 capita,
2072 4952 2242 5007 eaque
2269 4938 2545 4994 catholicze
2574 4938 2692 4993 ﬁdei
2730 4939 2795 4992 de
2823 4938 3164 5006 corruptione
3186 4949 3438 5007 per_pec-

1848 5004 2025 5062 catum
2070 5004 2319 5062 humana:
2367 5016 2573 5063 natura:
2620 5008 2840 5062 adversa
2886 5025 2900 5060 :
2953 5004 3020 5061 de
3065 5004 3434 5074 corruptione,

1849 5076 2105 5146 inquam,
2156 5077 2334 5145 quoad
2387 5080 2656 5142 animam,
2707 5094 2813 5132 non
2840 5076 2924 5146 ide
2977 5092 3039 5130 ea
3087 5090 3191 5145 qua
3238 5088 3438 5146 corpus

1851 5144 2099 5272 aﬁectiam
2151 5144 2267 5212 est,
2335 5148 2402 5201 de
2456 5149 2569 5217 ipsa
2632 5149 2773 5203 enim
2839 5144 3119 5200 Nestorius
3168 5144 3440 5199 catholice

1851 5226 2021 5272 sentle
2059 5227 2133 5272 at.

1849 5219 2133 5273 sentiebat.

1926 5289 1977 5360 5.
2005 5288 2203 5343 Eadem
2224 5291 2335 5360 ipsa
2357 5291 2528 5359 capita
2553 5288 2753 5360 faciles
2776 5285 3024 5360 Nestor-io
3045 5285 3268 5360 probata
3287 5297 3435 5360 esse,

1857 5359 2053 5428 quippe
2082 5359 2191 5427 qui,
2225 5353 2282 5413 ut
2317 5353 2645 5413 ostendimus
2674 5356 2981 5425 aliquando,
3016 5353 3183 5409 sensit
3217 5353 3442 5422 quidem

1859 5429 2123 5483 catholice
2143 5428 2208 5481 de
2237 5438 2409 5482 morte
2433 5428 2674 5497 corporis
2702 5442 2796 5496 per
2823 5434 3102 5497 peccatum
3129 5431 3440 5497 contracta;

1858 5498 2071 5552 videtur
2109 5506 2287 5551 autem
2309 5498 2486 5565 quoad
2515 5494 2741 5551 mortem
2772 5494 2959 5549 anima:
2987 5512 3053 5549 ex
3078 5494 3281 5565 Adanjo
3311 5507 3443 5561 pro-

1857 5577 2107 5638 pagatam
2156 5569 2209 5642 in
2257 5561 2500 5637 posteros
2546 5566 2830 5642 adhagsisse
2863 5565 3161 5642 _Th_eodoro
3189 5561 3444 5642 Mopsue-

1859 5634 2015 5692 Steuo
2044 5634 2298 5705 magistro
2327 5652 2425 5691 suo
2443 5678 2457 5702 ,
2501 5637 2706 5706 peccati
2742 5635 3014 5705 originalis
3042 5634 3302 5691 acerrimo
3330 5634 3442 5686 im—

1902 5708 2162 5761 uanatori.

1859 5722 2469 5846 puﬁflzxgiplrobationem
2498 5776 2642 5832 illam
2668 5778 2904 5848 capitum
2932 5793 2964 5833 a
2990 5774 3195 5849 synodo
3217 5772 3445 5830 anathe-
