3904 6272
147 345 237 407 899

1281 327 1445 385 ΙΜΡΙΙ
1485 322 1800 382 NESTORII
1839 323 2074 388 SERMO
2111 321 2204 379 XI.

3289 327 3396 386 830

143 464 309 514 “eam,
338 454 388 499 et
407 442 528 498 bibit
555 459 722 496 meum
746 441 1082 512 sanguinem,
1120 439 1175 492 in
1200 452 1280 491 me
1308 448 1500 503 manet,
1526 447 1576 492 et
1608 453 1701 508 ego
1726 446 1781 507 Α
1809 431 2080 505 Unigcniti
2117 431 2434 505 gloriﬁcatio
2452 474 2466 502 ,
2499 433 2786 504 aliquando
2815 436 3032 506 quidem
3057 435 3203 492 Patri
3230 437 3396 508 depu-

143 547 190 606 ίιι
215 560 287 600 eo.
315 538 584 594 Memento
613 535 869 606 quoniam
897 534 963 589 de
986 546 1147 588 carne
1168 538 1269 596 est,
1294 529 1438 601 quod
1468 528 1662 584 dicitur
1685 544 1699 582 :

143 639 274 696 Sicut
299 632 436 694 misit
464 647 544 683 me
581 630 748 682 vivens
774 627 954 692 Pater,
996 642 1084 684 me
1115 624 1394 688 visibilem.
1439 621 1707 694 Numquid

141 745 169 783 a
194 740 270 780 me
295 721 474 777 carnis
503 734 699 775 nomen
728 719 1034 790 appositum
1055 726 1154 781 est,
1174 724 1232 770 ut
1258 730 1346 770 me
1375 714 1512 770 male
1541 715 1709 769 inter-

138 815 319 891 pretari
364 818 660 883 querantur
696 829 709 864 :
745 808 844 882 Qui
877 810 1188 874 manducat,
1229 808 1441 877 inquit,
1484 822 1695 860 carnem

139 924 305 971 meam,
327 913 376 959 et
395 903 520 958 bibit
547 919 714 958 meum
735 901 1074 974 sanguinem?
1103 899 1368 969 Numquid
1400 899 1534 954 dixit
1563 917 1574 951 :
1605 897 1708 964 Qui

139 1001 407 1062 manducat
438 998 781 1052 Divinitatem
810 1011 1004 1060 meam,
1037 1002 1092 1050 et
1120 994 1252 1048 bibit
1295 1008 1472 1050 meam
1505 991 1708 1048 Divini-

140 1093 320 1152 tatem?
357 1090 452 1146 sed
487 1109 499 1143 :
541 1087 642 1154 Qui
669 1087 952 1150 manducat
999 1102 1201 1141 carnem
1243 1100 1450 1150 meam,
1494 1092 1543 1138 et
1583 1081 1709 1148 bibit

137 1201 286 1242 meum
313 1184 635 1252 sanguinem,
660 1181 714 1234 in
736 1198 816 1234 me
841 1188 1036 1244 manet,
1061 1187 1110 1232 et
1127 1194 1220 1250 ego
1246 1179 1300 1231 in
1323 1179 1455 1248 ipso.

199 1274 262 1329 Et
282 1279 405 1343 post
431 1271 557 1328 alia.
587 1270 695 1327 Sed
724 1271 792 1325 ad
820 1285 934 1324 rem
963 1269 1259 1325 veniamus.
1301 1266 1401 1332 Qui
1428 1265 1712 1324 manducat

133 1384 327 1428 carnem
356 1382 543 1432 meam,
566 1373 617 1420 et
645 1363 771 1418 bibit
797 1380 966 1418 meum
980 1363 1304 1433 sanguinem,
1324 1362 1376 1415 in
1400 1377 1479 1414 me
1507 1360 1702 1426 manet,

137 1470 181 1517 et
197 1476 281 1531 ego
307 1459 362 1512 in
390 1459 523 1529 ipso.
549 1455 884 1512 Mementote
930 1453 1074 1525 quod
1120 1453 1186 1507 de
1216 1467 1377 1510 carne
1424 1450 1706 1506 dicamus:

138 1551 274 1610 Sicut
292 1551 434 1605 misit
462 1565 542 1604 me
559 1549 728 1604 vivens
750 1546 932 1612 Pater,
956 1560 1064 1608 me,
1088 1544 1181 1615 qui
1209 1557 1474 1614 appareo;
1499 1541 1595 1597 sed
1609 1540 1712 1600 for-

139 1652 267 1700 tasse
294 1655 397 1710 ego
426 1656 535 1697 non
558 1647 706 1695 recte
727 1639 1072 1708 interpretor.
1089 1635 1378 1690 Videamus
1405 1649 1474 1690 ex
1501 1633 1565 1688 iis
1593 1648 1712 1704 qum

136 1741 420 1804 sequuntur
451 1750 463 1784 :
499 1731 646 1786 Sicut
673 1730 812 1784 misit
841 1745 922 1782 me
949 1729 1088 1782 vivus
1128 1727 1308 1790 Pater,
1342 1732 1480 1791 etc.;
1511 1725 1602 1780 ille
1629 1723 1711 1780 di-

133 1823 200 1880 cit
223 1822 288 1876 de
312 1820 624 1883 Divinitate,
650 1833 750 1888 ego
773 1818 841 1872 de
869 1817 1223 1873 humanitate.
1259 1815 1547 1870 Videamus
1587 1813 1708 1885 quis
1736 1834 1786 1896 Β

133 1915 197 1973 sit
223 1929 417 1984 pravus
437 1915 702 1983 interpres
735 1932 747 1966 :
775 1913 922 1969 Sicut
950 1914 1089 1968 misit
1113 1929 1192 1966 me
1213 1913 1349 1967 vivus
1373 1909 1569 1974 Pater;
1593 1909 1704 1964 ha:-

133 2005 321 2062 reticus
339 2004 469 2060 dicit
496 2005 837 2062 Divinitatem
858 2005 1092 2071 missam,
1111 2011 1165 2059 et
1185 2019 1243 2058 se
1271 2001 1512 2074 proﬁteri
1541 2002 1706 2056 Deum

135 2094 354 2151 Verbum
385 2095 564 2150 dicere
595 2113 607 2147 :
633 2095 780 2150 Sicut
808 2097 950 2150 misit
968 2112 1048 2149 me
1076 2095 1214 2148 vivus
1253 2093 1434 2147 Pater.
1462 2092 1604 2162 Ergo
1653 2100 1708 2148 et

131 2187 226 2243 hoc
252 2187 544 2243 secundum
570 2188 715 2258 ipsos
745 2188 816 2241 ita
832 2187 934 2243 erit
967 2185 1401 2256 intelligendum:
1424 2183 1536 2256 Ego
1567 2183 1708 2239 Deus

139 2276 354 2334 Verbum
381 2280 488 2334 vivo
533 2296 625 2349 per
651 2278 883 2334 Patrem.
927 2278 1058 2335 Post
1077 2279 1180 2333 hoc
1207 2278 1353 2333 enim
1382 2277 1594 2331 videtur
1621 2275 1706 2330 di-

127 2378 266 2426 ctum
293 2389 306 2424 :
337 2370 409 2425 Et
434 2373 521 2443 qui
548 2371 828 2427 manducat
854 2388 961 2438 me,
998 2380 1049 2425 et
1083 2370 1174 2426 ille
1210 2371 1346 2424 vivit.
1381 2367 1549 2436 Quem
1579 2382 1708 2437 ergo

110 2461 543 2518 manducamus?
576 2461 948 2526 Divinitatem,
985 2476 1053 2515 an
1075 2460 1326 2515 carnem?

191 2553 380 2610 Dicam
407 2553 568 2609 etiam
610 2553 752 2608 illius
791 2551 1028 2608 scandali
1068 2550 1251 2605 verba.
1315 2550 1391 2604 De
1423 2564 1521 2606 sua
1545 2564 1710 2604 carne

123 2647 386 2704 Dominus
406 2646 651 2702 Christus
683 2660 805 2702 cum
843 2645 946 2699 illis
971 2644 1270 2699 disserebat
1295 2661 1306 2695 :
1339 2640 1461 2696 Nisi
1490 2641 1712 2696 mandu-

121 2740 382 2802 caveritis,
408 2738 596 2808 inquit,
629 2753 837 2792 carnem
853 2735 986 2792 Filii
1003 2737 1242 2801 hominis,
1270 2744 1318 2790 et
1346 2734 1572 2790 biberitis
1601 2735 1712 2804 ejus

122 2831 432 2900 sanguinem
454 2871 469 2896 ,
514 2846 618 2885 non
649 2827 896 2884 habebitis
925 2830 1080 2883 vitam
1119 2829 1176 2882 in
1211 2827 1371 2883 vobis.
1414 2827 1712 2882 Verborum

123 2919 508 2976 sublimitatem
525 2919 617 2988 qui
657 2919 966 2983 audierant,
1010 2935 1119 2974 non
1161 2919 1423 2983 tulerunt;
1455 2918 1716 2988 putabant

127 3009 267 3070 enim
291 3023 368 3064 ex
393 3009 604 3070 inscitia
625 3009 776 3066 illum
797 3010 1316 3080 anthropophagiam
1337 3007 1581 3066 suadere.

753 3159 983 3217 SERMO
1019 3161 1088 3217 Χ.

166 3279 190 3307 ⁸
230 3274 380 3332 Velut
403 3275 458 3330 in
485 3273 917 3341 Macedonianos,
950 3292 1124 3330 revera
1163 3275 1216 3329 in
1246 3275 1523 3330 catholicos
1548 3290 1678 3331 verte

554 3367 928 3422 incarnationis
970 3367 1284 3438 defensores.

199 3496 380 3550 Adhuc
420 3496 558 3552 vobis
600 3498 765 3552 multa
807 3499 967 3554 habeo
1011 3499 1197 3564 dicere,
1240 3506 1346 3554 etc.
1395 3497 1573 3569 (Joan.
1603 3515 1710 3565 1m,

134 3585 238 3661 l2).
281 3587 350 3642 Et
388 3596 514 3659 post
559 3589 872 3660 aliquanta:
904 3588 1230 3645 Communes
1268 3598 1394 3644 sunt
1441 3589 1716 3645 Trinitatis

137 3680 491 3748 operationes,
524 3689 579 3735 et
601 3687 809 3735 tantum
834 3681 1146 3736 substantiis
1175 3679 1490 3736 dividendae.
1539 3679 1715 3747 Quare

1811 533 1975 591 tatur,
2008 525 2146 580 sicut
2170 534 2252 580 est
2280 526 2438 581 illud:
2471 525 2633 580 Pater
2660 536 2734 581 est
2767 545 2934 595 meus,
2968 531 3052 600 qui
3087 545 3166 582 me
3193 529 3396 600 gloriﬁ-

1811 627 1893 670 cat
1923 616 2101 688 (Joan.
2136 635 2258 684 Vlll,
2293 617 2404 688 54);
2438 618 2721 689 aliquando
2757 636 2885 676 vero
2922 621 3142 692 Spiritui
3169 621 3398 693 deputa-

1812 713 1915 771 tur,
1960 706 2036 760 ait
2080 707 2222 762 enim
2249 727 2259 760 :
2310 707 2537 779 Spiritus
2567 711 2790 764 veritatis
2809 752 2824 776 ,
2869 714 2954 784 qui
2984 729 3062 766 me
3089 712 3399 784 gloriﬁcabit

1814 795 1994 867 (Joan.
2028 813 2134 864 xvr,
2161 798 2279 868 l5);
2310 815 2691 869 nonnunquam
2727 800 2925 857 Christi
2971 803 3224 874 potentitn
3263 805 3398 860 assi-

1808 899 2020 959 gnatur,
2077 891 2214 945 sicut
2262 893 2519 962 scriptum
2566 903 2694 950 est:
2745 894 3003 951 Exeuntes
3051 898 3402 968 prwdicabant

1810 978 2014 1033 verbum
2044 979 2246 1053 ubique,
2278 980 2501 1036 Domino
2530 994 2856 1054 cooperante,
2886 996 2933 1039 et
2965 985 3166 1040 verbum
3208 989 3401 1058 conﬁr-

1809 1079 2003 1137 ntante,
2037 1072 2456 1143 consequentibus
2487 1091 2570 1128 eos
2597 1077 2759 1146 signis
2790 1075 2982 1147 (Marc.
3015 1095 3122 1142 xvi,
3155 1078 3266 1150 lli).

1882 1159 2055 1230 Atque
2097 1162 2494 1232 cooperationis
2535 1164 2690 1234 hujus
2728 1166 2947 1224 evidens
2987 1175 3069 1222 est
3111 1183 3398 1238 argumen-

1814 1258 1928 1304 tum
1955 1269 1967 1303 :
2001 1250 2168 1306 Filius
2197 1260 2280 1306 est
2307 1251 2477 1307 factus
2506 1253 2700 1321 homo;
2736 1253 2894 1311 Pater
2923 1258 2977 1312 in
3014 1259 3208 1314 throno
3229 1261 3396 1316 collo-

1813 1343 1985 1409 cavit;
2017 1343 2246 1414 Spiritus
2285 1344 2451 1413 signis
2497 1345 2840 1414 honestavit;
2890 1349 3206 1404 inhabitavit
3235 1351 3399 1409 Filius

1812 1433 1866 1488 in
1896 1450 2154 1504 corpore;
2195 1436 2590 1491 commendavit
2625 1436 2957 1507 baptizatum
2987 1437 3177 1508 Pater;
3202 1440 3398 1498 forma-

1813 1524 1890 1578 vit
1920 1525 1974 1582 in
2003 1525 2222 1595 Virgine
2251 1511 2500 1596 Spiritus.

2347 1681 2374 1721 δ
2414 1680 2646 1739 SERMO
2683 1682 2772 1738 Xl.

1811 1791 2067 1846 Adversus
2115 1792 2373 1861 Arianos,
2401 1797 2456 1849 in
2497 1796 2604 1849 bwc
2646 1796 2796 1850 verba
2837 1796 3034 1852 Isaiae:
3075 1796 3216 1856 Puer
3241 1800 3398 1858 datus

1919 1891 2001 1938 est
2027 1883 2212 1950 nobis,
2245 1893 2299 1939 et
2329 1885 2468 1941 filius
2497 1894 2651 1942 natus
2679 1896 2761 1942 est
2789 1888 2943 1943 nobis
2973 1888 3071 1960 (Is.
3105 1906 3177 1955 ix,
3209 1891 3282 1962 6).

1882 2024 1934 2078 l.
1969 2023 2224 2093 Magnum
2278 2041 2409 2081 sane
2468 2026 2603 2081 tanti
2661 2026 2790 2082 doni
2828 2034 3262 2095 sacramentum;
3312 2029 3399 2084 hic

1810 2117 1954 2172 enim
1983 2117 2074 2186 qui
2101 2117 2314 2173 videtur
2347 2118 2550 2185 infans,
2585 2119 2672 2175 hic
2697 2121 2790 2189 qui
2817 2136 3006 2177 recens
3025 2129 3282 2192 apparet;
3313 2123 3400 2178 hic

1808 2212 1902 2281 qui
1928 2211 2108 2267 fasciis
2127 2213 2498 2283 corporalibus
2529 2221 2682 2283 eget,
2713 2213 2803 2269 hic
2830 2214 2923 2282 qui
2951 2214 3244 2269 secundum
3273 2215 3400 2270 visi-

1809 2303 1972 2359 bilem
2012 2307 2302 2360 essentiam
2349 2314 2598 2361 recenter
2643 2315 2727 2360 est
2751 2306 2958 2372 editus,
2999 2306 3164 2363 Filius
3193 2314 3312 2370 est,
3344 2314 3402 2359 ut

1809 2398 2086 2468 Scriptura
2113 2400 2292 2465 docet,
2323 2408 2576 2462 aeternus,
2603 2399 2767 2454 Filius
2794 2399 3168 2453 universorum
3197 2397 3397 2467 opifex,

1810 2491 1978 2547 Filius
2010 2493 2101 2562 qui
2145 2509 2256 2547 sum
2277 2494 2392 2563 opis
2422 2493 2600 2548 fasciis
2623 2491 2991 2548 dissolubilem
3018 2500 3278 2545 creatura:
3308 2503 3402 2543 na-

1813 2592 1989 2637 turam
2013 2583 2278 2652 astringit.

1882 2677 1936 2732 2.
1975 2676 2156 2732 Infans
2204 2678 2346 2733 enim
2394 2677 2535 2731 Deus
2577 2684 2661 2730 est
2687 2691 2798 2730 suae
2842 2673 3154 2744 potestatis;
3195 2679 3402 2727 tantum

1813 2769 1982 2832 abest,
2025 2767 2183 2833 Arie,
2229 2776 2286 2821 ut
2315 2765 2456 2821 Deus
2489 2765 2725 2820 Verbum
2763 2765 2832 2819 sit
2860 2764 2960 2819 sub
2989 2763 3082 2818 Dei
3109 2769 3399 2832 potestate.

1813 2857 2069 2912 Novimus
2097 2871 2225 2926 ergo
2267 2857 2653 2910 humanitatem
2691 2854 2908 2909 infantis
2935 2869 3000 2908 ac
3027 2852 3360 2908 divinitatem
3385 2869 3397 2904 :

1815 2952 2088 3007 ﬁliationis
2125 2953 2386 3007 unitatem
2426 2966 2701 3008 servamus
2754 2951 2809 3005 in
2839 2949 3064 3006 Deitatis
3101 2948 3405 3004 humanita-

1815 3047 1992 3115 tisque
2021 3053 2230 3100 natura.

1887 3137 1940 3191 ’5.
1981 3135 2096 3192 Hoc
2137 3143 2317 3191 autem
2361 3134 2514 3200 dico,
2565 3142 2624 3188 ut
2649 3131 2910 3188 noveritis
2935 3145 3097 3200 quam
3125 3143 3288 3199 super
3309 3143 3405 3184 ex-

1740 3213 1786 3277 C
1817 3234 2018 3290 cellens
2041 3242 2096 3289 et
2117 3248 2323 3288 summa
2351 3230 2593 3300 quadam
2614 3229 2840 3283 Deitatis
2873 3225 3182 3294 coniunctio
3205 3223 3404 3277 existe-

1817 3327 1926 3392 bat,
1951 3326 2113 3381 etiam
2148 3325 2202 3378 in
2235 3324 2438 3378 infante
2478 3322 2616 3390 ipso,
2642 3334 2764 3374 cum
2793 3316 3067 3370 Dominica
3103 3328 3232 3369 caro
3275 3325 3406 3366 con~

1817 3417 2113 3486 spiceretur
2137 3432 2150 3480 ;
2176 3420 2292 3470 erat
2313 3413 2454 3468 enim
2479 3411 2612 3482 ipse,
2639 3418 2696 3464 et
2718 3407 2908 3473 infans,
2933 3415 2987 3461 et
3007 3404 3222 3460 infantis
3241 3404 3407 3474 ipsius

1818 3505 2094 3561 Dominus.
2138 3502 2420 3558 Laudastis
2464 3515 2686 3566 vocem,
2720 3499 2815 3554 sed
2855 3497 3024 3552 nolite
3063 3511 3182 3551 eam
3218 3509 3406 3566 parum

1819 3595 2030 3649 curiose
2059 3592 2310 3658 laudare;
2350 3590 2460 3646 dixi
2488 3591 2631 3646 enim
2659 3588 2806 3659 quod
2844 3587 2986 3644 idem
3013 3595 3130 3644 erat
3156 3584 3330 3641 infans
3353 3591 3407 3640 et

1819 3682 2092 3737 habitator
2112 3681 2346 3736 infantis.

1293 3793 1533 3849 CASTIG
1543 3792 1744 3849 ΑΤΙΟΝ
1751 3793 1834 3850 ES
1873 3795 1962 3850 ET
2001 3793 2227 3850 ΝΟΤᾹΞ.

136 3882 342 3953 sentire
366 3897 491 3938 cum
520 3880 688 3938 Paulo
731 3882 1082 3938 Samosateno
1113 3891 1168 3938 et
1196 3881 1447 3950 Photino,
1482 3883 1711 3953 ideoque

135 3951 197 4031 ab
221 3968 288 4007 eo
314 3952 668 4031 discedebant
697 3953 929 4031 plurimi,
977 3969 1129 4031 quos.
1146 3953 1358 4031 videtur
1386 3951 1713 4031 monerent

136 4022 184 4074 in
229 4024 464 4090 gratiam
502 4022 712 4079 secum’
740 4022 1011 4086 redeant,‘
1034 4022 1399 4079 satisfactione
1450 4024 1707 4088 exhibita,

136 4093 440 4162 priusquam
469 4093 727 4148 accedant
751 4094 817 4148 ad
845 4094 1032 4148 altare.

199 4161 439 4218 Observa
463 4178 529 4218 ex
555 4164 662 4219 hoc
687 4179 954 4234 sermone,
986 4163 1209 4232 ejusque
1235 4178 1268 4216 a
1295 4162 1498 4234 Cyrilloj
1516 4162 1714 4234 refutaf

138 4232 294 4298 tione,
325 4243 517 4316 aperte
549 4235 799 4316 cognosci
829 4233 994 4316 “fidem
1019 4234 1206 4316 'quinti
1234 4232 1447 4316 .Steculi‘
1473 4233 1540 4316 de
1582 4233 1713 4313 reali

137 4303 420 4372 puesentia
448 4305 690 4373 corporis
716 4304 914 4360 Christi
935 4305 989 4358 in
1018 4303 1368 4358 Eucharistia.
1407 4303 1544 4373 Quid
1573 4303 1714 4356 enim

134 4371 342 4439 clarius,
379 4375 473 4428 vel
505 4371 605 4430 hac
640 4375 1058 4444 interrogatione
1085 4371 1556 4444 Nestorii‘tiouem
1595 4389 1716 4443 ergo

135 4445 506 4498 uaraducamus
529 4445 552 4496 ?
597 4443 949 4509 Divinitatem,
979 4461 1046 4496 an
1071 4444 1318 4497 carnem?
1341 4443 1434 4496 Vel
1463 4444 1564 4496 ista
1591 4458 1717 4497 sen-

137 4515 297 4586 tentia
343 4514 534 4586 Cyrilli
563 4514 707 4586 (Lib.
746 4533 815 4579 iv,
859 4514 1106 4586 Contrqd.
1143 4529 1188 4586 c.
1221 4512 1294 4582 4)
1326 4531 1337 4564 :
1373 4512 1718 4586 Quemadmo-r

139 4583 252 4636 dum
279 4582 538 4656 vitiﬁcum
567 4582 642 4640 est
679 4586 809 4639 illud
841 4587 1001 4656 ipsius
1031 4583 1183 4637 Verbi
1222 4583 1582 4656 corpus,rquod
1619 4582 1715 4638 sibi

138 4655 396 4726 proprium
442 4657 560 4726 fecit
585 4672 675 4725 per
701 4655 872 4710 veram
904 4656 1143 4708 unionem
1161 4695 1174 4719 ,
1202 4669 1316 4716 qua:
1347 4663 1395 4706 et
1422 4655 1717 4726 intelligen-

139 4724 255 4776 tiam
285 4734 334 4776 et
361 4724 652 4780 sermonem
680 4735 917 4796 superat;
960 4727 1034 4778 sic
1075 4741 1166 4777 nos
1190 4740 1411 4796 quoque,
1455 4726 1541 4795 qui
1575 4724 1713 4778 illius

137 4803 324 4866 sanctae
347 4797 526 4849 carnis
549 4804 598 4848 et
618 4795 886 4866 sanguinis
905 4796 1015 4865 ejus
1041 4795 1442 4866 participatione
1467 4796 1712 4866 fruimur,

135 4865 338 4918 omnino
359 4863 733 4934 viviﬁcamurf
748 4882 862 4919 cum
888 4863 941 4917 in
961 4863 1106 4918 nobis
1127 4874 1332 4917 maneat
1358 4863 1594 4927 Verbum,
1614 4881 1716 4917 non

137 4935 291 4986 solum
316 4935 494 4988 divino
509 4935 659 4989 modo
679 4951 768 5005 per
790 4935 1039 5005 Spiritum
1059 4944 1311 4994 sanctum,
1329 4934 1420 4987 sed
1439 4935 1592 4987 etiam
1623 4935 1719 4986 bu-

138 5017 284 5057 mano
324 5022 421 5074 per
458 5013 692 5058 sanctam
743 5005 886 5059 illam
932 5021 1133 5057 carnem
1181 5007 1554 5074 pretiosumque
1606 5005 1716 5072 ejus

137 5077 462 5144 sanguinem.
496 5075 593 5130 Vel
637 5077 751 5129 istis
796 5077 956 5129 etiam
1004 5075 1454 5143 consequentibus
1497 5075 1713 5128 verbis:

141 5141 199 5221 in
224 5141 369 5198 nobis
391 5154 587 5221 manet,
618 5156 668 5221 et
687 5147 1030 5215 corruptionis
1060 5141 1272 5221 victores
1301 5145 1484 5221 efﬁcit,
1517 5144 1638 5196 dum
1665 5161 1719 5195 se

138 5214 186 5262 in
223 5225 405 5268 nostra
445 5214 664 5269 demittit
692 5214 939 5285 corpora,
989 5225 1043 5268 ut
1077 5215 1204 5278 dixi,
1246 5217 1400 5268 etiam
1438 5231 1527 5283 per
1572 5231 1718 5267 suam

141 5296 364 5350 carnem,
399 5301 515 5353 qua:
541 5302 686 5339 verus
717 5284 792 5339 est
813 5284 972 5338 cibus.

180 5363 235 5432 ,ει
274 5354 488 5410 Titulus
515 5371 544 5408 a
575 5356 730 5410 nobis
750 5356 1097 5432 additus_est,
1128 5355 1243 5423 ipso
1263 5361 1488 5432 cogente
1511 5369 1716 5432 sermo-

126 5423 222 5475 vnis
244 5435 601 5492 argumento:
634 5441 754 5479 nam
795 5441 862 5479 ex
891 5426 1093 5478 unitate
1133 5423 1459 5492 operationis
1486 5423 1717 5492 consub-

142 5491 462 5550 stantialitas
491 5495 719 5566 Spiritus
746 5495 915 5566 sancti
947 5491 1222 5566 probatur,
1257 5495 1349 5547 sed
1379 5494 1450 5566 ita
1482 5502 1539 5546 ut
1567 5491 1716 5566 Chri-

141 5571 253 5616 stus
291 5562 589 5634 negetur'a
639 5583 696 5621 se
735 5562 1060 5634 gloriﬁcatus
1083 5604 1096 5624 ,
1126 5564 1240 5634 sed
1260 5579 1288 5615 a
1317 5563 1508 5633 Spiritu
1531 5604 1544 5627 ,
1579 5563 1722 5634 velut

141 5646 183 5702 a7
211 5631 458 5702 majore:
512 5636 650 5689 unde
692 5631 876 5690 Patres
923 5631 1174 5702 Ephesini
1220 5631 1588 5702 fragmentum
1621 5633 1723 5685 hoc

120 5701 447 5773 Nesattium
479 5715 733 5762 tractatus
749 5701 1092 5773 blasphemiae
1112 5704 1450 5765 damnarunt;
1480 5711 1534 5756 et
1553 5701 1724 5772 Cyril-

141 5770 221 5829 lus
250 5775 329 5830 illi
354 5776 455 5847 ipsi
474 5770 944 5833 contradicendum
964 5774 1198 5846 putavit,
1215 5781 1487 5844 tamquam
1510 5770 1722 5842 inscite,

1818 3885 2000 3954 impie,
2026 3893 2082 3939 et
2110 3885 2366 3940 adversus
2394 3885 2609 3954 pietatis
2636 3884 2885 3952 dogmata
2908 3882 3176 3954 audacter
3202 3881 3404 3937 dictum

1820 3953 1986 4010 esset.
2026 3955 2142 4009 Etsi
2162 3969 2290 4009 vero
2319 3953 2586 4010 catholico
2615 3969 2777 4008 sensu
2805 3953 2973 4022 accipi
3000 3953 3209 4021 possint
3235 3967 3352 4020 quae
3375 3970 3406 4007 a

1819 4025 2068 4079 Nestorio
2089 4025 2356 4088 dicuntur,
2381 4025 2626 4078 haeresim
2647 4031 2824 4078 tamen
2848 4023 3126 4076 continere
3146 4023 3259 4078 visa
3284 4031 3407 4076 sunt

1820 4093 2086 4158 Patribus,
2112 4108 2220 4148 non
2239 4094 2400 4148 verba
2427 4108 2522 4160 per
2540 4109 2619 4158 se,
2641 4093 2914 4161 quomodo
2942 4099 3066 4146 sunt
3085 4091 3330 4158 ambigua
3352 4101 3408 4147 et

1821 4164 2107 4232 ﬂexiloqua
2127 4205 2140 4227 ,
2181 4163 2274 4218 sed
2313 4171 2472 4232 prout
2500 4163 2566 4216 ab
2594 4172 2814 4217 auctore
2841 4162 3052 4232 prolata
3082 4169 3236 4232 stitit,
3279 4177 3404 4232 per-

1821 4230 2369 4304 pendentibusmore
2415 4233 2654 4304 antiquo,
2686 4247 2793 4300 quo
2823 4230 2928 4304 non
2973 4231 3025 4285 in
3062 4230 3404 4304 dogmatibus

1818 4300 2080 4374 personae,
2113 4303 2208 4358 sed
2237 4303 2289 4356 in
2316 4303 2562 4371 personis
2586 4300 2838 4368 dogmata
2862 4301 3271 4356 damnabantur.

1891 4374 1918 4412 δ
1948 4373 2103 4428 Hunc
2130 4386 2230 4440 ego
2270 4371 2426 4427 facile
2467 4371 2782 4427 crediderim
2832 4371 3031 4426 dictum
3080 4378 3205 4424 ante
3248 4379 3371 4440 pate

1891 4387 1918 4412 υ
1948 4387 2103 4428 nunc
2130 4387 2230 4440 ego
2270 4387 2426 4427 Iacne
2467 4387 2782 4427 crediderim
2832 4387 3031 4426 dictum
3080 4387 3205 4424 ante
3248 4387 3402 4440 pate-

1819 4444 2017 4499 factam
2043 4443 2308 4506 lneresim,
2343 4443 2506 4497 immo
2535 4442 2720 4511 primis
2749 4442 2853 4495 illis
2882 4441 3215 4510 temporibus
3232 4481 3246 4502 ,
3279 4457 3402 4496 cum

1819 4513 2048 4569 Arianos
2094 4513 2387 4567 insectatus
2435 4513 2630 4566 acriter
2656 4512 2980 4566 catholicum
3020 4511 3398 4576 mentiebatur,

1820 4586 1920 4638 nisi
1949 4599 2036 4638 me
2066 4583 2164 4637 tria
2194 4584 2519 4646 retinerent,
2552 4583 2724 4637 tertia:
2743 4582 2910 4651 partis
2955 4582 3219 4651 sententia
3239 4621 3254 4644 ,
3287 4580 3401 4634 Ma-

1818 4656 1886 4709 rii
1915 4653 2226 4709 Mercatoris
2254 4653 2648 4718 testimonium,
2681 4650 2979 4708 et’Patrum
3010 4650 3401 4720 Ephesinorum

1822 4724 2130 4779 auctoritas.
2191 4724 2322 4776 Nam
2376 4722 2595 4791 plausus
2639 4737 2669 4775 a
2718 4723 2917 4791 populo
2960 4719 3244 4791 factus_ad
3271 4719 3404 4791 hinc

1821 4795 1984 4849 verba
2009 4812 2022 4847 :
2062 4792 2197 4863 Erat
2215 4795 2352 4848 enim
2372 4788 2498 4861 ipse,
2523 4802 2571 4846 et
2593 4788 2806 4863 infans;
2821 4802 2871 4846 et
2889 4792 3105 4863 infantis
3127 4788 3400 4863 Dominus;

1822 4866 2046 4934 ipsaque
2091 4862 2321 4934 Nestorii
2370 4859 2822 4934 Sivecorrectio,
2871 4859 2984 4934 sive
3027 4859 3400 4934 interpretatio

1819 4929 2098 4990 sententiae
2121 4974 2134 4995 ,
2177 4933 2392 4988 videtur
2431 4933 2559 4986 mihi
2594 4940 2777 5000 aperte
2811 4932 2938 4984 satis
2967 4929 3231 5000 indicare,
3276 4938 3403 5000 tunc

1823 5005 2078 5073 temporis
2113 5003 2224 5071 jam
2268 5004 2429 5057 fuisse
2457 4998 2774 5073 conceptam
2813 5000 2970 5068 vulgo
3007 4999 3310 5073 opinionem
3337 4998 3404 5052 de

1823 5069 2088 5137 Nostorio,
2117 5069 2266 5141 quod
2292 5073 2562 5127 Christum
2591 5069 2644 5125 in
2672 5071 2807 5126 duas
2842 5085 3098 5141 personas
3119 5069 3400 5141 divideret.

1824 5145 2026 5197 Deinde
2071 5138 2340 5198 Mercator
2382 5143 2726 5197 vehementer
2751 5140 3018 5194 invehitur
3042 5140 3094 5192 in
3138 5139 3252 5193 haec
3292 5138 3403 5207 ipsa

1825 5215 2007 5275 verba,
2039 5228 2158 5282 quas
2185 5213 2430 5283 plausum
2459 5211 3023 5283 feceruntptamquam
3053 5209 3298 5283 hmresim
3321 5219 3406 5283 to-

1827 5292 1934 5336 tam
1958 5278 2318 5347 con'tinerent,
2350 5291 2704 5349 quartamque
2733 5280 2787 5334 in
2816 5280 3132 5349 Trinitatem
3160 5278 3404 5332 introdu-

1823 5361 2009 5407 cerent
2051 5348 2642 5422 personameenique
2689 5348 3266 5422 Patribuquphesinis
3295 5349 3404 5403 visa

1823 5431 1947 5476 sunt
1987 5419 2100 5477 haic
2149 5423 2308 5476 verba
2333 5461 2348 5485 ,
2378 5429 2661 5490 postquam
2700 5419 3036 5489 primicerius
3074 5420 3405 5490 notariorum

1827 5494 2069 5547 recitavit
2094 5535 2108 5557 ,
2152 5489 2394 5561 perinde
2414 5505 2478 5561 ac
2505 5491 2636 5561 alia,
2667 5490 2933 5561 horrenda
2960 5489 3162 5558 pariter
3189 5498 3241 5542 et
3267 5489 3409 5543 blas-

1825 5563 2051 5632 phema;
2082 5559 2404 5630 quamquam
2431 5559 2660 5632 Cyrillus
2688 5575 2750 5632 ea
2774 5559 3004 5632 laudavit
3044 5561 3189 5632 velut
3220 5561 3408 5632 catho-

1829 5629 1931 5688 lica
1950 5675 1963 5698 ,
1995 5629 2116 5687 cum
2146 5629 2456 5686 suisverbis
2479 5629 2801 5686 Nestorium
2831 5629 3118 5684 rcfclleret.
3163 5629 3242 5682 An
3274 5630 3411 5684 forte

1831 5705 1886 5758 in
1915 5720 2075 5756 unum
2119 5718 2424 5758 sermonem
2448 5699 2728 5770 'coegimus
2753 5715 2873 5769 qua:
2900 5699 3126 5755 diversis
3155 5699 3411 5771 tempori-

1804 5842 1809 5848 η
1832 5775 1932 5830 bus
1959 5776 2096 5830 dicta
2127 5775 2284 5829 sunt?
