3960 6272
547 370 649 439 831

1066 376 1264 436 MAR“
1297 369 1737 434 MERCATORIS
1774 367 2342 430 TRANSLATIONES
2379 366 2732 428 VABIORUM
2769 365 3295 427 OPUSCULORUM.

614 493 667 550 ι.
712 489 780 551 Ut
806 503 935 561 ergo
971 495 1366 546 demonstretur
1406 487 1534 558 ipsis
1562 500 1777 556 quoque
1813 484 1982 554 magis
2007 485 2127 554 quis
2153 489 2204 548 Α
2233 487 2296 541 tis
2323 486 2457 559 quod
2475 487 2696 540 venerim
2717 501 2893 556 pacem
2917 485 3116 538 mittere
3135 484 3190 536 in
3207 490 3418 545 terram,
3448 476 3539 532 sed
3557 477 3815 550 gladium,-

541 590 634 648 hic
671 596 756 644 est
794 586 862 642 ab
901 585 1004 641 illis
1047 585 1334 650 adoratus,
1371 590 1428 638 et
1467 581 1536 638 ad
1563 596 1723 652 quem
1752 581 1876 636 illos
1913 579 2130 636 duxerit

542 683 775 756 Spiritus
795 680 966 738 sancti
991 680 1191 749 gratia;
1215 692 1411 748 nempe
1430 691 1539 732 non
1559 674 1627 730 ad
1649 673 1944 746 simplicem
1966 674 2126 744 vulgo

542 783 893 847 conspectum
914 771 1189 836 infantem,
1213 769 1307 825 sed
1327 767 1394 824 ad
1415 781 1610 838 corpus
1637 765 1910 836 quoddam
1937 763 2128 822 ineffa-

540 867 722 924 biliter
742 867 851 922 Deo
879 863 1244 933 coniunctum.

612 957 664 1012 5.
705 957 834 1024 Quis
861 969 1002 1010 nunc
1030 950 1375 1022 benignitatis
1404 957 1513 1004 tam
1551 949 1872 1003 immensum
1900 944 2126 1017 aspiciat

539 1048 790 1121 pelagus,
831 1053 1077 1101 naturam
1112 1057 1236 1115 cum
1279 1055 1378 1096 suo
1418 1039 1610 1110 opilice
1645 1037 2034 1102 dominantem,
2067 1043 2126 1091 et

540 1139 882 1209 coniunctam
903 1136 1106 1192 homini
1129 1134 1489 1197 Divinitatem,
1514 1131 1644 1186 nihil
1665 1131 1782 1195 sine
1809 1131 1912 1184 hoc
1930 1128 2125 1198 iuben-

539 1239 646 1286 tem
671 1271 686 1296 ,
737 1229 941 1284 nullum
971 1227 1171 1294 absque
1199 1225 1302 1279 isto
1323 1222 1653 1292 iudicantem
1677 1239 1690 1273 :
1726 1235 1849 1275 cum
1876 1233 1942 1274 eo
1965 1218 2122 1274 vivo-

537 1335 658 1374 rum
684 1333 868 1374 curam
896 1316 950 1370 in
978 1329 1183 1370 summa
1210 1312 1544 1384 providentia
1574 1321 1879 1381 gerentem,
1917 1319 1972 1380 et
1998 1325 2121 1366 cum

539 1408 660 1478 ipso
685 1414 929 1463 mortuos
951 1405 1319 1461 suscitantem.
1610 1404 1611 1407 ‘

538 1559 903 1618 EPISTOLA
934 1569 962 1598 -
1004 1557 1275 1613 TERTIA
1317 1518 1685 1612 S‘l’NODICA
1727 1557 1788 1613 s.
1821 1541 2122 1612 CYRIL‘LI

607 1653 947 1708 Alexandrini
975 1650 1201 1721 episcopi
1230 1649 1429 1703 directa
1472 1645 1715 1702 Nestorio
1745 1647 2120 1704 Constantino-

606 1746 854 1818 politana:
882 1743 1023 1797 urbis
1038 1743 1294 1812 episcopo,
1308 1740 1593 1794 -duodecim
1613 1741 1880 1795 continens
1900 1741 2122 1795 anathe-

606 1838 833 1892 matitmi
853 1833 1100 1905 capitula.

537 1948 810 2019 Religioso
842 1958 898 2005 et
942 1947 1053 2004 Deo
1096 1945 1311 2002 amabili
1339 1941 1709 2000 consacerdoti
1743 1943 1988 1999 Nestorio
2011 1941 2114 2015 Cy-

607 2040 778 2106 rillus,
817 2047 872 2094 et
889 2053 1010 2109 qua:
1037 2037 1290 2094 convenit
1315 2035 1457 2106 apud
1477 2033 1855 2090 Alexandriam
1881 2034 2118 2106 synodus

606 2146 676 2187 ex
707 2129 961 2202 Egyptia
987 2129 1224 2194 dioecesi,
1255 2129 1311 2182 in
1339 2127 1566 2183 Domino
1585 2125 1831 2182 salutem.

608 2222 661 2276 l.
700 2221 836 2277 Cum
883 2221 1132 2276 Salvator
1173 2228 1358 2276 noster
1399 2227 1584 2289 aperte
1628 2219 1982 2289 pronuntiet:
2017 2216 2117 2283 Qui

537 2312 708 2384 diligit
734 2322 932 2383 patrem
960 2321 1050 2365 aut
1088 2319 1304 2365 matrem
1338 2326 1491 2381 super
1534 2326 1640 2375 me,
1680 2326 1782 2363 non
1815 2320 1890 2364 est
1925 2327 2006 2364 me
2032 2311 2116 2364 tli-

534 2420 665 2476 gnuc
689 2421 705 2469 ;
735 2412 785 2458 et
802 2406 888 2475 qui
918 2403 1087 2474 diligit
1105 2402 1272 2473 ﬁlium
1298 2410 1388 2456 aut
1413 2401 1580 2470 ﬁliam
1602 2417 1755 2472 super
1781 2418 1878 2468 me,
1911 2418 2014 2456 non
2043 2411 2120 2456 est

533 2510 615 2548 me
651 2492 837 2565 dignus
871 2491 1086 2564 (Matth.
1132 2509 1185 2559 ι,
1218 2493 1338 2564 37);
1379 2491 1508 2561 quid
1546 2507 1646 2547 nos
1690 2493 1974 2561 patiemur,
2024 2493 2117 2562 qui

533 2583 873 2654 deposcimur
900 2599 930 2637 a
960 2591 1052 2637 tua
1081 2582 1341 2651 religione
1365 2590 1423 2636 ut
1449 2589 1504 2636 te
1525 2597 1689 2652 super
1706 2579 1980 2636 Christum
1999 2581 2118 2636 Sal-

532 2685 774 2733 vatorem
804 2677 1043 2732 omnium
1072 2677 1393 2745 diligamus?
1413 2674 1550 2742 Quid
1585 2675 1727 2730 enim
1756 2675 1913 2730 nobis
1937 2675 1990 2729 in
2028 2675 2117 2732 die

527 2768 712 2840 iudicii
742 2769 1018 2839 proderit,
1069 2775 1162 2824 aut
1209 2783 1369 2836 quam
1415 2766 1834 2822 satisfactionem
1879 2767 2117 2836 reperire

529 2863 826 2933 poterimus
849 2903 864 2928 ,
916 2863 989 2918 ita
1017 2862 1330 2916 diuturnum
1366 2860 1636 2915 silentium
1665 2860 1732 2916 de
1760 2861 1983 2929 prolatis
2010 2875 2039 2914 a
2063 2869 2117 2918 te

527 2960 717 3008 contra
765 2967 887 3007 eum
916 2951 1265 3021 blasphemiis
1302 2951 1683 3006 continentes?
1732 2948 1797 3002 Et
1825 2950 1870 3005 si
1899 2950 2116 3019 quidem

531 3053 588 3101 te
635 3044 1008 3099 tantummodo
1047 3043 1270 3099 ltederes
1293 3085 1307 3107 ,
1339 3043 1540 3098 docens
1580 3043 1678 3097 ista
1725 3043 1812 3097 vel
1857 3044 2112 3109 sentiens,

527 3136 832 3194 sollicitudo
870 3136 1027 3191 nobis
1072 3136 1250 3191 minor
1289 3135 1582 3195 existeret:
1638 3149 1759 3189 cum
1788 3149 1916 3189 vero
1945 3141 2114 3189 totam

2228 581 2341 635 veni
2367 582 2502 635 enim
2530 596 2772 651 separare
2794 579 3050 633 hominem
3077 577 3320 631 adversus
3340 581 3540 644 patrem
3560 587 3709 628 sum
3725 613 3743 637 ,
3765 581 3820 627 et

2228 672 2395 741 ﬁliam
2441 671 2685 725 adversus
2725 677 2944 724 matrem
2981 683 3127 723 suam
3171 663 3383 736 (Matth.
3423 678 3488 730 ι,
3519 661 3632 732 34).
3671 661 3814 718 Nam

2227 777 2351 818 cum
2378 761 2592 817 laeditur
2616 760 2749 816 fides
2771 801 2786 828 ,
2816 766 3100 830 parentum
3146 754 3472 819 reverentia,
3522 753 3672 808 velut
3690 753 3816 808 inu-

2225 853 2336 908 tilis
2364 859 2421 908 et
2456 852 2760 923 periculosa
2782 892 2797 919 ,
2837 848 3150 921 despicitur.
3200 853 3257 902 et
3299 860 3455 900 amor
3497 857 3625 912 erga
3672 843 3814 899 ﬁlios

2226 945 2526 1015 fratresque
2551 945 2768 999 vitatur.
2809 941 2892 998 Ad
2917 950 3248 1014 postremum
3287 939 3449 994 etiam
3481 945 3609 1007 post
3638 935 3811 1006 ipsam

2223 1038 2390 1094 vitam
2417 1037 2504 1112 [Β.
2532 1053 2694 1109 super
2721 1037 2888 1108 ipsam
2916 1035 3078 1091 vitam
3106 1049 3252 1089 mors
3280 1029 3476 1104 potius]
3506 1045 3537 1084 a
3557 1029 3662 1100 piis
3678 1029 3812 1084 viris

2225 1130 2457 1200 eligitur,
2489 1139 2546 1183 ut
2586 1129 2848 1184 meliorem
2888 1127 3333 1192 resurrectionem,
3374 1122 3513 1179 sicut
3548 1120 3810 1191 scriptum

2224 1229 2326 1288 est,
2352 1219 2727 1294 consequantur
2755 1218 2913 1290 (Heb.
2941 1235 3015 1283 ιι,
3039 1215 3150 1288 '55).

2292 1311 2346 1365 2.
2387 1311 2528 1368 Ecce
2562 1311 2743 1381 itaque
2770 1318 2826 1366 te
2851 1309 3042 1376 simul,
3080 1323 3204 1364 cum
3223 1315 3405 1364 sancta
3431 1302 3665 1377 synodo,
3689 1316 3810 1373 qua:

2225 1402 2366 1474 apud
2395 1403 2626 1473 amplam
2663 1403 2852 1458 urbem
2881 1399 3109 1456 Romam
3136 1405 3457 1468 congregata
3485 1403 3590 1460 est,
3623 1393 3813 1466 prasi-

2224 1493 2387 1549 dente
2413 1493 2752 1549 sanctissimo
2783 1502 2839 1548 et
2867 1490 3322 1548 venerandissimo
3342 1489 3508 1544 fratre
3529 1495 3586 1543 et
3611 1500 3810 1542 consa-

2224 1585 2443 1642 cerdote
2484 1593 2670 1640 nostro
2709 1583 3005 1641 leestino
3051 1582 3328 1653 episcopo,
3356 1580 3441 1635 his
3461 1577 3684 1648 scriptis
3695 1575 3810 1647 iam

2225 1677 2385 1733 tertio
2415 1677 2767 1733 convenimus
2783 1714 2798 1739 ,
2831 1673 3115 1731 consilium
3143 1673 3332 1728 dantes
3359 1679 3470 1726 uta
3497 1668 3688 1740 pravis
3715 1667 3810 1722 ab-

2224 1771 2428 1824 stineas
2481 1767 2830 1836 distortisque
2885 1765 3219 1834 dogmatibus
3240 1806 3255 1830 ,
3316 1777 3436 1832 qum
3491 1768 3550 1815 et
3603 1758 3808 1815 sentire

2151 1863 2200 1925 B
2225 1859 2568 1929 cognosceris
2606 1866 2662 1912 et
2688 1857 2884 1913 docere
2904 1897 2919 1922 ,
2950 1855 3179 1925 recipias
3215 1868 3346 1908 vero
3395 1849 3555 1906 ﬁdem
3600 1857 3809 1904 rectam

2198 1949 2478 2006 ’Ecclcsiis
2505 1965 2603 2020 per
2625 1948 2966 2004 beatissimos
2986 1945 3258 2017 apostolos
3285 1950 3341 1999 et
3359 1941 3721 2011 evangelisus
3742 1939 3808 1995 ab

2221 2042 2374 2096 initio
2423 2040 2669 2095 traditam
2692 2081 2707 2105 ,
2749 2039 2841 2110 qui
2866 2047 2921 2093 et
2945 2037 3117 2093 oculis
3145 2037 3527 2108 inspexerunt,
3559 2040 3618 2088 et
3646 2029 3808 2087 mini-

2218 2133 2314 2188 stri
2347 2131 2508 2187 Verbi
2534 2130 2696 2186 fuisse
2723 2136 3105 2185 monstrantur.

2291 2225 2342 2279 5.
2384 2223 2536 2290 Quod
2557 2224 2602 2278 si
2629 2223 2732 2278 hoc
2771 2222 2961 2291 religio
2991 2229 3084 2276 tua
3112 2218 3290 2276 facere
3315 2217 3618 2284 distulerit,
3647 2215 3807 2286 juxta

2220 2313 2530 2368 dilationem
2551 2313 2744 2368 litteris
2772 2311 3088 2382 praeﬁnitam
3107 2309 3426 2366 sanctissimi
3452 2316 3508 2364 et
3531 2322 3807 2362 veneran-

2219 2404 2422 2460 dissimi
2447 2403 2847 2459 consacerdotis
2867 2401 3040 2457 nostri
3065 2400 3320 2456 Romana:
3340 2397 3583 2470 prtesulis
3610 2395 3807 2452 Eccle-

2220 2497 2312 2553 sia:
2339 2495 2614 2552 Coelestini
2633 2535 2648 2559 ,
2688 2495 2827 2551 scias
2855 2502 2909 2549 te
2933 2493 3131 2548 nullam
3159 2499 3363 2547 sortem
3389 2490 3592 2545 habere
3621 2487 3808 2543 nobis-

2210 2604 2360 2662 cum,
2383 2602 2482 2642 nec
2503 2587 2678 2642 locum
2707 2594 2798 2640 aut
2823 2584 3146 2654 colloquium
3171 2597 3292 2639 cum
3311 2580 3407 2636 Dei
3429 2578 3807 2636 sacerdotibus

2219 2688 2275 2735 et
2307 2678 2575 2750 episcopis
2614 2677 2886 2743 obtinere;
2921 2691 3030 2730 non
3061 2674 3205 2730 enim
3239 2681 3324 2728 est
3347 2671 3427 2726 fas
3454 2679 3808 2726 contemnere

2218 2785 2316 2824 nos
2345 2767 2611 2824 Ecclesias
2651 2767 2724 2821 ita
2747 2767 2989 2821 turbatas
3021 2773 3078 2820 et
3117 2762 3510 2819 scandalizatus
3546 2759 3804 2832 populos,

2219 2859 2484 2928 fidemque
2534 2859 2890 2915 rectissimam
2950 2857 3207 2912 violatam
3231 2897 3247 2922 ,
3298 2854 3613 2925 dissipatum
3671 2853 3806 2924 quin

2218 2953 2380 3007 etiam
2419 2965 2665 3022 gregem,
2697 2966 2858 3021 quem
2897 2949 3167 3006 custodire
3209 2948 3498 3013 debueras,
3531 2946 3807 3016 siquidem

2212 3044 2366 3113 iuxta
2403 3058 2501 3098 nos
2543 3051 2753 3098 amator
2788 3042 2923 3098 recti
2962 3042 3226 3112 dogmatis
3252 3042 3568 3109 erstitisses,
3591 3047 3790 3098 saneto

2215 3147 2335 3188 rum
2365 3132 2584 3188 Patrum
2604 3134 2826 3202 vestigia
2854 3133 2941 3205 pia
2969 3141 3306 3189 consectans.

525 3227 974 3284 scandalizaveris
1019 3224 1316 3280 Ecclesiam
1340 3267 1354 3291 ,
1413 3232 1469 3279 et
1519 3225 1840 3278 fermentum
1890 3223 2115 3278 insolitae
2140 3235 2184 3296 ο
2286 3225 2340 3281 4.
2381 3223 2579 3282 Omnes
2621 3227 2804 3298 itaque
2840 3241 2976 3297 quos
3013 3234 3234 3296 propter
3273 3224 3432 3280 fidem
3477 3233 3570 3279 tua
3605 3222 3804 3294 religio

526 3315 805 3386 pravitatis
831 3323 886 3370 et
913 3329 1068 3369 novre
1105 3314 1325 3369 haeresis
1353 3313 1633 3368 miscueris
1662 3313 1714 3367 in
1747 3314 1975 3385 populis,
2007 3329 2108 3369 nec

526 3413 734 3460 tantum
786 3406 985 3461 ibidem
1031 3405 1258 3476 positis,
1319 3405 1412 3460 sed
1447 3405 1645 3475 ubique
1692 3405 2110 3460 consistentibus

531 3495 678 3566 (nam
708 3503 920 3550 tuarum
963 3495 1361 3566 expositionum
1400 3495 1522 3550 libri
1563 3510 1661 3565 per
1687 3503 1877 3567 cuncta
1908 3495 2109 3563 vulgati

527 3585 697 3657 sunt),
729 3601 850 3656 quae
869 3602 1032 3656 super
1057 3597 1246 3642 nostro
1283 3587 1498 3643 silentio
1527 3587 1666 3641 ratio
1687 3587 1825 3641 ultra
1849 3626 1866 3653 ,
1896 3587 1983 3642 vel
2010 3603 2108 3642 cx-

523 3679 819 3734 cusationis
839 3693 1017 3733 sermo
1039 3676 1300 3733 sufficiat?
1328 3686 1420 3732 aut
1455 3677 1728 3746 quomodo
1750 3695 1858 3733 non
1893 3694 2110 3735 necesse

524 3767 595 3827 Iit
615 3769 922 3825 meminisse
941 3767 1142 3825 Christi
1173 3769 1384 3825 Domini
1409 3769 1489 3824 sic
1507 3769 1733 3826 dicentis
1759 3788 1771 3823 :
1805 3769 1929 3825 Non
1957 3781 2107 3841 pute-

2217 3333 2248 3372 a
2271 3316 2652 3372 communione
2679 3317 2939 3381 removit,
2977 3324 3069 3371 aut
3087 3316 3157 3371 ab
3183 3314 3371 3371 ordine
3397 3328 3496 3370 suo
3524 3313 3803 3384 deposuit.

2217 3407 2386 3462 laicos
2410 3415 2465 3461 et
2491 3407 2749 3472 clericos,
2782 3406 2835 3461 in
2868 3414 3051 3462 nostra
3080 3404 3458 3461 communione
3481 3404 3802 3473 recipimus;

2216 3515 2325 3556 non
2350 3499 2500 3555 enim
2519 3498 2721 3568 iustum
2750 3507 2834 3555 est
2873 3514 2969 3554 eos
3007 3498 3114 3567 tuis
3151 3497 3385 3553 decretis
3406 3495 3661 3566 opprimi,
3706 3495 3804 3565 qui

2217 3597 2486 3646 noverunt
2514 3598 2662 3646 recta
2690 3590 2921 3654 sentire,
2952 3589 3043 3660 qui
3063 3590 3225 3645 etiam
3250 3588 3393 3644 bene
3418 3587 3682 3642 facientes
3703 3586 3804 3644 tibi

2215 3681 2633 3752 prudentissime
2677 3681 3026 3736 restiterunt:
3082 3680 3188 3735 hoc
3233 3679 3374 3735 idem
3421 3693 3658 3748 namque
3684 3676 3715 3717 δ
3744 3678 3802 3734 in

2214 3772 2443 3842 epistola
2491 3788 2651 3843 quam
2697 3773 2888 3828 misisti
2933 3771 3001 3827 ad
3045 3771 3325 3842 prtesulem
3372 3769 3562 3842 ammte
3604 3769 3803 3827 Roma

1695 3881 2233 3939 CASTIGATIONES
2270 3883 2358 3939 ET
2397 3882 2625 3939 ΝΟΤιΕ.

594 3982 621 4012 ι
659 3971 784 4028 llaec
828 3972 918 4027 illa
959 3971 1187 4028 celebris
1230 3971 1457 4041 epistola
1482 4013 1496 4037 ,
1546 3987 1665 4042 qua:
1707 3973 1835 4028 olim
1866 3989 1971 4028 una
1998 3991 2098 4042 pro

523 4052 636 4099 toto
665 4043 892 4098 concilio
927 4041 1197 4113 Ephesino
1233 4041 1722 4113 habebatur,’adeo
1761 4043 1885 4113 fidei
1910 4041 2098 4099 catho-

522 4114 636 4169 licte
668 4111 1066 4168 doctrinam'de
1097 4113 1464 4166 incarnatione
1507 4112 1670 4168 Verbi
1708 4112 1965 4167 adversus
1995 4114 2097 4168 Ne-

521 4185 744 4239 storium
786 4182 948 4253 plene
986 4181 1322 4253 dilucideque
1359 4183 1624 4253 exponit.r.
1657 4181 1934 4250 Subiuncti
1965 4199 2096 4237 ana-

521 4251 842 4308 thematismi
868 4251 1170 4313 duodecim,
1209 4265 1327 4319 qua:
1353 4251 1529 4319 capita
1558 4252 1874 4307 dicebantur
1901 4269 1932 4306 a
1958 4260 2100 4307 vete-

521 4323 693 4393 ribus,
723 4335 969 4393 magnam
1015 4320 1257 4393 fecerunt
1302 4320 1553 4393 invidiam
1581 4321 1818 4393 Cyrillo,
1845 4336 2096 4393 magnum

521 4391 612 4446 diu
634 4391 912 4445 catholicis
953 4391 1259 4458 negotium,
1309 4401 1368 4444 ut
1395 4391 1484 4445 ille
1518 4391 1639 4446 non
1659 4392 1826 4446 semel
1853 4392 2098 4446 debuerit

521 4460 864 4531 faceresatis
887 4461 1062 4531 ,rrsive
1102 4459 1289 4531 amicis
1317 4461 1726 4531 explicationem
1763 4462 2092 4531 petentibus,

2283 3975 2455 4029 Dividi
2484 3983 2663 4045 potest
2705 3976 2989 4032 commode
3009 3985 3119 4031 tres
3145 3975 3199 4029 in
3229 3983 3437 4045 partes,
3466 3989 3699 4045 quarum
3739 3975 3799 4031 in

2210 4045 2381 4114 prima
2412 4044 2692 4116 legationis
2710 4061 2742 4099 a
2770 4047 2899 4116 sede
2930 4044 3390 4116 apostolica’velut
3416 4044 3641 4100 historia
3666 4061 3800 4101 nar-

2205 4113 2385 4178 retur;
2418 4115 2471 4167 in
2500 4116 2733 4169 secunda
2759 4113 2879 4170 ﬁdei
2907 4113 3121 4184 dogma,
3152 4114 3492 4184 Nestoriique
3516 4116 3799 4184 sententia

2202 4185 2448 4253 opposita
2495 4192 2820 4254 exponatur;
2864 4183 3020 4240 tertia
3059 4183 3446 4254 complectatur
3500 4183 3798 4242 duodecim

2203 4254 2700 4309 anathematismos.

2275 4321 2666 4380 Posterioribus
2685 4339 2847 4393 porro
2874 4324 3080 4379 duabus
3100 4324 3231 4379 nihil
3263 4324 3473 4378 cautius
3504 4324 3670 4380 scribi

2201 4393 2327 4464 tuit,
2357 4393 2487 4446 nihil
2516 4395 2776 4456 callidius,
2809 4402 2901 4448 aut
2925 4395 3240 4464 prudentius
3266 4396 3465 4464 potius,
3498 4401 3567 4464 ut
3593 4395 3642 4448 si

2201 4463 2845 4534 storius‘subscripsisset,
2869 4463 3161 4534 quoderat
3174 4463 3381 4533 iuséus,
3427 4463 3603 4518 verbis
3623 4463 3798 4534 plano

519 4529 633 4609 eive
660 4527 976 4609 adversariis
1002 4530 1154 4609 plura
1181 4527 1593 4609 obiieientib-us;
1634 4531 1721 4609 isti
1757 4527 1928 4586 coacti
1966 4531 2092 4609 sint,
2122 4550 2174 4609 ι)
2200 4527 2708 4609 contradicentibus.
2740 4527 2839 4588 sua
2858 4527 2976 4603 qua:
3004 4527 3264 4590 docuerat
3290 4527 3549 4590 revocare
3577 4527 3796 4590 nétnini

520 4597 659 4672 inter
676 4597 1018 4672 iracundum
1047 4599 1116 4672 de
1142 4613 1274 4672 pace
1287 4599 1441 4672 inter
1472 4599 1737 4672 Ecclesias
1771 4609 1824 4656 et
1851 4597 2096 4656 sanciené
2122 4597 2166 4609 ”
2199 4617 2307 4672 non
2327 4610 2512 4672 aperte
2534 4603 2820 4657 videretur.
2877 4597 2897 4603 ⁷
3489 4631 3494 4639 ·

517 4667 642 4742 dam
669 4666 827 4721 fidem
851 4666 1613 4742 iliconcilio'Chalcedonensi,
1636 4672 1704 4727 de
1725 4671 1854 4741 ipsis
1874 4679 2098 4742 propter

516 4738 818 4792 animorum
840 4735 1188 4793 offensionem
1215 4739 1395 4794 silere.

586 4806 644 4860 In
673 4806 859 4862 codice
898 4808 1262 4878 man_uscripto
1288 4807 1697 4865 Carmelitarum
1736 4811 2094 4866 Discalceato-

513 4892 650 4948 rum!
675 4884 970 4948 conventus
1007 4875 1323 4948 Parisiensis
1367 4881 1490 4934 data
1538 4880 1730 4948 legitur
1775 4896 1958 4936 mense
1985 4881 2093 4935 No-

513 4946 719 5020 vembri
768 4947 854 5020 die
892 4947 989 5012 50,
1021 4947 1312 5020 indictione
1340 4949 1405 5002 l-i
1427 4990 1442 5014 ,
1490 4946 1612 5019 (ιιιὲ
1639 4952 1892 5020 temporis
1931 4960 2089 5016 notae,

513 5016 616 5070 nisi
641 5017 1010 5091 emendentur,
1033 5019 1306 5091 eeliaarere
1333 5034 1439 5073 non
1461 5016 1704 5091 possunt.
1735 5016 1867 5074 Nam
1883 5023 2094 5091 scripsit

512 5086 698 5158 proeul
735 5086 898 5158 dubio
922 5087 1158 5158 Cyrinus
1181 5086 1510 5157 postremum
1539 5089 1781 5144 Nestorio
1809 5105 1933 5144 ann.
1967 5086 2088 5155 4'50,

512 5153 569 5212 et
597 5155 872 5230 Nestorius
908 5153 1092 5230 Cyrilli
1131 5153 1338 5230 litteras
1373 5159 1585 5230 accepit
1619 5153 2090 5230 Constantinopoli

512 5174 569 5212 et
597 5174 872 5211 uestortus
908 5174 1092 5228 uyrnn
1131 5174 1338 5211 litteras
1379 5174 1585 5280 accegn
1619 5174 2089 5230 Constantinopon

510 5243 583 5300 vn
606 5225 722 5280 idus
734 5225 1080 5300 ADecembris;
1110 5227 1288 5300 siqua
1307 5226 1478 5300 igitur
1540 5229 1634 5283 des
1654 5230 1842 5293 codici,
1873 5239 2089 5300 accepta

511 5297 698 5350 fuisset
720 5293 1459 5369 Constantinopoliepistola
1499 5306 1705 5369 septem
1742 5308 1864 5369 post
1902 5293 2089 5355 diebus

703 5365 1038 5420 Alexandria:
1065 5365 1278 5436 scripta
1294 5375 1456 5433 esset,
1487 5365 1632 5436 quod
1659 5365 1881 5424 omnino
1911 5370 2087 5424 incre-

551 5453 617 5489 in
641 5453 691 5489 e.

551 5453 691 5490 mue.

579 5504 936 5559 Cohzcrebunt
972 5506 1152 5561 omnia
1193 5505 1378 5572 facile,
1428 5508 1473 5563 si
1513 5507 1723 5562 dicatur
1749 5507 2084 5563 Alexandria:

515 5576 762 5647 r-cripta_5
777 5574 1112 5647 Novembris,
1137 5585 1352 5647 accepta
1371 5576 1831 5647 Constantinopoli
1854 5579 2083 5647 septimo

516 5643 846 5717 Decembris,
879 5653 932 5698 et
971 5646 1211 5717 indictio,
1243 5643 1302 5701 tit
1323 5663 1422 5717 par
1449 5656 1558 5713 est,
1590 5664 1697 5701 non
1728 5643 1768 5700 'a
1803 5643 2078 5709 Januario,

2268 4671 2395 4740 Legi
2414 4673 2730 4744 utiliterivix
2769 4680 2984 4743 potest,
3025 4674 3129 4744 nisi
3166 4674 3316 4744 prius
3349 4673 3792 4744 attentius_per-

2195 4757 2378 4812 pensa:
2404 4741 2602 4797 fuerint
2620 4741 2810 4796 littera:
2835 4745 3007 4798 sancti
3032 4741 3306 4799 leestini
3330 4743 3468 4798 datm
3490 4743 3560 4797 ad
3586 4741 3795 4800 Nesto-

2195 4813 2336 4883 Ijum
2357 4827 2424 4866 ex
2448 4812 2655 4883 synodo
2677 4812 2938 4868 Romana.
2980 4813 3256 4883 Habentur
3275 4813 3377 4868 illa:
3403 4829 3420 4869 ι
3449 4820 3589 4883 part.
3616 4827 3788 4871 conc.
3864 4867 3877 4882 ,

2196 4880 2392 4951 Ephes.
2423 4880 2541 4951 cap.
2573 4882 2659 4945 18,
2690 4890 2745 4938 et
2773 4898 2803 4936 a
2832 4882 2986 4937 nobis
3007 4882 3307 4937 referentur
3326 4883 3380 4937 in
3397 4880 3796 4944 dissertatione

2198 4951 2523 5024 deASynodis
2543 4953 2739 5008 habitis
2768 4953 2820 5024 in
2849 4967 3011 5024 eausa
3041 4951 3288 5024 Nestorii.
3405 5020 3448 5024 __
3598 5021 3609 5024 Α
3847 4963 3869 5019 ὲς

2268 5020 2310 5103 ιι-
2329 5020 2348 5043 ‘
2376 5022 2500 5103 limo
2527 5031 2608 5078 est
2636 5023 2820 5103 procul
2842 5021 3007 5103 dubio
3028 5023 3198 5103 prima
3224 5037 3384 5103 quam
3394 5020 3684 5103 Nestorius
3712 5027 3792 5080 at!

2195 5091 2544 5149 C(elestinum
2579 5089 2740 5162 misit,
2772 5099 2828 5145 et
2854 5092 2908 5146 in
2935 5089 3047 5162 qua
3071 5089 3318 5162 leguntur
3341 5092 3444 5162 ista
3472 5110 3485 5144 :
3519 5089 3634 5146 Nos
3671 5109 3790 5149 κω

2195 5163 2446 5216 modicam
2479 5161 2857 5231 corruptionem
2896 5161 3219 5216 orthodoxia:
3249 5161 3389 5231 apud
3415 5162 3665 5232 quosdam
3693 5164 3792 5218 hic

2193 5234 2608 5303 reperientes,eet
2635 5233 2806 5303 iraet
2819 5232 3028 5286 lenitate
3050 5233 3190 5303 τίνῳ
3221 5246 3387 5303 (egros
3417 5231 3789 5303 quotidiegtti-
3860 5266 3867 5270 -

2189 5298 2324 5363 mur,
2373 5309 2476 5382 et_e.
2519 5300 2844 5382 Atqueinde
2889 5309 3099 5382 constat
3135 5298 3484 5382 Caelestinum
3528 5298 3787 5382 Cyrillo_,

2190 5386 2324 5439 quas
2352 5386 2382 5424 a
2410 5370 2656 5425 Nestorio
2683 5370 2888 5425 litteras
2914 5372 3225 5439 accepisset,
3257 5371 3485 5436 misisse,
3511 5371 3792 5439 quemad-

2187 5440 2405 5496 modum
2432 5449 2488 5496 et
2514 5439 2744 5512 Cyrillus
2772 5440 2840 5494 ad
2865 5455 2924 5495 se
2946 5455 2976 5494 a
3011 5439 3256 5495 Nestorio
3286 5440 3510 5510 scriptas
3533 5439 3793 5497 Romam

2248 5613 2265 5631 ⁶
2289 5612 2482 5677 Psecas
2505 5611 2635 5677 huic
2665 5612 2902 5677 epistola,
2930 5611 3044 5661 llcet
3065 5613 3295 5677 omnium
3333 5611 3703 5677 celeberrima,
3727 5623 3794 5667 et

2183 5671 2319 5745 plura
2342 5674 2447 5722 sive
2471 5671 3137 5745 historicaisivedogmatica
3169 5675 3458 5745 continenti,
3481 5671 3792 5745 nominib-

517 5712 778 5796 tuomodp
807 5723 948 5794 «ξεεθι
974 5715 1186 5796 decima
1226 5712 1403 5796 tertia.
1444 5712 1592 5774 sedia
1619 5717 1950 5789 Septembri;
1969 5732 2079 5786 quo
2180 5712 3796 5796 ἰὲἑίιῖιιῖὲ;ίῑιίίίἱῖιῐῖαἱίῦὲῶἒῗὶἵὶὲἱῖιιὲἴῶἓῑιὶῑὶἰίιῖἶιῗιῑίὶἴοῐ

517 5795 694 5838 mense
721 5781 925 5838 decima
952 5794 1143 5852 quarta
1172 5787 1388 5856 incepit.

2184 5793 2368 5846 tatione
2389 5793 2463 5846 de'
2475 5793 2698 5858 Synodis.
