3960 6272
474 305 582 364 855

991 297 1182 356 MAR“
1217 292 1659 354 MERCATORIS
1696 285 2264 346 TRANSLATIONES
2307 279 2666 338 VARIORUM
2703 281 3227 344 OPUSCULORUM.

3629 286 3744 348 836

476 417 764 475 sisletitiam
781 414 1115 477 conﬁtentes,
1135 427 1298 466 unum
1323 410 1605 464 adoramus
1630 406 1851 471 Filium,
1877 404 2058 458 Domi-
2086 405 2140 464 Α
2235 399 2320 454 15.
2363 399 2529 455 Immo
2556 400 2736 472 potius
2771 400 3165 469 conjunctionis
3203 414 3399 456 nomen
3437 402 3738 469 evitamus,

475 528 603 570 num
622 508 804 565 Jesum
823 507 1112 569 Christum,
1141 520 1245 557 non
1277 512 1301 539 ⁸
1330 515 1571 556 seorsum
1599 506 1862 568 ponentes
1883 503 1938 550 et
1955 496 2050 550 de-

481 605 829 662 terminantes
857 600 1128 654 hominem
1169 604 1223 651 et
1254 597 1419 650 Deum
1443 635 1457 658 ,
1490 592 1637 647 velut
1676 590 1903 645 invicem
1941 592 2055 643 sola

477 695 693 769 [Baluz.
721 691 842 762 sibi]
870 689 1135 761 dignitatis
1163 696 1212 739 et
1240 685 1561 738 auctoritatis
1601 683 1800 735 unitate
1829 677 2056 747 conjun-

477 796 624 852 ctos;
657 787 770 840 hate
795 783 937 838 enim
965 780 1174 834 novitas
1185 777 1335 832 vocis
1355 782 1454 838 est,
1479 783 1532 828 et
1558 772 1701 826 aliud
1723 771 1870 825 nihil.
1897 769 1925 808 1³
1947 769 2057 824 Nec

479 880 610 934 item
621 875 892 932 Christum
920 870 1222 941 specialiter
1248 867 1586 921 nominantes
1616 863 1782 917 Deum
1796 860 2052 924 Verbum,

477 968 621 1040 quod
666 981 733 1021 ex
776 965 886 1018 Deo
933 970 1052 1026 est;
1093 975 1193 1014 nec
1237 958 1463 1011 alterum
1503 954 1748 1009 similiter
1784 950 2057 1005 Christum

478 1057 802 1128 specialiter,
845 1053 937 1122 qui
974 1051 1043 1106 de
1069 1049 1294 1104 muliere
1321 1054 1482 1100 natus
1523 1052 1632 1108 est,
1660 1043 1752 1098 sed
1781 1055 1943 1095 unum
1967 1054 2058 1095 so-

480 1145 754 1213 lummodo
782 1143 1056 1198 Christum
1084 1140 1178 1194 Dei
1209 1137 1382 1192 Patris
1408 1135 1661 1199 Verbum,
1687 1147 1809 1188 cum
1837 1131 2057 1201 propria

478 1253 642 1296 carne
668 1236 1057 1307 cognoscimus.
1093 1232 1243 1287 Tunc
1274 1229 1416 1285 enim
1444 1235 1502 1282 ut
1529 1229 1692 1282 homo
1714 1224 1919 1297 [Baluz.
1951 1239 2053 1276 om.

479 1338 536 1384 ut
565 1326 793 1398 homo],
816 1326 972 1395 juxta
995 1339 1126 1387 nos,
1162 1328 1352 1375 unctus
1371 1327 1484 1382 est,
1516 1315 1759 1385 quamvis
1799 1312 2058 1383 Spiritum

475 1421 648 1490 dignis
669 1420 782 1490 ipse
801 1415 1105 1480 contulerit,
1130 1412 1225 1467 sed
1248 1425 1350 1464 non
1377 1409 1444 1462 ad
1459 1422 1749 1462 mensuram
1776 1403 1956 1475 (Joan.
1976 1417 2054 1465 ιιι,

477 1513 588 1580 ⁸55),
620 1511 759 1566 sicut
785 1510 973 1564 beatus
1001 1503 1328 1572 evangelista
1349 1499 1584 1555 Joannes
1604 1497 1851 1551 asseruit.

394 1659 404 1680 ,
549 1603 634 1655 ll.
677 1601 782 1656 Sed
814 1611 836 1638 ο
869 1614 969 1653 nec
996 1597 1123 1650 illud
1143 1595 1386 1657 dicimus,
1411 1590 1555 1660 quod
1580 1589 1675 1642 Dei
1705 1587 1939 1642 Verbum
1959 1599 2054 1639 ve-

389 1677 404 1770 :
475 1694 570 1749 luti
593 1694 646 1748 in
666 1691 884 1746 homine
911 1685 1200 1750 communi,
1231 1683 1324 1752 qui
1352 1683 1419 1736 de
1446 1688 1631 1735 sancta
1655 1677 1870 1770 Virgine
1892 1681 2050 1730 natus

2160 502 2432 564 tamquam
2479 509 2586 548 non
2613 494 2850 549 existens
2883 494 3130 549 idoneum
3152 495 3294 566 quod
3325 493 3590 564 signiﬁcet
3618 496 3744 550 uni-

2153 585 2278 640 tatis
2305 599 2578 640 arcanum.

2225 677 2310 731 14.
2339 688 2361 715 ο
2381 677 2488 732 Sed
2511 693 2685 750 neque
2706 677 2868 733 Deum
2892 686 2981 732 aut
3000 677 3278 732 Dominum
3302 675 3495 734 Christi
3516 675 3744 735 Verbum

2154 772 2251 828 Dei
2280 771 2454 826 Patris
2483 772 2800 837 asserimus,
2839 786 2906 826 ne
2935 773 3127 826 iterum
3155 770 3489 826 manifestius
3519 773 3572 826 in
3603 772 3746 828 duos

2155 862 2454 918 dividamus
2475 875 2635 916 unum
2662 860 2934 916 Christum
2955 859 3148 916 Filium
3177 871 3231 917 et
3258 862 3542 917 Dominum
3559 905 3574 928 ,
3603 873 3656 918 et
3687 863 3744 918 in

2155 954 2357 1009 crimen
2387 952 2652 1021 sacrilegii
2681 953 3006 1018 recidamus,
3053 952 3218 1006 Deum
3259 951 3404 1006 illum
3448 953 3531 1007 sui
3573 954 3747 1023 ipsius

2155 1044 2417 1099 facientes
2441 1051 2495 1098 et
2522 1043 2804 1098 Dominum
2831 1061 2842 1096 :
2870 1043 3050 1098 unitus
3079 1043 3295 1113 quippe,
3325 1043 3464 1098 sicut
3492 1045 3746 1114 superius

2157 1133 2406 1197 diximus,
2435 1133 2577 1188 Deus
2605 1131 2838 1188 Verbum
2866 1133 3014 1187 carni
3043 1147 3318 1188 sscuunuu
3340 1148 3706 1188 sunsnmisu
3727 1177 3741 1198 ,

2158 1223 2300 1279 Deus
2321 1223 2535 1294 quidem
2565 1231 2648 1279 est
2673 1223 2912 1278 omnium
2939 1230 2994 1278 et
3010 1221 3314 1278 dominator
3334 1224 3743 1288 universitatis;

2157 1323 2522 1370 verumtamen
2553 1329 2654 1370 nec
2679 1329 2864 1369 servus
2903 1322 2984 1369 est
3022 1314 3122 1369 sibi
3164 1314 3282 1384 ipsi,
3316 1329 3414 1370 nec
3441 1315 3704 1370 Dominus
3729 1356 3744 1379 ,

2158 1407 2280 1478 quia
2311 1407 2550 1476 ineptum
2571 1412 2670 1470 est,
2697 1403 2780 1459 vel
2804 1404 2985 1474 potius
3009 1404 3249 1473 impium,
3281 1405 3384 1459 hoc
3403 1406 3626 1470 sentire,
3656 1405 3746 1459 vel

2157 1497 2364 1563 dicere;
2396 1497 2640 1567 quamvis
2686 1497 2828 1551 enim
2864 1496 3030 1550 Deum
3071 1510 3224 1549 suum
3253 1494 3466 1551 Patrem
3507 1495 3742 1560 dixerit,

2155 1605 2276 1644 cum
2302 1589 2442 1643 Deus
2470 1589 2538 1643 sit
2559 1589 2720 1643 etiam
2743 1588 2855 1658 ipse
2883 1596 3096 1653 natura,
3122 1597 3178 1642 et
3197 1588 3266 1642 de
3295 1588 3437 1642 illius
3464 1588 3742 1652 essentia;

2156 1687 2334 1733 tamen
2351 1679 2652 1734 nullatenus
2672 1679 2978 1746 ignoramus
3000 1679 3142 1749 quod
3163 1693 3385 1733 manens
3406 1678 3544 1734 Deus
3563 1681 3737 1734 homo

390 1765 400 1845 ἶ
475 1792 575 1850 est,
609 1782 882 1844 habitarit,
929 1794 998 1832 ne
1048 1775 1212 1830 Deum
1252 1774 1401 1827 homo
1442 1769 1675 1824 Christus
1717 1765 2056 1820 habitatorem
2086 1771 2134 1831 Β
2157 1785 2373 1840 quoque
2401 1770 2572 1826 factus
2600 1771 2688 1835 sit,
2719 1772 2811 1841 qui
2840 1771 2939 1825 sub
2967 1771 3078 1825 Deo
3096 1770 3248 1840 juxta
3287 1770 3522 1826 debitam
3563 1771 3745 1839 legem

378 1855 388 1896 ί
476 1874 736 1946 possidere
755 1871 1024 1926 credatur.
1057 1864 1309 1932 Quamvis
1337 1861 1479 1916 enim
1506 1857 1727 1913 Verbum
1749 1855 2055 1946 habitaverit

474 1945 530 2021 in
551 1965 698 2020 nobis
729 1963 908 2035 (Joan.
939 1977 975 2024 ι,
1010 1958 1118 2029 14),
1152 1964 1206 2012 et
1231 1956 1430 2010 dictum
1457 1953 1546 2015 sit,
1575 1952 1627 2004 in
1667 1948 1882 2005 Christo
1902 1945 2052 2000 habi-

477 2066 586 2111 tare
609 2071 809 2110 omnem
836 2050 1204 2124 plenitudinem
1224 2046 1445 2100 Deitatis
1467 2041 1804 2113 corporaliter
1825 2037 1959 2111 (Col.
1993 2052 2050 2124 tt,

476 2146 565 2216 9);
599 2142 741 2198 haud
763 2123 944 2196 tamen
972 2139 989 2210 [
1015 2137 1196 2191 Batus.
1228 2130 1488 2202 attamen]
1518 2129 1887 2197 intelligimus,
1910 2123 2054 2194 quod

475 2252 604 2292 caro
634 2235 834 2298 factus,
868 2231 1072 2305 [Batus
1105 2228 1230 2282 add.
1263 2223 1394 2295 non]
1416 2225 1555 2279 sicut
1583 2223 1637 2276 in
1675 2219 1875 2275 sanctis
1900 2216 2054 2272 habi~

473 2335 590 2381 tare
612 2325 838 2389 dicatur,
873 2338 972 2377 nec
1001 2321 1164 2375 talem
1193 2319 1247 2373 in
1288 2318 1404 2388 ipso
1441 2313 1826 2370 habitationem
1852 2309 2051 2366 factam

472 2414 693 2472 deﬁnire
721 2413 1041 2469 teutavimus
1057 2427 1072 2477 ;
1089 2409 1184 2465 sed
1204 2409 1384 2464 unitus
1407 2407 1559 2476 juxta
1579 2412 1843 2468 naturam,
1875 2415 1976 2456 nec
1995 2401 2051 2455 in

472 2522 688 2564 carnem
709 2505 925 2576 penitus
951 2508 1332 2564 commutatus,
1365 2498 1527 2552 talem
1554 2496 1656 2552 sibi
1683 2495 1809 2550 fecit
1835 2494 2049 2548 habita-

473 2601 695 2663 tionem,
726 2597 940 2667 qualem
968 2603 1023 2650 et
1049 2594 1226 2648 anima
1248 2590 1478 2647 hominis
1506 2589 1704 2644 habere
1729 2585 1964 2643 creditur
1982 2585 2051 2640 ad

470 2691 748 2765 proprium
773 2703 988 2758 corpus.

543 2783 629 2836 1‘2.
674 2781 826 2836 linus
847 2779 1008 2848 igitur
1045 2783 1128 2832 est
1173 2774 1450 2839 Christus,
1494 2773 1658 2828 Filius
1685 2778 1742 2826 et
1769 2769 2045 2833 Dominus,

471 2876 496 2914 ά
521 2891 628 2930 non
654 2874 799 2928 velut
819 2869 1246 2939 conjunctionem
1267 2866 1580 2936 quamlibet,
1623 2877 1742 2934 qua:
1763 2863 1816 2916 in
1846 2861 2050 2916 unitate

474 2965 749 3035 dignitatis
777 2973 832 3018 ct
859 2959 1215 3024 auctoritatis,
1248 2957 1464 3012 homine
1494 2956 1724 3011 habente
1753 2955 1822 3009 ad
1841 2954 2008 3008 Deum
2032 2971 2048 3021 ;

477 3070 585 3110 non
606 3053 748 3108 enim
774 3058 954 3121 potest
979 3049 1133 3104 unire
1155 3056 1373 3102 naturas
1400 3047 1514 3101 sola
1535 3045 1802 3114 dignitatis
1831 3044 2050 3114 inquali-

2154 1870 2360 1916 naturac
2389 1862 2736 1917 humanitatis
2764 1864 3047 1926 existeret;
3068 1863 3182 1932 ipse
3205 1877 3332 1918 vero
3348 1862 3450 1918 sibi
3465 1864 3746 1934 quomodo

2153 1953 2240 2008 vel
2270 1953 2410 2008 Deus
2438 1954 2637 2024 poterit
2656 1968 2777 2009 esse
2797 1954 2882 2008 vel
2910 1954 3198 2008 dominus?
3225 1952 3366 2023 Ergo
3387 1953 3525 2009 sicut
3548 1954 3741 2020 homo,

2153 2053 2413 2116 quantum
2441 2045 2696 2100 decenter
2721 2045 3107 2100 exinanitionis
3151 2059 3418 2100 mensurae
3447 2046 3703 2114 congruit
3724 2086 3741 2109 ,

2152 2135 2252 2190 sub
2279 2135 2390 2190 Deo
2419 2149 2478 2190 se
2506 2134 2783 2190 nobiscum
2805 2149 2925 2190 esse
2950 2135 3221 2190 disseruit.
3245 2133 3359 2189 Hoc
3387 2135 3551 2188 etiam
3572 2134 3745 2189 modo

2150 2226 2242 2281 sub
2264 2228 2373 2300 lege
2402 2229 2566 2299 factus
2589 2238 2662 2282 est
2685 2226 2825 2298 (Gal.
2859 2245 2930 2293 iv,
2962 2227 3038 2300 4),
3070 2227 3315 2297 quamvis
3340 2227 3455 2297 ipse
3491 2227 3742 2297 promul-

2151 2319 2357 2388 gaverit
2388 2317 2578 2386 legem,
2610 2325 2666 2372 et
2693 2318 2969 2387 legislator
2993 2327 3051 2373 ut
3071 2319 3211 2374 Deus
3239 2316 3523 2374 exstiterit.

2221 2407 2308 2463 15.
2353 2405 2373 2447 ί
2401 2407 2662 2464 Cavemus
2690 2417 2868 2463 autem
2905 2408 2972 2463 de
2997 2407 3212 2463 Christo
3241 2408 3420 2464 dicere
3453 2427 3464 2461 :
3509 2407 3742 2480 Propter

2150 2510 2492 2554 assumentem
2509 2515 2724 2556 veneror
2749 2510 3084 2571 assumptum,
3115 2510 3165 2554 et
3192 2510 3400 2572 propter
3426 2500 3737 2556 inuisibilem

2151 2590 2314 2645 adoro
2338 2591 2607 2645 visibilem.
2641 2589 2978 2646 Horrendum
3003 2605 3132 2645 vero
3161 2606 3324 2661 super
3352 2591 3453 2646 hoc
3473 2593 3639 2645 etiam
3666 2593 3732 2645 il-

2151 2679 2244 2736 lud
2271 2680 2503 2750 adjicere
2535 2699 2546 2734 :
2579 2680 2636 2735 Is
2664 2683 2750 2754 qui
2777 2690 3039 2752 susceptus
3068 2691 3162 2748 est,
3205 2697 3318 2734 cum
3346 2697 3406 2735 eo
3433 2683 3517 2752 qui
3543 2697 3729 2736 susce-

2149 2771 2245 2842 pit,
2269 2779 2693 2842 connuncupatur
2712 2771 2871 2826 Deus.
2903 2770 3004 2838 Qui
3033 2772 3175 2826 enim
3199 2772 3312 2826 haec
3340 2772 3468 2826 dicit
3486 2810 3500 2830 .
3539 2773 3740 2826 dividit

2149 2861 2343 2916 iterum
2371 2861 2425 2916 in
2449 2862 2587 2918 duos
2606 2861 2851 2917 Christos
2879 2877 3002 2917 eum
3029 2863 3121 2932 qui
3151 2877 3289 2916 unus
3316 2868 3416 2927 est,
3450 2862 3735 2917 hominem

2150 2965 2395 3006 seorsum
2417 2951 2472 3006 in
2493 2960 2666 3023 parte,
2703 2959 2760 3006 et
2786 2952 2956 3007 Deum
2985 2952 3233 3006 similiter
3266 2951 3318 3004 in
3341 2958 3493 3021 parte
3519 2952 3734 3006 consti-

2150 3050 2339 3109 tuens;
2370 3043 2647 3099 evidenter
2677 3043 2824 3099 enim
2850 3043 3082 3112 denegat
3122 3043 3401 3108 unitatem,
3430 3044 3735 3098 secundum

477 3155 578 3210 tas,
612 3157 842 3212 namque
855 3140 1048 3195 Petrus
1073 3147 1129 3194 et
1155 3137 1389 3193 Joannes
1412 3137 1631 3208 aequalis
1657 3146 1782 3191 sunt
1808 3137 1863 3191 in
1883 3136 2046 3191 alter-
2075 3142 2122 3209 α
2151 3149 2309 3205 quam
2329 3149 2436 3191 non
2459 3135 2596 3191 alter
2613 3149 2733 3191 cum
2755 3135 2924 3191 altero
2945 3135 3216 3200 adoratur,
3241 3141 3332 3188 aut
3351 3148 3737 3204 connuncupa-

473 3244 651 3294 utrum
682 3233 972 3304 dignitatis,
1002 3239 1226 3302 prepter
1246 3229 1390 3300 quod
1428 3237 1484 3284 et
1510 3227 1742 3299 apostoli
1781 3236 1836 3282 et
1873 3228 2043 3282 sancti

472 3326 715 3397 discipuli
745 3340 860 3381 esse
889 3331 1281 3389 monstrantur;
1305 3330 1670 3377 verumtamen
1694 3328 1918 3392 uterque
1936 3335 2045 3375 non

474 3435 609 3474 unus
627 3426 726 3472 est.
751 3418 860 3471 Nec
875 3417 1026 3485 juxta
1053 3415 1393 3471 collationem
1416 3414 1497 3470 vel
1523 3415 1912 3471 connexionem
1929 3429 2046 3468 mo-

475 3510 600 3565 dum
630 3508 1023 3576 conjunctionis
1038 3507 1381 3569 advertimus,
1405 3507 1510 3560 hoc
1529 3507 1673 3560 enim
1695 3506 1764 3561 ad
1785 3507 2044 3562 unitatem

475 3614 582 3654 non
610 3596 804 3651 sumcit
831 3611 1184 3661 NATUBALEI;
1221 3609 1322 3649 nec
1348 3595 1640 3649 secundum
1672 3596 2042 3666 participatio-

475 3689 558 3744 nis
584 3687 850 3749 etlectum,
866 3686 1004 3741 sicut
1024 3701 1120 3740 nos
1134 3685 1296 3739 etiam
1312 3686 1644 3740 adhzerentes
1660 3685 1886 3741 Domino
1907 3702 2045 3740 unus

475 3791 596 3832 cum
619 3776 735 3846 ipso
755 3775 973 3846 spiritus
991 3783 1176 3829 sumus
1190 3773 1252 3842 »(1
1275 3771 1392 3827 Cor.
1425 3789 1495 3840 vr,
1529 3773 1638 3843 l7).

475 3980 684 4038 inferat.
717 3980 900 4050 Longe
932 3991 1073 4050 ergo
1099 3977 1292 4050 melius
1329 3975 1592 4050 Mercator
1624 3976 1885 4050 :AUnitum
1921 3994 2040 4049 ergo

475 4053 621 4108 carni
646 4047 863 4105 Verbum
884 4049 1161 4104 secundum
1181 4047 1520 4101 substantiam
1541 4047 1859 4117 confitentes,
1882 4047 2042 4102 unum

474 4125 748 4177 adoramus
770 4162 784 4186 ,
814 4129 918 4176 etc.
961 4121 1135 4188 Atque
1173 4119 1296 4188 hinc
1334 4119 1584 4187 estquod
1611 4117 1841 4171 diximus
1879 4133 2040 4186 smpe,

473 4194 850 4256 Mercatorem,
887 4198 946 4244 ut
973 4187 1090 4243 aliis
1111 4187 1179 4242 de
1207 4187 1490 4241 Latinitate
1519 4187 1798 4254 concedat,
1828 4188 2045 4243 vincere

475 4272 651 4317 tamen
683 4262 782 4314 [ide
811 4269 972 4330 atque
1003 4258 1370 4325 intelligentia.

545 4342 570 4369 ο
602 4331 790 4398 Rejicit
817 4327 1068 4384 unionem
1088 4342 1248 4395 quam
1277 4335 1471 4398 vocant
1497 4327 1754 4382 moralem
1772 4369 1786 4392 ,
1831 4342 1926 4381 seu
1952 4333 2046 4389 τῆς

475 4405 618 4466 ἀξίας
660 4397 738 4454 noti
781 4403 1038 4459 αὐθεντίας
1065 4400 1314 4462 ἐνώτητα,
1346 4397 1544 4468 quippe
1572 4411 1689 4466 quae
1716 4411 1824 4451 non
1849 4398 1919 4450 Sil.
1943 4399 2050 4451 καθ’

2150 3234 2238 3281 tur
2257 3227 2426 3293 Deus,
2459 3227 2554 3283 sed
2589 3241 2729 3282 unus
2760 3227 3072 3294 intelligitur
3098 3225 3343 3280 Christus
3377 3223 3532 3280 Jesus
3557 3224 3735 3281 Filius

2149 3317 2245 3373 Dei
2273 3318 2596 3387 unigenitus,
2627 3329 2733 3373 una
2760 3317 3018 3374 servitute
3044 3331 3166 3372 cum
3198 3315 3416 3387 propria
3435 3330 3598 3372 carne
3626 3333 3731 3374 ve-

2149 3410 2436 3465 nerandus.

2219 3501 2306 3556 l6.
2349 3511 2374 3550 ε
2403 3500 2733 3558 Conﬁtemur
2752 3503 2914 3558 etiam
2935 3502 3080 3573 quod
3109 3501 3248 3557 idem
3271 3502 3387 3572 ipse
3408 3502 3499 3572 qui
3521 3517 3587 3557 ex
3612 3501 3734 3558 Deo

2151 3593 2311 3650 Patre
2331 3594 2495 3650 Filius
2516 3603 2673 3650 natus
2691 3603 2776 3650 est
2802 3595 3106 3664 unigenitus
3125 3595 3284 3660 Deus,
3309 3594 3433 3650 licet
3453 3594 3608 3662 juxta
3632 3609 3736 3648 na-

2148 3695 2321 3740 turam
2343 3701 2494 3741 suam
2521 3701 2714 3756 expers
2732 3687 2996 3756 passionis
3017 3686 3304 3750 exstiterit,
3338 3701 3436 3755 pro
3459 3685 3618 3739 nobis
3641 3695 3696 3738 ta
3710 3716 3732 3725 -

2146 3793 2290 3844 men,
2321 3777 2614 3833 secundum
2655 3777 2991 3848 Scripturas,
3023 3793 3194 3834 eam:
3221 3789 3511 3835 psnrsssus
3550 3793 3636 3832 sn
3674 3775 3736 3846 (ι

1635 3885 2168 3948 CASTIGATIONES
2205 3891 2297 3946 ET
2335 3891 2558 3947 ΝΟΤιΕ.

2150 3996 2262 4047 me;
2293 3981 2395 4042 vel,
2429 3980 2566 4050 apud
2595 3979 2866 4050 Basilium,
2898 3978 3126 4050 societas
3154 3979 3436 4048 conjugum
3460 4018 3474 4042 ,
3521 3985 3575 4034 et
3604 3980 3739 4034 viae

2149 4051 2321 4106 civilis
2367 4047 2701 4114 communio;
2733 4049 2847 4114 vel,
2880 4049 3018 4119 apud
3047 4047 3483 4119 ChrysoStomum
3508 4091 3522 4113 ,
3572 4064 3738 4104 com-

2149 4123 2381 4200 missura
2416 4121 2806 4184 membrorum;
2850 4118 3210 4200 velodeniqu’c,
3261 4119 3399 4188 apud
3426 4118 3692 4200 Cyrillum
3719 4160 3736 4186 ,

2149 4191 2419 4260 coaptatio
2449 4204 2636 4262 eorum
2664 4189 3112 4262 quze‘continuari
3147 4197 3384 4262 possunt,
3418 4189 3740 4262 ειςπαρᾷθε-

2151 4257 2265 4324 cm,
2307 4276 2401 4314 seu
2448 4257 2733 4330 appositio.
2781 4257 3126 4330 Quacumque
3147 4257 3295 4330 ivero
3339 4257 3741 4330 signiﬁcatione

2150 4347 2255 4384 vox
2285 4328 2542 4390 sumatur,
2568 4329 2743 4398 aptior
2771 4337 2852 4382 est
2879 4329 2946 4382 ad
2972 4329 3251 4398 tegendam
3280 4328 3523 4382 hatresim
3564 4344 3745 4398 quam

2154 4399 2220 4454 ad
2250 4400 2406 4453 ﬁdem
2443 4396 2812 4468 exponendam
2847 4417 2858 4450 ε
2890 4399 3032 4452 unde
3059 4396 3290 4469 Cyrillus
3315 4413 3501 4469 vocem
3531 4396 3749 4468 ubique

477 4476 777 4531 ὑπόστασιν,
805 4471 898 4523 sed
928 4471 1065 4522 inter
1087 4469 1219 4521 duas
1245 4483 1342 4537 per
1368 4467 1428 4522 Se
1455 4468 1746 4522 existentes
1765 4481 2042 4537 personas,
2074 4471 2123 4529 1)
2150 4470 2346 4524 acriter
2373 4467 2607 4537 exagitat
2631 4510 2644 4533 ,
2683 4477 2956 4536 tamquam
3002 4467 3193 4522 veneni
3239 4467 3600 4537 plenissimam
3622 4467 3662 4532 ;’
3684 4478 3750 4524 et

476 4543 642 4621 tundo
668 4543 858 4621 σςχξσει
887 4539 1293 4621 οοηξιιιιεςιηωιχ.

546 4612 570 4649 ι’
606 4605 797 4676 Rejicit
841 4617 895 4663 et
921 4605 1226 4677 opiniOnem
1254 4607 1322 4661 de
1367 4606 1573 4660 duobus
1598 4605 1824 4661 Christis
1847 4647 1861 4670 ,
1909 4621 2046 4676 quo-

474 4697 592 4735 rum
641 4682 776 4733 alter
803 4694 871 4732 ex
916 4677 1074 4751 Patre
1095 4717 1110 4740 ,
1158 4677 1294 4751 alter
1313 4691 1380 4731 ex
1410 4684 1615 4740 matre,
1634 4678 1771 4751 __sola
1800 4677 2051 4751 ὁμονυμὶᾳ

475 4751 772 4820 conjunctis
815 4768 826 4801 :
860 4748 1008 4820 quod,
1041 4761 1181 4820 ξιξερο
1218 4747 1564 4820 impugnatur
1599 4747 1732 4820 alio_
1753 4748 1804 4800 in
1856 4747 1975 4820 loco
2006 4747 2045 4820 Δεἰ

473 4816 691 4890 Cyrillo,
732 4834 835 4874 non
863 4816 1014 4890 quasi
1045 4818 1101 4890 id_
1126 4818 1393 4890 expressis
1419 4817 1822 4890 verbisguspiam
1852 4816 2047 4890 dixerit

476 4886 777 4954 Nestorius,
824 4886 917 4943 sed
965 4887 1108 4959 quod
1149 4901 1217 4941 ex
1263 4887 1428 4957 ipsius
1475 4887 1728 4956 opinione
1763 4888 1830 4940 de
1866 4886 2046 4959 iudicet

475 4969 708 5036 exrrexi
732 4957 1036 5014 necessario
1063 4964 1317 5028 sequatur
1343 4959 1538 5026 reipsa,
1567 4958 1907 5026 quantumvis
1935 4957 2050 5026 ipse

474 5032 787 5085 dissimulet.

549 5113 571 5141 ο
618 5101 834 5154 Refutat
877 5107 932 5153 et
978 5096 1451 5169 tertiummodum
1492 5106 1749 5169 gxﬂ'txﬁ:
1775 5100 2044 5169 rhédewc,

475 5188 593 5241 qum
621 5187 751 5240 pura
779 5173 1044 5241 e’voixpatg,
1071 5169 1183 5241 sive
1211 5167 1467 5241 habitatip
1492 5167 1652 5222 Verbi
1669 5168 1843 5241 divini
1863 5169 1923 5241 in
1947 5169 2048 5241 ho:

476 5237 638 5306 mine,
669 5254 879 5310 quaque
901 5239 991 5292 ﬁat
1018 5246 1078 5292 ut
1104 5238 1266 5310 homo
1290 5252 1394 5291 non
1426 5237 1566 5292 Deus
1588 5238 1818 5310 quidem
1831 5238 1918 5301 sit,
1950 5237 2044 5310 sed

475 5311 568 5383 Dei
600 5307 823 5376 tantum,
854 5325 948 5383 seu
983 5309 1241 5383 Θεοφόρος,
1271 5323 1390 5383 qua}
1418 5308 1748 5383 vox_pla_cuit
1775 5307 2044 5383 Nestorio.

477 5381 610 5435 Huic
649 5397 810 5450 porro
848 5381 1061 5434 unionis
1083 5377 1264 5432 'niodo
1290 5377 1472 5431 ialium
1495 5377 2045 5450 ‘Cyrillusdopponit,

479 5447 852 5518 quem'i'mo-w
889 5451 1016 5506 κατὰ
1058 5451 1208 5520 φύσιν
1235 5447 1614 5520 vocat,_eique
1652 5447 1881 5520 similem
1904 5449 2051 5520 dicit

477 5536 581 5587 qua
610 5523 827 5589 proprio
856 5518 1074 5590 corpori
1099 5519 1307 5590 animus
1333 5518 1690 5590 coniungitur,
1722 5518 1959 5585 seclusis,
1992 5524 2052 5572 ut

477 5599 697 5658 "tollent
713 5588 976 5658 theologi,
1009 5588 1514 5658 imperiectionibus.

549 5656 571 5694 δ
599 5659 652 5711 In
680 5659 864 5714 Grzeco
885 5656 984 5722 est,
1015 5656 1379 5730 ὡς’συνὰφςιαν
1399 5659 1588 5730 ἁπλῶς,
1617 5668 1721 5713 etc.
1754 5659 1848 5713 Est
1869 5666 2048 5730 autem

483 5732 738 5802 συνάφεια,
770 5730 908 5799 apud
935 5730 1149 5784 Gnecos
1175 5770 1188 5793 ,
1218 5728 1302 5784 vel
1331 5729 1598 5797 copulatio
1629 5731 1790 5785 maris
1818 5737 1872 5785 et
1899 5728 2050 5783 femi-

2149 4555 2277 4592 vcro
2319 4536 2750 4607 conjunctionem
2794 4545 3102 4592 naturarum
3133 4537 3358 4590 duarum
3404 4539 3454 4590 in
3490 4536 3745 4607 Christo,

2150 4610 2463 4663 Theodorus
2490 4608 2892 4678 Mopsuestcnus
2910 4648 2924 4671 ,
2957 4610 3198 4678 ipseque,
3227 4608 3352 4678 dum
3384 4607 3555 4661 adhuc
3578 4623 3749 4662 erra-

2149 4686 2254 4803 aet,
2307 4676 2716 4740 Theodoretus,
2761 4676 3125 4746 conjunctioni
3164 4676 3451 4746 conjugum
3498 4677 3746 4734 similem

2188 4757 2418 4802 Ixerunt.

2188 4750 2418 4802 ixerunt.

2225 4827 2248 4856 ο
2280 4818 2466 4886 Arguit
2501 4816 2731 4871 Nestorii
2777 4816 2977 4872 dictum
3005 4816 3072 4870 de
3116 4813 3330 4869 Christo
3355 4855 3368 4878 ,
3398 4815 3569 4886 cujus
3599 4816 3755 4872 Ver-

2150 4889 2278 4944 bum
2317 4885 2546 4943 faciebat
2588 4887 2871 4941 Dominum
2901 4896 2957 4941 et
3001 4887 3166 4941 Deum
3191 4927 3210 4956 ,ί
3256 4885 3408 4956 quasi
3439 4902 3544 4940 non
3595 4887 3756 4943 foret

2151 4958 2395 5013 Christus
2441 4958 2732 5028 ipseDeus
2766 4965 2821 5012 et
2860 4957 3150 5028 Dominus;
3179 4955 3362 5028 habet
3407 4957 3547 5028 enim
3591 4957 3755 5028 hanc

2151 5024 2476 5098 potestatem
2499 5027 2722 5098 relativa
2749 5042 2883 5092 vox,
2919 5024 3215 5098 cujusmodi
3251 5033 3384 5098 sunt
3403 5026 3606 5098 obliqui
3646 5043 3758 5081 ca-

2152 5095 2274 5163 sus,
2307 5106 2364 5151 ut
2392 5097 2787 5152 distinctionem
2832 5096 3067 5166 perinde,
3100 5110 3163 5149 ac
3199 5095 3589 5164 oppositionem
3613 5112 3754 5166 ipo-

2154 5177 2283 5222 nant
2312 5169 2452 5222 inter
2479 5181 2542 5222 ea
2570 5182 2691 5235 qua:
2717 5165 2968 5222 dicuntur
2997 5165 3272 5219 relationis
3301 5174 3558 5218 extrema.
3593 5165 3759 5232 Qua-

2151 5254 2212 5294 re
2240 5239 2364 5293 licet
2393 5240 2532 5292 Deus
2571 5252 2698 5292 vere
2736 5237 2804 5290 sit
2831 5237 3076 5291 dominus
3107 5235 3477 5300 humanitatis,
3512 5251 3620 5288 non
3658 5246 3759 5291 ta-

2152 5324 2273 5363 men
2297 5308 2512 5372 Christi,
2546 5307 2645 5360 nisi
2668 5308 2787 5360 dum
2808 5307 2861 5360 in
2888 5303 3102 5359 Christo
3131 5315 3438 5358 asserantur
3463 5319 3752 5374 personm.

2227 5377 2247 5417 ί
2281 5379 2453 5433 Verba
2481 5392 2599 5446 qum
2627 5384 2782 5432 cavet
2808 5376 3012 5440 dicere,
3046 5374 3275 5446 Nestorii
3303 5383 3454 5438 sunt,
3481 5389 3761 5446 sermone

2150 5448 2354 5519 primo,
2385 5444 2679 5519 velpotius
2705 5447 2950 5519 septimo.
2981 5444 3172 5519 Rejicit
3201 5452 3398 5519 autem,
3429 5445 3574 5519 velut
3605 5446 3762 5502 hor-

2149 5515 2373 5572 rendum
2402 5515 2672 5588 quiddam,
2698 5515 2956 5589 unitatem
2982 5517 3082 5570 καθ’
3101 5515 3489 5589 oportunitatem!
3509 5521 3766 5589 προᾳκύ-

2150 5611 2291 5648 sum
2316 5585 2506 5651 solam,
2539 5596 2596 5641 ut
2623 5602 2741 5657 quae
2768 5585 3038 5642 Christum
3071 5585 3289 5640 omnino
3318 5585 3486 5640 solvat
3513 5585 3568 5638 in
3597 5587 3764 5645 duas

2189 5675 2428 5714 ersonas.

2153 5675 2572 5785 pefoélggl‘essio
2601 5726 2688 5783 hic
2716 5726 2812 5781 Dei
2849 5723 2994 5797 passi
3033 5732 3218 5796 aperta
3248 5733 3328 5780 est
3368 5724 3526 5780 simul
3555 5733 3613 5780 et
3645 5742 3766 5784 ca-
