3904 6272
152 272 246 331 837

1062 268 1395 328 EPISTOLA
1435 269 1689 327 TERTIA
1732 262 2069 330 SYNODICA
2108 269 2166 327 S.
2207 263 2497 324 CYRILLI.

3292 269 3399 328 838

151 388 276 441 Petr.
306 394 375 445 tv,
400 378 474 450 l),
502 386 556 435 et
576 386 692 435 erat
722 379 775 435 in
801 381 1057 439 crucifixo
1086 399 1313 454 corpore
1332 385 1563 454 proprize
1586 400 1703 439 car-

1814 405 1980 477 (Heb.
2016 424 2049 472 ι,
2085 405 2169 476 ὅ).
2204 404 2340 460 Cum
2378 420 2510 460 vero
2550 404 2798 461 humana:
2844 412 3048 461 naturae
3088 420 3395 463 mensuram

150 480 222 534 nis
248 488 654 530 IIPASSIBILITER
699 474 765 527 ad
807 489 865 529 se
914 475 1150 530 referens
1176 477 1491 546 passiones:
1526 474 1710 529 Gratia

144 585 250 627 sero
276 565 368 618 Dei
397 580 489 635 pro
518 564 750 620 omnibus
791 568 1010 638 gustavit
1055 577 1269 621 mortem
1301 565 1466 639 (Heb.
1511 583 1579 633 ιι,
1617 564 1707 636 9),

145 660 343 717 tradens
366 659 417 712 ei
439 658 713 728 proprium
735 675 947 730 corpus,
981 661 1223 730 quamvis
1253 661 1567 714 naturaliter
1596 660 1710 729 ipse

144 756 241 809 vita
268 752 349 816 sit,
382 758 436 805 et
462 751 785 807 resurrectio
827 762 1181 806 mortuorum.
1219 752 1351 806 Nam
1382 760 1440 805 ut
1476 760 1708 807 mortem

144 844 377 902 ineffabili
394 846 635 913 potentia
648 846 1005 915 proculcaret,
1032 862 1093 900 ac
1114 846 1318 915 primus
1340 847 1393 899 in
1420 862 1513 900 sua
1544 860 1707 901 carne

144 935 514 1007 primogenitus
544 949 611 989 ex
639 936 863 991 mortuis
899 935 1049 990 ﬁeret
1088 944 1141 989 et
1170 936 1415 1007 primitize
1436 936 1709 991 dormien-

144 1030 280 1092 tium,
309 1026 531 1099 [Baluz.
564 1028 686 1081 add.
718 1030 967 1099 viamque
997 1028 1232 1100 faceret]
1272 1030 1518 1085 humana)
1549 1040 1705 1084 natu-

144 1134 209 1174 rae
246 1117 307 1171 ad
333 1119 750 1188 incorruptionis
780 1135 1088 1186 recursum,
1116 1123 1286 1192 gratia
1316 1120 1433 1183 Dei,
1460 1130 1517 1174 ut
1546 1137 1707 1192 supra

144 1211 325 1265 dictum
355 1217 469 1275 est,
498 1227 592 1281 pro
625 1210 857 1265 omnibus
896 1214 1115 1282 gustavit
1155 1222 1368 1266 mortem
1402 1211 1610 1283 (Ibid),
1653 1221 1708 1267 et

144 1301 287 1357 tertio
306 1298 393 1355 die
416 1314 699 1371 resurgens
721 1303 969 1371 spoliavit
991 1302 1272 1357 infernum.

205 1390 283 1444 17.
325 1390 530 1446 Idcirco
558 1393 802 1462 quamvis
829 1393 1037 1447 dicatur
1064 1393 1206 1462 quod
1230 1411 1321 1463 per
1343 1394 1597 1449 hominem
1624 1398 1705 1467 fa-

140 1491 213 1535 cta
246 1483 312 1535 sit
337 1485 639 1539 resurrectio
668 1493 983 1538 mortuorum
1017 1484 1071 1555 (l
1093 1482 1210 1538 Cor.
1241 1501 1329 1551 xv,
1362 1484 1487 1555 9.1),
1526 1495 1705 1542 tamen

140 1571 471 1640 intelligimus
491 1573 764 1628 hominem
796 1573 992 1628 factum
1023 1574 1278 1642 Verbum,
1303 1578 1447 1647 quod
1488 1593 1555 1631 ex
1593 1576 1705 1632 Deo

139 1673 231 1728 est,
262 1673 314 1719 et
341 1680 440 1735 per
472 1666 643 1737 ipsum
680 1668 860 1721 mortis
902 1669 1172 1740 imperium
1206 1672 1365 1742 fuisse
1393 1671 1703 1726 destructum

1814 501 2119 555 nullatenus
2146 500 2475 554 inhonorans
2501 497 2715 553 Iudaeos
2744 498 3036 568 alloquitur
3068 516 3079 552 :
3114 497 3271 552 Nunc
3316 516 3395 553 me

1811 593 2040 661 quan-itis
2068 593 2298 645 occidere
2319 591 2594 653 hominem,
2624 592 2707 660 qui
2729 592 2992 644 ueritatem
3030 591 3170 644 robis
3200 590 3397 645 locutus

1810 698 1922 737 sum
1954 682 2145 754 (Joan.
2177 698 2267 749 vn,
2302 682 2326 735 1
2355 682 2407 752 );
2443 696 2549 737 ηοιι
2579 683 2753 736 minus
2782 697 2904 737 eum
2936 682 3027 751 qui
3062 682 3115 735 in
3143 682 3395 735 similitu-

1810 775 1936 831 dine
1957 784 2011 830 et
2030 776 2333 843 aequalitate
2354 774 2570 847 [Bolus.
2595 772 2878 845 aequitate]
2912 773 3083 829 Patris
3104 782 3205 839 est,
3230 774 3397 829 Deum

1810 867 2044 922 Verbum
2074 867 2234 921 etiam
2266 868 2317 920 in
2347 867 2611 922 mensuris
2640 868 2985 921 humanitatis
3005 866 3120 935 ejus
3150 867 3397 935 agnosci-

1744 999 1749 1004 .
1810 976 1951 1031 mus.
1984 958 2040 1013 Si
2069 970 2245 1013 autem
2277 960 2580 1014 necessario
2604 958 2840 1013 creditur
2860 959 3005 1028 quod
3040 966 3229 1012 natura
3252 959 3392 1012 Deus

1809 1051 2046 1106 existens
2077 1050 2247 1104 factus
2274 1057 2358 1104 est
2383 1064 2540 1114 caro,
2574 1051 2739 1103 immo
2778 1050 2956 1119 potius
2987 1049 3148 1104 homo
3188 1050 3396 1101 anima-

1809 1148 1894 1195 tus
1922 1141 2100 1194 anima
2129 1140 2413 1203 rationali,
2444 1156 2562 1209 quae
2591 1155 2750 1195 causa
2780 1151 2871 1195 est
2897 1148 2954 1193 ut
2983 1141 3036 1193 in
3065 1141 3143 1194 eis
3172 1140 3397 1208 quilibet

1806 1232 2030 1288 vocibus
2060 1233 2359 1297 erubescat,
2393 1232 2437 1285 si
2466 1246 2559 1286 eas
2588 1232 2805 1287 homine
2832 1232 3020 1300 dignas
3048 1230 3238 1286 effatus
3258 1233 3392 1291 ,est?

1808 1324 1963 1391 Quod
2000 1325 2045 1379 si
2074 1340 2350 1380 sermones
2370 1324 2574 1378 homini
2599 1333 2955 1393 congruentes
2983 1325 3217 1393 abjiciat,
3238 1327 3393 1393 juxta

1806 1431 1907 1470 nos
1936 1416 2208 1471 hominem
2240 1415 2354 1469 fieri
2382 1416 2502 1483 quis
2530 1416 2743 1483 coegit?
2772 1413 2903 1468 Cum
2932 1430 3064 1469 vero
3093 1431 3150 1470 se
3172 1424 3395 1485 propter

1808 1523 1907 1563 nos
1929 1508 1996 1562 ad
2036 1508 2455 1563 exinanitionem
2484 1514 2839 1576 spontaneam
2867 1507 3287 1561 misericorditer
3313 1508 3393 1561 in-

1806 1597 2036 1663 clinarit,
2061 1612 2223 1667 quam
2250 1599 2320 1653 ob
2340 1612 2557 1653 causam
2583 1597 2773 1665 dignos
2801 1597 3163 1652 exinanitione
3187 1612 3392 1652 sermo-

1807 1704 1904 1744 nes
1940 1689 2230 1758 elfugerit?
2274 1689 2377 1744 Uni
2423 1689 2584 1759 igitur
2630 1704 2872 1759 persona:
2913 1699 3134 1745 cunctas
3180 1690 3295 1759 ejus
3335 1691 3388 1745 in

140 1755 295 1854 (μεθ’
327 1774 393 1821 ¹¹ν
424 1756 760 1854 ηλξῖίῗξὶίθί
807 1766 988 1854 alite"!
1028 1762 1360 1854 temporibus
1388 1761 1663 1854 ΡῘίὉίίηίῑίε
1683 1803 1698 1830 ν
1729 1755 1779 1817 Β
1806 1755 2100 1851 Evangelio
2128 1797 2289 1838 voces
2319 1755 2673 1847 ascribimusl
2709 1782 2721 1854 [
2746 1782 2928 1835 Baluz.
2962 1783 3083 1835 add.
3117 1755 3241 1852 uni‘]
3267 1784 3391 1838 sub—

138 1847 261 1901 sicut
289 1856 361 1900 est
382 1863 511 1901 unus
551 1845 721 1902 Filius
746 1857 796 1902 et
836 1848 1089 1905 Dominus
1118 1852 1173 1904 in
1202 1852 1369 1922 gloria
1404 1851 1582 1906 Patris
1602 1891 1615 1915 ,
1648 1862 1705 1906 ut

133 1939 313 2009 judicet
340 1938 514 1993 orbem
544 1948 795 1993 terrarum
816 1942 869 1993 in
891 1943 1129 2012 wquilale
1152 1941 1299 2013 (Act.
1329 1958 1454 2009 xvu,
1489 1942 1600 2013 51),
1628 1943 1703 1998 si-

136 2036 217 2082 cut
234 2028 509 2099 Scriptura
532 2037 775 2085 testatur.

199 2116 282 2170 18.
321 2117 636 2174 Necessario
658 2120 818 2187 igitur
840 2126 894 2175 et
915 2120 1029 2175 hzec
1049 2120 1355 2190 adjicimus;
1382 2124 1704 2179 annuntian-

134 2218 207 2264 tes
246 2210 387 2263 enim
431 2211 722 2266 secundum
764 2227 979 2267 carnem
1008 2222 1242 2268 mortem
1284 2214 1541 2283 unigeniti
1583 2213 1703 2271 Filii

133 2301 238 2366 Dei,
282 2303 335 2357 id
364 2312 471 2369 est,
502 2302 626 2359 Jesu
656 2303 885 2371 Christi,
910 2312 965 2361 et
998 2304 1448 2362 resurrectionem
1471 2307 1613 2377 ejus,
1647 2317 1703 2363 et

130 2394 177 2447 in
202 2394 353 2449 caelis
382 2397 749 2452 ascensionem
776 2399 980 2467 pariter
1000 2398 1337 2465 confitentes,
1370 2392 1703 2455 incruentam

126 2484 456 2541 celebramus
476 2486 528 2540 in
545 2486 798 2544 Ecclesiis
811 2487 1057 2543 sacrificii
1077 2490 1419 2555 servitutem;
1444 2490 1519 2545 sic
1540 2489 1703 2545 etiam

126 2576 189 2631 ad
216 2579 477 2649 mysticas
504 2579 908 2634 benedictiones
939 2581 1269 2647 accedimus,
1316 2589 1371 2635 et
1405 2580 1703 2635 sanctiﬁca-

123 2683 238 2724 mur
265 2669 560 2738 participes
580 2669 823 2739 corporis
852 2677 907 2725 et
932 2670 1154 2740 pretiosi
1194 2671 1467 2739 sanguinis
1505 2671 1703 2726 Christi

122 2760 360 2813 Omnium
387 2766 629 2814 nostrum
659 2759 1053 2831 Redemptoris,
1079 2762 1283 2826 effecti,
1318 2780 1425 2818 non
1456 2772 1514 2817 ut
1552 2780 1704 2819 eom-

124 2866 336 2906 munem
366 2867 586 2907 carnem
608 2854 962 2923 recipientes,
995 2856 1140 2926 quod
1165 2856 1335 2919 absit,
1369 2871 1469 2911 nec
1509 2865 1568 2909 ut
1602 2858 1703 2913 viri

125 2942 467 3011 sanctificati,
500 2953 555 2999 et
582 2944 762 3000 Verbo
793 2946 1065 3015 conjuncti
1100 2948 1389 3002 secundum
1430 2948 1704 3016 dignitatis

128 3037 400 3102 unitatem,
425 3044 516 3090 aut
536 3036 675 3091 sicut
696 3037 932 3091 divinam
955 3038 1277 3107 possidentis
1290 3039 1698 3104 habitationem,

128 3125 214 3182 sed
240 3136 297 3181 ut
325 3143 453 3182 vere
475 3128 893 3195 vivilicatricem,
918 3138 973 3185 et
994 3130 1158 3199 ipsius
1183 3129 1343 3185 Verbi
1374 3131 1466 3184 Dei
1491 3130 1696 3203 [Baluz.
1726 3123 1771 3187 C

130 3235 221 3273 om.
247 3217 363 3289 Dei]
396 3220 669 3290 propriam
710 3219 936 3287 factam;
979 3222 1085 3275 vita
1116 3222 1257 3281 enim
1284 3223 1603 3276 naturaliter
1642 3232 1700 3277 ut

132 3311 258 3366 Deus
286 3314 524 3367 existens
544 3354 557 3378 ,
588 3314 709 3383 quia
735 3314 965 3384 propria:
1000 3316 1149 3370 carni
1180 3316 1360 3370 unitus
1389 3325 1497 3379 est,
1529 3315 1699 3370 vivifi-

130 3410 371 3464 catricem
401 3424 520 3463 eam
549 3424 667 3464 esse
685 3410 959 3480 professus
988 3420 1089 3465 est.
1113 3409 1181 3465 Et
1206 3412 1327 3465 ideo
1354 3412 1595 3482 quamvis
1614 3412 1697 3466 di-

129 3507 207 3553 cat
234 3500 298 3553 ad
331 3514 434 3553 nos
462 3500 678 3572 [Baluz.
712 3501 834 3554 add.
872 3500 1116 3572 veniens]
1146 3520 1158 3554 :
1192 3503 1353 3555 Amen
1402 3519 1551 3556 amen
1586 3502 1699 3555 dico

131 3590 274 3653 vobis,
299 3594 399 3645 nisi
428 3593 855 3646 manducareritis
891 3609 1099 3647 carnem
1122 3592 1251 3647 Filii
1272 3594 1490 3647 hominis
1510 3634 1523 3659 ,
1547 3604 1595 3647 et
1623 3592 1702 3647 bi-

132 3678 291 3735 beritis
313 3683 427 3753 ejus
449 3684 749 3753 sanguinem
773 3683 789 3753 (
805 3682 961 3737 Joan.
992 3700 1063 3750 γι,
1090 3682 1158 3737 55
1173 3684 1212 3754 ),
1233 3692 1359 3751 etc.,
1392 3700 1500 3739 non
1520 3694 1701 3739 tamen

132 3788 237 3828 eam
265 3782 320 3829 ut
342 3776 505 3829 unius
535 3776 767 3830 hominis
801 3790 867 3830 ex
907 3776 1059 3831 nobis
1098 3776 1367 3831 aestimare
1405 3776 1697 3843 debemus;

132 3866 385 3933 quomodo
398 3867 543 3920 enim
552 3866 702 3935 juxta
717 3874 959 3920 naturam
972 3882 1123 3921 suam
1138 3866 1454 3922 viviﬁcatrix
1476 3882 1591 3922 esse
1608 3883 1699 3922 ca-

133 3972 185 4008 ro
204 3958 435 4012 hominis
451 3957 802 4027 poterit?Sed
824 3968 881 4013 ut
902 3974 1027 4013 vere
1051 3960 1323 4029 propriam
1345 3959 1461 4028 ejus
1488 3959 1698 4026 factam,

134 4048 210 4115 qui
236 4060 457 4118 propter
485 4064 580 4104 nos
593 4048 755 4104 Filius
772 4050 1003 4104 hominis
1024 4058 1077 4105 et
1094 4051 1262 4105 lactus
1284 4059 1366 4105 est
1392 4059 1444 4105 et
1462 4059 1698 4105 vocatus.

196 4139 272 4191 lt).
315 4140 426 4194 Eas
472 4149 648 4194 autem
703 4156 901 4204 voces,
945 4155 1078 4210 quas
1125 4140 1375 4195 Salvator
1417 4149 1603 4195 noster
1648 4142 1703 4195 in

134 4228 422 4298 Evangeliis
452 4230 702 4300 protulit,
734 4246 840 4285 non
872 4232 925 4284 in
965 4231 1171 4285 duabus
1210 4231 1568 4285 subsistentiis
1612 4238 1705 4285 aut

134 4323 361 4388 personis
391 4323 618 4377 omnino
640 4323 927 4392 partimur;
954 4338 1059 4377 non
1081 4321 1221 4376 enim
1251 4321 1447 4392 duplex
1467 4330 1548 4377 est
1570 4338 1705 4378 unus

134 4409 358 4467 Christus
388 4420 450 4468 et
475 4413 639 4479 solus,
671 4413 914 4483 quamvis
935 4428 1001 4467 ex
1022 4413 1227 4467 duabus
1264 4413 1598 4483 diversisque
1626 4430 1705 4468 re-

134 4501 220 4555 bus
248 4502 308 4556 ad
333 4504 595 4558 unitatem
619 4511 974 4571 cognoscatur
1002 4503 1328 4557 individuam
1357 4504 1700 4571 convenisse;
1728 4497 1783 4559 D

134 4592 259 4645 sicut
287 4596 453 4648 homo
479 4608 694 4663 quoque
724 4609 789 4648 ex
833 4593 1006 4646 anima
1038 4602 1293 4648 constans
1340 4602 1395 4649 et
1437 4610 1700 4664 corpore,

135 4700 228 4737 non
258 4686 454 4756 duplex
477 4686 672 4756 potius,
697 4686 790 4740 sed
812 4702 949 4740 unus
975 4694 1057 4740 est
1077 4702 1145 4740 ex
1165 4694 1424 4757 utroque:
1445 4689 1706 4744 humanas

136 4787 249 4840 ergo
277 4783 329 4828 et
356 4776 570 4829 divinas
597 4776 816 4846 insuper
844 4791 1004 4830 voces
1026 4778 1094 4830 ab
1122 4792 1233 4830 uno
1253 4776 1469 4832 Christo
1499 4779 1700 4843 dictas,

136 4864 611 4921 animadvertentes
646 4874 792 4921 recte
827 4867 1105 4932 sentimus,
1143 4882 1263 4921 cum
1298 4869 1443 4922 enim
1474 4869 1585 4925 Deo
1620 4872 1705 4925 di-

136 4956 372 5020 gnissime
402 4958 643 5026 loquitur
679 4958 745 5013 de
783 4974 843 5013 se
872 4960 987 5028 ipso
1020 4977 1033 5010 :
1068 4956 1167 5022 Qui
1196 4977 1276 5013 me
1303 4960 1463 5027 videt,
1497 4962 1629 5015 videt
1656 4974 1705 5015 et

137 5042 331 5100 Patrem
362 5048 550 5118 (.Joan.
586 5064 693 5111 XIV,
726 5047 822 5116 9);
854 5058 909 5103 et
941 5067 951 5100 :
987 5048 1099 5119 Ego
1144 5058 1193 5103 et
1220 5049 1383 5103 Pater
1420 5068 1577 5104 unum
1613 5068 1703 5106 su-

137 5151 236 5189 mus
265 5138 456 5207 (Joan.
491 5156 544 5203 x,
578 5140 697 5209 50).
727 5140 966 5193 Divinam
989 5141 1107 5209 ejus
1129 5142 1493 5211 intelligimus,
1520 5144 1705 5198 ineffa-

138 5225 390 5299 bilemque
422 5239 695 5299 naturam,
742 5234 1034 5288 secundum
1073 5248 1234 5303 quam
1260 5251 1424 5291 unum
1464 5244 1547 5291 est
1583 5253 1706 5292 cum

139 5315 285 5377 Patre
310 5340 437 5391 suo,
480 5334 701 5395 propter
729 5342 891 5380 uuam
929 5327 1280 5396 eamdemque
1319 5331 1701 5398 substantiam,

138 5413 294 5486 imago
321 5426 369 5470 et
409 5418 678 5472 character
713 5419 1054 5491 splendorque
1093 5420 1275 5491 gloria:
1319 5421 1431 5493 ejus
1480 5424 1701 5479 existens

1806 1872 2061 1928 sistentia:
2092 1873 2250 1929 Verbi
2279 1874 2480 1928 scilicet
2508 1874 2766 1927 incarnati
2786 1911 2799 1935 ,
2832 1872 2958 1941 quia
2996 1888 3135 1926 unus
3174 1881 3255 1928 est
3283 1873 3391 1928 Do-

1807 1965 1982 2019 minus
2000 1962 2155 2018 Jesus
2176 1962 2449 2029 Christus,
2482 1972 2537 2017 ut
2569 1964 2826 2033 scriptum
2856 1970 2959 2018 est.

1876 2053 1962 2109 ΞΟ.
1996 2054 2339 2125 Appellatum
2369 2070 2497 2109 vero
2519 2055 2809 2125 apostolum
2847 2062 2897 2108 et
2926 2052 3222 2124 pontiﬁcem
3261 2069 3379 2109 σοπ-

1805 2147 2044 2217 fessionis
2067 2145 2479 2216 nostra:(liebr.
2511 2161 2586 2208 ιιι,
2620 2145 2717 2215 2),
2762 2154 3036 2214 tamquam
3084 2143 3390 2200 sacriﬁcan-

1803 2245 1912 2293 tem
1942 2237 2052 2293 Deo
2094 2246 2149 2291 et
2177 2236 2323 2291 Patri
2354 2236 2475 2291 fidei
2516 2244 2714 2292 nostrae
2750 2236 3176 2302 confessionem,
3208 2250 3329 2305 quae
3356 2252 3387 2291 a

1803 2328 1959 2383 nobis
1994 2328 2093 2397 ipsi
2121 2336 2175 2382 et
2204 2342 2302 2398 per
2330 2328 2505 2398 ipsum
2535 2327 2646 2383 Deo
2667 2335 2722 2381 et
2751 2326 2898 2381 Patri
2927 2327 3260 2383 incessanter
3300 2328 3387 2383 ol-

1803 2417 1988 2473 fertur.
2020 2418 2218 2473 lterum
2262 2434 2384 2472 eum
2424 2418 2678 2482 dicimus,
2710 2417 2802 2485 qui
2846 2432 2913 2471 ex
2942 2417 3054 2471 Deo
3083 2425 3166 2472 est
3196 2433 3389 2473 secun-

1803 2511 1927 2566 dum
1956 2518 2200 2564 naturam
2241 2510 2405 2563 Filius
2434 2509 2767 2577 unigenitus,
2812 2524 2912 2564 nec
2949 2509 3153 2563 homini
3190 2517 3388 2579 praeter

1804 2618 1925 2658 eum
1952 2603 2103 2657 alteri
2138 2602 2421 2657 sacerdotii
2447 2617 2641 2655 nomen
2664 2608 2719 2655 et
2756 2598 2988 2655 officium
3017 2601 3339 2671 deputamus
3369 2620 3383 2656 :

1806 2692 1999 2748 Factus
2028 2704 2103 2749 est
2131 2695 2273 2749 enim
2302 2694 2555 2748 mediator
2588 2692 2685 2747 Dei
2711 2703 2760 2747 et
2792 2693 3051 2747 hominum
3083 2692 3133 2765 (Ι
3166 2693 3296 2748 Tim.
3328 2709 3385 2761 ιι,

1808 2785 1882 2856 5),
1906 2797 1955 2841 et
1977 2788 2339 2842 reconciliator
2358 2787 2427 2839 ad
2447 2802 2621 2854 pacem
2636 2826 2649 2849 ,
2679 2787 3007 2855 semetipsum
3029 2784 3138 2840 Deo
3166 2794 3217 2839 et
3236 2784 3388 2839 Patri

1806 2894 1897 2948 pro
1922 2877 2067 2931 nobis
2097 2877 2317 2945 offerens
2346 2878 2399 2929 in
2435 2875 2645 2929 odorem
2679 2876 2945 2928 suavitatis
2982 2872 3153 2945 (Eph.
3179 2890 3235 2939 ιι,
3271 2872 3384 2943 5);

1807 2968 2036 3036 ideoque
2074 2968 2285 3023 dicebat
2320 2986 2331 3019 :
2366 2967 2695 3036 Sacriﬁcium
2722 2974 2773 3019 et
2799 2964 3107 3019 oblationem
3135 2966 3387 3028 noluisti;

1807 3060 2107 3115 holocausta
2128 3069 2177 3112 et
2199 3074 2291 3129 pro
2322 3067 2530 3129 peccato
2563 3073 2666 3111 non
2696 3055 2785 3110 tibi
2810 3057 3147 3127 placuerunt;
3198 3069 3385 3124 corpus

1805 3161 1973 3205 autem
1996 3151 2254 3222 perfecisti
2276 3150 2423 3203 mihi.
2458 3148 2599 3203 Tunc
2620 3147 2729 3203 dimi
2754 3166 2771 3201 :
2798 3147 2933 3201 Ecce
2954 3148 3116 3212 venio,
3139 3148 3193 3200 in
3221 3146 3389 3216 capite

1805 3245 1921 3300 libri
1952 3246 2195 3313 scriptum
2224 3251 2299 3295 est
2322 3242 2383 3296 de
2403 3258 2511 3306 me,
2544 3251 2602 3294 ut
2629 3243 2837 3313 faciam,
2874 3239 3030 3305 Deus,
3073 3238 3387 3293 uoluntatem

1804 3348 1941 3391 tuam
1973 3336 2141 3408 (Heb.
2167 3353 2219 3401 ι,
2246 3334 2319 3404 5).
2340 3334 2544 3389 Obtulit
2570 3334 2711 3389 enim
2732 3332 3007 3403 proprium
3038 3345 3253 3400 corpus,
3272 3343 3381 3383 non

1802 3444 1900 3500 pro
1924 3444 2000 3491 se,
2033 3428 2127 3483 sed
2157 3442 2253 3497 pro
2281 3427 2455 3491 nobis,
2482 3427 2535 3479 in
2557 3425 2777 3480 odorem
2805 3422 3082 3477 suavitatis
3106 3440 3118 3475 :
3144 3434 3267 3475 nam
3287 3435 3387 3491 pro

1802 3535 1859 3574 se
1879 3519 1966 3572 vel
1995 3519 2270 3573 oblatione
2308 3517 2392 3571 vel
2421 3513 2695 3571 sacrificiis
2730 3530 2841 3568 non
2869 3512 3101 3581 indiget,
3145 3512 3212 3565 ab
3241 3510 3389 3564 omni

1801 3619 2025 3683 peccato
2056 3611 2208 3674 liber,
2236 3618 2294 3663 ut
2316 3609 2488 3670 Deus,
2521 3606 2775 3661 existens.
2813 3602 2965 3669 Quod
2993 3605 3039 3657 si
3059 3619 3234 3657 omnes
3270 3617 3388 3672 pec-

1802 3710 2060 3768 caverunt,
2090 3710 2140 3754 et
2166 3708 2313 3771 egent
2332 3699 2499 3770 gloria
2519 3697 2617 3751 Dei
2641 3696 2825 3768 (Rom.
2850 3713 2924 3761 ιιι,
2949 3695 3038 3766 25)
3056 3736 3070 3760 ,
3094 3693 3387 3749 secundum

1800 3792 1907 3847 hoc
1932 3791 2074 3860 quod
2094 3805 2277 3844 sumus
2298 3789 2366 3843 ad
2394 3788 2765 3842 mutabilitatis
2795 3800 3072 3841 excessum
3099 3784 3386 3854 proniores

1804 3881 2011 3948 effecti,
2044 3890 2099 3936 et
2142 3881 2380 3950 peccatis
2413 3879 2693 3947 aagrotavit
2738 3878 2969 3931 humana
3007 3882 3229 3939 natura,
3272 3874 3389 3942 ipse

1806 3988 1934 4027 vero
1961 3988 2067 4026 non
2098 3972 2190 4033 ita,
2233 3970 2462 4037 ideoque
2507 3983 2607 4023 nos
2647 3967 2814 4035 gloria
2856 3965 2972 4033 ejus
3008 3979 3258 4032 egemus;
3300 3962 3387 4017 cui

1808 4063 2023 4135 lBaluz.
2054 4062 2178 4133 cur]
2210 4062 2313 4116 erit
2340 4061 2477 4114 ultra
2503 4059 2613 4127 jam
2635 4059 2873 4122 dubium,
2897 4056 3042 4125 quod
3072 4055 3255 4123 Agnus
3295 4069 3389 4110 ve-

1806 4171 1897 4209 rus
1917 4162 2139 4224 propter
2164 4168 2264 4205 nos
2293 4158 2348 4205 et
2387 4166 2485 4219 pro
2514 4149 2669 4203 nobis
2697 4149 2767 4203 sit
2791 4147 3141 4201 immolatus?
3171 4144 3272 4211 Qui
3301 4145 3385 4198 di-

1806 4246 1881 4300 cit
1916 4252 2095 4298 autem
2121 4284 2135 4307 ,
2181 4243 2324 4311 quod
2354 4241 2697 4310 semetipsum
2739 4248 2846 4293 tam
2876 4252 2975 4308 pro
3015 4253 3074 4293 se
3101 4252 3260 4308 quam
3288 4252 3389 4307 pro

1808 4334 1962 4388 nobis
1991 4332 2263 4395 obtulerit,
2278 4331 2582 4385 nullatenus
2602 4328 2891 4399 impietatis
2916 4328 3120 4383 crimen
3147 4322 3383 4395 eﬂ‘ugiat,

1806 4440 1929 4480 cum
1964 4425 2096 4479 nihil
2124 4437 2345 4493 prorsus
2368 4421 2475 4475 iste
2518 4420 2840 4489 deliquerit,
2882 4434 2981 4473 nec
3007 4419 3173 4472 ullum
3203 4417 3392 4474 fecerit

1808 4516 2030 4571 omnino
2050 4520 2349 4585 peccatum.
2383 4511 2495 4577 Qua
2526 4512 2686 4580 igitur
2706 4516 2891 4579 egeret
2918 4508 3210 4572 oblatione,
3242 4509 3389 4563 nullo

1807 4623 1906 4662 suo
1927 4613 2174 4662 exstante
2202 4604 2458 4666 facinore,
2482 4617 2581 4672 pro
2601 4618 2729 4671 quo,
2761 4602 2805 4656 si
2835 4608 3009 4667 esset,
3050 4601 3180 4656 satis
3207 4600 3393 4656 admo~

1808 4698 1933 4753 dum
1962 4695 2346 4751 convenienter
2366 4692 2620 4747 offerret?

1876 4791 1965 4844 21.
2008 4790 2081 4843 De
2113 4788 2315 4858 Spiritu
2344 4801 2559 4857 quoque
2588 4801 2707 4841 cum
2739 4786 2869 4840 dicit
2900 4803 2911 4837 :
2946 4784 3046 4837 Ille
3073 4801 3153 4837 me
3192 4783 3392 4854 alo-iﬁ-

1808 4880 1943 4935 cabit
1973 4878 2158 4951 (Joan.
2186 4896 2291 4941 XVI,
2318 4876 2428 4943 Η),
2461 4878 2566 4931 hoc
2590 4874 2887 4930 rectissime
2908 4874 3203 4929 sentientes
3224 4889 3389 4926 unum

1810 4970 2080 5026 Christum
2108 4978 2163 5023 et
2192 4968 2378 5023 Filium
2398 5008 2412 5032 ,
2448 4983 2553 5021 non
2580 4966 2726 5020 velut
2750 4965 2971 5019 alterius
3004 4971 3249 5031 egentem
3270 4963 3390 5031 glo-

1810 5062 1907 5126 ria,
1940 5058 2258 5115 confitemur
2278 5074 2307 5111 a
2335 5057 2535 5127 Spiritu
2557 5063 2743 5109 sancto
2765 5054 2987 5125 gloriam
3017 5059 3387 5117 consecutum,

1811 5151 1933 5219 quia
1963 5148 2193 5219 Spiritus
2222 5147 2338 5215 ejus
2366 5161 2466 5201 nec
2488 5144 2679 5199 melior
2706 5144 2823 5214 ipso
2841 5184 2855 5209 ,
2886 5160 2989 5199 nec
3010 5142 3253 5211 superior
3274 5148 3388 5207 est;

1812 5241 1907 5298 sed
1928 5241 2053 5309 quia
2076 5240 2209 5292 mira
2231 5252 2393 5306 opera
2418 5234 2619 5290 faciens
2646 5234 2713 5288 ad
2741 5234 3259 5290 demonstrationem
3280 5248 3392 5288 sua:

1812 5331 2069 5394 Deitatis,
2101 5329 2298 5382 virtute
2346 5326 2548 5395 proprii
2578 5324 2808 5394 Spiritus
2848 5325 3119 5391 utebatur,
3163 5325 3230 5379 ab
3270 5325 3390 5395 ipso

1807 5420 2093 5493 glorificari
2122 5419 2333 5483 dicitur,
2362 5415 2813 5485 quemadmodum
2842 5416 2889 5472 si
2928 5416 3048 5485 quis
3075 5415 3142 5472 de
3163 5416 3394 5471 homini-

1296 5559 1836 5619 CASTIGATIONES
1875 5561 1967 5618 ET
2006 5559 2236 5617 NOTAE.

139 5660 713 5734 lumniantierestorii
760 5667 1027 5722 convictio
1050 5709 1063 5734 ,
1110 5676 1164 5723 et
1204 5667 1379 5723 Procli
1409 5669 1649 5725 defensio
1685 5691 1695 5723 :

139 5732 220 5789 ille
248 5737 387 5790 enim
416 5736 691 5792 catholicis
732 5732 1153 5793 calumniabatur
1176 5781 1188 5805 ,
1221 5740 1370 5808 quasi
1401 5751 1700 5798 assererem

1807 5672 2039 5726 Verbum
2056 5678 2247 5723 natura
2264 5684 2359 5723 sua
2384 5684 2476 5723 seu
2506 5667 2785 5723 divinitate
2806 5683 3018 5738 passum
3034 5687 3047 5736 ;
3062 5669 3160 5724 iste
3173 5677 3397 5739 pr0pter

1807 5742 1928 5797 fidei
1969 5740 2355 5811 professionem
2380 5739 2729 5809 vapulaverat
2777 5740 3029 5795 atrociter
3063 5756 3092 5795 a
3124 5740 3388 5797 Nestorio.
