3904 6272
2291 145 2314 172 η

425 255 536 307 839
924 247 1120 305 MAR"
1155 245 1599 304 MERCATORIS
1644 241 2213 303 TRANSLATIONES
2255 245 2620 306 VARIORUM
2656 246 3183 306 OPUSCULORUM.
3620 249 3748 308 διο

429 361 533 419 bus
551 366 823 414 asseveret
845 358 993 428 quod
1016 359 1188 416 virtus
1215 374 1311 413 sua
1336 358 1421 413 vel
1455 355 1735 426 disciplina
1762 355 2016 425 quaslibet
2039 361 2093 419 Α
2188 357 2230 412 l.
2247 356 2307 414 Si
2326 360 2447 428 quis
2465 375 2572 415 non
2596 361 2884 416 conﬁtetur
2901 361 3067 416 Deum
3090 378 3213 418 esse
3234 362 3596 437 [Baluz.add.
3629 379 3745 422 ve-

436 466 867 521 unumquemque
914 451 1172 506 clariﬁcet
1195 469 1207 503 :
1231 449 1474 520 quamvis
1516 449 1661 503 enim
1707 447 1762 502 in
1799 462 1895 502 sua
1941 447 2012 502 sit
2117 450 2336 522 raciter]
2366 451 2702 518 Emmanuel,
2726 462 2782 508 et
2803 462 3087 524 propterea
3116 455 3210 510 Dei
3240 455 3566 524 genitricem
3598 473 3748 513 san-

443 542 786 600 subsistentia
828 542 1082 613 Spiritus,
1112 551 1168 596 et
1204 541 1320 611 ejus
1348 541 1674 609 intelligatur
1699 539 1756 594 in
1777 553 2012 610 persona
2115 551 2258 597 ctam
2304 542 2574 612 Virginem
2598 584 2614 609 ,
2657 545 2868 613 peperit
2913 544 3058 598 enim
3103 545 3403 600 secundum
3446 562 3692 603 carnem
3717 589 3737 615 ,

437 635 760 708 proprietas,
780 633 936 704 juxta
959 633 1011 688 id
1029 632 1174 716 quod
1201 632 1432 702 Spiritus
1459 637 1560 697 est,
1593 639 1647 686 et
1676 647 1784 686 non
1805 630 2010 716 .Filius,
2117 648 2338 690 carnem
2382 633 2580 688 factum
2624 633 2719 689 Dei
2764 634 3020 701 Verbum,
3065 635 3350 691 anathema
3377 637 3466 692 sit.

432 736 672 784 attamen
701 728 908 781 alienus
935 741 1042 780 non
1063 712 1148 780 est
1167 725 1233 779 ab
1262 725 1384 790 illo;
1415 739 1540 779 nam
1562 712 2013 795 Spiritus'appel-
2187 722 2251 778 ll.
2284 723 2342 778 Si
2381 724 2500 793 quis
2540 739 2648 779 non
2677 724 2966 780 conﬁtetur
3002 727 3153 781 carni
3195 729 3489 782 secundum
3540 730 3740 785 subsi-

432 820 576 876 latus
603 827 686 875 est
713 820 938 873 veritatis
969 816 1160 889 (Joan.
1194 832 1300 881 xvr,
1335 816 1446 887 1‘5),
1475 824 1530 872 et
1558 817 1744 870 veritas
1783 815 2014 870 Christus

431 920 513 966 est
537 910 733 984 (Joan.
765 925 872 972 xiv,
895 906 982 978 6);
1005 906 1148 963 unde
1173 923 1239 962 sn
1270 923 1390 963 ISTO
1419 922 1719 971 summa,
1751 921 1904 962 sicur
1945 922 2016 960 sx

435 1001 550 1057 Deo
569 999 753 1055 Pnns
782 1013 1060 1054 rnocsnrr.
1084 998 1325 1068 Denique
1346 999 1433 1053 hic
1450 998 1575 1068 ipse
1601 996 1836 1066 Spiritus
1855 988 2018 1050 etiam

436 1106 536 1162 per
559 1097 867 1145 sanctorum
888 1103 1081 1144 manus
1108 1088 1475 1159 apostolorum
1502 1087 1759 1142 miracula
1787 1085 2018 1156 gloriosa

437 1181 745 1254 perﬂeiens,
769 1178 1052 1234 Dominum
1074 1176 1339 1248 gloriﬁcat
1355 1176 1536 1233 Jesum
1555 1175 1848 1241 Christum,
1872 1182 2022 1246 post-

439 1286 604 1343 quam
626 1269 869 1326 ascendit
893 1270 948 1324 in
976 1269 1172 1326 calum
1198 1287 1212 1322 :
1244 1284 1372 1324 nam
1399 1268 1632 1324 creditus
1668 1273 1752 1323 est
1778 1264 2023 1322 Christus

438 1371 632 1421 natura
661 1364 805 1418 Deus
832 1363 1090 1428 existens,
1114 1378 1211 1432 per
1237 1377 1392 1417 suum
1415 1359 1675 1431 Spiritum
1693 1360 1924 1414 virtutes
1943 1357 2023 1413 ei-

441 1457 657 1524 ﬁciens,
690 1455 920 1525 ideoque
941 1455 1155 1511 dicebat
1180 1473 1194 1508 :
1225 1453 1306 1509 De
1332 1470 1446 1508 meo
1465 1454 1710 1524 accipiet,
1734 1461 1784 1506 et
1819 1466 2025 1504 annun-

443 1549 592 1607 tiabit
620 1549 758 1605 vobis
783 1549 972 1621 (Joan.
997 1564 1108 1611 xvr,
1140 1547 1251 1618 14).
1283 1546 1630 1616 Nequaquam
1649 1560 1781 1601 vero
1805 1543 2026 1616 partici-

442 1643 662 1715 patione
690 1641 914 1696 alterius
933 1639 1074 1695 idem
1095 1638 1330 1710 Spiritus
1357 1638 1572 1708 sapiens
1599 1645 1692 1692 aut
1719 1644 1914 1706 potens
1939 1635 2025 1690 di-

2118 815 2372 869 stentiam
2402 815 2607 869 unitum
2636 815 2731 870 Dei
2779 813 2953 872 Patris
2980 816 3237 883 Verbum,
3270 833 3553 889 unumque
3601 837 3734 878 esse

2119 903 2390 960 Christum
2418 920 2538 960 cum
2565 905 2783 976 propria
2809 921 2990 973 carne,
3014 907 3265 966 eumdem
3291 909 3501 966 scilicet
3549 911 3735 967 Deum

2118 996 2280 1051 simul
2305 1004 2363 1050 et
2381 994 2686 1062 hominem,’
2706 998 2991 1053 anathema
3018 999 3106 1054 sit.

2191 1085 2278 1140 Ill.
2309 1084 2367 1141 Si
2403 1087 2524 1156 quis
2543 1087 2596 1140 in
2626 1102 2734 1142 uno
2767 1087 2984 1143 Christo
3012 1088 3202 1145 dividit
3227 1091 3562 1149 substantias
3601 1104 3732 1166 post

2123 1176 2400 1242 unitatem,
2422 1176 2537 1231 sola
2563 1191 2658 1231 eas
2677 1177 3016 1233 connexione
3041 1179 3372 1250 conjungens
3393 1197 3458 1238 ea
3484 1198 3620 1252 qua:
3645 1197 3730 1240 se-

2123 1267 2358 1323 cundum
2385 1266 2695 1336 dignitatem
2739 1275 2840 1335 est,
2885 1269 2970 1324 vel
3009 1270 3174 1326 etiam
3213 1276 3600 1330 auctoritatem
3633 1284 3730 1330 aut

2124 1367 2464 1432 potestatem,
2493 1375 2557 1415 ac
2579 1377 2684 1415 non
2705 1361 2884 1431 potius
2910 1370 3177 1418 conventu
3206 1365 3298 1434 qui
3323 1381 3422 1436 per
3448 1367 3726 1422 unitatem

2125 1451 2300 1508 factus
2319 1460 2402 1508 est
2422 1451 2742 1518 naturalem,
2771 1451 3056 1507 anathema
3077 1453 3167 1508 sit.

2197 1543 2286 1598 ιν.
2319 1544 2375 1599 Si
2402 1544 2522 1613 quis
2547 1543 2736 1600 dividit
2761 1546 3007 1615 personis
3045 1546 3252 1602 duabus
3285 1547 3373 1602 vel
3417 1548 3723 1607 subsisten-

2130 1633 2220 1689 tiis
2245 1648 2338 1688 eas
2363 1649 2524 1689 voces
2549 1648 2671 1703 qua:
2708 1635 2764 1688 in
2791 1635 3103 1704 apostolicis
3129 1637 3342 1706 scriptis
3367 1639 3722 1696 continentur

444 1735 605 1798 citur,
635 1732 762 1801 quia
781 1747 882 1802 per
909 1730 1088 1786 omnia
1119 1729 1386 1800 perfectus
1412 1734 1526 1795 est,
1558 1736 1615 1784 et
1633 1728 1780 1784 nullo
1807 1743 2029 1799 prorsus
2056 1736 2106 1798 Β
2130 1733 2188 1811 et
2205 1725 2544 1794 evangelicis,
2567 1739 2687 1794 qua:
2706 1725 2775 1780 de
2801 1723 3016 1782 Christo
3035 1741 3068 1781 a
3089 1728 3288 1784 sanctis
3314 1728 3594 1794 dicuntur,
3638 1730 3721 1787 vel

444 1824 687 1893 indigens
710 1823 886 1887 bono;
912 1837 1036 1876 nam
1061 1829 1299 1892 paternae
1318 1820 1533 1875 virtutis
1557 1825 1612 1874 et
1639 1818 1940 1888 sapientiai,
1972 1817 2028 1873 id

445 1921 532 1969 est
567 1913 688 1968 Filii
723 1911 954 1983 Spiritus
979 1911 1241 1977 creditur,
1263 1918 1320 1966 et
1357 1910 1478 1966 ideo
1519 1910 1633 1980 ipsa
1673 1925 1736 1965 re
1774 1916 1831 1965 et
1855 1909 2032 1965 subsi-

445 2004 645 2060 stentia
673 2003 846 2058 virtus
864 2010 919 2058 et
950 2001 1212 2072 sapientia
1233 2000 1633 2070 comprobatur.

514 2093 606 2148 22.
624 2102 651 2132 ι
667 2093 831 2163 Igitur
849 2091 975 2161 quia
989 2091 1159 2146 Deum
1180 2091 1330 2147 carni
1356 2091 1553 2145 unitum
1567 2090 1722 2161 juxta
1746 2088 2031 2144 subsisten-

452 2189 580 2242 tiam
618 2192 800 2241 sancta
835 2183 999 2254 Virgo
1029 2183 1382 2254 corporaliter
1419 2181 1656 2253 peperit,
1688 2181 1886 2236 idcirco
1911 2193 2032 2236 eam

447 2280 542 2336 Dei
565 2278 877 2348 genitricem
917 2291 1037 2332 esse
1055 2274 1396 2346 proﬁtemur;
1441 2291 1548 2329 non
1569 2273 1713 2343 quod
1751 2272 1912 2328 Verbi
1933 2285 2032 2327 na-

449 2377 574 2425 tura
601 2367 866 2425 existendi
897 2365 1217 2436 principium
1247 2363 1316 2419 de
1339 2379 1502 2419 carne
1539 2363 1728 2418 sortita
1760 2361 1830 2416 sit
1860 2379 1874 2414 :
1902 2359 2037 2415 Erat

445 2461 586 2516 enim
610 2461 666 2514 in
709 2459 962 2530 principio
1016 2456 1260 2519 Verbum,
1302 2466 1351 2510 et
1383 2454 1526 2511 Deus
1563 2464 1677 2510 erat
1712 2454 1952 2518 Verbum,
1983 2461 2035 2508 et

455 2553 678 2609 Verbum
700 2559 812 2606 erat
831 2549 970 2621 apud
990 2547 1159 2602 Deum
1189 2547 1366 2619 (Joan.
1397 2564 1432 2614 ι,
1458 2546 1534 2618 1),
1571 2553 1628 2601 et
1647 2545 1761 2616 ipse
1787 2552 1869 2599 est
1905 2558 2036 2599 con-

447 2642 593 2700 ditor
631 2641 968 2708 smwlorum,
1018 2639 1165 2695 Patri
1212 2646 1526 2704 coaeternus,
1573 2645 1630 2693 et
1673 2635 2036 2692 universitatis

446 2743 694 2800 creator;
741 2733 837 2788 sed
881 2731 1169 2802 quoniam,
1200 2730 1446 2800 superius
1494 2736 1553 2784 ut
1599 2728 1860 2794 diximus,
1883 2726 2036 2797 juxta

448 2826 848 2883 subsistentiam
877 2824 1092 2879 sibimet
1115 2823 1305 2878 uniens
1331 2826 1579 2876 naturam
1598 2819 1882 2873 humanam
1900 2858 1915 2884 ,
1949 2832 2040 2872 na-

449 2919 718 2974 tivitatem
743 2916 1056 2972 sustinuerit
1083 2930 1152 2970 ex
1190 2915 1306 2985 ipsa
1351 2914 1508 2968 vulva
1535 2925 1854 2983 corpoream
1886 2922 2036 2965 :‘non

450 3009 598 3080 quod
623 3007 830 3077 eguerit
856 3005 1182 3072 necessario,
1212 3012 1434 3076 propter
1457 3018 1608 3058 suam
1637 3009 1902 3068 naturam,
1934 3015 2035 3055 na-

2130 1816 2198 1871 ab
2226 1815 2342 1886 ipso
2365 1815 2528 1870 etiam
2555 1815 2624 1871 de
2651 1831 2710 1872 se
2739 1816 2875 1886 ipso,
2901 1825 2956 1872 et
2975 1818 3073 1872 has
3093 1818 3307 1887 quidem
3334 1820 3482 1875 velut
3502 1821 3719 1878 homini

2128 1907 2220 1977 qui
2248 1914 2443 1978 praeter
2467 1906 2563 1962 Dei
2590 1905 2824 1962 Verbum
2853 1907 3156 1977 specialiter
3199 1908 3520 1979 intelligatur
3561 1919 3718 1982 apta-

2129 1997 2299 2062 verit;
2346 1996 2466 2050 illas
2509 2004 2708 2061 autem,
2739 2003 3013 2066 tamquam
3058 1997 3246 2066 dignas
3291 1997 3400 2054 Deo
3419 2040 3434 2063 ,
3465 1999 3573 2054 soli
3622 2001 3716 2058 Dei

2132 2085 2306 2142 Patris
2333 2086 2512 2142 Verbo
2531 2087 2900 2158 deputaverit;
2939 2089 3222 2144 anathema
3250 2090 3337 2144 sit.

2201 2179 2266 2234 V.
2299 2179 2357 2235 Si
2385 2175 2506 2250 quis
2533 2180 2696 2236 audet
2722 2179 2903 2236 dicere
2929 2178 3198 2236 Christum
3221 2181 3493 2236 hominem
3526 2185 3714 2258 Θεοτό-

2131 2292 2236 2346 ρον,
2265 2269 2321 2326 id
2346 2278 2448 2334 est,
2480 2270 2648 2325 Deum
2668 2269 2949 2336 ferentem,
2975 2286 3040 2326 ac
3062 2287 3172 2326 non
3199 2272 3375 2341 potius
3401 2273 3575 2328 Deum
3596 2289 3716 2332 esse

2131 2363 2396 2419 veraciter
2422 2361 2637 2429 dixerit,
2679 2371 2951 2433 tamquam
2980 2379 3146 2419 unum
3185 2363 3374 2418 Filium
3414 2380 3516 2436 per
3560 2375 3714 2422 natu-

2133 2470 2270 2519 ram,
2300 2455 2594 2511 secundum
2632 2455 2778 2525 quod
2816 2455 3038 2510 Verbum
3064 2473 3185 2511 caro
3215 2458 3403 2528 factum
3433 2467 3512 2512 est
3529 2457 3711 2531 (lea.

2133 2565 2171 2615 ι,
2198 2548 2308 2620 14),
2339 2557 2395 2604 et
2413 2549 2806 2610 communicavit
2831 2549 3087 2613 similiter,
3115 2558 3172 2602 ut
3197 2565 3319 2616 nos,
3343 2551 3490 2604 carni
3512 2560 3563 2606 et
3588 2567 3712 2606 san-

2134 2642 2279 2713 guini
2305 2639 2465 2712 (Heb.
2496 2657 2552 2708 ιι,
2585 2639 2698 2708 14),
2729 2640 3014 2696 anathema
3051 2641 3138 2695 sit.

2206 2730 2293 2786 Vl.
2325 2730 2381 2786 Si
2409 2731 2529 2799 quis
2575 2729 2706 2785 dicit
2728 2729 2900 2785 Deum
2924 2731 3013 2785 vel
3039 2729 3324 2785 Dominum
3363 2729 3559 2788 Christi
3598 2747 3710 2789 ess

2136 2823 2233 2879 Dei
2278 2821 2453 2878 Patris
2497 2821 2751 2888 Verbum,
2781 2829 2838 2877 et
2879 2837 2989 2878 non
3033 2823 3202 2891 magis
3245 2822 3494 2878 eumdem
3538 2823 3708 2893 ipsum

2137 2912 2426 2970 confitetur
2451 2913 2622 2969 Deum
2649 2911 2807 2968 simul
2846 2919 2902 2968 et
2938 2913 3232 2976 hominem,
3263 2921 3549 2984 propterea
3573 2913 3713 2984 quod

2147 3005 2368 3059 Verbum
2401 3020 2521 3059 caro
2561 3005 2755 3075 factitm
2779 3013 2883 3071 est,
2913 3003 3208 3059 secundum
3233 3002 3555 3077 Scripturas,
3583 3021 3712 3062 aua-

451 3102 662 3157 tivitate
683 3100 805 3164 ista,
836 3113 955 3169 quae
982 3107 1065 3154 est
1091 3099 1146 3152 in
1173 3097 1428 3152 extremis
1447 3094 1629 3150 saeculi
1655 3093 1798 3149 facta
1821 3101 2034 3163 tempo-
2062 3103 2110 3166 ο
2139 3096 2322 3150 thema
2349 3096 2436 3150 sit.

451 3193 635 3259 ribus;
676 3191 772 3250 sed
817 3197 877 3247 ut
925 3191 1069 3260 ipsas
1103 3187 1448 3245 benediceret
1482 3185 1793 3241 substantia:
1840 3190 2038 3239 nostra:

449 3285 732 3358 primitias,
756 3291 812 3339 et
837 3282 964 3337 dum
995 3296 1118 3336 eum
1143 3279 1292 3335 carni
1321 3279 1530 3333 unitum
1548 3277 1742 3331 mulier
1761 3275 2034 3337 edidisset,

452 3375 543 3432 illa
574 3391 693 3445 qua:
721 3374 976 3429 adversus
1003 3387 1164 3428 omne
1199 3385 1367 3441 genus
1404 3371 1696 3424 humanum
1735 3367 2039 3422 maledictio

451 3463 628 3521 fuerat
654 3465 866 3534 prolata
895 3463 1186 3528 desineret,
1215 3477 1316 3517 nec
1359 3461 1471 3530 jam
1497 3459 1656 3514 morti
1686 3466 1872 3513 nostra
1911 3472 2036 3512 cor-

453 3570 588 3627 pora
607 3554 926 3619 destinaret;
951 3552 1080 3608 illud
1117 3567 1351 3622 quoque,
1383 3549 1525 3619 quod
1553 3549 1752 3604 dictum
1777 3555 1894 3603 est:
1920 3545 1946 3586 ιι
1971 3545 2060 3601 1η

456 3645 669 3700 tristitia
714 3645 882 3714 paries
911 3644 1049 3714 ﬁlios
1091 3641 1243 3713 (Gen.
1276 3657 1352 3708 ut,
1406 3640 1525 3712 16),
1577 3640 1690 3709 ipse
1717 3639 2063 3703 dissolvens,

454 3750 643 3791 verum
683 3749 802 3790 esse
837 3741 1163 3790 monstraret
1187 3731 1332 3801 quod
1369 3731 1644 3800 prophetae
1679 3744 1812 3784 voce
1849 3727 2064 3799 priedi--

455 3833 614 3882 xerat
643 3842 656 3878 :
688 3824 944 3893 Absorpta
974 3832 1052 3878 est
1082 3838 1218 3877 mors
1255 3823 1468 3876 victoria
1500 3819 1540 3891 (l
1567 3817 1686 3873 Cor.
1713 3834 1802 3884 xv,
1829 3818 1939 3888 54).
1973 3817 2043 3872 Et

455 3916 688 3972 iterum:
729 3914 950 3970 Abstulit
978 3913 1116 3968 Deus
1144 3928 1345 3968 omnem
1383 3912 1665 3982 lacrymam
1699 3911 1762 3965 ab
1788 3912 1928 3965 omni
1960 3913 2041 3980 fa-

456 4006 532 4061 cie
553 4006 734 4078 (Apoc.
764 4022 857 4072 vn,
889 4004 999 4076 17).
1029 4002 1258 4074 Propter
1284 4003 1422 4056 hanc
1450 4001 1649 4056 etenim
1671 4015 1886 4056 causam
1904 4001 2038 4056 dici-

457 4113 579 4154 mus
605 4113 730 4153 eum
756 4096 1164 4167 dispensatorie,
1187 4102 1243 4149 et
1281 4095 1424 4164 ipsas
1451 4093 1786 4148 benedixisse
1827 4093 2040 4163 nuptias

455 4202 579 4243 cum
607 4187 660 4242 in
685 4186 830 4241 Cana
857 4185 1088 4241 Galileaz
1107 4227 1122 4252 ,
1148 4200 1269 4240 cum
1299 4183 1498 4239 sanctis
1533 4190 1755 4238 vocatus
1782 4183 2040 4253 apostolis

457 4277 650 4333 adesse
681 4277 931 4347 dignatus
956 4284 1061 4332 est.

526 4365 616 4421 25.
646 4365 772 4421 llaec
795 4380 986 4436 sapere
1006 4379 1189 4420 sumus
1208 4362 1385 4419 edocti
1426 4378 1457 4417 a
1477 4363 1680 4418 sanctis
1709 4361 1966 4432 apostolis
1985 4368 2042 4418 et

2209 3185 2318 3241 Vll.
2342 3185 2400 3242 Si
2427 3186 2548 3255 quis
2574 3183 2755 3242 Jesum
2783 3183 3058 3240 hominem
3096 3188 3411 3257 operatione
3433 3188 3531 3244 Dei
3559 3188 3716 3249 Verbi

2137 3279 2267 3335 dicit
2304 3279 2574 3348 adjutum,
2605 3294 2702 3334 seu
2743 3280 3112 3356 ἐνεργούμενον,
3153 3288 3208 3335 et
3233 3281 3285 3336 ei
3322 3282 3577 3350 unigeniti
3602 3283 3716 3350 glo-

2138 3371 2292 3436 riam,
2325 3379 2599 3441 tamquam
2627 3372 2781 3427 alteri
2808 3383 3005 3443 praeter
3031 3375 3207 3445 ipsum
3235 3373 3507 3440 existenti,
3535 3374 3709 3439 tribui.

2141 3461 2429 3515 anathema
2450 3461 2539 3517 sit.
2653 3471 2656 3474 ’

2133 3614 2136 3616 γ
2211 3551 2342 3606 Vill.
2375 3551 2432 3606 Si
2471 3553 2591 3623 quis
2637 3553 2800 3610 audet
2842 3552 3040 3626 dicere,
3070 3562 3404 3624 assumptum
3446 3553 3711 3610 hominem

2143 3643 2543 3698 coadorandum
2588 3643 2699 3698 Deo
2743 3644 2920 3700 Verbo
2944 3682 2960 3708 ,
2991 3653 3048 3699 et
3098 3642 3628 3714 congloriﬁcandum,
3663 3651 3719 3700 et

2143 3734 2662 3804 connuncupandum
2690 3734 2876 3801 Deum,
2921 3742 3193 3806 tamquam
3221 3735 3452 3790 alterum
3478 3752 3600 3792 cum
3637 3736 3715 3792 alo

2145 3834 2263 3882 tero
2305 3827 2459 3894 (nam
2488 3843 2602 3880 cum
2630 3827 2832 3898 syllaba
2861 3842 3074 3897 semper
3101 3825 3309 3895 adjecta
3336 3827 3444 3882 hoc
3476 3828 3619 3897 cogit
3641 3828 3719 3883 in-

2146 3916 2355 3987 telligi),
2388 3932 2452 3972 ac
2491 3932 2599 3972 non
2651 3917 2829 3986 potius
2870 3934 2976 3972 una
3015 3917 3408 3987 supplicatione
3442 3927 3721 3974 venentur

2145 4007 2495 4074 Emmanuel,
2551 4025 2818 4080 unamque
2867 4010 2915 4064 ei
2959 4008 3402 4078 gloriﬁcationem
3442 4009 3715 4079 dependit,

2141 4097 2293 4168 juxta
2319 4097 2462 4168 quod
2500 4097 2719 4152 Verbum
2747 4115 2868 4153 caro
2898 4100 3093 4171 factum
3120 4107 3214 4162 est,
3239 4098 3526 4153 anathema
3546 4099 3635 4153 sit.

2216 4187 2306 4244 IX.
2336 4187 2393 4244 Si
2429 4189 2547 4259 quis
2569 4205 2731 4244 unum
2759 4189 3042 4244 Dominum
3082 4197 3324 4244 nostrum
3360 4188 3543 4245 Iesum
3570 4188 3718 4244 Chri-

2145 4288 2287 4338 stum
2313 4280 2666 4350 gloriticatnm
2693 4281 2822 4336 dicit
2868 4296 2900 4334 a
2953 4280 3154 4350 Spiritu
3197 4289 3410 4347 sancto,
3453 4289 3720 4352 tamquam

2146 4371 2238 4442 qni
2269 4371 2442 4426 aliena
2471 4371 2666 4426 virtute
2709 4385 2807 4441 per
2833 4385 2956 4426 eum
2981 4386 3111 4428 usus
3142 4369 3323 4434 fuerit,
3349 4378 3406 4426 et
3433 4371 3500 4425 ab
3528 4386 3597 4425 eo
3631 4385 3720 4425 ac-

458 4453 820 4522 evanﬁeliSliso
844 4461 904 4556 εξ
927 4454 993 4508 ab
1015 4453 1160 4556 ξδῐῐλξξί
1181 4452 1732 4556 δθτίβῑυτθράίνίηίιιιε
1759 4451 2036 4523 inspirata,
2069 4493 2120 4556 Β
2148 4461 2352 4532 ceperit
2379 4460 2670 4516 etiicaciam
2694 4470 2882 4516 contra
2904 4460 3205 4516 immundos
3225 4461 3465 4532 spiritus,
3487 4467 3544 4516 et
3571 4474 3736 4534 posse

459 4560 563 4601 nec
590 4560 696 4600 non
720 4551 774 4600 et
813 4561 844 4599 a
890 4543 1062 4598 beatis
1101 4542 1318 4597 Patrum
1347 4541 1770 4601 confessionibus
1815 4544 2042 4599 veritate
2069 4541 2114 4556 ”
2147 4553 2202 4606 in
2227 4551 2534 4607 hominibus
2560 4551 2738 4606 divina
2767 4552 2916 4621 signa
2944 4551 3142 4618 facere,
3174 4567 3240 4608 ac
3262 4569 3372 4608 non
3399 4553 3582 4623 potius
3603 4568 3725 4623 pro-

457 4633 732 4700 subnixis;
755 4633 838 4690 his
859 4633 1105 4689 omnibus
1130 4631 1293 4688 etiam
1315 4639 1462 4687 tuam
1481 4633 1795 4702 religionem
1825 4649 2043 4689 concor-

461 4727 608 4792 dare,
633 4734 896 4797 etprmter
915 4725 1150 4795 aliquem
1178 4724 1360 4780 dolum
1389 4725 1694 4780 consentire
1709 4723 1820 4794 jam
1841 4740 2040 4781 conve-

459 4819 559 4874 nit.
591 4817 720 4886 Qua:
746 4832 876 4872 vero
922 4815 1237 4885 religionem
1264 4822 1410 4869 tuam
1450 4815 1901 4871 anathematizare
1939 4832 2037 4873 ne-

461 4925 612 4968 cesse
637 4918 739 4977 est,
769 4910 892 4966 huic
919 4909 1160 4981 epistola:
1192 4916 1389 4965 nostrae
1415 4907 1656 4979 subjecta
1678 4917 1820 4964 sunt.

2146 4643 2322 4712 prium
2364 4643 2481 4710 ejus
2523 4641 2778 4711 Spiritum
2827 4642 2974 4710 dicit,
3005 4657 3101 4712 per
3147 4657 3310 4713 quem
3351 4641 3532 4698 divina
3577 4643 3724 4713 signa

2144 4731 2448 4802 complevit,
2480 4731 2760 4785 anathema
2781 4731 2870 4785 sit.

2216 4821 2284 4876 X.
2335 4820 2648 4877 Pontiﬁcem
2696 4830 2750 4876 et
2795 4821 3094 4892 apostolum
3141 4822 3495 4877 confessionis
3531 4829 3726 4878 nostra

2141 4911 2341 4967 factum
2385 4926 2504 4967 csse
2531 4909 2807 4966 Christum
2847 4910 3028 4966 divina
3065 4909 3343 4981 Scriptura
3373 4911 3531 4984 (Heb.
3563 4913 3638 4978 iu,
3667 4912 3726 4986 2)

1643 5042 2178 5103 CASTIGATIONES
2215 5046 2304 5102 ET
2341 5044 2568 5102 NOTIE.

531 5148 556 5178 ι
583 5138 665 5194 Ex
691 5137 929 5208 eoiquod
958 5136 1191 5193 Verbum
1216 5136 1368 5192 carni
1396 5136 1614 5208 unitum
1633 5141 1718 5190 est
1744 5136 1853 5208 xab’
1873 5135 2038 5191 ὑπόσ-

460 5233 622 5274 τασιν,
646 5205 861 5278 conﬁcit
886 5208 1196 5278 quaastionis
1213 5214 1392 5276 caput,
1416 5214 1474 5260 ut
1492 5205 1707 5278 quidem
1731 5205 1889 5273 vulgo
1917 5221 2036 5278 mo-

459 5273 686 5337 vebatur
706 5320 722 5344 ,
757 5273 1028 5348 Virginem
1063 5273 1461 5348 sanctamﬂesse
1499 5273 1738 5348 ῥεοτόκον
1778 5273 2039 5348 :_conﬂcit

461 5365 592 5407 vero
632 5349 704 5404 ita
742 5355 802 5403 ut
825 5344 1070 5402 occurrat
1095 5347 1376 5402 calumniis
1405 5346 1610 5415 duabus
1637 5344 1921 5415 quas_inde
1947 5361 2040 5415 ca-

463 5419 676 5474 tholicis
711 5418 984 5473 Nestorius
1007 5455 1022 5481 ,
1066 5418 1403 5486 maximeque
1444 5414 1637 5486 Proclo
1656 5413 1737 5486 iet
1764 5413 1994 5486 Eusebio
2019 5452 2034 5478 ,

463 5490 728 5553 struebat;
769 5496 825 5543 et
855 5488 1042 5557 primm
1069 5483 1496 5557 quidequuasi
1527 5483 1712 5557 abhis
1748 5483 2034 5557 diceretur,

464 5558 608 5630 quod
646 5558 811 5630 sensit
849 5553 1140 5630 Photinus,
1185 5553 1416 5630 Verbum
1459 5571 1526 5611 ex
1565 5554 1783 5630 Virgine
1823 5553 2040 5630 duxisse

465 5623 762 5683 existentize
794 5627 1140 5697 principium;
1171 5626 1436 5690 secundae,
1478 5623 1689 5694 eguisse
1717 5623 1951 5693 Verbum
1979 5632 2039 5679 ut

467 5705 610 5756 esset
635 5696 865 5756 secunda
889 5696 989 5752 hac
1016 5696 1311 5752 nativitate.

2210 5137 2240 5178 ιι
2269 5136 2492 5193 Videtur
2517 5136 2749 5207 Cyrillus
2787 5136 2977 5204 legisse
3014 5133 3246 5207 Nestorii
3276 5149 3586 5207 sermonem
3615 5135 3729 5206 pri-

2141 5223 2288 5263 mum
2321 5205 2578 5263 adversus
2623 5205 2976 5274 Pelagianos,
3027 5205 3082 5259 in
3128 5219 3362 5274 eumque
3406 5205 3725 5272 intendere,

2140 5277 2589 5348 quandoquidem;
2602 5276 2753 5348 locus
2770 5276 2892 5348 iste
2919 5275 3196 5330 Geneseos
3217 5313 3234 5339 ,
3266 5275 3490 5346 lausque
3519 5275 3730 5346 nuptia-

2139 5345 2260 5404 rum
2286 5345 2496 5417 prolixe
2519 5363 2550 5401 a
2572 5345 2819 5402 Nestorio
2846 5353 3126 5400 tractatur.

2211 5413 2796 5472 Adauathematismos
2822 5417 3142 5472 observatur
3167 5414 3274 5469 hoc
3315 5413 3370 5468 in
3411 5414 3532 5471 loco
3561 5413 3728 5478 nihil,

2140 5488 2265 5566 quia
2293 5487 2681 5566 qum__plurim_a
2720 5494 2904 5566 notat_u
2926 5486 3575 5566 ‘digna_sunt_pertineut
3606 5498 3730 5566 orn:

2143 5553 2273 5613 nino
2290 5553 2366 5628 ad
2382 5553 2819 5628 Adiésertationem
2843 5556 2910 5610 de
2942 5555 3193 5628 Synodis,
3223 5553 3315 5611 ubi
3342 5570 3506 5627 quem
3531 5553 3731 5628 singuli

2141 5636 2331 5700 petant
2350 5626 2580 5684 Nestorii
2607 5635 2895 5684 tractatum
2923 5625 3254 5682 ostendetur.
