3904 6272
185 222 275 283 881

1342 215 1506 276 [MPH
1542 213 1858 276 NESTORll
1895 211 2273 277 εριδτοωε.

3328 215 3435 274 843

182 341 557 396 commemorat
590 352 601 388 :
654 333 845 390 Obtulit
884 340 1063 390 autem
1103 333 1424 405 semetipsum
1472 350 1566 405 pro
1602 331 1747 386 nobis
1778 332 1828 395 Α
1850 344 1970 386 rum
2002 344 2153 395 vero,
2184 328 2345 387 modo
2373 324 2589 397 quidem
2617 325 2684 382 de
2705 324 3010 395 Evangeliis
3038 322 3242 389 eximit,
3274 326 3434 379 modo

180 431 231 484 in
257 426 462 483 odorem
482 427 748 482 suavitatis
777 426 887 481 Deo
915 435 964 483 et
990 425 1139 480 Patri
1171 423 1331 497 (Eph.
1368 441 1418 491 v,
1448 422 1525 495 2).
1546 422 1603 478 Si
1631 421 1753 494 quis

180 536 302 591 ergo
342 519 650 592 pontificem
671 528 726 576 et
751 520 1051 591 apostolum
1097 526 1339 575 nostrum
1368 517 1497 574 dicit
1532 517 1751 585 factum,

180 630 283 670 non
328 614 502 685 ipsum
544 613 642 669 Dei
687 612 938 679 Verbum,
988 611 1202 684 quando
1245 628 1365 666 caro
1413 613 1607 683 factum
1652 620 1749 679 est,

179 713 231 761 et
250 704 401 774 juxta
430 720 529 761 nos
567 705 763 771 homo,
795 704 889 760 sed
910 704 1055 759 velut
1081 703 1307 759 alterum
1346 710 1542 773 prteter
1576 702 1750 773 ipsum

178 794 477 866 specialiter
502 794 774 850 hominem
803 810 871 850 ex
898 794 1121 849 muliere
1146 812 1158 847 :
1204 801 1297 849 aut
1324 793 1368 849 si
1397 793 1517 865 quis
1544 792 1674 849 dicit
1698 801 1753 848 et

178 901 268 958 pro
296 901 354 942 se
382 886 638 942 obtulisse
680 887 1025 957 semetipsum
1053 885 1399 951 oblationem,
1431 892 1487 941 et
1512 901 1619 941 non
1648 900 1750 957 po-

176 977 278 1032 tius
320 992 419 1047 pro
460 977 614 1032 nobis
648 977 796 1044 solis,
828 993 935 1033 non
979 978 1121 1033 enim
1149 978 1297 1048 eguit
1323 977 1627 1041 oblatione.
1660 977 1751 1049 qui

176 1074 451 1138 peccatum
478 1066 698 1122 omnino
725 1068 978 1133 nescivit;
1002 1068 1287 1123 anathema
1317 1068 1403 1124 sit.

239 1155 330 1211 XI.
372 1155 429 1212 Si
460 1158 579 1226 quis
616 1173 723 1215 non
760 1159 1046 1215 confitetur
1083 1175 1298 1216 carnem
1331 1160 1540 1215 Domini
1582 1160 1753 1217 viviﬁ-

172 1247 421 1304 catricem
448 1263 597 1315 esse,
629 1257 685 1303 et
723 1251 996 1321 propriam
1035 1251 1199 1321 ipsius
1224 1251 1386 1307 Verbi
1415 1252 1507 1307 Dei
1538 1250 1749 1321 Patris;

172 1339 259 1397 sed
285 1341 434 1395 velut
466 1340 683 1396 alterius
710 1350 907 1413 pneter
935 1343 1109 1413 ipsum
1141 1344 1413 1415 conjuncti
1442 1345 1616 1400 eidem
1656 1361 1753 1416 per

170 1433 499 1502 dignitatem,
525 1443 617 1489 aut
641 1435 791 1505 quasi
813 1436 1045 1491 divinam
1067 1438 1313 1494 habentis
1340 1438 1746 1505 habitationem,

170 1541 229 1581 ac
264 1541 375 1582 non
401 1528 601 1597 potius,
633 1536 693 1583 ut
717 1528 968 1597 diximus,
1002 1530 1401 1587 vivificatricem
1430 1548 1549 1588 esse
1572 1574 1587 1599 ,
1624 1534 1748 1603 quia

169 1618 303 1674 facta
332 1628 414 1675 est
440 1621 655 1692 propria
676 1620 837 1676 Verbi
864 1629 1057 1677 cuncta
1087 1622 1357 1679 viviﬁcare
1376 1626 1748 1696 praevalentis;

167 1710 445 1765 anathema
475 1711 560 1765 sit.

232 1799 345 1855 ΧΠ.
389 1800 445 1857 Si
485 1803 605 1872 quis
650 1818 757 1859 non
800 1804 1086 1860 confitetur
1126 1805 1220 1861 Dei
1262 1804 1497 1861 Verbum
1535 1821 1751 1877 passum

167 1910 353 1961 carne,
386 1904 440 1951 et
484 1896 796 1952 cruciﬁxum
825 1912 1025 1963 carne,
1067 1907 1123 1954 et
1149 1907 1379 1955 mortem
1424 1914 1585 1954 carne
1625 1913 1746 1968 gus-

165 1991 327 2049 tasse,
368 1984 671 2055 factumque
717 1988 1130 2058 primogenitum
1160 2005 1228 2045 ex
1270 1991 1527 2057 mortuis,
1558 2006 1751 2046 secun-

164 2072 289 2127 dum
322 2075 467 2143 quod
501 2077 608 2130 vita
647 2085 729 2132 est
762 2084 817 2133 et
857 2078 1172 2147 vivificator,
1214 2089 1273 2136 ut
1309 2080 1480 2148 Deus,
1522 2082 1747 2137 anathe-

162 2178 247 2219 ma
276 2166 365 2220 sit.

163 2318 525 2379 EPISTULA
545 2323 911 2403 NESR]!
925 2328 1150 2403 episc0pi
1165 2326 1746 2403 ConstantinOpolitaui,

590 2405 617 2433 ἰ
650 2396 719 2451 ad
747 2396 1075 2452 Cavlestinum
1098 2396 1317 2469 'papam.

233 2527 288 2582 l.
332 2529 498 2585 Didici
519 2530 951 2585 honestissimum
990 2529 1247 2602 Cyrillum
1278 2532 1650 2587 Alexandrina:
1665 2548 1757 2586 ur—

163 2617 250 2673 bis
282 2620 595 2691 episcopum
618 2659 633 2686 ,
677 2618 705 2659 b
736 2627 957 2691 propter
985 2621 1194 2677 libellos
1221 2631 1409 2677 contra
1450 2637 1573 2678 eum
1603 2623 1759 2678 nobis

161 2707 384 2764 oblatos
406 2750 421 2775 ,
471 2711 805 2778 exterritum,
854 2726 917 2767 ac
943 2712 1045 2767 sibi
1073 2720 1359 2767 venantem
1387 2713 1620 2769 latebras
1642 2753 1657 2778 ,
1692 2714 1760 2769 ad

162 2798 475 2853 evitandam
504 2815 711 2857 sacram
752 2801 1015 2874 synodum
1043 2810 1266 2873 propter
1292 2803 1391 2859 bos
1421 2804 1566 2875 ipsos
1600 2804 1759 2860 libel-

164 2888 247 2943 los
276 2888 541 2958 futuram,
572 2892 830 2962 quasdam
871 2893 1003 2950 alias
1043 2893 1248 2951 interea
1278 2894 1632 2964 cogitationes
1660 2910 1758 2951 ex-

163 2979 407 3048 cogitare
433 2980 738 3048 verborum,
771 2990 827 3037 et
849 2984 1097 3053 amplecti
1126 2984 1309 3051 verba,
1340 3000 1460 3054 qua:
1487 2994 1613 3041 sunt
1639 2996 1761 3044 Ose-

1855 436 1987 477 vero
2009 437 2193 477 rursus
2221 420 2471 486 admittit,
2498 420 2604 475 hoc
2632 427 2732 485 est,
2761 417 3114 496 Χριστοτόκος,
3146 414 3437 471 secundum

1855 513 2163 583 quamdam,
2186 513 2367 581 credo,
2397 511 2693 584 prudentia:
2725 500 3095 566 nimietatem.~

1924 602 1978 657 2.
2028 604 2141 674 Ego
2183 614 2362 661 autem
2401 614 2457 660 et
2494 605 2633 661 hanc
2672 604 2889 675 quidem
2924 617 3146 666 vocem,
3197 616 3316 671 qum
3356 608 3440 656 est

1855 696 2094 759 Θεοτόκος
2116 738 2131 763 ,
2166 697 2266 752 nisi
2294 696 2585 754 secundum
2625 696 2948 769 Apollinaris
2978 702 3034 749 et
3061 694 3174 749 Arii
3202 693 3437 747 furorem

1854 789 1922 844 ad
1950 789 2320 846 confusionem
2361 801 2672 847 naturarum
2718 791 3047 862 proferatur,
3084 800 3107 828 ο
3137 788 3442 843 volentibus
3482 859 3487 865 ⁸

1854 881 2035 937 dicere
2063 898 2172 938 non
2200 883 2427 950 resisto;
2460 899 2559 939 nec
2585 892 2763 938 tamen
2793 882 3006 950 ambigo
3028 880 3156 949 quin
3194 879 3309 933 haec
3334 891 3440 930 vox

1854 972 2093 1035 Θεοτὸκος
2134 972 2210 1027 illi
2248 975 2370 1031 voci
2404 975 2559 1030 cedat
2580 1015 2595 1041 ,
2627 988 2745 1044 quae
2773 981 2854 1029 est
2881 972 3208 1049 Χριςοτὸκος,
3239 968 3265 1006 ά
3300 976 3439 1023 tam-

1853 1080 2015 1136 quam
2041 1066 2264 1137 prolatte
2294 1068 2360 1123 ab
2390 1068 2592 1137 angelis
2619 1076 2674 1123 et
2702 1065 3059 1135 evangelistis.
3098 1062 3165 1116 Et
3194 1062 3293 1116 nisi
3327 1060 3442 1114 haec

1852 1156 1922 1210 ad
1950 1158 2353 1212 venerationem
2392 1165 2539 1213 tuam
2574 1159 2835 1213 scientem
2863 1157 3116 1221 dicerem,
3143 1168 3279 1223 opus
3308 1150 3442 1206 mihi

1853 1246 1992 1305 foret
2012 1250 2172 1319 longo
2200 1251 2477 1321 multoque
2504 1251 2571 1306 de
2599 1252 2701 1306 hac
2729 1251 2843 1321 ipsa
2873 1264 3033 1306 causa
3061 1261 3329 1303 sermone.

1926 1343 1979 1397 3.
2021 1341 2127 1399 Sed
2150 1351 2205 1399 et
2234 1343 2338 1399 fine
2366 1344 2469 1399 hoc
2500 1343 2626 1399 illud
2654 1358 2868 1413 quoque
2906 1341 3052 1397 omni
3080 1340 3241 1395 modo
3264 1338 3442 1393 beatir

1854 1436 2027 1490 tudini
2050 1444 2155 1492 tua:
2182 1446 2371 1493 notum
2391 1445 2505 1503 est,
2538 1437 2662 1507 quia
2686 1436 2731 1492 si
2763 1435 3084 1490 aestimemus
3115 1433 3248 1488 duas
3268 1438 3443 1486 sectas

1853 1528 2151 1583 contrarias
2196 1528 2296 1584 sibi
2338 1536 2502 1595 stare,
2534 1536 2589 1582 et
2628 1528 2820 1581 harum
2867 1525 3033 1579 altera
3078 1524 3217 1578 hanc
3252 1537 3441 1577 vocem

1850 1617 2090 1689 proferat
2134 1620 2321 1687 solam,
2365 1620 2639 1685 eroréxoc;
2672 1618 2842 1673 altera
2887 1629 3017 1670 vero
3063 1616 3207 1669 illam
3246 1615 3436 1679 solam,

1776 1723 1827 1785 Β
1852 1712 2263 1786 ἁνθρωποτὸκος;
2296 1718 2351 1766 et
2366 1720 2590 1780 utraque
2611 1717 2758 1765 secta
2782 1708 2849 1763 ad
2869 1724 3019 1763 suam
3049 1706 3441 1763 confessionem

1856 1801 2080 1857 alteram
2101 1803 2295 1868 trahat,
2329 1811 2406 1868 ut,
2438 1802 2483 1856 si
2510 1802 2613 1856 hoc
2634 1816 2744 1855 non
2767 1798 3151 1869 impetraverit,
3174 1796 3443 1866 periclite-

1856 1905 1944 1951 tur
1964 1896 2032 1952 de
2054 1896 2293 1952 Ecclesia
2321 1895 2512 1951 cadere
2538 1914 2550 1949 :
2577 1908 2797 1950 necesse
2830 1892 2950 1958 erit,
2986 1890 3273 1945 tractanda:
3317 1888 3442 1942 huic

1855 1987 1933 2042 rei
1962 1988 2273 2059 deputatum
2292 2029 2306 2053 ,
2341 1986 2629 2042 habentem
2660 2002 2761 2057 pro
2792 1994 3017 2053 utraque
3059 1989 3207 2036 secta
3236 1994 3440 2042 curam,

1852 2079 2057 2133 mederi
2084 2079 2327 2150 periculo
2358 2079 2637 2149 utriusque
2664 2076 2850 2148 partis,
2875 2091 2943 2130 ex
2964 2088 3095 2129 voce
3122 2072 3189 2126 ab
3208 2082 3443 2138 evange-

1852 2172 1987 2227 listis
2010 2174 2224 2237 tradita,
2255 2187 2374 2242 qum
2408 2172 2686 2242 utriusque
2725 2177 2931 2223 natura:
2970 2164 3313 2235 significatrix
3353 2162 3440 2216 sit.

1852 2260 2055 2318 Harum
2085 2262 2257 2327 enim,
2306 2262 2446 2316 sicut
2472 2259 2613 2326 dixi,
2657 2259 3011 2314 assertionem
3050 2260 3314 2323 temperat
3340 2266 3445 2307 vox

1854 2353 1967 2420 illa,
1994 2368 2115 2424 qua:
2135 2363 2219 2407 est
2242 2351 2596 2430 Χριστοτόκος,
2616 2350 2742 2421 quia
2770 2359 2825 2405 et
2838 2346 3228 2417 blasphemiam
3257 2344 3447 2397 Samo-

1856 2444 2030 2499 sateni
2056 2449 2317 2509 removet,
2345 2443 2487 2513 quod
2514 2450 2598 2497 est
2629 2440 2829 2495 dictum
2856 2440 2925 2495 de
2953 2437 3191 2494 omnium
3220 2435 3449 2489 Domino

1859 2530 2074 2588 Christo
2100 2539 2374 2603 tamquam
2405 2547 2542 2603 puro
2568 2531 2824 2599 homine;
2860 2529 2952 2585 sed
2978 2537 3032 2585 et
3057 2528 3166 2583 Arii
3197 2535 3252 2583 et
3281 2525 3447 2597 Apol-

1861 2626 2047 2682 linaris
2069 2625 2326 2680 malitiam
2354 2624 2520 2695 fugat.
3244 2656 3245 2659 η
3310 2656 3318 2675 ς

1932 2714 1984 2769 4.
2032 2726 2055 2754 ε
2086 2714 2212 2772 Haec
2238 2724 2418 2771 autem
2458 2716 2571 2787 ipsa
2603 2716 2767 2772 etiam
2794 2713 3176 2771 honestissimo
3217 2711 3451 2766 Alexan-

1861 2807 2137 2863 drinorum
2164 2808 2417 2879 episcopo
2446 2809 2654 2879 scripsi,
2681 2808 2821 2863 sicut
2846 2814 3027 2879 potest
3052 2803 3330 2861 beatitudo
3362 2809 3452 2861 tua

1862 2912 2191 2968 cognoscere
2212 2914 2281 2955 ex
2301 2900 2700 2971 exemplaribus
2727 2914 2846 2971 quae
2873 2881 2957 2955 his
2982 2897 3116 2953 meis
3143 2896 3335 2951 litteris
3360 2895 3453 2949 ad-

1863 2989 2040 3060 junxi,
2068 2991 2156 3047 vel
2178 3006 2297 3063 quae
2317 2992 2385 3047 ad
2414 3007 2512 3048 nos
2532 2994 2600 3049 ab
2624 3008 2691 3048 eo
2719 2992 2919 3063 scripta
2938 2999 3082 3047 sunt.

160 3071 313 3135 πόκος
343 3078 399 3126 et
420 3071 774 3151 Χριστοτόκος,
802 3087 1031 3147 quorum
1070 3074 1300 3129 alterum
1330 3074 1583 3143 admittit,
1620 3078 1758 3147 alte-
1786 3071 1836 3137 Ο
1938 3082 1989 3138 5.
2037 3081 2056 3122 ι
2090 3082 2300 3139 Placuit
2339 3100 2469 3142 vero
2497 3084 2748 3157 piissimis
2792 3083 3204 3156 imperatoribus
3233 3081 3449 3155 [Baluz.

1345 3186 1894 3250 CASTIGATIONES
1932 3194 2022 3249 ET
2058 3192 2286 3250 ΝΟΤᾹΞ.

240 3288 266 3364 ἐι
290 3277 569 3364 Nestorius
590 3275 894 3364 Caelestino
923 3279 987 3364 in‘
1004 3293 1166 3364 causa
1183 3275 1607 3364 Pelagianorum
1649 3282 1763 3364 epi-

167 3362 458 3420 scoporum
479 3388 493 3413 ,
525 3349 717 3420 qui_ex
736 3348 1027 3405 Occidente
1060 3350 1196 3420 pulsi
1238 3348 1760 3420 Constantinopolim

172 3418 564 3492 confugerant,
597 3418 740 3492 duas
767 3420 1022 3490 epistolas
1049 3418 1293 3492 scripsit,
1334 3436 1469 3492 quas
1498 3418 1761 3492 edidimus

171 3504 267 3545 suo
288 3489 434 3561 loco.
462 3488 644 3543 Tertia
683 3488 815 3561 ista,w
838 3505 957 3561 qua:
984 3497 1101 3561 tota
1121 3488 1203 3561 est
1222 3490 1289 3561 de
1316 3488 1477 3546 causa
1507 3491 1758 3561 Nestorii,

174 3572 314 3613 nunc
345 3559 575 3631 primum
597 3559 775 3631 prodit
802 3559 1063 3630 affertque
1091 3560 1328 3631 historia:
1350 3561 1576 3615 multum
1603 3559 1758 3631 lucis,

172 3640 228 3683 ut
253 3628 452 3701 merito
482 3628 657 3701 videri
680 3637 845 3701 queat
870 3628 1017 3684 certa
1052 3630 1235 3699 regula
1271 3630 1338 3687 ad
1363 3645 1523 3701 quam
1552 3628 1761 3688 exami-l

172 3700 291 3755 nari
324 3699 582 3770 debeant
608 3699 834 3770 plurima
864 3714 984 3770 quae
1024 3701 1092 3755 ab
1132 3701 1263 3770 ipsis
1306 3699 1469 3756 etiam
1498 3703 1754 3769 eruditis,

173 3770 257 3825 vel
285 3769 516 3825 obscure
536 3769 678 3824 dicta
699 3769 824 3833 sint,
847 3769 935 3825 vel
956 3785 1063 3825 non
1084 3769 1166 3824 ita
1178 3786 1325 3826 vere.

241 3839 435 3913 Datam
464 3846 679 3913 oportet
717 3839 815 3913 sub
846 3838 1005 3895 finem
1034 3838 1379 3913 Novembris,
1410 3857 1604 3913 nempe
1635 3851 1762 3913 post

176 3909 433 3981 indictam
460 3909 675 3981 quidem
700 3910 771 3981 ab
793 3909 1399 3981 imperatoresynodum
1427 3909 1757 3981 generalem,

176 3980 267 4035 sed
299 3988 431 4035 ante
465 3979 657 4050 allatas
688 3978 1209 4050 Constantinopolim
1242 3978 1517 4036 Calestini
1546 3982 1611 4037 ad
1652 3978 1761 4038 Ne;

176 4050 402 4122 storium
424 4049 772 4122 idecretorias
791 4049 1123 4122 ilitteras;’in
1162 4066 1226 4105 ea
1254 4051 1535 4122 siquidem,
1566 4053 1760 4122 primo,

178 4118 236 4175 ﬁt
266 4120 473 4192 mentio
511 4120 723 4176 indicta:
755 4121 1179 4192 abyimperatore
1200 4118 1419 4192 synodi.
1450 4118 1761 4177 Indictionis

179 4198 360 4260 autem
395 4191 671 4246 decretum
699 4190 1043 4260 consignatur
1077 4206 1171 4246 xm
1199 4190 1409 4260 kalend.
1442 4192 1721 4247 Decembr.
1742 4232 1759 4256 ,

178 4259 481 4315 Theodosio
509 4276 599 4315 xm
629 4268 684 4316 et
704 4258 1077 4316 Valentiniano
1107 4277 1162 4316 ιιι
1180 4258 1436 4326 AA.CC.,
1469 4260 1521 4315 id
1550 4269 1650 4327 est,
1678 4261 1765 4318 die

1866 3293 2015 3342 ctum
2047 3300 2155 3341 non
2204 3285 2536 3368 reciperetur
2563 3282 2780 3349 Romae,
2813 3292 2869 3341 et
2906 3283 3168 3408 maforem
3214 3282 3396 3338 sedem
3426 3300 3456 3341 a

1866 3356 2077 3408 minore
2124 3354 2346 3408 iudican
2390 3353 2469 3408 fas
2511 3370 2618 3408 non
2647 3364 2808 3408 esset.
2839 3356 2986 3408 imnu
3010 3357 3050 3408 it
3077 3355 3456 3408 imperatorem

1866 3356 2077 3411 minore
2117 3353 2346 3425 judicari
2390 3353 2469 3410 fas
2511 3370 2618 3410 non
2647 3364 2808 3421 esset,
2839 3353 3050 3425 impulit
3077 3355 3457 3425 imperatorem

1866 3426 1934 3481 ad
1963 3424 2655 3497 celebrandam_synodum,
2688 3426 2775 3481 cui
2802 3424 3063 3497 sperabat
3078 3424 3193 3497 fore
3221 3431 3299 3488 ut,
3336 3439 3459 3478 cum

1865 3497 2079 3552 abesset
2094 3497 2305 3567 veteris
2328 3494 2516 3567 Romae
2530 3494 2992 3567 archiepiscopus,
3011 3495 3137 3567 sive
3166 3494 3456 3567 imperato-

1864 3566 1940 3621 ris
1967 3566 2165 3635 gratia,
2199 3566 2313 3621 sive
2352 3564 2540 3621 humili
2567 3564 2787 3621 JOannis
2816 3564 3134 3621 Antiocheni
3162 3564 3457 3635 conniven-

1866 3632 2195 3708 tia,'Cyrillo
2225 3636 2366 3708 inter
2389 3651 2515 3692 reos
2540 3636 2854 3708 constituto,
2890 3635 3200 3708 prtesideret
3219 3651 3238 3708 ;_
3265 3632 3460 3703 praefu-

1865 3704 2054 3761 turum
2084 3721 2215 3776 vero
2242 3721 2303 3761 se
2324 3706 2626 3776 jactaverat
2652 3705 2851 3760 dudum
2868 3704 2975 3771 ,‘ut
3012 3704 3363 3776 intelligimus
3392 3718 3458 3758 ex

1867 3776 2094 3847 epistola
2120 3775 2307 3847 Cyrilii
2330 3774 2401 3831 ad
2429 3790 2568 3847 suos
2581 3774 3046 3847 Constantinopoli
3060 3782 3310 3847 agentes.

1943 3856 1967 3885 α
2006 3841 2205 3900 Marius
2229 3846 2495 3901 Mercator
2520 3844 2687 3899 videri
2710 3852 2894 3915 posset
2915 3841 3074 3898 alicui
3108 3842 3330 3915 tradere
3354 3841 3459 3897 Ne-

1869 3915 2097 3971 storium
2143 3915 2357 3970 nonnisi
2404 3911 2737 3969 admonitum
2790 3930 2821 3968 a
2862 3912 3070 3967 Joanne
3123 3911 3459 3965 Antiocheno

1868 3999 2159 4051 usurpasse
2206 3986 2452 4041 Θιοτόκου
2480 3999 2701 4051 vocem;
2740 3983 2835 4039 sed
2881 3982 3102 4037 historia
3155 3989 3457 4051 temporum

1872 4050 2020 4109 aliud
2038 4054 2215 4109 docet.
2248 4054 2381 4109 Nam
2409 4050 2693 4122 Nestorius
2708 4067 2957 4109 sermone
2984 4052 3192 4122 quinto,
3217 4059 3271 4105 et
3291 4051 3344 4104 in
3353 4050 3456 4122 iit-

1871 4124 2003 4195 teris
2030 4125 2245 4195 quasin
2258 4124 2492 4195 gratiam
2532 4121 2941 4192 Pelagianorum
2971 4120 3037 4176 ad
3066 4129 3309 4175 sanctum
3337 4120 3460 4176 Cte-

1872 4193 2127 4248 lestinum
2148 4193 2314 4260 dedit,
2344 4194 2646 4263 obtestatus
2671 4200 2875 4263 estper
2901 4208 2961 4263 se
2987 4208 3096 4247 non
3136 4200 3280 4246 stare
3319 4207 3458 4262 quo-

1871 4265 2049 4318 minus
2063 4266 2310 4321 Θιοτόκου
2329 4262 2709 4333 nomenbeatae
2727 4262 2926 4331 Virgini
2948 4263 3271 4333 tribueretur
3290 4277 3320 4315 a
3341 4264 3461 4333 qui-

178 4329 1770 4424 E’.§3"9£1“3¥§3n1'291.,f§’°;99929.93“.99-599999???
1793 4360 1851 4424 ι)
1872 4333 2124 4424 Euseb“,
2148 4334 2199 4424 εἰ
2209 4329 3459 4424 macielee<11liauiamensismensis-

180 4413 360 4455 rarum
387 4402 557 4471 sancti
577 4399 871 4471 Caelestini,
903 4416 1010 4455 non
1041 4401 1336 4456 omittenda
1357 4402 1560 4471 utique,
1591 4403 1637 4457 si
1665 4418 1759 4458 ac-

181 4480 350 4542 cepta:
375 4471 485 4541 jam
510 4470 747 4542 fuissent.
772 4470 1062 4542 Cumiergo
1090 4471 1227 4542 data:
1248 4472 1355 4526 sint
1384 4470 1485 4542 illa:
1512 4472 1761 4528 Nestorio

182 4557 211 4611 a
237 4540 471 4611 quatuor
490 4541 755 4611 episcopis
775 4557 843 4596 ex
868 4540 1223 4595 Alexandrina
1245 4541 1449 4611 synodo
1476 4543 1652 4597 missis
1672 4542 1761 4598 die

182 4610 463 4667 Dominico
480 4653 495 4678 ,
522 4610 613 4682 qui
641 4610 898 4682 septimus
926 4612 1043 4682 idus
1073 4610 1374 4668 Decembris
1392 4652 1406 4679 ,
1439 4610 1621 4667 debuit
1648 4612 1763 4668 haec

182 4682 408 4751 epistola
436 4681 595 4737 scribi
623 4696 689 4751 eo
720 4682 987 4751 temporis
1015 4681 1296 4736 intervallo
1337 4682 1481 4751 quod
1508 4691 1591 4738 est
1619 4698 1649 4737 a
1674 4682 1763 4738 die

184 4697 408 4802 egismta
436 4697 595 4737 scrmn
623 4697 689 4737 eo
720 4697 975 4751 temporis
1015 4697 1296 4736 mtervauo
1328 4697 1481 4807 suae
1508 4697 1591 4738 εει
1619 4698 1649 4737 a
1674 4697 1763 4738 me

184 4750 208 4803 l
278 4751 595 4823 Novembris
622 4750 691 4806 ad
717 4752 858 4807 diem
890 4751 921 4804 7
965 4750 1291 4806 Decembris.
1378 4752 1463 4807 ide
1494 4753 1763 4823 prtefatio-

183 4836 304 4875 nem
333 4822 663 4877 historicam.

252 4892 277 4930 δ
316 4892 454 4947 Vide
475 4900 629 4947 notas
648 4892 702 4946 in
731 4892 1011 4962 epistolam
1033 4888 1216 4962 Cyrilli
1255 4892 1324 4947 ad
1350 4908 1476 4947 suos
1502 4891 1767 4948 Constan-

184 4961 410 5035 tinopoli
430 4972 677 5035 agentes,
728 4961 783 5018 et
809 4963 964 5018 dictis
996 4962 1049 5035 id
1076 4961 1212 5035 adde
1241 4977 1309 5035 ex
1336 4963 1561 5035 epistola
1582 4962 1767 5035 Cyrilli

186 5032 251 5085 ad
281 5031 535 5087 Acacium
580 5032 948 5097 Bel-mensem,
979 5031 1046 5086 de
1082 5031 1556 5088 calumniatoribus
1582 5031 1765 5088 a'Ne-

186 5103 355 5175 storio
377 5102 677 5175 subornatis
702 5120 715 5155 :
742 5102 805 5155 In
818 5104 1010 5156 hostem
1029 5104 1284 5175 infensum
1304 5119 1493 5169 versus,
1518 5104 1767 5175 quosdam

187 5174 585 5243 praestigiatores
630 5172 1007 5243 (asperumque
1035 5172 1185 5226 sortis
1232 5173 1460 5227 homines
1511 5172 1566 5226 in
1608 5190 1765 5226 unum

186 5242 453 5313 colligere,
484 5258 695 5312 eosque,
724 5252 782 5295 ut
809 5242 1079 5313 mendacia
1116 5244 1169 5295 in
1199 5244 1377 5313 uulgus
1410 5243 1473 5313 tie
1498 5259 1579 5313 me
1608 5260 1763 5313 spur-

187 5311 326 5383 ga'ﬂi
350 5311 633 5365 subornare
662 5327 765 5365 non
782 5311 966 5365 desinit
996 5313 1033 5381 (ι
1063 5320 1197 5381 part.
1226 5311 1371 5383 conc.
1405 5312 1540 5383 Eph.
1575 5311 1759 5381 αἳὲ).

255 5381 534 5436 Nestorius
561 5398 758 5451 porro,
807 5398 941 5451 cum-
966 5389 1195 5435 tentaret
1222 5381 1619 5451 impendentem
1665 5398 1765 5437 suo

187 5452 349 5521 capiti
388 5450 677 5522 procellam
714 5452 767 5505 in
810 5450 1068 5522 Cyrillum
1111 5450 1383 5517 avertere,
1416 5452 1578 5507 immo
1607 5453 1767 5507 vellet

187 5536 418 5602 prmesse
442 5521 641 5602 judicio
682 5521 929 5602 quodnde
975 5522 1109 5602 ipso.
1131 5529 1490 5602 exerceretur,
1533 5537 1766 5602 cmnque

189 5590 513 5660 intelligeret
540 5608 598 5647 se
617 5590 726 5662 sua:
752 5590 895 5662 sedis
914 5590 1220 5662 conditione
1249 5591 1302 5646 id
1339 5607 1445 5646 non
1476 5607 1633 5662 posse
1662 5590 1765 5648 sibi

188 5676 471 5734 arrogare,
498 5677 619 5717 cum
642 5661 731 5730 jus
751 5661 806 5715 in
833 5660 1045 5733 synodo
1067 5660 1658 5741 Constantinopolitano
1684 5662 1763 5725 ελ·

469 5757 740 5824 Panos.
785 5750 1066 5825 XLVIII.

1873 4410 2097 4469 taretur,
2138 4404 2224 4458 vel
2261 4410 2446 4458 sancta
2467 4401 2631 4472 Virgo
2660 4418 2766 4458 non
2796 4401 3001 4472 idcirco
3016 4401 3296 4472 putaretur
3335 4404 3454 4458 dea.

1871 4473 2051 4541 Quare
2096 4474 2447 4529 monitionem
2486 4470 2636 4541 cujus
2664 4474 2908 4527 meminit
2948 4470 3215 4528 Mercator
3236 4473 3458 4541 intelligi

1872 4542 2595 4626 oportetdeexprobratione
2623 4541 2781 4610 facta,
2805 4558 2923 4599 cum
2948 4543 3124 4615 palam
3145 4559 3175 4597 a
3192 4541 3453 4611 fidelibus,

1871 4622 1986 4670 tum
2053 4614 2264 4668 rivatim
2293 4614 2360 4669 ab
2382 4614 2585 4669 amicis.
2954 4614 2959 4615 “
3464 4654 3467 4661 λ

1944 4684 1969 4721 ά
2010 4629 2079 4738 ﬁs
2107 4683 2516 4753 nimirumglocis
2538 4683 2752 4753 quibus,
2796 4699 2917 4740 cum
2945 4683 3012 4739 de
3040 4684 3319 4738 nativitatc
3347 4683 3453 4738 Do-

1870 4752 2002 4808 mini
2024 4769 2201 4811 sermo
2230 4762 2330 4817 est,
2353 4751 2509 4809 Iesus
2526 4751 2880 4824 Salivatorque
2908 4769 2971 4808 ac
2988 4753 3242 4824 Christus
3269 4754 3458 4823 appel-

1872 4825 2034 4891 latur,
2063 4824 2364 4893 quibusque
2402 4824 2557 4878 beata
2587 4823 2748 4892 Virgo
2777 4821 2950 4877 mater
2980 4821 3107 4879 Jesu
3143 4833 3197 4879 et
3223 4821 3453 4887 Domini,

1869 4902 1999 4960 etc.,
2031 4894 2241 4948 dicitur.
2275 4893 2381 4948 Sed
2408 4894 2553 4948 hunc
2592 4894 2830 4948 omnium
2858 4894 3090 4947 maxime
3118 4900 3457 4961 argumenta-

1868 4965 2027 5019 batur
2045 4963 2320 5019 Nestorius
2347 4982 2359 5017 :
2390 4963 2544 5017 Liber
2564 4962 3059 5033 getterationisjesu
3089 4963 3299 5033 Christi,
3324 4970 3450 5026 etc.,

1868 5033 1951 5157 ﬂe
1968 5051 2075 5157 ἵὲις
2096 5044 2249 5089 natus
2274 5044 2349 5088 est
2365 5033 2535 5097 Iesus,
2565 5031 2651 5104 qui
2680 5034 2865 5087 dicitur
2898 5031 3128 5087 Christus
3159 5031 3452 5139 (Mqtﬂtth,

1907 5142 1923 5167 ,
1968 5105 2093 5171 16).

1945 5186 1969 5213 ε
2009 5173 2245 5243 Epistola
2271 5172 2519 5228 nimirum
2545 5172 2798 5237 secunda,
2823 5187 2941 5244 quae
2967 5171 3187 5244 incipit:
3224 5171 3455 5244 [injurias

1940 5240 2073 5298 idem
2104 5244 2370 5298 adversum
2397 5258 2491 5297 nos
2519 5240 2857 5297 mirabilium'
2876 5240 3181 5309 litterarum,
3232 5240 3337 5298 etc.
3375 5240 3457 5298 Ex

1907 5316 1952 5369 is
1976 5330 2105 5369 vero
2134 5314 2404 5378 discimus,
2438 5314 2695 5383 epistolas
2721 5314 2871 5377 duas,
2902 5328 3021 5383 quae
3049 5315 3202 5368 lectae
3249 5320 3388 5383 sunt
3399 5313 3456 5367 in

1868 5386 2097 5455 concilio
2114 5383 2414 5455 AEphesino,
2448 5381 2712 5455 actione!
2736 5424 2750 5448 ,
2782 5381 3008 5455 quarum
3025 5385 3204 5455 altera
3232 5390 3315 5438 est
3350 5381 3458 5455 Cy-

1869 5454 2072 5535 rilli_ad
2112 5449 2631 5535 Nestoriumaltera
2660 5449 2891 5535 lflestorii
2919 5453 2986 5507 ad
3013 5450 3289 5535 Cyrillum,
3322 5449 3467 5535 misi

1870 5540 1959 5579 sas
1986 5524 2147 5595 fuisse
2176 5522 2241 5595 ad
2268 5522 2613 5595 Caelestinum
2642 5525 2727 5595 ab,
2759 5530 2985 5594 utroque
3030 5522 3310 5595 scriptore,
3342 5522 3467 5594 me-f

1870 5594 2420 5679 tuentibusnsingulis,
2452 5609 2541 5679 ne.
2668 5594 2975 5679 adversario
3004 5609 3098 5676 sua
3132 5594 3470 5679 mutaretur},

1948 5662 1966 5703 ί
2001 5664 2112 5720 Vox
2146 5663 2254 5733 illa,
2277 5662 2710 5731 increusabiliter,
2736 5672 2791 5723 et
2829 5679 2983 5720 sacra
3012 5665 3350 5736 ἱῐηροηιοτῖδ
3384 5662 3469 5745 adi

1825 5761 1876 5815 ’ἱ
2502 5780 2505 5783 ‘
2854 5758 2935 5829 27
3304 5844 3309 5847 τ
3327 5801 3366 5845 χ

3482 5779 3514 5817 κ
