3960 6272
541 231 644 290 8ιῦ

1033 223 1224 287 MAR“
1261 229 1698 287 MERCATORIS
1749 225 2309 286 TRANSLATIONES
2361 230 2714 290 VARIORUM
2752 232 3279 292 OPUSCULORUM.

3679 233 3790 290 846

541 367 645 405 om.
703 346 955 418 piissimis
1011 343 1474 417 imperatoribus],
1500 343 1725 398 Domino
1781 341 2065 411 adiuvante
2089 381 2103 406 ,
2138 350 2185 410 Α
2211 344 2563 400 siasticarum.
2590 346 2722 401 Nam
2743 348 3128 403 dubitationem
3150 350 3433 406 verborum
3451 364 3560 402 non
3579 349 3794 404 aestimo

542 442 704 497 etiam
731 439 993 511 synodum
1021 437 1453 493 inexcusabiliter
1474 435 1636 489 totius
1673 433 1820 488 orbis
1849 441 2114 487 terrarum
2183 437 2188 441 ’
2213 432 2516 488 habituram
2540 435 2936 506 inquisitionem
2953 437 3245 505 difﬁcilem,
3277 455 3377 494 nec
3405 440 3794 509 impedimento

541 532 794 600 indicere,
823 539 1044 602 propter
1062 528 1459 598 inquisitionem
1486 526 1710 581 aliarum
1739 539 1919 580 rerum
1938 522 2113 579 eccle-

2211 538 2330 579 esse
2361 524 2597 582 futuram
2619 537 2644 564 ιι
2666 527 2734 583 ad
2762 534 3045 585 tractatum
3073 530 3376 590 Diviuitatis
3401 531 3614 588 Domim
3634 531 3790 588 Jesu.

1698 697 2237 762 CASTIGATIONES
2282 701 2372 758 ET
2407 704 2631 763 NOTE.

535 847 923 920 metropolitas,
954 847 1190 903 indicant
1225 861 1332 901 non
1362 845 1586 920 obscure
1629 845 1887 920 synodum
1915 849 2103 920 rogatu

534 913 765 979 Nestorii
793 920 1060 984 indictam,
1095 926 1150 972 et
1177 919 1622 974 communicatam
1658 913 1781 972 cum
1822 917 1937 986 ipso
1964 913 2104 967 indi-

533 994 727 1050 ctionis
753 1005 966 1059 quoque
989 987 1234 1043 formam.

604 1074 630 1100 η
655 1055 839 1116 Modus
861 1055 948 1114 hic
976 1059 1219 1114 ﬁniendae
1247 1058 1485 1127 epistola:
1524 1059 1598 1112 ita
1624 1057 1877 1126 abruptus
1911 1055 2104 1127 docere

532 1133 743 1189 videtur
761 1131 947 1185 deesse
985 1129 1200 1197 aliquid,
1230 1125 1418 1183 saltem
1458 1125 2100 1197 solemnem’clausulam,

531 1219 650 1274 qua:
677 1203 731 1256 in
758 1201 875 1254 aliis
899 1193 1104 1276 duabus
1128 1200 1195 1254 ad
1206 1198 1907 1276 palestin‘umcaeterisque
1931 1195 1996 1248 ad
2009 1193 2105 1276 .di-

529 1268 716 1328 versos
745 1272 986 1341 apposita
1025 1277 1107 1325 est
1143 1287 1156 1323 :
1197 1268 1414 1323 Omnem
1458 1271 1513 1323 in
1560 1268 1760 1322 Christo
1804 1268 2103 1338 fraternita-

531 1352 658 1408 tem,
687 1352 791 1398 etc.

525 1503 989 1559 Dissertatiuncula
1028 1506 1088 1559 de
1117 1506 1450 1559 illustrissimi
1479 1503 1537 1556 M
1542 1520 1676 1558 arca:
1707 1504 1976 1566 sententia,
2002 1519 2101 1572 qua

595 1585 741 1647 putat
797 1591 1096 1646 suspensam
1137 1592 1170 1627 a
1210 1574 1496 1647 Theodosio
1540 1574 1673 1628 sedis
1714 1573 2010 1647 apostolica;
2043 1574 2097 1625 in

596 1644 897 1728 Nestorium
921 1647 1281 1728 _sententiam,
1331 1653 1381 1700 et
1419 1645 1642 1716 legitime
1676 1645 1896 1697 rescissa
1923 1644 2099 1712 priora
2127 1667 2177 1728 Β

596 1717 800 1770 concilii
828 1714 1075 1785 Ephesini
1105 1725 1239 1770 acta.

595 1827 861 1881 Admonet
883 1827 1048 1891 locus,
1073 1827 1127 1880 in
1146 1842 1254 1896 quo
1276 1841 1478 1890 sumus,
1504 1832 1559 1880 et
1586 1841 1673 1880 res
1691 1825 1759 1880 de
1777 1840 1882 1894 qua
1905 1826 2095 1893 agitur,

524 1905 585 1952 ut
612 1905 1061 1964 recognoscantur
1103 1897 1264 1966 paulo
1305 1896 1608 1965 diligentius
1647 1911 1765 1964 qua:
1799 1897 1992 1966 partim
2032 1897 2099 1951 ab

524 1966 746 2022 eruditis
785 1965 1120 2034 quibusdam,
1163 1966 1356 2034 partim
1412 1967 1479 2020 ab
1518 1966 1874 2022 illustrissimo
1922 1965 2097 2020 Marca

521 2039 721 2106 scripta
750 2045 872 2090 sunt
890 2036 960 2106 de
980 2036 1120 2091 tacto
1146 2034 1430 2090 Theodosii
1453 2037 1506 2089 in
1528 2051 1686 2090 causa
1706 2036 1934 2091 Nestorii
1958 2034 2094 2106 (Lib.

519 2121 574 2162 1v
589 2109 652 2160 de
665 2105 915 2161 Concord.
935 2107 1190 2161 sacerdot.
1213 2115 1262 2159 et
1280 2106 1548 2176 imponi).
1572 2106 1814 2172 Quatuor
1833 2107 1994 2173 igitur
2013 2106 2065 2159 di
2080 2137 2096 2146 -

519 2176 812 2246 sceptanda
830 2184 980 2248 puto.
1013 2176 1059 2230 Α
1083 2192 1195 2248 quo
1221 2175 1457 2248 synodus
1484 2175 1751 2248 Ephesina
1780 2176 1849 2248 sit
1877 2175 2093 2248 indicta,

521 2244 674 2316 cujus
696 2244 884 2314 rogatu
910 2247 1022 2316 sive
1036 2244 1287 2316 impulsu,
1304 2261 1423 2316 qua:
1449 2244 1593 2300 tanta
1622 2244 1781 2300 fuerit
1805 2245 2097 2300 indicendo:

519 2315 699 2386 causa,
719 2325 773 2370 ct
799 2325 974 2370 utrum
991 2315 1178 2371 Patres
1197 2318 1536 2386 przescriptos
1563 2317 1663 2370 sibi
1684 2317 1750 2370 ab
1771 2315 2095 2385 imperatore

519 2383 656 2440 ﬁnes
677 2386 1023 2440 excesserint.

589 2455 741 2521 Quod
756 2456 1014 2526 gpertinet
1057 2457 1124 2510 ad
1161 2461 1415 2526 primum,
1444 2462 1568 2526 sunt
1594 2455 1685 2526 qui
1710 2454 1932 2510 credant
1959 2455 2096 2509 indi-

516 2533 657 2580 ctam
689 2542 716 2578 a
741 2523 1030 2580 Cielestino
1058 2523 1264 2580 summo
1293 2523 1560 2595 pontiﬁce,
1592 2525 1901 2593 litterasque
1928 2526 2095 2595 impe-

513 2595 677 2649 riales
698 2595 839 2650 aliud
868 2595 998 2648 nihil
1022 2596 1184 2651 fuisse
1203 2611 1363 2664 quam
1385 2595 1620 2650 mandati
1642 2595 1922 2664 apostolici
1941 2595 2094 2666 quasi

513 2666 896 2730 exsecutorias,
929 2673 1090 2732 atque
1117 2667 1251 2720 adeo
1274 2681 1435 2734 puras
1454 2665 1754 2720 tractorias.

586 2735 1040 2803 Argumentantur
1069 2737 1144 2790 illi
1185 2735 1456 2800 nonnulla,
1502 2736 1808 2790 communia
1847 2734 2088 2802 quidem,

511 2805 606 2860 sed
628 2820 745 2873 quae
768 2814 947 2858 tamen
969 2806 1054 2858 vix
1082 2807 1377 2874 probentur
1397 2805 1636 2871 eruditis,
1660 2805 2092 2874 quandoquidem

512 2875 671 2928 exiis
712 2875 923 2943 scriptis
964 2883 1216 2942 petuntur
1255 2890 1373 2944 qua:
1416 2875 1496 2929 sin
1541 2875 1717 2929 minus
1754 2875 2091 2943 supposititia

503 2944 635 3008 sint,
667 2945 972 3012 suspicione
998 2945 1186 2998 saltem
1213 2960 1321 2998 non
1350 2953 1551 2999 carent.
1587 2944 1919 2999 Refelluntur
1936 2960 2085 3010 vero,

507 3013 738 3084 primum
772 3029 841 3068 ex
876 3015 1102 3082 epistola
1140 3030 1302 3084 quam
1349 3014 1605 3068 habemus
1648 3028 1760 3084 prxe
1797 3015 2082 3084 manibus;

507 3083 657 3164 prius
685 3084 827 3164 enim
854 3083 1080 3164 decreta
1107 3084 1301 3138 dicitur
1337 3084 1563 3164 indictio
1597 3083 1758 3152 quam
1792 3083 2083 3164 leestino

507 3153 819 3206 innotuerit.
854 3153 1054 3208 Deinde
1083 3171 1149 3208 ex
1176 3164 1286 3208 tota
1317 3155 1454 3208 serie
1472 3153 1748 3219 Actorum,
1772 3155 1963 3224 quibus
1991 3153 2086 3208 Pa-

505 3231 618 3279 tres
645 3239 712 3276 ex
741 3225 886 3276 omni
927 3223 1037 3277 fere
1065 3232 1327 3278 terrarum
1373 3224 1502 3278 orbe
1544 3225 1757 3279 collecti
1790 3223 1861 3279 ise
1887 3239 2084 3279 conve-

504 3293 649 3348 nisse
672 3293 826 3359 jussu
855 3295 1190 3362 imperatoris
1209 3294 1401 3362 sapius
1426 3302 1704 3360 testantur,
1731 3310 1830 3350 nec
1849 3295 2084 3348 mandati

506 3363 790 3432 apostolici
816 3363 1170 3418 meminerunt
1207 3365 1292 3418 vel
1319 3364 1505 3418 semel.
1540 3363 1675 3419 Tum
1705 3367 1943 3420 omnium
1971 3365 2083 3419 sive

504 3432 880 3504 historicorum
909 3433 1060 3496 istius
1087 3434 1278 3499 aetatis,
1309 3435 1420 3487 sive
1448 3434 1676 3488 aliorum
1703 3450 2082 3504 quorumcum-

547 3517 613 3556 ue
638 3502 957 3568 scriptorum
980 3504 1284 3557 testimonio
1308 3521 1322 3568 ;
1365 3503 1523 3558 silent
1551 3505 1693 3558 enim
1721 3502 2083 3559 communiter

545 3588 574 3626 e
603 3570 743 3624 sedis
785 3571 1092 3642 apostolica:
1124 3571 1293 3642 jussu,
1326 3573 1393 3627 de
1421 3573 1768 3642 imperatorio
1795 3583 1981 3642 aperte
2002 3575 2082 3628 lo-

504 3649 756 3714 quuntur.
790 3641 1027 3714 Denique
1052 3641 1392 3714 confesswne
1415 3641 1692 3713 ipsiusmet
1720 3641 1910 3696 sumini
1941 3659 2079 3714 pon-

502 3709 681 3782 tiﬁcis,
715 3710 806 3776 qui
851 3726 972 3782 cum
1000 3711 1256 3766 scriberet
1283 3711 1352 3764 ad
1379 3709 1791 3780 imperatorem,
1833 3709 2081 3782 per—suos

503 3786 615 3835 tres
644 3780 846 3850 legatos
878 3780 1147 3850 Ephesum
1186 3782 1378 3836 missos
1402 3825 1416 3849 ,
1461 3781 1542 3835 sui
1588 3782 1824 3836 mandati
1837 3780 2081 3837 ‘mentio-

504 3865 630 3904 nem
659 3865 765 3920 non
792 3848 938 3915 facit,
969 3849 1094 3904 facit
1114 3866 1242 3905 vero
1264 3850 1554 3920 imperialis
1568 3849 1844 3918 jussionis.
1872 3851 1978 3906 Pro
2000 3871 2080 3906 sa—

503 3919 772 3992 cerdotali,
809 3920 1188 3992 inquit,roﬁicio
1227 3919 1434 3992 operam
1458 3930 1709 3992 nostram,
1748 3923 1803 3974 in
1831 3932 2078 3992 quantum

501 3991 753 4063 valemus,
788 3990 1124 4060 impendimus
1143 4033 1157 4056 ,
1189 4002 1238 4045 et
1259 3990 1375 4044 huic
1401 3990 1625 4063 synodo,
1653 4006 1805 4063 quam
1833 3990 1944 4046 esse
1963 3994 2079 4063 jus-

501 4059 660 4133 sistis,
679 4059 907 4133 nostram
926 4063 1273 4133 prtcsqttiam,
1303 4063 1359 4114 in
1388 4059 1469 4133 his
1507 4077 1630 4133 quos
1661 4059 1910 4126 misimus,
1942 4059 2080 4116 exhi-

501 4128 691 4184 bemus.
717 4129 851 4196 Quid
879 4128 1024 4201 quod
1071 4129 1403 4186 Theodosius
1444 4128 1738 4201 imperator
1765 4141 1996 4200 quatuor
2023 4134 2076 4186 in

499 4201 682 4262 sacris,
733 4201 844 4254 sive
887 4215 1003 4268 quae
1051 4202 1404 4270 metropolitis
1457 4202 1511 4256 in
1555 4202 1856 4270 provincias
1903 4203 2077 4257 missae

499 4277 642 4332 sunt,
673 4270 784 4323 sive
810 4285 928 4340 quae
950 4270 1015 4324 ad
1036 4271 1298 4340 synodum
1322 4271 1556 4337 directae,
1587 4287 1742 4326 suum
1768 4271 2076 4328 mandatum

497 4340 985 4411 memoratumque
1012 4341 1225 4407 passim,
1257 4343 1612 4411 apostolicum
1641 4343 1944 4411 nusquam?

2213 837 2459 922 Patribus
2482 845 2757 922 Ephesum
2782 846 2847 901 ad
2895 846 3036 922 diem
3064 845 3431 922 Pentecostes.
3483 849 3592 922 sed
3634 852 3792 922 cujus

2209 921 2306 966 aut
2333 915 2561 987 impulsu
2580 918 2633 971 id
2661 917 2804 982 fecit,
2829 924 2920 971 aut
2946 917 3108 972 etiam
3130 921 3360 987 rogatu?
3385 918 3542 984 Quod
3569 920 3669 976 fuit
3695 915 3788 978 ie—

2211 984 2442 1057 cuudum
2471 988 2778 1057 quaestionis
2797 994 2978 1057 caput.

2281 1052 2505 1130 Scripsit
2533 1052 3086 1130 Christianus—Lupus,
3116 1073 3226 1130 non
3238 1058 3313 1130 ita
3334 1059 3540 1130 pridem
3565 1061 3740 1130 (Tom.
3767 1063 3788 1118 l

2211 1120 2536 1198 S_clz_oliorum
2563 1129 2617 1180 in
2649 1144 2836 1198 canon.
2869 1120 3080 1198 concita
3104 1145 3157 1198 p.
3197 1120 3352 1198 388),
3376 1128 3443 1198 did
3482 1120 3788 1198 postulasse

2209 1192 2278 1246 ab
2307 1194 2625 1267 imperatore
2669 1196 2937 1251 Julianum
2982 1192 3346 1252 Eclanensem
3373 1192 3786 1267 Pelagianorum

2208 1265 2634 1342 antesignanum,
2676 1274 2805 1342 tunc
2845 1281 2968 1322 cum
2996 1282 3094 1322 suo
3123 1268 3455 1342 aliorumque
3493 1265 3787 1342 episcOpo--

2206 1346 2325 1386 rum
2354 1351 2420 1407 ex
2466 1337 2616 1391 ltalia
2652 1336 2946 1404 ejectorum
2991 1337 3209 1391 nomine
3253 1336 3545 1407 pristinam—
3579 1357 3610 1395 a
3655 1336 3787 1397 sede

2207 1406 2499 1471 apostolica
2528 1407 2592 1461 ad
2632 1407 2892 1478 synodum
2929 1406 3311 1463 mcumenicam
3341 1411 3782 1478 provocationem

2205 1483 2435 1541 urgeret.

2281 1544 2428 1617 Unde
2455 1546 2559 1602 hoc
2586 1547 2671 1602 vel
2699 1547 2961 1611 didicerit,
2993 1547 3077 1602 vel
3121 1547 3417 1616 conjecerit
3443 1557 3634 1605 auctor
3669 1551 3782 1617 ille,

2206 1616 2452 1689 equidem
2480 1617 2655 1671 nullus
2680 1617 2791 1672 scio
2817 1635 2830 1681 ;
2863 1617 2956 1672 sed
2985 1633 3102 1689 non
3145 1617 3331 1689 dubito
3367 1620 3491 1689 quin
3513 1616 3783 1689 ejusmodi

2204 1685 2315 1739 sive
2343 1695 2719 1752 commentum,
2738 1689 2850 1741 sive
2879 1686 3263 1754 conjecturam,
3285 1685 3783 1746 Mer‘catofeverte—

2203 1755 2300 1819 rit,
2351 1772 2457 1810 uno
2497 1757 2578 1812 sui
2619 1765 2805 1810 contra
2843 1756 3113 1811 Julianum
3160 1760 3552 1813 commonitorii
3593 1761 3779 1818 titulo.

2201 1822 2496 1894 Episcopos
2524 1827 2667 1880 enim
2687 1827 2820 1880 istos
2848 1842 2913 1881 ex
2936 1827 3068 1880 urbe
3095 1827 3240 1895 regia
3266 1828 3446 1895 pulsos
3487 1830 3651 1884 tradit
3670 1841 3782 1886 sta-

2204 1895 2304 1969 tim
2313 1911 2357 1969 da
2387 1903 2628 1969 tempore
2652 1897 3049 1969 conmmnitorii
3069 1897 3250 1969 oblati,
3283 1897 3335 1952 id
3363 1906 3445 1952 est
3471 1915 3500 1952 a
3535 1909 3782 1969 tempore

2202 1964 2515 2020 inclinantis
2536 1983 2657 2019 ann.
2692 1965 2814 2020 429.
2847 1965 3125 2031 Quomodo
3173 1967 3350 2034 igitur,
3391 1984 3531 2024 anno
3581 1964 3780 2025 conse-

2200 2044 2416 2102 quente,
2463 2052 2577 2089 rem
2624 2044 2823 2090 tantam
2862 2035 3325 2106 Constantinopoli
3372 2035 3633 2102 Julianus,
3688 2049 3780 2095 aut

2200 2112 2477 2171 tentasset,
2509 2114 2599 2160 aut
2620 2107 2780 2160 etiam
2808 2106 3036 2174 egisset?

2271 2175 2490 2249 Accedit
2531 2175 2673 2249 quod
2714 2174 2915 2249 Iuliani
2953 2175 3337 2249 mentiounulla
3377 2176 3452 2244 ﬁt,
3500 2195 3680 2249 neque
3719 2181 3776 2236 in

2199 2247 2361 2318 sacris
2372 2245 2687 2318 Theodosii,
2710 2261 2882 2318 neque
2903 2247 2955 2299 in
2977 2246 3189 2318 concilii
3215 2245 3378 2318 Actis,
3411 2245 3661 2318 neque—in
3691 2267 3779 2306 re-

2198 2314 2505 2380 lationibus,
2537 2317 2648 2371 sive
2672 2316 3117 2379 orthodoxorum,
3149 2316 3261 2370 sive
3281 2314 3773 2386 schismaticorum,

2197 2392 2550 2456 praeterquam
2580 2401 2696 2454 qua:
2723 2401 2752 2438 a
2782 2394 2963 2440 sancta
2993 2387 3196 2456 synodo
3220 2386 3416 2456 scripta
3446 2397 3526 2442 est
3555 2389 3620 2442 ad
3648 2405 3778 2445 san—

2197 2463 2340 2509 ctum
2353 2455 2717 2518 C(elestinum,
2734 2464 2856 2528 post
2870 2455 3155 2510 adventum
3169 2455 3463 2523 legatumm
3474 2457 3772 2528 Ephesum,

2197 2533 2251 2579 et
2277 2541 2375 2597 per
2401 2541 2495 2581 eos
2519 2533 2756 2597 accepta,
2782 2525 3026 2593 lectaque
3049 2534 3101 2580 et
3122 2528 3344 2597 probata
3359 2525 3547 2597 synodi
3568 2525 3774 2585 Roma-1

2195 2593 2295 2649 ηαξ
2321 2595 2490 2662 Acta;
2531 2593 2694 2650 immo
2724 2611 2824 2649 nec
2850 2611 3026 2652 sermo
3056 2593 3139 2651 est
3175 2596 3241 2650 de
3275 2593 3631 2665 leestianis,
3666 2601 3774 2655 uisi

2195 2672 2468 2747 tamquam
2513 2665 2580 2747 de
2625 2666 2927 2720 hominibus
2953 2679 3180 2733 quorum
3219 2665 3560 2736 prmjudicata
3603 2685 3770 2725 causa

2189 2737 2413 2790 omnino
2439 2737 2597 2790 foret.

2265 2805 2378 2860 l-lac
2408 2807 2568 2875 igitur
2596 2807 2849 2874 singulari
2878 2806 3131 2876 opinione
3156 2806 3377 2875 rejecta,
3408 2814 3665 2866 constans
3681 2818 3773 2864 est

2195 2877 2439 2948 omnium
2477 2879 2804 2948 sententia,
2825 2876 3053 2948 impulsu
3085 2876 3316 2948 Nestorii
3349 2886 3648 2948 rogatuque
3675 2895 3772 2935 co-

2187 2954 2370 2999 actum
2399 2943 2596 3014 Ephesi
2618 2943 2921 3000 concilium:
2953 2945 3007 2998 Id
3029 2947 3269 3014 profecto
3299 2962 3357 3001 se
3383 2943 3646 3001 facturum
3678 2949 3771 3005 ille

2191 3016 2633 3088 comminabatur,
2657 3017 2767 3084 jam
2799 3017 2921 3088 inde
2949 3016 3016 3068 ab
3041 3018 3279 3088 acceptis
3305 3016 3559 3088 adversus
3583 3016 3767 3088 Cyril-

2188 3084 2519 3156 lumlibellis
2552 3102 2666 3156 rex
2693 3102 2760 3141 eo
2789 3087 2952 3140 etiam
2983 3084 3222 3156 tempore
3250 3086 3378 3140 illud
3397 3087 3572 3156 ipsum
3600 3084 3766 3156 opta-7

2183 3153 2275 3209 bat
2306 3155 2529 3224 ipsemet
2554 3155 2810 3224 Cyrillus;
2843 3156 3005 3210 imu'io
3035 3153 3171 3210 forte
3201 3172 3296 3224 per
3315 3153 3570 3210 Basilium
3591 3153 3765 3215 alios-

2183 3239 2288 3296 que
2326 3223 2493 3296 isibig
2521 3223 2913 3280 'addictissimos
2973 3223 3294 3296 monachos,
3371 3227 3768 3296 supplicatione

2183 3295 2379 3358 oblata,
2411 3293 2810 3362 efﬁagitandum
2841 3295 3066 3350 curavit.

2252 3364 2571 3431 Petiitcerte
2581 3366 2915 3420 adulatorum
2936 3366 3162 3420 consilio
3176 3366 3472 3431 Nestorius,
3495 3365 3764 3424 obtinuit-

2179 3449 2317 3556 que;
2347 3436 2441 3491 sed
2459 3424 2630 3490 doluit
2649 3443 2835 3504 postea
2861 3435 3228 3502 vehementer,
3243 3424 3542 3505 quodbanc
3557 3437 3614 3492 iu
3643 3454 3764 3494 rem

2203 3506 2438 3556 acilitate
2477 3505 2734 3556 nrinciois
2781 3506 3056 3556 aratiauue
3103 3507 3298 3556 abusus
3351 3515 3524 3556 esset:
3571 3522 3764 3556 .neane

2203 3505 2438 3578 ’acilitate
2477 3505 2743 3578 principis,
2781 3506 3072 3578 gratiaque,
3103 3507 3298 3578 abusus
3351 3515 3545 3578 esset;_
3571 3522 3765 3578 neque

2181 3575 2322 3646 enim
2353 3577 2492 3630 sedis
2520 3576 2827 3646 apostolicae
2845 3576 3165 3629 sententiam
3203 3577 3308 3631 hoc
3329 3584 3486 3646 pacto
3515 3575 3763 3632 declina-

2180 3645 2276 3707 vit,
2300 3646 2444 3713 quod
2471 3654 2647 3700 tamen
2669 3645 2754 3699 vel
2776 3660 2960 3706 unum,
2990 3646 3073 3699 vel
3091 3645 3599 3713 maxime’sperahat
3623 3664 3638 3710 ;
3667 3648 3765 3702 sed

2182 3729 2303 3768 eam
2343 3724 2491 3770 tanto
2537 3716 2835 3783 graviorem
2871 3714 3070 3778 sensit,
3101 3724 3304 3785 quanto
3343 3714 3464 3785 plus
3502 3717 3764 3784 ponderis

2182 3798 2213 3836 a
2266 3785 2614 3856 ducentorum
2655 3793 2711 3840 et
2747 3786 2972 3855 amplius
3013 3785 3388 3856 episcoporum
3423 3788 3766 3843 auctoritate

2179 3855 2404 3924 accepit.

2247 3923 2364 3995 Jam
2379 3941 2528 3989 vero,
2543 3925 2685 3995 quod
2700 3925 2916 3980 tertium
2931 3925 2984 3980 in
3006 3926 3298 3994 quaestione
3319 3927 3572 3994 positum,
3589 3941 3761 3982 causa

2180 3993 2475 4050 indicenda‘.
2503 3993 2689 4065 synodi
2718 3997 2951 4062 gemina,
2969 3993 3070 4052 nisi
3099 3995 3275 4061 fallor,
3303 3995 3429 4050 fuit:
3446 3996 3612 4052 altera
3637 4012 3763 4065 quae

2179 4065 2356 4134 palam
2382 4074 2776 4129 ostentaretur;
2808 4065 2974 4135 altera
3003 4081 3120 4135 quae
3157 4076 3334 4120 mente
3361 4065 3639 4121 recondita
3664 4067 3760 4121 sit.

2179 4133 2273 4204 illa
2302 4135 2453 4190 facile
2482 4136 2766 4190 innotescit
2791 4150 2858 4188 ex
2880 4133 3166 4190 Theodosii
3186 4151 3356 4198 sacra,
3377 4151 3482 4204 pax
3503 4135 3762 4193 nimirum

2179 4203 2450 4270 Ecclesiae,
2501 4205 2622 4260 tidei
2649 4204 3004 4266 conﬁrmatio,
3038 4213 3094 4258 et
3131 4203 3498 4260 dissidentium
3525 4205 3762 4262 duarum

2179 4274 2383 4343 sedium
2404 4275 2710 4331 concordia.
2737 4275 2812 4328 De
2827 4277 2928 4328 ista
2948 4275 3105 4329 aliter
3117 4276 3238 4330 aliis
3252 4276 3458 4332 sentire
3473 4275 3758 4343 placitum.

2177 4343 2258 4396 Ita
2283 4342 2394 4400 fere
2421 4345 2808 4401 illustrissimus
2835 4344 3011 4399 Marca
3045 4363 3057 4398 :
3093 4343 3366 4400 Nestoriiu
3395 4342 3507 4400 cum
3533 4343 3764 4401 danista-

545 4451 574 4484 λ
571 4406 640 4459 At
667 4407 863 4484 excipit
891 4402 992 4484 t'ria
1012 4402 1128 4463 non
1152 4402 1330 4484 nemo.
1361 4409 1617 4484 Primum,
1649 4402 1916 4484 Gelasium
1936 4402 2156 4481 βου-’Β
2181 4422 2260 4467 tus
2286 4425 2416 4468 esset
2443 4432 2475 4467 a
2509 4414 2720 4484 synodis
2759 4415 2975 4477 duabus,
3022 4414 3258 4470 Romana
3287 4423 3334 4468 et
3365 4402 3759 4477 Alexandrina,

498 4474 717 4549 tiﬁcem,
750 4474 802 4549 in
831 4477 1000 4549 prima
1030 4493 1125 4549 sua
1152 4480 1356 4549 synodo
1387 4474 1652 4549 Romana,
1681 4481 1865 4535 testari
1893 4474 2075 4538 conci-

496 4543 628 4597 lium
669 4543 994 4608 Eph‘esinum
1031 4543 1196 4602 fuisse
1231 4548 1484 4603 indictum
1525 4549 1593 4603 de
1629 4548 1902 4604 leestini
1940 4569 2072 4608 con-

497 4629 679 4668 sensu.
713 4612 849 4668 Tum
876 4612 1061 4690 Patres
1105 4618 1164 4690 iu
1204 4617 1550 4690 relationibus
1588 4618 1786 4685 dicere,
1837 4635 1893 4674 se
1917 4621 2071 4690 juxta

445 4744 448 4747 Α
496 4698 733 4760 canones
771 4685 1101 4760 convenisse.
1134 4686 1370 4760 Denique
1398 4686 1740 4760 Hincmarum
1774 4685 2068 4760 scripsisse,

494 4754 771 4832 generales
799 4755 1033 4832 synodos
1060 4756 1201 4811 sedis
1225 4754 1796 4832 apostolicmjussione
1823 4754 2071 4832 et'impc4

493 4823 612 4896 riali
638 4823 1022 4896 convocatione
1042 4823 1403 4896 semper—olim
1435 4823 1871 4885 ﬁeri'consuetas.

565 4893 764 4948 Verum
783 4892 1026 4964 Gelasius
1049 4892 1178 4951 dicit
1197 4897 1410 4964 quidem
1428 4897 1495 4952 de
1515 4896 1787 4953 leestini
1803 4915 2064 4957 consensu

492 4962 802 5040 damnatum
837 4963 1162 5040 l‘ies_torium,
1195 4962 1449 5022 indictam
1499 4983 1626 5040 vero
1668 4970 1928 5040 synodum
1958 4988 2065 5027 non

490 5032 637 5105 dicit.
690 5033 890 5088 Deinde
931 5035 1084 5105 juxta
1124 5052 1357 5105 canones
1395 5032 1712 5093 convenisse
1737 5037 1943 5105 Patres,
1983 5042 2063 5097 id-

490 5052 637 5086 uicn.
690 5052 890 5088 uernae
959 5052 1084 5089 una
1124 5052 1357 5092 canones
1395 5053 1712 5093 convenisse
1737 5052 1943 5105 Patres,
1983 5052 2062 5097 ld-

490 5101 664 5180 ipsum
682 5109 781 5168 est,
801 5052 967 5180 quod
965 5106 1255 5180 secundum
1276 5102 1526 5180 Ecclesiae
1542 5124 1744 5180 morem
1768 5109 1935 5172 illum,
1969 5115 2062 5180 qui

491 5179 543 5250 et
570 5172 626 5225 in
664 5173 890 5250 concilio
917 5173 1216 5250 Ephesino,
1259 5178 1481 5247 perinde
1525 5194 1588 5250 ac
1629 5178 1860 5250 Nicamo,
1903 5172 2064 5250 atque

487 5237 1104 5319 Constantinopolitano,
1127 5237 1367 5319 servitus
1395 5257 1495 5319 est,
1527 5247 1834 5319 Theodosio
1848 5237 2069 5319 juniore

487 5309 823 5390 Constantini
849 5309 1134 5390 Nicaenum,
1167 5324 1221 5370 et
1242 5309 1528 5390 Theodosii
1557 5320 1784 5374 senioris
1806 5309 2066 5379 constano

444 5389 450 5393 '
485 5383 898 5457 tinopolitanum
911 5387 1168 5453 cogentis,
1191 5388 1495 5457 exemplum
1516 5399 1720 5444 secuto.
1745 5389 2061 5449 Hincmarus

483 5451 723 5532 tandem,
744 5455 873 5532 quid
900 5451 1000 5532 sua
1013 5463 1170 5510 aetate
1197 5451 1367 5532 ﬁeret;
1390 5459 1683 5532 vicinisque
1702 5463 2053 5532 temporibus,

439 5582 446 5588 ν
481 5524 740 5602 scriptum
769 5524 1186 5602 reliquit,_nunc
1217 5528 1392 5596 agitur
1416 5529 1483 5584 de
1509 5524 1683 5598 quinti
1709 5524 1887 5588 saeculi
1909 5524 2057 5602 prio;

481 5597 715 5672 rumque
727 5596 1142 5672 consuetudine.

547 5655 751 5730 Coegit
785 5663 946 5734 igitur
989 5665 1319 5726 Theodosius
1355 5669 1662 5740 concilium,
1712 5674 2060 5744 condixitque

2179 4485 2279 4555 nisi
2292 4486 2628 4555 resipisceret,
2645 4485 2783 4537 intra
2807 4485 2974 4538 decem
2997 4484 3124 4546 dies,
3157 4485 3440 4555 appellasse
3466 4484 3666 4542 videtur
3686 4486 3764 4539 ad

2177 4553 2552 4618 imperatorem,
2577 4553 2640 4607 ab
2660 4569 2814 4624 eoque
2845 4556 3142 4623 rescriptum
3181 4553 3474 4617 Obtinuisse,
3495 4570 3596 4624 quo
3625 4571 3758 4607 seu-

2181 4625 2340 4694 tentia
2365 4627 2626 4694 utriusque
2653 4624 2854 4694 synodi,
2879 4625 2956 4678 vel
2979 4625 3370 4694 suspenderetur
3398 4624 3555 4694 donec
3592 4641 3625 4676 a
3663 4641 3760 4694 sy-

2178 4693 2312 4764 nodo
2339 4681 2662 4758 arcumeriica,
2681 4681 2863 4764 "quam
2909 4694 3021 4764 cogi
3051 4681 3322 4748 Nestorins
3351 4691 3578 4758 curabat,
3600 4681 3760 4762 judi-

2178 4763 2313 4816 cium
2347 4765 2709 4826 institueretur,
2755 4763 2829 4816 vel
2869 4763 3221 4833 antiquaretur
3248 4765 3473 4833 omnino,
3507 4765 3650 4833 facta
3677 4767 3759 4820 rei

2176 4833 2232 4885 in
2259 4833 2512 4904 integrum
2541 4834 2858 4888 restitutione
2888 4831 3026 4954 iLib.
3051 4850 3103 4889 ιν
3148 4833 3211 4887 de
3256 4831 3514 4888 Concord.
3537 4834 3753 4888 δασεῖ-ἀ.

2176 4913 2224 4954 et
2245 4903 2465 4954 imperii.
2497 4920 2612 4954 can.
2637 4902 2690 4954 4.
2720 4919 2860 4954 num.
2925 4902 2962 4954 l.

2173 4913 2224 4955 et
2245 4902 2465 4973 imperii,
2497 4920 2612 4973 cap.
2637 4902 2690 4968 4,
2720 4919 2860 4956 num.
2890 4902 2962 4973 l).

2244 4970 2531 5044 Op'inatur,
2560 4970 2734 5044 credo
2753 5012 2773 5044 ,ν
2806 4970 3195 5028 eruditissimus
3228 4973 3453 5044 praesul,
3495 4971 3760 5044 Nestorio

2170 5040 2319 5111 prius
2341 5041 2690 5114 signiﬁcatam
2706 5040 2870 5097 fuisse
2889 5044 3166 5114 utriusque
3183 5040 3374 5114 synodi
3398 5043 3756 5114 sententiam,

2169 5127 2330 5181 quam
2362 5113 2460 5172 ,vel
2489 5121 2804 5182 quereretur
2830 5113 2970 5181 apud
3009 5111 3406 5182 imperatorem,
3442 5111 3524 5166 vel
3555 5115 3756 5168 conci-

2168 5183 2299 5237 lium
2322 5183 2485 5252 ipsius
2510 5181 2698 5250 rogatu
2725 5181 3048 5238 indiceretur
3065 5181 3204 5247 {nisi
3225 5183 3366 5238 enim
3393 5183 3449 5237 in
3469 5198 3542 5252 ea
3560 5192 3760 5252 mente

2167 5254 2255 5318 sit,
2290 5251 2396 5306 non
2425 5252 2580 5308 video
2608 5253 2879 5322 quomodo
2907 5268 2974 5306 ex
3008 5254 3112 5308 isto
3142 5254 3281 5308 laeto
3313 5253 3364 5306 id
3399 5251 3761 5309 concluderet

2167 5332 2392 5392 propter
2417 5322 2561 5392 quod
2588 5321 2822 5376 maxime
2850 5322 3059 5378 laborat
3090 5341 3101 5375 :
3135 5321 3409 5392 Principes
3436 5339 3616 5391 nernpe
3649 5325 3762 5377 ati-

2167 5391 2390 5465 Quando,
2422 5393 2619 5463 synodo
2661 5391 2862 5465 indicta
2901 5393 2971 5447 ad
2999 5395 3369 5465 controversias
3403 5392 3758 5459 dirimendas,

2165 5463 2351 5534 prioris
2373 5465 2639 5518 sententia:
2666 5465 2719 5517 in
2733 5463 2930 5534 judicio
2950 5465 3292 5519 ecclesiastico
3321 5464 3441 5518 tata:
3459 5465 3765 5534 exsecutio-

2164 5532 2280 5588 nem
2290 5535 2644 5605 suspendisse;
2667 5532 2760 5588 nec
2776 5533 2830 5588 id
2851 5535 2990 5604 ipsos
3006 5535 3056 5588 in
3056 5535 3200 5605 juria
3210 5535 3415 5605 fecisse,
3439 5551 3554 5605 cum
3576 5532 3764 5588 decre-

2161 5614 2270 5660 tum
2290 5602 2657 5676 suspensionis,
2681 5621 2776 5676 nec
2795 5602 3026 5676 iniquum
3046 5602 3291 5676 Patrilms
3304 5604 3430 5676 olim
3449 5602 3764 5673 judicatum

2162 5677 2252 5746 sit,
2273 5693 2364 5732 nec
2378 5673 2651 5746 'rejectuns,
2670 5674 2765 5731 sed
2781 5673 3048 5746 acceptum
3064 5674 3238 5745 potius
3254 5673 3498 5742 libenter,
3514 5681 3679 5745 at.“
3694 5679 3776 5730 in.
