3904 6272
140 299 247 357 8ι9

1226 272 1229 275 ’
1276 298 1434 356 lMPll
1472 298 1787 355 uesronu
1822 301 2051 360 scnuo
2089 302 2200 361 xu.

139 407 311 466 ritatis
335 405 611 475 apposuit;
642 418 752 461 non
790 405 932 461 enim
961 406 1125 463 habet
1153 406 1372 465 fraterni
1400 410 1712 465 amaritudi-
1740 417 1793 475 Α
1815 413 1916 468 bus
1945 415 2147 481 donat;
2174 431 2279 471 non
2296 416 2500 487 judicat
2527 423 2766 475 mortuos
2788 419 2902 477 sine
2928 420 3059 491 isto;
3081 438 3246 481 unum
3274 442 3393 486 esss

139 517 264 558 nem
291 499 417 564 odii,
446 514 555 553 non
599 499 763 554 habet
791 514 1054 554 venenum
1083 500 1285 565 livoris,
1319 517 1427 556 non
1456 502 1616 557 habet
1640 503 1713 558 si-

138 592 353 649 mulata:
381 588 727 644 fraternitatis
766 588 1085 656 rubiginem.
1117 588 1207 645 Sic
1233 599 1357 645 sunt
1391 590 1565 645 dulcia
1595 591 1717 645 cha-

137 682 331 748 ritatis,
361 687 421 735 ut
448 694 513 734 ea
543 685 597 733 et
618 678 856 733 omnium
877 678 1134 734 Dominus
1172 680 1373 749 diligat.
1401 681 1559 735 Amat
1586 680 1714 736 cha-

138 774 356 829 ritatem
397 770 537 824 Deus
580 776 851 838 tamquam
879 784 989 823 suae
1033 769 1377 839 benignitatis
1422 771 1717 839 ingenitum

137 864 368 927 bonum;
390 867 446 915 et
470 875 537 914 ex
564 860 667 913 bac
693 860 936 915 omnibus
958 861 1205 928 gentibus
1236 861 1505 917 beneficas
1531 876 1718 917 neces-

139 954 327 1009 sitates
349 950 593 1016 instruit;
622 950 881 1019 quoniam
909 950 1051 1005 enim
1078 951 1247 1005 multa
1280 958 1435 1006 erant
1470 966 1589 1020 qua:
1614 951 1716 1007 ho-

140 1045 343 1099 minum
371 1042 656 1097 amicitiam
698 1041 1021 1106 dividebant,
1065 1043 1287 1097 inseruit
1312 1043 1452 1098 Deus
1482 1043 1718 1099 necessi-

140 1143 281 1189 tates
310 1133 506 1199 invitis,
531 1147 649 1201 qnae
676 1147 770 1187 eos
798 1132 851 1186 in
890 1132 1178 1188 amicitiam
1224 1142 1465 1187 mutuam
1501 1134 1719 1203 copula-

140 1233 282 1280 rent.
316 1223 430 1277 Alia
460 1238 624 1294 penes
653 1223 922 1279 Dalmatas
950 1224 1215 1279 habentur
1249 1232 1404 1280 terrae
1442 1225 1717 1294 germina;

142 1316 245 1371 alia
287 1331 453 1387 penes
490 1314 693 1370 Gothos
722 1330 901 1369 rerum
928 1315 1299 1385 indigenarum
1338 1317 1585 1384 ubertas;
1616 1317 1721 1371 alia

142 1408 443 1478 llispanica:
473 1416 629 1461 teme
659 1406 988 1475 fecunditas;
1020 1409 1188 1464 altera
1220 1410 1459 1481 locuples
1501 1419 1557 1464 et
1582 1425 1719 1481 opu-

142 1501 288 1555 lenta
318 1500 505 1554 Africa:
544 1500 769 1572 latitudo
795 1507 1093 1568 terrarum;
1125 1501 1193 1557 ad
1217 1503 1349 1568 hoc,
1372 1509 1433 1559 ut
1458 1518 1578 1573 quae
1603 1503 1723 1558 uni-

141 1590 338 1659 cuique
366 1589 578 1655 desunt,
610 1598 788 1645 sumat
810 1606 840 1644 a
860 1591 1138 1660 proximo;
1161 1599 1215 1648 et
1234 1592 1448 1658 horum,
1476 1608 1595 1663 qua:
1614 1608 1722 1649 non

141 1679 306 1735 habet
334 1679 505 1750 inops,
534 1679 746 1735 aliunde
790 1689 998 1751 petens,
1027 1682 1347 1740 necessitate
1391 1684 1447 1740 in
1490 1684 1723 1741 amicitia

140 1770 374 1841 proximi
400 1769 709 1825 fmderetur.

208 1860 263 1914 ‘2.
307 1860 598 1932 Propterea
645 1870 701 1917 et
746 1862 984 1918 omnium
1027 1864 1281 1921 Dominus
1326 1875 1353 1904 ⁸
1385 1866 1601 1923 indutus
1640 1874 1723 1925 est

139 1961 382 2008 nostram
402 1960 665 2018 naturam,
692 1969 983 2023 numquam
1009 1956 1286 2027 spoliabile
1314 1957 1517 2013 scilicet
1543 1958 1721 2014 Deita-

141 2045 209 2099 tis
254 2045 661 2111 vestimentum,
718 2045 1070 2117 inseparabile
1117 2048 1484 2104 indumentum
1529 2050 1720 2106 divina:

140 2137 474 2199 substantite,
522 2137 798 2207 speculum
844 2137 1053 2193 Domini
1108 2140 1364 2207 omnium,
1407 2141 1551 2210 quod
1597 2157 1718 2197 cum

141 2234 348 2282 natura:
377 2227 689 2297 dignitatem
715 2229 987 2299 propriam
1016 2231 1353 2301 perdidisset,
1386 2220 1598 2289 tametsi
1619 2233 1716 2289 de-

139 2318 249 2373 cies
296 2318 488 2373 millies
535 2319 796 2374 irascatur
834 2320 1057 2377 audiens
1085 2320 1113 2360 b
1143 2322 1480 2390 Manichaeus,
1513 2340 1623 2380 non
1650 2325 1719 2380 ad

142 2424 300 2463 usum
348 2408 647 2463 naturalem
686 2410 892 2481 accepit
936 2412 1041 2467 hoc
1080 2414 1477 2479 vestimentum,
1522 2416 1618 2471 sed
1664 2417 1721 2472 in

140 2502 546 2571 sempiternum,
578 2508 635 2555 ut
665 2501 732 2556 ad
759 2501 1003 2557 dextram
1030 2520 1139 2558 sua:
1179 2506 1481 2561 Divinitatis
1524 2506 1725 2563 faceret

139 2594 458 2661 considere;
494 2603 515 2632 ο
548 2593 679 2648 nihil
706 2592 822 2649 sine
860 2593 965 2652 isto
1010 2610 1108 2653 suo
1136 2598 1456 2654 vestimento
1500 2584 1733 2654 viventi:

1818 504 1988 559 voluit
2014 520 2135 561 cum
2165 508 2269 563 isto
2298 508 2597 565 Divinitatis
2625 526 2733 567 sum
2760 526 3001 582 regnum.
3026 514 3053 553 δ
3081 515 3141 572 ιιι
3172 526 3394 591 stupore

1816 605 2091 652 remaneat
2134 597 2373 654 dentium
2416 599 2611 656 Paulus
2650 600 3063 673 Samosatenus,
3107 608 3199 677 qui
3237 611 3394 667 nobis

1817 686 2148 743 Dominicam
2191 689 2576 747 humanitatem
2622 694 2819 750 nudam
2866 711 2898 751 a
2940 696 3148 753 Deitate
3174 700 3386 767 delirat.

1817 779 1909 848 qui
1937 780 2134 847 solam,
2164 791 2362 851 praeter
2400 784 2770 853 Divinitatem,
2800 788 3064 845 fabulatur
3091 791 3231 847 hanc
3273 808 3393 862 qua

1818 887 2029 942 semper
2056 874 2341 942 conjuncta
2370 885 2451 931 est
2488 885 2648 947 atque
2677 894 2947 948 connexa;
2971 897 3090 950 quae
3118 883 3303 937 eadem
3333 901 3397 940 ac

1817 961 2019 1032 pariter
2049 970 2226 1032 potest
2249 978 2367 1033 qua:
2398 965 2538 1021 Deus
2562 982 2576 1020 :
2606 966 2833 1023 Donavit
2861 971 2995 1025 enim
3024 971 3100 1025 illi
3131 971 3269 1026 Deus
3297 989 3396 1027 na-

1818 1068 1934 1105 men
1963 1050 2098 1124 quod
2118 1061 2193 1106 est
2212 1068 2364 1124 super
2385 1071 2531 1109 omne
2551 1072 2735 1111 nomen
2764 1056 2983 1131 (Philip.
3014 1077 3068 1127 n,
3100 1059 3175 1131 9).

1889 1145 1941 1197 5.
1982 1142 2051 1199 Et
2075 1152 2135 1199 ut
2160 1159 2319 1200 nemo
2346 1146 2570 1203 miretur
2597 1149 2772 1207 carnis
2809 1166 2931 1205 cum
2970 1151 3258 1209 Divinitate
3296 1170 3395 1211 au-

1820 1234 1971 1291 diens
1996 1250 2238 1305 regnum,
2282 1238 2601 1306 przemonuit
2638 1254 2737 1310 per
2774 1239 3105 1311 Scripturam
3146 1244 3395 1315 Spiritus,

1820 1326 1964 1395 quod
2006 1326 2214 1382 videtur
2254 1326 2619 1395 incredulum,
2655 1330 2709 1384 in
2736 1330 3038 1389 habitaculo
3064 1334 3398 1393 habitantem

1822 1416 2214 1483 demonstrans,
2239 1433 2306 1473 ex
2334 1432 2443 1487 quo
2466 1426 2519 1473 et
2542 1419 2681 1475 unde
2700 1420 2876 1477 honor
2898 1423 3039 1479 circa
3061 1424 3113 1479 id
3142 1426 3286 1495 quod
3313 1427 3397 1484 vi-

1824 1509 1980 1564 detur
2006 1517 2062 1565 et
2107 1518 2262 1579 paret
2297 1510 2566 1566 accrevit:
2593 1510 2818 1567 Donavit
2844 1516 2939 1580 illi,
2972 1517 3160 1586 inquit,
3192 1535 3397 1587 nomen,

1822 1601 1959 1673 quod
1989 1609 2066 1656 est
2084 1618 2235 1672 super
2267 1618 2415 1655 omne
2442 1618 2655 1669 nomen,
2678 1611 2736 1657 ut
2761 1606 2816 1658 in
2856 1608 3059 1662 nomine
3083 1606 3209 1663 Iesu
3251 1627 3401 1666 omne

1824 1712 1955 1767 genu
1990 1695 2245 1765 flectatur,
2278 1694 2573 1760 ccclestium,
2607 1698 2938 1764 terrestrium,
2969 1709 3019 1753 et
3056 1701 3396 1772 infernarum,

1750 1792 1799 1853 Β
1822 1793 1873 1839 et
1908 1787 2072 1840 omnis
2102 1786 2281 1857 lingua
2309 1786 2615 1857 confiteatur
2640 1784 2769 1853 Deo,
2799 1790 2921 1859 quia
2952 1788 3204 1844 Dominus
3247 1791 3400 1849 Iesus

1827 1876 2057 1932 Christus
2084 1879 2139 1931 in
2182 1879 2349 1949 gloria
2388 1887 2465 1932 est
2486 1876 2585 1931 Dei
2612 1876 2791 1934 Patris
2831 1878 3039 1952 (Ibid).
3070 1880 3186 1936 Non
3209 1882 3399 1953 deprec

1825 1967 1995 2031 tiavit,
2028 1968 2216 2036 inquit,
2258 1967 2492 2022 divinam
2533 1969 2882 2025 substantiam
2920 1971 3060 2027 circa
3089 1971 3216 2027 illud
3255 1973 3398 2044 quod

1823 2057 2088 2113 invisibile
2134 2066 2241 2125 est,
2291 2058 2466 2114 honor
2508 2068 2699 2115 cuncta
2744 2062 3082 2131 praecellens,
3131 2064 3256 2133 quia
3300 2066 3399 2122 de-

1823 2156 2151 2205 monstratur
2178 2149 2627 2219 quemadmodum
2658 2150 2823 2208 Filius
2857 2152 3104 2223 diligatur
3139 2169 3171 2208 a
3206 2153 3396 2223 Patre;

1828 2249 1850 2277 ε
1868 2256 2001 2296 unus
2015 2241 2157 2296 enim
2171 2239 2354 2308 Filius,
2373 2241 2517 2310 quod
2529 2241 2735 2297 visibile
2750 2250 2852 2307 est,
2877 2250 2931 2298 et
2950 2244 3093 2313 quod
3108 2244 3399 2312 invisibile;

1824 2346 1961 2385 unus
2002 2327 2264 2398 Christus,
2309 2339 2364 2386 et
2400 2332 2502 2387 iste
2541 2332 2630 2400 qui
2671 2332 2854 2400 utitur,
2896 2342 2951 2390 et
2980 2334 3034 2390 id
3079 2350 3185 2405 quo
3214 2337 3399 2403 utitur.

1822 2427 2024 2476 natura:
2052 2421 2307 2491 duplices,
2339 2422 2433 2477 sed
2453 2421 2617 2477 Filius
2635 2423 2933 2491 singularis.

1895 2510 1947 2563 4.
1989 2510 2126 2577 Quid
2154 2525 2455 2566 sermonem
2484 2512 2538 2566 in
2566 2512 2882 2567 calumniam
2910 2515 3109 2571 vocas?
3137 2514 3276 2581 Quid
3313 2530 3398 2573 ml

1827 2600 2055 2657 latenter
2075 2601 2280 2669 sagittis
2301 2603 2477 2658 aureis
2494 2601 2779 2671 jacularis?
2806 2601 2823 2641 ι
2850 2602 2985 2669 Quid
3006 2605 3059 2659 in
3078 2620 3163 2659 me
3183 2605 3398 2675 sagitta!

1306 2705 1845 2768 CASTlGATlONES
1882 2710 1971 2766 ET
2008 2710 2232 2767 ΝΟΤιΕ.

216 2807 246 2836 ⁸
285 2797 473 2854 Afﬁnis
500 2806 581 2854 est
619 2798 705 2853 hic
730 2798 880 2869 locus
907 2796 1114 2869 duobus
1136 2798 1254 2851 aliis
1274 2800 1364 2869 qui
1385 2808 1508 2855 sunt
1536 2801 1590 2855 in
1618 2817 1733 2857 ser-

142 2883 309 2950 mone
330 2869 503 2937 primo
533 2877 587 2923 et
611 2868 838 2950 septimo
855 2909 870 2935 ,
900 2876 991 2922 aut
1014 2868 1250 2937 ipsorum
1278 2868 1456 2939 potius
1481 2872 1730 2942 repetitio

144 2937 394 3009 quaedam
421 2954 485 2992 ac
505 2937 788 3009 expositio.

216 3006 244 3079 β
276 3006 682 3077 Οοιτιιριυέθει
728 3009 904 3072 locus,
946 3022 1071 3079 nam
1100 3007 1421 3065 Manichacus
1448 3026 1548 3079 pro
1590 3009 1731 3065 Mar-

145 3078 287 3132 cello
330 3079 637 3150 suppositus
664 3085 771 3142 est,
802 3078 1058 3150 naturalis
1095 3093 1224 3150 usus
1260 3094 1370 3150 pro
1393 3078 1725 3150 temporali;

148 3162 324 3218 neque
354 3148 494 3218 enim
520 3146 1123 3218 umquamManichzcus
1170 3146 1363 3218 legitur
1387 3149 1459 3202 ita
1498 3146 1728 3206 sensisse

1835 2820 1984 2873 posse
2022 2802 2234 2867 videtur,
2277 2802 2410 2873 quod
2454 2802 2732 2873 vergipellis
2759 2802 3101 2873 hwresiarcha
3132 2801 3399 2861 Nestorius

1833 2870 2020 2940 sciens,
2052 2874 2188 2927 male
2217 2870 2398 2925 audire
2424 2874 2478 2925 in
2505 2870 2742 2925 Ecclesia
2770 2890 2956 2927 nomen
2980 2872 3135 2927 Pauli
3154 2873 3399 2929 Samosa-

1835 2941 2258 3014 teni,atque[ab
2307 2940 2602 3014 orthodoxis
2656 2941 2886 2996 omnibus
2937 2943 3120 3014 procul
3169 2945 3399 3014 explodi,

1834 3011 2093 3084 simulauit
2112 3029 2167 3065 se
2182 3011 2667 3084 eumdeml’aulum
2694 3013 2888 3084 pariter
2912 3011 3173 3084 detestari,
3188 3011 3401 3084 profite-

1831 3083 1973 3153 rique
1997 3079 2267 3153 icwnum
2289 3080 2578 3153 concilium,
2610 3090 2665 3133 ut
2688 3079 2919 3153 comedo
2949 3079 3267 3153 audientium
3283 3079 3402 3136 2mi-

1830 3149 1939 3221 mos
1959 3152 2055 3205 sibi
2085 3152 2402 3206 conciliaret.
2437 3149 2584 3221 Unde
2613 3152 2800 3204 accidit
2826 3161 2885 3221 ut
2910 3153 3018 3221 ipse
3050 3150 3325 3221 Nestorius
3346 3155 3402 3207 in

148 3218 213 3299 de
235 3210 502 3299 'C‘hristo,
534 3210 695 3299 atque
736 3217 823 3299 hic
870 3217 1081 3285 dicitur,
1124 3210 1248 3272 sed'
1264 3216 1465 3299 Christi
1512 3235 1726 3299 carnem
1752 3210 1796 3271 C
1830 3220 2054 3275 Paulum
2078 3223 2177 3275 ista
2205 3221 2420 3291 jactarit
2441 3237 2457 3273 :
2472 3220 2575 3299 _Src
2606 3236 2811 3275 censu
2858 3210 3068 3277 Pa'uws
3088 3220 3401 3279 Suosns-

149 3287 539 3355 phantasticam
567 3287 719 3353 dixit,
751 3295 804 3342 et
823 3303 931 3342 non
963 3303 1145 3342 verum
1172 3289 1569 3343 vestimentum.
1597 3288 1731 3344 Mar-

150 3357 318 3412 cellus
344 3365 521 3411 autem
539 3400 553 3420 ,
578 3366 635 3412 ut
663 3366 744 3412 est
785 3374 815 3411 a
845 3358 1116 3412 veteribus
1144 3358 1431 3427 proditum,
1462 3359 1724 3425 deliravit,

151 3435 475 3497 assumptam
505 3427 667 3483 fuisse
695 3427 760 3481 ad
783 3435 992 3497 tempus
1020 3442 1050 3481 a
1070 3428 1246 3487 Verbo
1276 3430 1560 3484 humanam
1584 3438 1731 3483 natu-

150 3512 294 3568 ram;
345 3496 716 3568 deponendam
746 3496 909 3568 vero,
938 3505 1059 3567 post
1099 3496 1303 3568 factum
1333 3498 1398 3552 de
1425 3499 1729 3554 hominibus

148 3565 429 3632 judicium.
450 3567 538 3622 Sic
564 3582 692 3636 ergo
721 3565 1083 3622 emenda—udus
1098 3567 1246 3622 locus
1271 3586 1283 3620 :
1318 3568 1543 3623 Tametsi
1565 3569 1729 3625 decies

154 3638 340 3689 millies
364 3638 618 3691 irascatur
644 3638 857 3691 audiens
886 3636 1183 3699 Marcellus,
1210 3654 1311 3692 non
1339 3640 1408 3691 ad
1427 3655 1572 3692 usum
1604 3648 1729 3693 tem-

154 3707 382 3778 poralem
423 3710 615 3777 accepit
636 3708 730 3762 hoc
743 3709 1130 3778 Arestimentum,
1155 3707 1245 3760 sed
1272 3710 1325 3761 in
1347 3710 1725 3778 sempiternum,

156 3784 208 3826 ut
223 3776 306 3847 tul
340 3776 571 3832 dextram
594 3794 702 3832 sua:
729 3776 1029 3831 Divinitatis
1062 3780 1251 3847 faceret
1271 3776 1552 3831 considere.

220 3844 626 3917 Emendationis
654 3863 814 3901 causa
842 3844 1120 3916 multiplex
1149 3847 1364 3916 quidem
1394 3856 1504 3913 est,
1537 3854 1590 3902 et
1630 3864 1729 3917 po-

159 3916 415 3970 tissimum
437 3933 502 3971 ex
524 3917 744 3971 historia
769 3917 1003 3987 Marcelli
1023 3917 1216 3987 petita;
1242 3917 1334 3971 sed
1357 3918 1488 3987 haec,
1514 3916 1725 3987 opinor,

158 3987 391 4057 omnium
421 3988 734 4052 certissima,
759 3986 903 4056 quod
924 3985 1363 4057 Chr—ysostomum
1395 3985 1615 4057 (Homil.
1640 3986 1724 4050 ll,

158 4055 207 4107 in
225 4054 501 4123 Joannem,
526 4058 594 4111 ad
619 4058 727 4111 hazc
758 4054 909 4110 verba
940 4075 951 4109 :
985 4054 1055 4109 Et
1083 4054 1330 4109 habitavit
1366 4054 1419 4109 in
1449 4055 1638 4124 nobis),
1670 4064 1730 4110 ut

159 4125 455 4191 soletA'ac
501 4128 661 4181 etiam
692 4127 744 4180 in
789 4126 908 4181 loco
944 4125 1221 4179 Nestorius
1260 4126 1495 4180 imitatus
1522 4126 1608 4179 sit.
1643 4124 1731 4178 Ait

162 4209 279 4266 vero
321 4196 411 4250 ille
444 4215 456 4249 :
493 4195 849 4266 Contemplare
887 4196 1010 4249 mihi
1064 4193 1337 4249 terribilem
1390 4205 1439 4266 et
1485 4211 1731 4266 arcanam

159 4264 289 4335 illius
323 4267 550 4335 mysterii
591 4264 910 4335 dignitatem,
942 4281 1063 4317 nam
1084 4264 1731 4335 perpetuottabernaculum

162 4332 290 4387 istud
310 4332 520 4399 incolit;
542 4332 725 4390 etenim
749 4351 954 4388 carnem
995 4332 1225 4388 nostram
1252 4333 1436 4399 induit,
1468 4350 1570 4386 non
1601 4343 1732 4388 tam-

164 4420 303 4474 quam
340 4406 522 4459 iterum
550 4408 695 4459 illam
734 4405 1083 4467 derelictums,
1108 4404 1199 4457 sed
1235 4412 1291 4474 ut
1326 4420 1495 4474 secum
1533 4420 1731 4474 semper

164 4472 297 4546 illam
318 4475 583 4529 habiturus
606 4492 623 4529 :
646 4477 827 4546 quippe
848 4475 948 4527 nisi
976 4475 1051 4526 ita
1077 4490 1130 4527 se
1150 4489 1229 4525 res
1251 4472 1475 4546 haberet,
1493 4490 1595 4527 non
1615 4472 1729 4526 eam

166 4544 329 4614 utique
371 4546 551 4599 throno
582 4542 741 4615 regia
761 4542 999 4666 dipnatus
1028 4551 1187 4605 esset,
1231 4559 1322 4595 nec
1351 4542 1495 4596 illam
1522 4552 1730 4615 gestans

166 4612 460 4666 adoraretur
486 4615 549 4666 ab
579 4616 715 4666 omni
739 4615 807 4666 mi
831 4615 921 4666 ilia
940 4613 1144 4666 caelesti.
1164 4619 1265 4666 etc.

166 4612 460 4669 adoraretur
486 4615 549 4668 ab
579 4612 715 4668 omni
739 4612 921 4667 militia
940 4613 1144 4677 caelesti,
1164 4619 1265 4667 etc.

232 4694 252 4721 ε
298 4684 444 4738 Idem
478 4684 587 4739 fere
616 4685 839 4738 habetur
873 4684 925 4735 in
961 4682 1227 4751 exscripto
1261 4681 1328 4734 l5
1364 4680 1564 4752 Cyrilli.
1601 4680 1727 4747 Quis

168 4764 289 4805 nunc
317 4752 647 4824 benignitatis
676 4763 777 4807 tam
803 4755 1103 4824 immensum
1129 4753 1347 4821 aspiciat
1372 4753 1605 4824 pelagus,
1634 4770 1730 4824 na-

170 4828 345 4893 turam,
356 4822 469 4877 cum
488 4841 580 4878 suo
608 4824 789 4893 opiﬁce
811 4822 1175 4893 dominantem,
1200 4830 1249 4873 et
1277 4838 1368 4874 con
1367 4822 1602 4893 junctam
1632 4823 1727 4893 ho-

170 4892 282 4945 mini
310 4892 598 4957 Deitatem;
631 4890 759 4946 nihil
797 4894 906 4947 sine
935 4892 1028 4947 hoc
1050 4890 1344 4962 jubentem,
1372 4890 1575 4945 nullum
1612 4892 1730 4946 abs-

169 4976 254 5029 que
272 4964 368 5032 isto
383 4963 721 5032 judicautem,
749 4979 863 5016 cum
898 4979 957 5016 eo
985 4964 1209 5016 vivorum
1236 4977 1409 5013 curam
1447 4962 1503 5013 in
1531 4978 1729 5015 summa

170 5031 475 5103 providentia
497 5042 771 5103 gerentem,
790 5041 837 5085 et
858 5033 1102 5103 cum‘ipso
1124 5040 1349 5103 mortuos
1371 5032 1723 5103 suscitantem.

172 5098 289 5173 §pes
315 5098 635 5173 omnesfltas,
667 5118 781 5173 qua:
821 5098 1052 5173 omnibus
1081 5102 1414 5173 afortissimo
1442 5109 1490 5153 et
1512 5100 1729 5171 benigno

171 5166 381 5291 Dililmino
426 5166 794 5243 gubernantur,
827 5172 1055 5225 haeretici
1103 5166 1399 5235 debilitant,
1431 5179 1581 5241 atque
1608 5166 1730 5226 con-

171 5253 220 5290 re
259 5250 363 5291 unt.

170 5250 363 5293 vellunt.

232 5305 257 5343 ά
282 5309 537 5367 Baronius
565 5309 729 5365 refert
757 5310 855 5365 ista
884 5310 985 5379 (Ad
1013 5325 1137 5362 ann.
1165 5307 1287 5380 428,
1312 5326 1452 5380 num.
1497 5309 1608 5380 52),
1640 5318 1731 5363 aut

171 5385 305 5459 certe
329 5380 630 5459 admodum
654 5380 870 5459 similia,
895 5378 1003 5459 nec
1030 5378 1203 5459 aperit
1240 5378 1383 5432 unde
1430 5378 1728 5459 acceperit;

173 5448 392 5503 ostendit
418 5457 597 5504 tamen
618 5450 717 5505 hac
745 5449 949 5517 adjecta
968 5457 1113 5511 nota,
1133 5456 1252 5512 etc.,
1272 5463 1331 5502 se
1348 5463 1415 5501 ex
1438 5448 1732 5517 prolixiore

173 5528 404 5573 sermone
448 5526 765 5573 mutuatum.
815 5518 949 5573 Cum
976 5531 1104 5585 ergo
1134 5517 1293 5572 vellet
1314 5518 1513 5586 aliquid
1542 5517 1731 5574 aﬂ‘erre

172 5597 269 5702 ἓυο
324 5590 587 5643 sententia
643 5588 893 5650 Socratis,
947 5587 1188 5656 negantis
1252 5587 1559 5642 Nestorium
1610 5604 1731 5643 cum

213 5656 327 5702 auln
372 5658 723 5702 Samnsatpnn
764 5658 1011 5702 sensisse-
1059 5657 1392 5702 alimmtemls
1440 5657 1725 5702 invnrntnr-

177 5656 327 5732 .l’aulo
372 5658 723 5732 §amosateno
764 5658 1012 5732 sensisse,
1059 5657 1728 5732 aliquatenusjuvaretur,

177 5726 239 5781 ita
291 5728 471 5789 scribit
504 5746 515 5785 :
548 5728 629 5786 Ad
674 5729 1051 5785 excusationem
1094 5726 1327 5783 Socratis
1376 5728 1505 5781 illud
1552 5728 1733 5797 aferri

1832 3308 1946 3354 NUS,
1978 3306 2064 3353 QUI
2084 3290 2258 3346 NUDA!
2286 3306 2432 3345 NOBIS
2472 3290 2765 3345 DOMINICAI
2794 3307 3073 3346 DELMV’IT
3103 3307 3404 3348 BUMANITAO

1834 3378 1961 3426 τευ,
1994 3369 2097 3415 etc.
2130 3359 2374 3428 Legerat,
2406 3360 2618 3429 opinor,
2647 3360 2923 3426 Baronius,
2956 3368 3013 3414 ut
3040 3361 3288 3416 evolvere
3314 3377 3403 3417 so-

1831 3430 1973 3485 lebat
2019 3429 2229 3486 codices
2279 3429 2615 3484 bibliotheca:
2642 3430 2932 3493 Vaticante,
2964 3445 3123 3498 quam
3152 3430 3399 3497 curabat,

1831 3500 1982 3554 Marii
2005 3499 2317 3555 Mercatoris
2344 3498 2515 3568 Opera
2544 3499 2894 3567 Heidelberga
2924 3498 3148 3554 Romam
3189 3500 3400 3565 ablata;

1830 3570 1955 3624 hinc
1994 3570 2135 3623 enim
2167 3578 2221 3624 et
2250 3569 2422 3631 nobis,
2454 3577 2508 3623 et
2532 3568 2651 3623 aliis
2677 3569 2994 3631 quibusdam
3030 3570 3403 3625 transmissum

1830 3648 1911 3709 est
1936 3640 2331 3709 apographum;
2362 3637 2457 3693 sed
2485 3638 2656 3709 codex
2676 3637 2764 3694 ille
2792 3637 3065 3694 Palatinus
3094 3646 3173 3695 tot
3198 3639 3404 3695 mendis

1830 3707 2085 3775 fmdaius,
2130 3707 2315 3777 totque
2370 3707 2573 3763 lacunis
2627 3709 2991 3764 interstinctus
3036 3718 3181 3775 erat,
3214 3716 3272 3763 ut
3312 3709 3405 3764 vix

1830 3794 1998 3849 pauca
2027 3794 2143 3849 qua:
2182 3778 2389 3843 retulit,
2428 3793 2494 3832 ex
2521 3793 2770 3833 sermone
2808 3780 2911 3834 isto
2938 3780 3176 3849 potuerit
3221 3778 3403 3849 expri-

1829 3846 2380 3903 niere.—;Garnerius
2395 3849 2742 3903 annotationc
2762 3864 2856 3903 sua
2878 3846 3149 3902 illustrans
3164 3846 3304 3902 hunc
3322 3848 3403 3900 lo-
3472 3850 3487 3855 ’

1829 3934 1972 3981 cum,
1988 3916 2141 3972 affert
2167 3916 2519 3985 fragmentum
2540 3918 2808 3985 quoddam
2828 3932 2895 3971 ex
2923 3916 3214 3985 Annalibus
3240 3918 3404 3985 Baro-

1830 3988 1904 4040 nii
1952 3988 2005 4040 in
2034 4002 2140 4054 quo
2170 3984 2271 4041 ista
2311 3984 2584 4041 Nestorius
2625 3985 2819 4054 legitur
2841 3985 3071 4054 jactasse
3096 3986 3147 4039 in
3180 3984 3404 4039 Paulum

1831 4055 2280 4125 Samosatenum;
2318 4055 2407 4109 Sic
2447 4064 2628 4125 pereat
2658 4054 2855 4125 Paulus
2891 4054 3404 4125 Samosatenuquui

1832 4126 2023 4179 nudam
2063 4125 2209 4179 nobis
2240 4124 2567 4178 Dominicam
2596 4124 2831 4178 deliravit
2850 4124 3238 4178 humanitatem.
3269 4123 3404 4178 lli—nc

1831 4209 1959 4262 ergo
1999 4196 2215 4263 collegit
2241 4193 2530 4248 Garncrius
2558 4195 2728 4248 visum
2757 4208 2873 4248 esse
2902 4193 3134 4263 Baronio
3163 4194 3404 4263 codicem

1832 4262 2157 4319 Mercatoris’
2175 4263 2523 4331 Heidelberga
2552 4263 2770 4317 allatum
2808 4263 2861 4316 in
2890 4262 3269 4317 bibliothecam
3293 4262 3404 4317 Va-

1833 4334 2090 4414 ticanam.‘
2132 4332 2238 4414 Sed
2261 4332 2801 4414 praeterquamuquod
2844 4331 2998 4414 valde
3024 4331 3233 4414 diversa
3265 4339 3405 4414 _s_unt

1833 4349 2082 4388 ucanam.
2132 4349 2238 4388 aea
2261 4349 2617 4456 Emeterquam
2658 4349 2801 4414 quoa
2844 4349 2998 4387 value
3024 4349 3233 4387 inversa
3279 4349 3405 4388 sunt

1833 4405 1994 4457 verba
2015 4403 2181 4458 relata
2204 4418 2233 4457 a
2306 4417 2491 4471 aronio
2521 4404 2587 4457 ab
2616 4402 2718 4456 illis
2745 4417 2863 4471 quae
2878 4400 3183 4457 referuntur
3208 4417 3237 4455 a
3265 4402 3405 4457 Mer-

1833 4480 2034 4538 catore,
2052 4473 2224 4528 codex
2271 4473 2359 4526 ille
2405 4470 2678 4526 Palatinus
2722 4470 2961 4526 nondum
3003 4472 3196 4527 allatus
3228 4472 3407 4527 fuerat

1757 4569 1809 4631 D
1836 4542 2063 4631 “05",?!
2089 4541 2821 4631 Ϊξῖθὲίὲἷ.¹ἶ⁸1τ⁴ὲῖ¹ξὲ;,¹³ἑ¹;¹ἶ²τ

1909 4622 1931 4649 ο
1960 4611 2059 4666 Cui
2088 4628 2196 4667 non
2217 4612 2415 4666 faciant
2452 4610 2629 4666 fucum
2666 4612 2779 4667 hate
2806 4612 3070 4669 catholica
3093 4611 3147 4666 in
3169 4610 3405 4681 speciem

1832 4682 2029 4736 verba?
2056 4681 2319 4737 Fecerunt
2357 4688 2502 4736 certe
2548 4681 2897 4748 auditoribus,
2930 4697 3050 4737 cum
3077 4682 3401 4745 dicerentur,

1831 4752 2277 4821 quemadmodum
2299 4759 2486 4807 auctor
2505 4758 2586 4806 est
2605 4750 2870 4807 Mercator
2893 4769 2906 4804 :
2937 4750 3077 4805 unde
3105 4751 3404 4820 sycophan-

1833 4830 1915 4876 tas
1938 4829 2097 4890 atque
2122 4821 2327 4876 invidos
2348 4827 2609 4875 vocarunt
2636 4821 2726 4890 qui
2746 4821 3045 4890 Nestorium
3068 4825 3401 4890 accusarent,

1831 4899 1884 4945 et
1912 4891 1963 4961 in
1994 4887 2107 4947 lucc
2134 4891 2295 4946 verba
2323 4891 2499 4961 palam
2516 4960 2525 4961 ί
2544 4887 2835 4961 eruperunt
2859 4907 2879 4961 Δε
2912 4887 3046 4961 Ecce
3065 4888 3402 4961 unumdixit,

1866 4960 1953 5044 uid
1976 4962 2125 5043 vultis
2153 4956 2413 5044 amplius?
2431 4959 2565 5015 Vide
2588 4956 2901 5014 blerCatoris
2927 4958 3119 5023 locum,
3151 4958 3240 5012 ubi
3259 4956 3404 5013 fraus

1877 5031 2060 5100 estorii
2088 5031 2363 5100 retegitur.

1904 5099 1925 5137 ί
1959 5095 2237 5170 Objectum
2266 5101 2321 5155 id
2353 5100 2552 5171 Cyrillo
2580 5099 2925 5171 calumniose,
2957 5112 3103 5171 nunc
3126 5095 3340 5165 quidem
3369 5111 3403 5171 a_

1831 5165 2079 5241 Nestori'o
2098 5211 2111 5236 ,
2155 5179 2340 5241 postea
2372 5165 2502 5225 v'ero
2530 5184 2561 5223 a
2607 5168 2843 5241 Nestorii
2873 5166 3225 5241 sequacibus,
3260 5165 3405 5235 quod

1831 5240 2140 5295 muneribus
2156 5237 2283 5295 'rem
2329 5246 2511 5307 ageret
2531 5279 2545 5304 ,
2583 5245 2637 5294 et
2682 5253 2806 5307 suas
2832 5237 2884 5291 in
2911 5244 3093 5307 partes
3120 5237 3404 5307 episcopos

1871 5310 2301 5365 ollicitationibus
2363 5306 2616 5363 traheret.
2684 5306 3016 5369 Orientales,
3068 5321 3161 5361 seu
3224 5306 3406 5374 potius

1880 5380 2180 5434 rientalium
2220 5377 2437 5433 nomine
2465 5376 2834 5432 Theodoretus
2862 5393 2874 5429 :
2908 5375 3119 5446 Scitote,
3152 5375 3288 5446 quod
3329 5376 3405 5446 oi-

1833 5449 2010 5502 dentes
2054 5446 2364 5517 Cyrillianos
2416 5447 2687 5517 tyrannide
2714 5455 2764 5499 et
2803 5444 3100 5517 fraudibus,
3133 5444 3180 5498 et
3221 5444 3406 5498 adula-

1834 5520 1988 5582 tione,
2013 5527 2061 5571 et
2087 5515 2233 5572 donis
2263 5515 2455 5581 omnes,
2479 5526 2534 5570 ut
2560 5518 2635 5570 ita
2656 5515 2841 5581 dicam,
2867 5515 3138 5585 decepisse,
3162 5530 3405 5585 nankrara

1834 5589 2204 5658 pientissimum
2232 5603 2401 5658 regem
2429 5585 2820 5658 obsecrayimus,
2852 5583 3049 5658 etc._'(tt
3076 5600 3205 5658 pre.
3240 5583 3401 5655 Eph.,

1834 5655 2139 5727 subﬁnem).
2164 5656 2231 5710 Et
2248 5655 2411 5727 paulo
2430 5665 2584 5727 post:
2617 5655 2706 5712 Sic
2726 5656 2911 5727 peterit
2931 5655 3210 5727 Egyptius
3232 5669 3404 5727 armies

1834 5723 2107 5782 caracara
2138 5723 2448 5783 muneribus
2461 5724 2586 5793 suis,
2619 5723 2817 5784 etoJEt
2844 5726 2899 5781 in
2926 5723 3152 5797 epistola
3198 5723 3263 5780 ad
3290 5723 3404 5791 Ru-
