3904 6272
139 303 266 360 853

1321 297 1484 354 lMPll
1520 295 1834 354 NESTORII
1869 298 2100 358 SERMO
2135 299 2249 358 XII.

3309 306 3412 361 854

147 429 240 473 tus
273 431 401 474 cura
430 415 573 471 nulla
596 413 865 481 sollicitat,
887 429 987 470 nec
1006 411 1138 468 mihi
1166 411 1232 468 de
1261 426 1327 470 eo
1353 413 1494 468 ullus
1514 418 1598 467 est
1619 426 1734 467 ser-
1764 419 1811 479 Α
1842 415 1981 489 τᾷκον
2001 433 2014 480 ;
2037 417 2140 471 hoc
2160 418 2301 472 enim
2325 416 2606 474 haereticus
2628 431 2735 474 non
2756 418 2958 488 patitur
2976 418 3170 486 dicere,
3194 429 3417 492 propter

143 526 277 575 mo;
309 508 480 563 donec
506 507 671 578 spiro,
696 522 826 561 sano
847 505 1082 575 dogmati
1103 504 1312 560 adsum.

223 602 280 656 6.
315 602 419 658 Sed
447 602 744 670 elegantem
774 608 827 656 et
855 600 1148 670 speciatam
1178 614 1362 654 eorum
1384 597 1621 656 auferam
1643 613 1738 653 oc-

145 697 448 750 casionem.
469 701 492 730 λ
511 691 633 747 Non
655 693 796 759 dicit,
815 693 1076 762 inquiunt,
1107 693 1374 756 Θεοτόκον,
1399 690 1454 745 id
1474 701 1568 758 est,
1595 691 1738 763 geni-

147 793 334 845 tricem
363 788 475 854 Dei,
500 794 553 842 et
583 788 687 843 hoc
705 794 788 842 est
812 794 986 842 totum
1009 785 1155 858 quod
1185 787 1385 841 nostris
1407 785 1651 841 sensibus
1672 784 1740 840 ab

143 883 256 938 illis
294 883 580 954 opponitur
611 899 624 934 :
658 879 825 935 Nemo
855 881 1007 946 enim,
1046 881 1217 945 aiunt,
1250 887 1442 932 rectam
1471 877 1594 949 ﬁdei
1629 876 1743 949 glo-

144 977 287 1031 riam
315 991 547 1047 sequens,
579 991 748 1030 vocem
777 973 906 1028 hanc
937 972 1214 1045 aliquando
1246 970 1544 1026 declinavit.
1577 968 1742 1024 Multa

141 1069 463 1136 dogmatum
493 1067 564 1121 ibi
585 1066 952 1137 experimenta
973 1065 1338 1136 suppeditant,
1359 1063 1592 1118 maxime
1622 1061 1742 1131 qui-

143 1145 293 1221 dem,
325 1174 445 1228 qua:
473 1166 598 1213 sunt
638 1157 960 1228 Apollinaris
990 1165 1149 1211 sectae
1190 1165 1245 1210 et
1276 1155 1412 1219 Arii,
1444 1155 1530 1209 vel
1555 1153 1742 1209 Euno-

141 1249 258 1302 mii.
297 1248 355 1304 Si
384 1250 690 1319 investiges,
722 1247 750 1286 ι)
778 1249 1143 1318 unusquisque
1183 1263 1369 1302 eorum
1399 1247 1659 1312 Θεοτὸκον,
1687 1243 1744 1299 id

141 1349 246 1406 est,
283 1341 381 1395 Dei
408 1341 740 1410 genitricem,
775 1341 1062 1412 appellavit
1086 1340 1363 1410 Virginem
1392 1348 1654 1394 sanctam.

215 1435 270 1488 7.
298 1435 381 1490 Tn
409 1451 539 1490 vero
584 1435 818 1501 intende,
851 1450 1052 1504 quaeso,
1086 1434 1140 1487 in
1169 1435 1283 1489 haec
1321 1449 1440 1502 qua-2
1469 1432 1747 1499 dicuntur,

141 1534 199 1581 ut
223 1538 421 1583 contra
450 1529 564 1584 haec
585 1529 864 1599 ipsamque
887 1530 1048 1583 etiam
1071 1543 1251 1584 escam
1276 1543 1437 1598 quam
1467 1529 1626 1584 hamo
1648 1543 1745 1599 ap.

140 1627 415 1686 ponentes
456 1619 766 1688 loquuntur,
808 1617 1175 1674 defensionem
1212 1620 1606 1689 paratissimam
1646 1619 1741 1676 ha-

138 1711 293 1765 beas.
323 1711 441 1767 Scis
470 1712 573 1767 hoc
593 1712 959 1783 Apollinarem
989 1708 1296 1768 dicentem?
1324 1712 1440 1768 Scis
1467 1714 1606 1768 hanc
1643 1729 1740 1769 vo-

138 1819 283 1870 cem,
318 1804 373 1860 id
408 1813 506 1870 est,
540 1805 794 1869 Θεοτόκον,
829 1804 969 1874 apud
999 1804 1183 1860 Arium
1219 1806 1438 1876 plausus
1475 1806 1742 1862 maximos

137 1895 427 1950 excitare?
453 1895 568 1950 Scis
593 1896 732 1951 hanc
752 1911 967 1966 quoque
988 1896 1129 1967 apud
1149 1895 1470 1952 Eunomium
1490 1881 1741 1968 frequen-

138 1987 283 2040 tari?
317 1985 516 2053 Etiam,
561 1987 756 2056 inquis,
789 1988 885 2044 sed
917 2004 1023 2042 non
1049 1988 1343 2044 secundum
1384 1989 1506 2044 illos
1527 1988 1735 2062 [Balu1.

136 2077 393 2150 Filium],
440 2079 545 2144 ais,
594 2079 734 2134 hanc
778 2094 969 2134 vocem
1010 2081 1249 2136 enuntio.
1308 2079 1493 2136 Laudo
1534 2077 1742 2141 inﬁcias

139 2178 281 2235 tuas,
315 2169 531 2224 interim
557 2184 723 2238 arguo
751 2178 803 2225 te
832 2171 1007 2239 ipsum
1036 2171 1090 2225 in
1118 2187 1184 2226 eo
1213 2171 1358 2240 quod
1387 2170 1523 2226 dicis
1549 2186 1742 2228 vocem

136 2262 283 2320 hanc
313 2262 485 2318 solam
525 2277 642 2318 esse
666 2262 906 2318 veritatis
940 2270 1216 2330 tenacem;
1247 2269 1370 2318 sunt
1399 2264 1541 2318 enim
1573 2270 1628 2319 et
1656 2264 1738 2319 di-

137 2361 334 2411 centes
357 2355 614 2420 Θεοτὸκον,
643 2361 699 2409 et
726 2360 925 2421 tamen,
953 2353 1247 2410 secundum
1271 2363 1417 2410 tuam
1453 2355 1740 2411 confessio-

137 2461 288 2511 nem,
313 2461 410 2501 eos
431 2461 547 2501 esse
569 2445 850 2502 haereticos
879 2453 1109 2502 constat.
1134 2445 1242 2502 Sed
1262 2448 1521 2516 quoniam
1551 2449 1625 2502 illi
1653 2449 1738 2504 di-

136 2542 336 2598 centes
382 2537 659 2601 θεοτὸκον,
708 2535 834 2591 hinc
877 2544 1081 2590 naturae
1128 2537 1409 2607 utriusque
1447 2537 1744 2594 coniiciunt

134 2627 587 2696 permixtionem,
616 2641 711 2681 seu
737 2634 1242 2696 temperamentum,
1267 2635 1327 2682 ut
1345 2642 1465 2697 quae
1494 2637 1618 2684 sunt
1646 2629 1740 2684 hu-

132 2715 293 2772 milia
326 2732 436 2771 non
467 2715 744 2770 videantur
771 2715 838 2770 de
867 2717 1044 2772 carnis
1073 2716 1216 2772 dicta
1257 2732 1378 2772 esse
1417 2718 1734 2784 substantia,

136 2824 244 2866 nec
276 2823 402 2877 quae
431 2808 538 2863 alta
567 2816 691 2863 sunt
717 2808 784 2863 de
815 2809 925 2864 Deo
954 2816 1008 2864 et
1031 2808 1259 2864 Domino
1281 2811 1520 2864 omnium
1541 2811 1739 2866 intelli-

139 2908 347 2970 gantur
373 2916 624 2972 expressa
650 2919 662 2953 :
686 2901 916 2970 ideoque
943 2900 1140 2955 damna
1175 2916 1270 2956 eos
1297 2902 1390 2978 qui
1419 2902 1620 2968 dicunt,
1651 2918 1737 2958 se—

141 2991 384 3047 cundum
420 2991 744 3061 Apollinaris
773 2999 828 3045 et
857 2989 971 3045 Arii
1000 3006 1237 3058 sensum,
1267 2993 1361 3046 Dei
1389 2995 1731 3063 genitricem;

143 3090 199 3136 et
225 3096 334 3150 ego
364 3097 469 3136 una
503 3088 677 3136 tecum
706 3081 880 3138 clamo
907 3083 1162 3149 Θεοτόκον,
1197 3083 1295 3138 sed
1316 3091 1369 3138 et
1390 3088 1629 3143 θεοτὸκον
1657 3088 1736 3143 di—

1843 522 1961 562 eam
1989 507 2305 564 divisionem
2333 524 2450 578 qua:
2471 525 2539 564 ex
2566 509 2906 566 distinctione
2927 510 3064 566 facta
3093 517 3174 566 est
3201 526 3419 583 quoque

1842 599 2146 655 verborum.

1913 691 1966 747 8.
2003 702 2024 729 ε
2060 691 2224 762 Igitur
2251 700 2311 748 ut
2339 709 2526 750 eorum
2554 696 2839 751 conciones
2876 695 3036 751 etiam
3065 697 3337 766 elegantes
3366 707 3424 754 et

1843 782 2110 853 sapidulas
2137 800 2468 854 superemus,
2492 785 2730 841 dicamus
2752 786 3018 855 Θεοτόκονς
3041 787 3243 842 sciebat
3272 804 3423 844 nam.

1844 866 1948 944 que
1969 875 2130 929 etiam
2163 873 2360 932 Paulus
2388 878 2515 931 talia
2544 876 2739 944 facere,
2764 894 2832 934 ne
2851 880 3095 934 scissura:
3117 878 3306 935 ﬂerent
3327 895 3425 952 per

1846 967 2077 1047 aliquam
2107 966 2366 1036 justitiam
2397 969 2722 1038 coloratam,
2753 987 2874 1026 cum
2905 973 3130 1041 gratiam
3162 973 3424 1043 prtedica-

1844 1059 1956 1126 bat,
1997 1059 2233 1128 legisque
2263 1061 2606 1117 inutilitatem
2645 1061 2975 1120 conﬁdenter
3009 1064 3299 1134 arguebat;
3330 1065 3427 1122 sed

1845 1149 2215 1222 Hierosolyma
2241 1153 2462 1207 veniens
2485 1153 2707 1209 docetur
2728 1155 2793 1210 ab
2819 1147 3076 1225 apestolis
3096 1157 3426 1216 condescen-

1845 1244 1974 1300 dere
1996 1244 2193 1300 debere
2224 1245 2420 1300 ibidem
2441 1247 2822 1315 habitantibus,
2850 1257 2909 1304 ut
2936 1265 3045 1304 non
3073 1248 3266 1306 tierent
3297 1251 3430 1308 scis-

1850 1351 1985 1390 surae
2014 1336 2068 1390 in
2093 1335 2350 1404 Ecclesia,
2376 1338 2518 1407 quod
2548 1340 2746 1394 habere
2774 1340 2983 1395 videtur
3010 1342 3245 1411 speciem
3264 1343 3431 1412 pieta-

1851 1429 1938 1507 tis.
1964 1427 2100 1495 Quid
2130 1429 2289 1499 igitur
2318 1429 2477 1485 facit?
2499 1430 2732 1502 Suscipit
2758 1433 2890 1501 legis
2913 1433 3328 1501 observantiam,
3354 1435 3429 1490 ita

1850 1529 1990 1576 utet
2017 1522 2409 1592 puriticaretur,
2449 1511 2505 1579 et
2545 1523 2761 1579 raderet
2797 1533 2973 1595 caput,
3006 1526 3186 1580 omnia
3229 1514 3448 1584 faciens-

1842 1622 2062 1684 propter
2094 1605 2524 1670 “mdiﬁcationem
2563 1615 2848 1680 Ecclesiae,
2895 1600 3040 1686 quod
3085 1625 3272 1686 postea
3324 1601 3452 1675 hoc-

1843 1709 2014 1783 ipsum
2038 1708 2090 1762 in
2112 1706 2472 1763 Ecclesiarnm
2492 1709 2827 1764 institutione
2845 1723 3121 1778 exponens
3145 1717 3305 1778 atque
3333 1709 3430 1766 do-

1845 1799 2019 1854 ctrina
2045 1798 2258 1852 dicebat
2291 1817 2301 1850 :
2333 1797 2528 1852 Factus
2556 1816 2669 1854 sum
2689 1798 2888 1877 Judazis
2914 1807 3172 1870 tamquam
3193 1798 3426 1866 Judazus,

1844 1901 1901 1959 ut
1919 1890 2129 1946 Jndwos
2151 1890 2503 1963 lucrifaciam;
2537 1892 2616 1945 his
2637 1892 2721 1962 qui
2751 1891 2842 1944 sub
2873 1890 2981 1962 lege
3009 1900 3146 1953 sunt,
3173 1899 3432 1963 tamquam

1846 1985 1936 2038 sub
1961 1985 2070 2056 lege
2091 2001 2273 2050 essem,
2307 2002 2420 2039 cum
2441 1985 2547 2060 ipse
2569 2002 2672 2063 non
2696 2001 2856 2063 essent
2885 1983 2978 2038 sub
3002 1986 3130 2056 lege,
3166 1993 3221 2038 ut
3241 2002 3326 2038 eos
3346 1987 3433 2056 qui

1845 2079 1938 2140 sub
1959 2083 2066 2152 lege
2085 2089 2251 2146 erant,
2270 2061 2656 2151 lucrifacerem;
2679 2061 2742 2133 iis
2763 2080 2846 2150 qui
2867 2061 2978 2133 sine
2997 2076 3106 2149 lege
3121 2087 3288 2143 erant,
3309 2087 3434 2134 taut-

1845 2188 2000 2243 quam
2019 2172 2130 2225 sine
2159 2171 2268 2242 lege
2291 2185 2472 2235 essem,
2497 2186 2611 2224 cum
2631 2171 2746 2223 sine
2765 2168 2874 2240 lege
2891 2169 2993 2224 Dei
3015 2185 3117 2224 non
3137 2185 3320 2233 essem,
3342 2167 3434 2222 sed

1845 2265 1898 2318 in
1928 2264 2036 2336 lege
2055 2279 2218 2317 essem
2253 2261 2462 2326 Christi,
2485 2272 2541 2314 ut
2568 2278 2653 2316 eos
2673 2263 2759 2333 qui
2787 2262 2898 2316 sine
2926 2260 3036 2332 lege
3062 2268 3200 2325 sunt,
3225 2259 3391 2314 lucrer
3412 2275 3432 2313 :

1846 2358 2019 2414 omnia
2044 2359 2210 2428 factus
2233 2372 2345 2410 sum
2363 2354 2618 2423 omnibus,
2638 2363 2695 2408 ut
2711 2371 2885 2409 omnes
2907 2355 3233 2425 lucrifaciam
3251 2352 3292 2423 (Ι
3307 2351 3427 2408 Cor.

1847 2465 1924 2514 lx,
1951 2448 2065 2518 20).

1882 2597 1884 2599 .
1919 2539 1972 2595 9.
2003 2540 2060 2596 Si
2088 2540 2250 2608 igitur
2273 2547 2328 2594 et
2367 2545 2426 2592 tu
2463 2554 2572 2593 non
2600 2537 2891 2594 secundum
2926 2537 3251 2610 Apollinaris
3285 2552 3432 2592 mor—

1847 2633 1974 2688 bum
2003 2633 2244 2689 Θεοτὸκον
2271 2631 2512 2699 divulgas
2535 2629 2779 2695 Mariam,
2807 2630 3141 2701 abscondens
3161 2631 3215 2684 in
3242 2645 3429 2700 perso—

1846 2740 1915 2780 na
1935 2725 2200 2788 catholica
2220 2724 2426 2778 rabiem
2439 2722 2783 2793 Apollinaris,
2798 2721 3055 2778 conﬁtere
3075 2739 3288 2778 mecum
3309 2737 3430 2791 quas

1842 2814 1983 2884 apud
2012 2829 2199 2870 omnes
2225 2813 2522 2869 catholicos
2550 2812 2831 2877 dicuntur;
2863 2809 2891 2850 ἀ
2913 2812 3020 2868 hoc
3037 2820 3213 2868 autem
3240 2812 3429 2868 catho-

1841 2907 2068 2962 licorum
2096 2912 2178 2960 est
2205 2905 2482 2974 proprium
2511 2918 2698 2958 eorum
2726 2902 2819 2972 qui
2847 2903 2988 2957 hanc
3017 2917 3222 2969 vocem,
3246 2901 3300 2956 id
3323 2907 3425 2968 est,

1841 3000 2079 3056 Θιοτὸκον
2106 2997 2378 3061 emittunt,
2411 3002 2472 3050 ut
2511 3003 2568 3051 et
2597 2994 2992 3069 ἂνθρωποτὸκον,
3032 2993 3084 3048 id
3114 3001 3213 3059 est,
3245 2992 3422 3048 homi-

1842 3091 1926 3145 nis
1952 3089 2270 3158 genitricem
2294 3086 2650 3157 pronuntient
2671 3084 2944 3153 Virginem
2973 3092 3232 3142 sanctam.

148 3189 232 3240 co,
278 3181 337 3230 et
375 3173 514 3230 addo
550 3173 784 3229 hominis
820 3174 1154 3242 genitricem,
1187 3175 1292 3232 hoc
1328 3187 1428 3242 est,
1475 3181 1737 3256 ἀνθρωπο-
1764 3175 1810 3239 C
1884 3182 1999 3251 _lO.
2032 3179 2280 3236 Gcnilrix
2306 3179 2402 3236 Dei
2430 3186 2532 3246 est,
2556 3194 2665 3234 non
2691 3185 2912 3248 propter
2950 3177 3156 3233 nudam
3175 3176 3425 3231 humani--

1316 3288 1859 3352 CASTIGATIONES
1898 3295 1984 3350 ET
2022 3290 2253 3348 NOTE.

153 3380 473 3451 positurum,
501 3379 546 3434 si
581 3395 646 3434 ea
670 3380 882 3451 ratione
910 3380 1116 3435 consuli
1147 3381 1315 3450 possit
1343 3379 1740 3438 conﬁrmationi

154 3449 274 3522 tidei
299 3451 632 3522 orthodoxae.
666 3449 852 3522 Exstat
882 3451 942 3504 in,
975 3449 1232 3522 synodico
1256 3451 1509 3506 adversus
1537 3461 1738 3522 tragte—

157 3521 291 3575 diam
322 3521 510 3575 lrenmi
538 3537 655 3576 can.
683 3520 768 3574 16.
799 3521 996 3576 Bawz.

223 3601 248 3629 ι
277 3591 524 3661 Respicit
548 3589 619 3646 ad
649 3607 713 3645 ea
746 3592 910 3661 verba
941 3590 1183 3661 epistolae
1204 3589 1426 3648 Joannis
1452 3593 1740 3650 Antioche-

157 3659 208 3721 ni
236 3662 278 3732 (ι
310 3679 366 3732 p.
397 3659 450 3714 c.
475 3660 634 3732 Eph.,
659 3679 773 3730 cap.
807 3660 894 3725 25,
924 3659 1063 3716 num.
1092 3659 1169 3732 4),
1201 3661 1373 3730 ipsum
1402 3664 1742 3721 admonentis

161 3732 222 3787 de
240 3731 498 3788 Sedandis
515 3731 768 3788 Ecclesiae
788 3732 1020 3787 motibus
1035 3731 1244 3801 publica
1266 3733 1605 3789 confessione
1625 3744 1740 3791 9co-

161 3801 295 3875 εόκον
320 3821 338 3875 _:
356 3804 498 3873 .Age,
525 3805 598 3857 rei
629 3819 784 3874 quam
812 3812 945 3855 recte
968 3813 1107 3856 tenes
1139 3818 1323 3857 nomen
1345 3806 1488 3875 quod
1505 3821 1536 3858 a
1566 3806 1740 3860 multis

164 3871 410 3928 Patribus
423 3871 750 3944 usurpatum,
769 3875 1016 3943 scriptum
1037 3890 1097 3926 ac
1120 3871 1508 3941 pronuntiatum
1527 3886 1622 3940 est,
1644 3876 1743 3928 ad-

166 3944 369 4013 iungere
408 3959 472 3996 ne
512 3945 783 4016 graveris;
806 3960 965 4016 neque
999 3944 1296 4016 vocabulum-
1330 3945 1464 4015 quod
1493 3948 1634 4016 piam
1663 3962 1743 3999 re-

166 4023 392 4084 ctumque
423 4017 680 4074 notionem
700 4015 858 4072 animi
879 4014 1119 4085 exprimit
1157 4016 1384 4082 refutare
1421 4014 1633 4085 pergas;
1663 4025 1742 4067 et-

168 4085 295 4158 enim
323 4100 512 4158 nomen
545 4085 637 4138 hoc
674 4085 932 4158 amem,
965 4084 1134 4158 nullus
1168 4100 1406 4158 umquam
1435 4084 1746 4158 ecclesiasti—

171 4150 334 4208 corum
366 4155 634 4209 doctorum
660 4155 962 4224 repudiavit.
999 4150 1099 4217 Qui
1126 4150 1379 4224 enim'illo
1408 4157 1488 4208 usi
1516 4164 1653 4216 sunt,
1693 4162 1758 4207 et-

171 4224 308 4278 multi
337 4226 679 4294 reperiuntur,
709 4222 757 4278 et
796 4225 1028 4294 apprime
1055 4222 1306 4295 celebres;
1345 4227 1430 4295 qui
1468 4239 1583 4277 vero
1612 4223 1744 4278 illud

173 4309 270 4365 non
289 4304 625 4364 usurparunt,
652 4310 929 4365 numquam
956 4295 1146 4347 erroris
1172 4294 1391 4365 alicujus
1411 4310 1496 4348 eos
1529 4295 1743 4347 insimu-

175 4362 358 4435 larunt,
389 4362 476 4435 qui
498 4365 588 4419 illo
618 4366 696 4420 usi
724 4362 860 4418 sunt.
889 4363 1032 4417 Sane
1059 4365 1178 4417 dum
1200 4362 1578 4435 supervacanea
1605 4380 1745 4434 qua:-

176 4431 288 4486 dam
315 4435 384 4488 ad
403 4431 576 4489 'vanas
602 4435 958 4489 haereticorum
986 4431 1446 4502 opiniones'solum
1483 4431 1746 4503 spectante

178 4505 465 4557 curiositate
489 4505 707 4569 incitati,
731 4520 918 4558 nomen
940 4505 1086 4574 cujus
1118 4507 1423 4560 sententiam
1446 4513 1579 4558 recte
1607 4515 1746 4558 tene-

179 4588 281 4647 mus
304 4576 635 4644 pertinaciter
655 4576 958 4647 respuimus,
982 4574 1124 4627 aliud
1157 4574 1308 4640 nihil,
1343 4585 1400 4630 ut
1425 4575 1639 4647 videtur,
1666 4576 1746 4647 fa-

183 4643 351 4708 cimus,
383 4661 538 4715 quam
559 4645 701 4716 quod
731 4646 952 4716 fratrum
975 4653 1272 4716 nostrorum
1302 4643 1674 4716 conscientias,
1698 4652 1757 4698 et-

185 4721 354 4768 temere
368 4714 404 4786 ,ξ
424 4724 473 4768 et
514 4714 700 4786 absque
732 4714 850 4767 ulla
888 4715 1108 4786 utilitate
1147 4716 1370 4786 graviter
1406 4715 1596 4784 offendi
1644 4731 1747 4769 non

186 4798 324 4855 grave
363 4784 626 4839 ducimus.‘
649 4784 855 4838 Etenim
891 4785 936 4837 si
973 4784 1028 4837 id
1065 4785 1199 4855 quod
1230 4787 1452 4840 nominis
1484 4787 1751 4855 signiﬁca-

187 4853 310 4908 tione
336 4855 570 4924 offertur,
601 4872 702 4910 non
733 4855 1020 4926 recipimus,
1051 4853 1208 4908 restat
1236 4865 1291 4908 ut
1316 4856 1370 4908 in
1397 4853 1751 4926 gravissimum

187 4937 400 4995 errorem
440 4926 797 4995 prolabamur;
829 4925 984 4979 immo
1015 4941 1130 4978 vero
1159 4934 1214 4977 ut
1251 4925 1664 4995 inexplicabilem
1687 4925 1752 4978 il—

190 4991 544 5065 lamrunige'niti
565 4994 692 5048 Filii
718 4994 812 5048 Dei
835 4996 1170 5049 oeconomiam
1185 4991 1509 5065 abnegemus,
1522 4995 1756 5065 quando-

191 5064 611 5131 quidem'nomine
638 5067 732 5120 hoc
773 5065 994 5128 sublato,
1026 5065 1102 5119 vel
1130 5065 1282 5135 hujus
1320 5064 1493 5134 potius
1533 5064 1756 5135 nominis

193 5136 386 5206 notione
408 5136 695 5206 repudiata,
727 5137 954 5206 sequitur
980 5151 1102 5189 mox
1127 5134 1274 5188 illum
1297 5151 1402 5189 non
1430 5153 1537 5189 esse
1566 5134 1752 5206 Deum,

194 5204 269 5271 qui
307 5205 661 5258 admirabilem
700 5204 846 5260 illam
885 5205 1534 5274 dispensationem-nostrae
1573 5204 1759 5258 salutis

197 5287 341 5327 causa
365 5278 619 5346 suscepit;
647 5284 752 5328 tum
772 5274 870 5329 Dei
906 5274 1154 5347 Verbum,
1176 5292 1336 5347 neque
1372 5293 1426 5330 se
1454 5277 1759 5347 exinanivis-

198 5356 263 5405 se,
293 5360 448 5416 neque
482 5345 537 5416 in
575 5347 706 5399 servi
734 5347 956 5416 formam
992 5362 1099 5399 sese
1121 5345 1416 5410 demittens,
1445 5345 1762 5416 ine/fabilem.

261 5414 460 5536 znzdom
501 5414 828 5486 benignitatis
874 5416 1282 5486 magnitudinem
1326 5416 1548 5470 humano
1585 5415 1760 5486 generi

293 5499 308 5534 ι
340 5502 492 5536 uisse.
1365 5521 1372 5530 ς

203 5495 492 5540 attinuisse.
1365 5521 1372 5530 ι

268 5551 291 5588 δ
321 5552 491 5611 Locus
529 5555 705 5628 affinis
731 5548 959 5612 refertur
988 5573 1018 5610 a
1042 5554 1240 5628 Cyrillo
1275 5572 1341 5610 ex
1371 5555 1600 5628 Nestor-ii
1647 5564 1757 5628 tra-

206 5627 584 5700 ctatupsecundo
606 5627 658 5682 in
680 5626 946 5683 Procltnn.
967 5628 1055 5682 Sic
1075 5626 1252 5700 autem
1274 5642 1331 5680 se
1354 5628 1512 5682 habet
1531 5645 1547 5700 A:
1575 5626 1634 5681 Si
1655 5627 1759 5700 ﬁde

209 5695 412 5772 simplici
447 5695 1033 5772 Deiparamiproferres,
1074 5697 1218 5772 nulla
1245 5707 1374 5750 esset
1401 5698 1655 5772 apud‘me
1677 5697 1759 5772 di-_

209 5766 599 5834 ctionisinvidia,
614 5766 970 5824 verbi‘sen’sum
984 5771 1354 5840 exquirentem;
1371 5766 1460 5824 sed
1480 5769 1597 5840 quia
1611 5767 1753 5822 video

1775 4618 1824 4678 D

1843 3393 1908 3449 te,
1934 3392 2183 3455 prwtextu
2199 3397 2328 3455 ergo
2349 3381 2549 3455 beatam
2571 3378 3045 3455 Mariam/tonans
3071 3379 3424 3455 haereticorum

1842 3447 2154 3524 confirmare
2191 3447 2744 3524 bldsphemiam,_ideo
2787 3448 3028 3524 dictionis
3075 3449 3419 3524 prolationem

1841 3517 1990 3587 caute
2014 3517 2320 3595 praemunio,
2358 3537 2473 3574 cum
2502 3519 2785 3591 periculum
2809 3519 2866 3571 in
2900 3517 3124 3572 dictione
3147 3517 3314 3572 latens
3335 3535 3423 3572 su—

1840 3592 2068 3666 spectum
2096 3592 2328 3666 habeam.

1913 3663 1980 3718 Id
2016 3672 2074 3717 ut
2101 3663 2292 3717 clarius
2327 3662 2516 3725 dicam,
2546 3668 2595 3713 et
2623 3658 2686 3713 ab
2715 3657 2950 3714 omnibus
2982 3660 3177 3728 percipi
3215 3659 3420 3729 facilius

1841 3737 2023 3806 possit,
2047 3734 2132 3805 qui
2167 3733 2346 3806 Arium
2372 3732 2558 3806 sectati
2573 3739 2708 3795 sunt,
2730 3739 2806 3806 “et
2823 3729 3156 3806 Eunomium,
3185 3738 3234 3782 et
3259 3729 3420 3806 Apol-

1844 3799 2106 3868 linarium,
2131 3810 2180 3856 et
2208 3804 2440 3856 omnium
2466 3800 2759 3871 hujusmodi
2781 3800 3000 3871 familia!
3020 3799 3282 3871 hominum
3296 3799 3427 3871 cho-

1845 3878 1910 3941 ri,
1953 3875 2257 3928 studuerunt
2292 3871 2393 3926 Dei
2433 3867 2694 3941 genitricis
2734 3867 3130 3941 appellationem
3169 3867 3423 3941 invehere,

1845 3937 1906 3998 ut
1932 3944 2388 4016 factaimiwtione,
2422 3937 2714 4016 duabusque
2746 3937 2950 4016 naturis
2991 3939 3200 4016 minime
3240 3937 3427 4016 distin-

1850 4004 1963 4076 ctis,
1990 4013 2120 4066 nihil
2150 4028 2214 4064 ea:
2242 4013 2322 4064 his
2342 4027 2457 4081 qua:
2477 4004 2659 4081 viliora
2675 4016 2795 4081 sunt
2817 4007 2880 4061 de
2898 4008 3216 4081 humanitate
3229 4004 3429 4081 dictum

1850 4085 2183 4153 acciperetur,
2211 4097 2272 4132 ac
2302 4075 2441 4133 locus
2461 4079 2566 4133 illis
2581 4079 2696 4153 jam
2716 4077 2958 4153 adversus
2984 4077 3151 4153 ipsam
3171 4075 3430 4128 Ditinita-

1853 4147 2193 4222 tem'pateret,
2226 4159 2484 4222 tamquam
2513 4147 2698 4222 omnia
2823 4163 2926 4222 uno
2971 4147 3276 4205 dicerentur,
3324 4161 3428 4222 non

1851 4217 2052 4278 ratione
2093 4217 2361 4291 dignitatis
2405 4237 2470 4273 ex
2505 4220 2620 4289 ipsa
2657 4218 3018 4288 conjunctione
3055 4217 3429 4291 consequentis,

1851 4294 1941 4348 sed
1967 4283 2358 4363 ipsiusjatione
2386 4283 2629 4363 natura:
2662 4283 2797 4363 unus
2823 4296 2898 4340 est
2926 4302 3145 4363 namque
3173 4283 3430 4363 Christus,

1852 4373 1902 4418 et
1944 4356 2076 4416 unus
2123 4359 2408 4423 Dominus;
2446 4358 2538 4412 sed
2579 4361 2635 4412 in
2676 4357 2900 4419 Christo,
2944 4357 2999 4409 in
3035 4356 3320 4425 unigenito,
3343 4357 3431 4408 in-

1852 4451 2022 4506 quam,
2043 4430 2204 4506 Filio,
2231 4439 2280 4506 et
2301 4427 2493 4506 Christi
2516 4445 2722 4492 nomen,
2739 4435 2788 4506 et
2816 4425 2963 4506 ilii,
2987 4423 3431 4506 nuncfdenDivini-

1856 4493 1976 4569 late,
1999 4493 2134 4556 nunc
2156 4493 2220 4556 de
2238 4501 2575 4563 humanitate,
2597 4514 2732 4552 nunc
2753 4497 2817 4550 de
2845 4497 3164 4552 humani-tate
3183 4493 3434 4548 Divinita-

1885 4579 1947 4628 ue
1975 4573 2179 4626 dicitur.

1851 4593 1948 4682 qui
2203 4639 2387 4703 credo,
2411 4639 2523 4694 vult
2549 4652 2740 4709 parere
2761 4636 2978 4709 monitis
3000 4633 3223 4709 1Ioannis
3245 4633 3436 4687 Antio-

1850 4714 2028 4783 ebeni,
2049 4711 2321 4783 suadentis
2349 4704 2614 4783 publicam
2631 4705 2876 4764 θεοτὸκον
2889 4704 3437 4783 confessionenl,_pm-

1853 4771 2194 4855 pesitumque
2219 4780 2320 4836 sibi
2351 4771 2421 4855 ab
2438 4781 2617 4855 amico
2655 4776 2953 4855 communis
2983 4773 3224 4855 magistri
3251 4771 3432 4855 Inep-

1854 4844 1970 4910 dori
2009 4844 2390 4921 Mopsuesteni,
2423 4849 2623 4904 dictum
2653 4846 2812 4921 aliine
2851 4844 3030 4921 palam
3069 4844 3434 4921 retracta-mis,

1856 4911 2160 4992 exemplum
2188 4920 2340 4990 sequi
2357 4911 2582 4986 ;'verum
2604 4917 2671 4992 ad
2691 4911 3022 4992 elevandum
3038 4911 3434 4992 retractationis

1856 4979 2130 5057 ruborem,
2162 4979 2415 5048 causatur
2443 4987 2747 5056 exemplum
2775 4986 2931 5050 longe
2971 4982 3244 5057 illustrius,
3283 4979 3438 5057 Pauli

1861 5047 2390 5132 nimirum'apostoli,
2414 5047 2635 5128 propter
2665 5047 2946 5125 οὶκονομῖαν
2986 5052 3122 5108 ritus
3149 5051 3310 5106 etiam
3337 5047 3434 5104 Ju-

1857 5135 2039 5190 daicos
2073 5130 2396 5201 usurpantis.
2470 5197 2557 5202 μη
2620 5195 2631 5202 _
2698 5194 2742 5202 __
2814 5201 2818 5202 ί
2895 5193 2908 5202 _
3050 5191 3064 5202 _
3112 5190 3146 5202 ,,
3211 5191 3222 5201 ,

1929 5189 1964 5241 δν
1986 5203 2178 5257 Multas
2205 5189 2379 5256 'voces
2419 5195 2661 5252 adhibuit
2698 5193 2976 5249 Nestorius
3003 5191 3068 5246 ad
3097 5189 3438 5246 dissimulan-

1859 5275 1988 5352 dam.
2011 5272 2254 5327 hmresim
2288 5282 2417 5352 quae
2439 5267 2503 5352 lin
2536 5265 2811 5321 catholicis
2829 5259 3439 5352 tolerantur-,thgafa-

1859 5328 2059 5400 tholico
2087 5357 2248 5397 sensu
2274 5328 2553 5412 dicuntur;
2584 5350 2693 5390 non
2726 5341 2851 5412 sunt
2878 5332 3121 5412 toleratae
3158 5331 3213 5385 in
3243 5328 3439 5412 gesto:

1859 5398 1960 5478 rio,
1985 5398 2111 5482 quia
2129 5409 2383 5466 lneretico
2403 5398 2560 5482 sensu
2580 5406 3001 5482 usurpabantur;
3029 5398 3293 5482 ejusmpdi
3315 5404 3440 5454 sunt

1861 5470 2235 5563 Xpiaior¢i_no;,_
2269 5477 2660 5563 ἀώρωποξὸκος,
2708 5470 2984 5563 ξιυναφιία,
3035 5470 3440 5563 ἀναλήψξς,-ξςιι

1865 5549 2178 5618 assumptio,
2209 5549 2386 5624 ἕνωσές
2427 5555 2520 5624 coit
2559 5550 2864 5624 πρρσώῃςου,
2891 5558 2998 5624 una
3029 5557 3286 5624 persona,
3305 5549 3436 5622 (διε.ζ

1862 5627 1929 5681 de
1957 5612 2402 5692 quibus'ahunde
2441 5612 2620 5687 agitur
2642 5618 2698 5671 in
2724 5614 3102 5673 dissertatione
3144 5613 3212 5668 de
3248 5612 3440 5668 haeresi

1862 5693 2195 5752 Nestor-iam.
3069 5712 3071 5714 ·
