3960 6272
416 250 524 311 8’55

930 243 1123 303 MAR"
1158 239 1595 301 MERCATORIS
1631 235 2199 297 TRANSLATIONES
2241 232 2606 296 VARIORUM
2643 232 3154 297 OPUSCULORUM

3576 238 3687 297 856

412 368 525 417 tate
552 359 917 425 Divinitatem,
940 355 1035 414 sed
1062 366 1088 393 ι
1116 360 1338 425 propter
1364 351 1571 406 unitum
1592 348 1792 419 templo
1820 348 1988 402 Deum
2012 351 2066 411 Α
2161 345 2248 402 15.
2290 344 2430 413 Quid
2478 345 2658 417 arguis
2702 361 2827 401 eum
2869 352 3143 416 tamquam
3183 324 3335 423 Pauli
3376 347 3686 405 doctrinam

412 452 651 507 Verbum
678 470 691 505 :
723 448 956 506 hominis
983 462 1112 503 vero
1137 443 1385 514 genitrix,
1417 440 1470 495 id
1492 447 1593 505 est,
1615 438 1993 513 ἆνθρωποτόκος

413 550 638 615 propter
657 542 916 612 templum
937 538 1081 611 quod
1105 531 1559 592 consubstantiale
1578 538 1662 586 est
1681 530 1995 585 naturaliter

414 633 623 702 Virgini
658 638 877 699 sanctae,
902 629 931 669 1³
963 640 1286 700 quamquam
1315 631 1369 680 et
1405 622 1760 699 Χριστοτόκον,
1797 618 1851 676 id
1887 626 1991 683 est.

413 721 612 779 Christi
655 722 968 792 genitricem
1001 718 1197 781 dicere,
1222 715 1356 770 nihil
1382 713 1526 768 aliud
1563 713 1633 767 sit
1658 726 1821 783 quam
1845 724 1994 766 com-

414 830 634 871 munem
660 812 962 869 Divinitatis
999 817 1054 865 et
1085 806 1431 864 humanitatis
1462 819 1578 859 rem
1618 801 1881 858 conﬁteri.
1926 799 1996 856 Et

418 916 442 945 ⁸
474 906 577 961 hoc
618 904 817 959 Paulus
855 902 1030 966 docet,
1069 899 1162 970 qui
1194 896 1262 952 de
1295 912 1401 951 una
1438 894 1735 964 eademque
1762 906 1994 962 persona

418 998 657 1055 clamans
684 1016 697 1052 :
720 996 888 1060 Jesus,
913 992 1105 1065 inquit,
1135 991 1243 1045 heri
1264 998 1312 1045 et
1330 988 1501 1057 hodie,
1532 987 1669 1043 idem
1693 986 1801 1060 ipse
1821 986 1876 1041 in
1894 999 1996 1041 tte-

413 1088 530 1141 cula
561 1085 716 1157 (Heb.
751 1100 862 1149 xm,
894 1082 972 1153 8).

452 1176 570 1230 'll.
602 1176 790 1232 Soluta
832 1174 901 1229 sit
940 1171 1154 1227 interim
1202 1169 1317 1226 haec
1355 1168 1434 1225 eis
1461 1174 1517 1224 et
1554 1167 1735 1224 ablata
1770 1168 1997 1224 rationis

412 1270 647 1339 speciem
669 1268 873 1322 habens
904 1262 1136 1329 occasio,
1169 1258 1430 1316 confitere
1469 1267 1777 1329 utrumque,
1810 1257 1998 1329 appel-

412 1359 530 1415 lans
562 1365 800 1413 sanctam
827 1355 1101 1424 Virginem
1132 1351 1375 1409 Θιοτόκον
1409 1349 1611 1421 pariter
1644 1356 1699 1404 et
1735 1350 1997 1426 ἄνθρωπο-

413 1450 555 1506 τόκον
586 1467 598 1503 :
631 1456 691 1503 tu
713 1462 843 1504 vero
872 1446 983 1503 noli
1008 1460 1129 1501 eam
1150 1442 1389 1502 Θεοτὸκον
1412 1440 1783 1497 tantummodo
1806 1439 1995 1512 appel-

414 1539 529 1594 lare
564 1537 770 1612 [Baluz.
821 1536 944 1590 add.
976 1534 1092 1591 Hoc
1111 1533 1255 1589 enim
1282 1526 1993 1603 Apollinarisﬂvociferatur],

413 1630 518 1687 hoc
542 1630 685 1686 enim
713 1628 872 1683 Arius
897 1626 1152 1698 praedicat
1179 1640 1242 1680 ac
1267 1631 1592 1690 veneratur;
1623 1622 1720 1680 sed
1747 1621 1885 1678 adde
1901 1635 2000 1677 vo-

2094 445 2442 504 asserentem,
2472 437 2565 508 qui
2592 450 2714 507 quae
2752 444 2878 493 sunt
2915 435 3069 492 Pauli
3104 436 3398 492 subvertit?
3438 436 3568 504 Quis
3593 447 3711 494 est'

2092 528 2181 585 hic
2204 530 2293 599 qui
2320 527 2469 585 Pauli
2498 529 2689 586 asserit
2715 530 2966 585 sensum?
2987 527 3091 595 Qui
3110 529 3239 584 dicit
3258 530 3520 585 Deitatem
3541 547 3681 587 con-

2094 622 2445 693 temporalem
2492 622 2739 693 corpori?
2782 637 2850 677 an
2877 621 2971 692 qui
3015 621 3146 677 dicit
3190 621 3415 678 Deitatis
3442 624 3497 678 in
3535 622 3679 680 Filio

2095 713 2384 769 essentiam
2411 722 2537 770 ante
2562 714 2757 769 saecula
2791 714 3026 784 genitam
3054 728 3174 770 esse
3200 713 3269 770 de
3296 713 3496 771 Patre?

2166 804 2251 859 ll.
2294 804 2363 860 Et
2391 806 2505 863 haec
2530 804 2745 877 quidem
2773 805 3005 876 pessima
3038 803 3381 861 Samosateni
3408 805 3559 863 Pauli
3593 816 3683 865 est

2094 907 2275 964 secta;
2306 896 2521 955 Photini
2550 912 2683 954 vero
2710 896 2778 952 ad
2804 897 2945 953 hanc
2961 898 3235 965 distantia,
3260 913 3369 953 non
3397 899 3522 969 quia
3551 900 3683 957 Deia

2094 996 2265 1045 tatem
2282 988 2420 1045 Filio
2448 989 2596 1056 dicit,
2627 988 2722 1045 sed
2750 988 2875 1060 quia
2896 988 3025 1045 dicit
3049 988 3284 1045 Verbum
3314 989 3458 1045 aliud
3481 997 3683 1061 praeter

2095 1096 2258 1151 quam
2284 1079 2429 1153 quod
2455 1049 2657 1137 ultimis
2685 1049 3015 1153 temporibus
3043 1080 3211 1148 venit,
3242 1080 3366 1152 quia
3392 1049 3523 1138 dicit
3547 1082 3683 1140 Ver-

2093 1170 2221 1228 bum
2246 1180 2440 1243 praeter
2466 1172 2749 1245 templum.

2165 1261 2255 1317 15.
2293 1262 2519 1335 Oportet
2537 1271 2718 1319 autem
2745 1263 3079 1320 manifestius
3118 1263 3298 1321 dicere
3330 1273 3389 1321 ut
3425 1266 3685 1337 liquidius

2095 1360 2153 1409 et
2201 1354 2441 1425 apertius
2501 1354 2917 1425 uniuscujusque
2958 1354 3206 1410 morbum
3254 1364 3414 1412 secta:
3461 1358 3686 1427 possitis

2096 1456 2408 1514 agnoscere.
2441 1444 2509 1499 Et
2536 1443 2735 1501 Paulus
2772 1452 2827 1500 et
2854 1443 3115 1501 Photinus
3149 1447 3288 1502 hanc
3316 1447 3456 1504 inter
3480 1462 3540 1503 se
3578 1446 3689 1502 (ιιι.

2096 1535 2377 1593 ferentiam
2405 1538 2605 1594 habent
2635 1556 2648 1591 :
2680 1553 2818 1593 unus
2844 1553 3031 1594 eorum
3059 1536 3330 1594 Christum
3369 1540 3544 1596 solum
3582 1541 3689 1596 ho-

2098 1628 2297 1684 minem
2319 1628 2466 1695 dicit,
2515 1628 2653 1684 alter
2678 1643 2807 1684 vero
2844 1628 2977 1683 dicit
2999 1627 3215 1699 quidem
3256 1628 3521 1695 Verbum;
3570 1646 3687 1685 non

415 1724 533 1778 cem
559 1720 761 1791 pariter
788 1718 1199 1781 catholicorum,
1225 1729 1343 1786 quae
1366 1721 1420 1770 et
1448 1712 1724 1784 genitricis
1753 1712 1850 1767 Dei
1869 1728 2003 1784 prae-
2028 1718 2079 1781 Β
2103 1727 2284 1776 autem
2317 1720 2424 1775 hoc
2461 1718 2750 1775 confitetur
2779 1733 2898 1775 esse
2936 1718 3123 1783 Deum,
3167 1719 3260 1774 sed
3289 1719 3420 1775 dicit
3446 1720 3690 1777 Verbum

415 1813 622 1870 muniat
650 1812 1001 1867 intellectum.
1032 1808 1274 1869 Θιοτόκος
1296 1806 1459 1876 Virgo
1483 1804 1998 1871 sancta,secundum

415 1908 698 1969 unitatem,
744 1903 1135 1980 Mpmaoréxog,
1174 1900 1227 1956 id
1254 1906 1358 1965 est,
1388 1899 1622 1955 hominis
1647 1898 1882 1967 genitrix
1908 1911 1997 1953 se-

415 1997 650 2055 cundum
688 2010 874 2067 parem
912 2001 1177 2049 naturam.
1227 1992 1319 2048 Sic
1363 1999 1419 2047 et
1463 2005 1584 2061 qua:
1630 1989 1999 2061 apostolorum

417 2097 544 2145 sunt
578 2085 927 2158 praedicabis;
965 2099 1085 2154 qua:
1121 2083 1496 2139 haereticorum
1532 2081 1825 2151 prudenter
1861 2078 1997 2135 effu-

418 2182 552 2250 gies,
588 2187 643 2234 et
667 2177 900 2232 maxime
925 2191 1045 2246 quae
1088 2183 1212 2231 sunt
1239 2173 1579 2230 Samosateni
1617 2173 1790 2239 Pauli,
1838 2178 2002 2241 atque

419 2268 654 2335 Photini,
685 2283 803 2337 qua:
831 2274 886 2323 te
910 2266 1050 2322 scire
1073 2264 1402 2335 confingens,
1426 2280 1649 2334 prorsus
1673 2264 1905 2333 ignoras.

492 2359 579 2413 12.
602 2359 735 2414 Nam
763 2356 961 2413 Paulus
983 2364 1145 2427 atquc
1174 2354 1438 2411 Photinus
1459 2355 1709 2410 nesciunt
1730 2352 1849 2409 Filii
1873 2352 1998 2408 Dei-

421 2457 587 2505 tatem
621 2450 877 2520 (vestram
899 2457 1081 2505 autem
1106 2447 1425 2503 charitatem
1453 2454 1669 2518 oportet
1688 2446 1801 2502 htec
1822 2460 1998 2512 nosse,

420 2551 480 2598 ut
506 2542 574 2598 ab
595 2542 678 2598 his
706 2557 824 2614 quae
849 2557 881 2597 a
907 2540 1175 2612 praedictis
1220 2540 1469 2596 dicuntur
1496 2539 1719 2595 minime
1748 2537 2003 2610 rapiami-

421 2634 498 2705 ni)
529 2652 543 2701 ;
577 2633 775 2690 Paulus
816 2649 881 2690 ac
917 2632 1178 2689 Photinus
1213 2632 1489 2688 hominum
1528 2631 2003 2703 imprudentissimi

422 2724 667 2780 nesciunt
692 2724 815 2779 Filii
843 2724 977 2781 duas
1010 2732 1249 2789 naturas,
1287 2724 1533 2779 nesciunt
1562 2723 1730 2778 Deum
1752 2730 1809 2778 et
1829 2722 2003 2778 homi-

423 2830 580 2880 nem;
612 2814 933 2869 dissentiunt
958 2821 1138 2869 autem
1157 2813 1259 2868 sibi
1279 2813 1529 2879 invicem,
1554 2820 1609 2868 et
1639 2828 1670 2867 a
1699 2827 1786 2868 me
1807 2809 1830 2849 δ
1864 2811 2006 2867 Pau-

425 2905 506 2961 lus
523 2905 737 2977 quidem
754 2906 808 2960 in
827 2921 893 2961 eo
911 2905 1057 2975 quod
1076 2904 1206 2960 dicit
1219 2904 1493 2960 Christum
1512 2904 1788 2960 hominem
1809 2902 2001 2970 solum,

428 3004 484 3052 et
508 3004 637 3051 tunc
656 2997 829 3052 solum
856 2996 1065 3051 initium
1086 2996 1305 3063 habere,
1335 3012 1402 3051 ex
1416 3012 1522 3067 quo
1538 2995 1605 3051 de
1614 2995 1835 3065 Virgine
1849 3003 2007 3051 natus

2099 1808 2243 1867 istud
2286 1808 2571 1880 aliquando
2598 1809 2812 1880 quidem
2862 1807 3037 1864 Patris
3065 1808 3285 1864 nomine
3310 1810 3556 1876 vocitari,
3584 1810 3690 1869 ali-

2099 1899 2312 1972 quando
2341 1907 2522 1955 autem
2546 1899 2712 1955 Verbi
2733 1900 2951 1954 nomine
2978 1900 3274 1970 nuncupari
3303 1917 3318 1954 :
3348 1900 3491 1956 unde
3517 1902 3692 1956 etiam

2099 1992 2204 2050 hoc
2224 1992 2457 2063 appellat
2482 1994 2833 2070 Δογοπᾶτορκ,
2862 1992 2967 2048 hoc
2987 2000 3088 2057 est,
3118 1990 3352 2048 Verbum
3375 2001 3431 2049 et
3454 2004 3476 2031 ε
3500 1992 3685 2058 Pater,

2099 2083 2232 2147 sive,
2256 2083 2300 2137 si
2321 2082 2427 2138 dici
2453 2082 2643 2153 possit,
2676 2082 3011 2153 Verbipater,
3044 2082 3314 2153 accipiens
3340 2083 3410 2138 ad
3436 2084 3561 2150 hoc,
3585 2100 3692 2155 pro

2100 2177 2183 2233 sui
2211 2191 2399 2234 sensus
2420 2169 2679 2247 ne‘quitia,
2710 2175 2841 2231 illud
2877 2177 3017 2232 bene
3044 2176 3097 2231 in
3125 2174 3416 2245 Evangelio
3442 2177 3647 2233 dictum
3673 2192 3690 2230 :

2102 2269 2170 2326 In
2198 2271 2451 2342 principio
2473 2280 2587 2325 erat
2614 2268 2855 2335 Verbum,
2878 2278 2927 2323 et
2960 2268 3175 2324 Verbum
3195 2277 3308 2323 erat
3327 2270 3467 2340 apud
3494 2268 3691 2335 Deum,

2100 2367 2150 2416 et
2176 2360 2314 2417 Deus
2343 2368 2455 2416 erat
2494 2359 2715 2415 Verbum
2747 2359 2925 2432 (Joan.
2959 2376 2997 2427 ι,
3035 2358 3110 2429 l).
3149 2358 3169 2399 ί
3210 2359 3384 2426 Vides,
3414 2359 3687 2430 inquiens,

2100 2452 2221 2523 quia
2248 2450 2414 2506 Deum
2452 2449 2675 2506 Verbum
2712 2448 2992 2523 aliquando
3021 2449 3207 2516 Deum,
3242 2451 3521 2523 aliquando
3558 2451 3699 2507 Ver-

2102 2542 2221 2597 bum
2249 2542 2494 2614 appellat,
2512 2550 2769 2614 tamquam
2788 2550 3049 2596 eztentum
3069 2551 3218 2614 atque
3249 2542 3533 2597 collectum.
3567 2541 3695 2598 Non

2105 2641 2287 2689 autem
2335 2632 2627 2689 introducit
2666 2632 2835 2688 Deum
2874 2632 3110 2688 Verbum
3151 2633 3423 2689 hominem
3452 2633 3687 2700 factum;

2104 2725 2275 2781 nescit
2303 2724 2446 2780 enim
2474 2723 2672 2779 Christi
2698 2723 3063 2791 Divinitatem,
3093 2725 3265 2780 nescit
3294 2725 3531 2780 divinam
3556 2725 3695 2780 sub-

2108 2817 2360 2870 stantiam
2406 2814 2679 2870 hominem
2727 2813 3044 2885 suscepisse,
3084 2814 3255 2871 nescit
3280 2830 3500 2886 prorsus
3524 2813 3701 2870 Verbi

2114 2907 2435 2963 existentem
2462 2913 2589 2961 ante
2609 2905 2802 2962 secula
2822 2905 3104 2961 Deitatem.

2184 2996 2269 3050 l6.
2311 2995 2461 3053 Hanc
2481 3011 2610 3066 ergo
2638 2995 2898 3053 Photinus
2930 2996 3189 3051 adversus
3225 2994 3447 3052 Paulum
3488 2995 3701 3053 distan—

430 3094 514 3143 est
531 3104 546 3154 ;
563 3101 664 3156 ego
686 3095 864 3143 autem
890 3087 988 3143 tibi
1017 3087 1138 3143 ideo
1153 3086 1239 3143 hic
1258 3087 1472 3153 resisto,
1496 3095 1554 3141 ut
1578 3086 1863 3153 Deitatem,
1887 3101 2007 3158 qua:
2033 3098 2079 3163 ο
2111 3089 2240 3145 tiam
2268 3089 2461 3155 habet;
2492 3089 2649 3144 istam
2672 3104 2803 3145 vero
2827 3088 3090 3145 Sabellius
3109 3088 3177 3144 ad
3206 3087 3492 3146 Photinum
3523 3109 3535 3143 :
3562 3089 3701 3160 quia

430 3186 632 3235 aeterna
659 3186 762 3244 est,
788 3179 936 3234 carni
964 3177 1423 3250 eontemporalem
1452 3192 1559 3233 non
1578 3177 1778 3233 audeas
1806 3176 2003 3234 facere.

2115 3178 2378 3235 Sabellius
2397 3179 2688 3255 τεοπάτοροι
2707 3178 2836 3236 dicit
2855 3179 3030 3252 ipsum
3054 3178 3248 3237 Filium
3269 3196 3428 3253 quem
3448 3178 3698 3242 Patrem.

1588 3330 2129 3390 CASTIGATIONES
2168 3331 2258 3388 ΕΤ
2295 3330 2519 3389 ΝΟΤΕ.

508 3455 535 3484 ι
570 3445 679 3500 Cur
722 3444 1111 3499 humanitatem
1164 3443 1360 3514 Christi
1396 3441 1726 3512 frequentius
1780 3444 2014 3514 appellet

437 3515 715 3572 Nestorius
741 3514 998 3583 templum
1015 3528 1235 3583 ,unam
1267 3513 1372 3568 alio
1400 3528 1738 3582 quocumque
1773 3513 2011 3579 nomine,

439 3602 550 3641 non
578 3600 682 3638 una
712 3581 872 3639 causa
900 3590 1000 3637 est.
1033 3581 1148 3637 Hec
1174 3583 1317 3636 enim
1345 3581 1543 3637 nomen
1567 3581 1755 3638 hmresi
1780 3599 1889 3639 sua:
1917 3599 2015 3638 ex-

439 3654 699 3727 plicandm
711 3652 1185 3727 accommodatius
1199 3652 1463 3707 sentiebat
1480 3668 1496 3727 ;_
1522 3668 1646 3727 nam
1662 3654 1843 3727 primo
1851 3653 2017 3727 _rejici

440 3721 553 3780 non
576 3724 767 3794 potuit,
799 3721 1061 3794 siquidem
1087 3722 1277 3794 eodem
1299 3722 1524 3794 ususgsit
1549 3721 1825 3794 Christus,
1850 3723 2018 3794 inter-

441 3790 594 3865 prete
620 3792 943 3865 evangelista
960 3831 974 3855 ,
1006 3806 1127 3865 cum
1154 3791 1392 3865 diceret:
1415 3790 1610 3865 Solvite
1630 3792 1870 3865 templum
1899 3793 2014 3865 hoc,

442 3860 495 3919 Et
511 3866 567 3917 in
598 3860 755 3916 tribus
780 3860 952 3915 diebus
975 3860 1207 3916 excitabo
1240 3861 1399 3927 illud;
1424 3861 1513 3915 ille
1536 3872 1705 3917 autem
1731 3860 1933 3917 dicebat
1957 3863 2021 3919 de

445 3932 631 4004 templo
652 3933 879 4004 corporis
903 3932 982 3983 sui
1007 3928 1187 4004 (Joan.
1215 3944 1270 3997 ιι,
1304 3929 1413 4004 l9).
1440 3930 1641 3987 Deinde
1658 3973 1673 3999 ,
1696 3940 1878 4004 aptum
1894 3942 2019 4004 erat

442 4003 511 4057 ad
546 4000 959 4071 'signilicandum
1004 4000 1219 4071 unionis
1263 4000 1519 4067 modum,
1561 4000 1745 4071 quem?
1768 4003 2021 4059 volebant

443 4086 560 4128 esse
589 4069 777 4141 puram
804 4072 1071 4141 ἐνοίκησιν,
1107 4069 1248 4125 Deus
1271 4071 1415 4141 enim
1445 4069 1703 4141 templum
1737 4072 2017 4127 inhabitat.

443 4139 646 4222 Tertio,
680 4140 960 4222 videbatur
988 4139 1237 4222 idoneum
1265 4140 1335 4196 ad
1361 4139 1731 4222 esplica—n'dam
1760 4149 2018 4222 σχετηκῆν

442 4212 649 4276 ἕνωσιν,
680 4226 785 4281 qua
812 4207 965 4264 ﬁeret
993 4217 1051 4264 ut
1073 4224 1176 4281 una
1205 4207 1551 4281 veneratione
1576 4207 1890 4267 Verbum'et
1918 4212 2020 4268 ho-

442 4295 544 4353 mo,
560 4279 882 4353 colerentur,
903 4294 1007 4333 una
1031 4279 1230 4353 quippe
1251 4279 1509 4353 religione
1530 4280 1671 4353 Deus
1689 4289 1743 4353 et
1763 4282 2020 4353 templum

443 4351 655 4423 colitur.
684 4349 927 4423 _Quarto,
966 4348 1306 4423 exprimebat
1339 4348 1489 4423 lucus
1521 4349 1775 4423 Joannis,
1820 4348 1893 4406 ut'
1920 4352 2021 4423 ipsi

444 4419 661 4487 quidem
681 4418 980 4474 Nestoriani
1018 4417 1281 4488 putabant
1301 4459 1315 4483 ,
1346 4427 1401 4475 et
1438 4419 1835 4476 distinctionem
1866 4417 2022 4476 naiu-

444 4503 645 4549 rarum,
669 4496 725 4543 et
752 4488 1177 4558 inoperationem
1204 4489 1423 4544 alterius
1451 4490 1505 4544 in
1533 4490 1719 4558 altera,
1745 4491 1846 4547 etsi
1874 4492 2020 4547 nulla

445 4565 589 4613 esset
614 4558 795 4619 ἴνωσις
822 4558 925 4613 καθ’
948 4558 1255 4613 ὑπόστασιν.

514 4625 542 4666 ι’
582 4626 731 4708 Totis
758 4626 971 4708 viribus
992 4626 1558 4708 nitebatur‘erginem
1593 4628 1772 4708 dicere
1799 4642 2018 4708 Χριστο-

444 4696 607 4761 τὸκον,
649 4704 707 4751 ιιι
738 4711 870 4751 voce
904 4696 1142 4764 alioquin
1166 4696 1427 4754 catholica
1456 4698 1697 4754 hieresim
1725 4696 2020 4756 absconde-

446 4774 547 4821 ret.
572 4766 704 4838 >E_tsi
749 4766 891 4838 enim
928 4766 1072 4838 bona
1117 4764 1220 4820 ﬁde
1243 4779 1459 4838 _eamia
1486 4783 1546 4823 se
1572 4770 1799 4838 proferri
1819 4771 2021 4826 diceret

444 4836 589 4918 apud
616 4835 901 4904 Evagrium
931 4832 1071 4906 (Lib.
1096 4850 1132 4901 ι,
1164 4851 1209 4888 c.
1242 4835 1294 4906 7)
1324 4855 1336 4889 :
1382 4837 1502 4909 Ipse
1525 4832 1783 4962 equidem,
1826 4840 2017 4909 inquit,

444 4921 541 4962 auo
570 4923 626 4959 ιη
649 4915 881 4959 neutram
920 4913 1119 4962 partem
1156 4922 1416 4962 peccarem
1437 4946 1451 4962 .
1499 4924 1554 4962 ve
1595 4908 1850 4962 Christum
1868 4912 2017 4962 morti

443 4921 541 4975 quo
570 4906 626 4959 in
649 4915 881 4975 neutram
920 4913 1119 4975 partem
1155 4906 1451 4975 peccarem',
1499 4906 1576 4962 vel
1595 4908 1850 4963 Christum
1868 4906 2021 4965 morti

444 4974 654 5050 minime
675 4974 957 5050 _obnoagium
978 4991 1087 5050 esse
1110 4974 1466 5050 aeseveraado,
1491 4978 1569 5032 vel
1591 4981 1647 5033 in
1668 4980 1882 5033 alteram
1904 4996 2022 5050 par-

448 5052 547 5098 tem
580 5044 899 5117 inclinanda,
929 5060 1045 5100 eum
1069 5046 1454 5117 immortalitate
1480 5050 1751 5117 privarem,
1781 5044 1914 5103 hanc
1933 5066 2021 5105 vo-

445 5130 567 5192 εαξη-
584 5115 938 5192 Χριστοτὸκον,
962 5131 1063 5192 qua
1102 5113 1275 5192 Maria
1308 5113 1672 5192 appellaretur,
1704 5120 2017 5192 excogitavi;

444 5181 570 5239 ﬁdei
612 5181 794 5240 tamen
831 5181 1106 5240 catholica:
1153 5181 1464 5242 defensores
1507 5181 2017 5245 restiterunt'vehe;

444 5261 673 5325 menter,
703 5270 825 5311 cum
853 5252 1053 5325 Christi
1076 5253 1293 5325 nomine
1320 5255 1682 5325 intelligerent
1709 5274 1739 5312 a
1768 5257 2016 5316 Nestorio

445 5323 730 5401 significari
756 5340 949 5401 purum
978 5323 1248 5401 hominem
1267 5366 1282 5390 ,
1306 5333 1480 5401 _atque
1504 5323 1655 5384 “adeo
1678 5331 2014 5401 Xpwrorégov

444 5394 740 5470 n_on_aliam
764 5393 978 5470 habere
1006 5393 1344 5470 signiﬁcandi
1388 5393 1882 5470 potestatem'apud
1906 5399 2013 5455 Ne-

445 5462 667 5537 storigm
696 5478 856 5537 quam
876 5464 1267 5537 ἆνθρωποτόκον.

523 5540 545 5569 ⁸
584 5531 729 5588 Ecce
754 5534 949 5590 iterum
967 5531 1168 5589 'vocem
1201 5550 1409 5592 summe
1436 5539 1755 5596 catholicam
1782 5554 2013 5597 ransom

444 5600 698 5681 haeretico
738 5619 899 5659 sensu
933 5604 1233 5681 prolatem:
1264 5608 1429 5681 verbo
1456 5608 1656 5681 dicam,
1700 5610 1899 5666 nullam
1927 5625 2018 5681 ca-

447 5670 767 5731 tholicorum
811 5670 1001 5732 vocem
1036 5674 1230 5747 refugit
1266 5676 1561 5747 Nestorius,
1612 5670 1732 5739 cum
1767 5688 1909 5741 esset
1934 5680 2019 5737 lo-

2115 3443 2385 3512 quendum
2411 3442 2480 3498 de
2518 3441 2715 3498 unione
2736 3482 2750 3509 ,
2796 3450 2988 3512 praeter
3012 3442 3151 3498 hanc
3176 3457 3354 3510 unam,
3375 3444 3556 3506 ἕνωσις
3584 3446 3706 3504 καθ’

2115 3511 2422 3579 ὗπόστασιν,
2472 3527 2631 3581 quam
2669 3511 2760 3582 qui
2798 3511 3036 3568 declinat
3082 3512 3350 3579 studiose,
3379 3515 3580 3569 tamdiu
3610 3519 3703 3574 vel

2115 3585 2306 3638 morbo
2335 3582 2565 3637 Nestorii
2589 3584 2763 3656 reipsa
2784 3582 3010 3656 laborat,
3034 3582 3121 3637 vel
3149 3583 3452 3656 suspicione
3475 3585 3699 3656 saltem,

2117 3668 2285 3721 eaque
2310 3668 2419 3708 non
2448 3652 2761 3722 temeraria;
2778 3652 2922 3722 quod
2949 3652 3151 3707 dictum
3168 3652 3257 3722 psit
3274 3660 3493 3722 propter
3512 3652 3703 3712 Theo;

2116 3722 2382 3787 doretum,
2420 3723 2571 3792 cujus
2608 3721 2739 3777 ﬁdes
2778 3721 2845 3777 ad
2869 3722 3007 3777 hanc
3032 3721 3706 3792 regulam'examinabitur

2118 3792 2171 3846 in
2196 3808 2291 3848 sua
2325 3791 2578 3861 singulari
2615 3791 3020 3856 dissertatione,
3050 3791 3111 3862 et
3141 3791 3398 3862 quosdam
3439 3793 3704 3852 audacio-

2080 3886 2085 3891 ί
2116 3878 2213 3936 res
2231 3862 2629 3936 nostrieaatatis
2666 3861 2913 3918 homines
2933 3902 2950 3929 ,
2994 3861 3187 3932 quibus
3213 3876 3322 3916 non
3347 3863 3522 3933 placet
3545 3867 3705 3936 quod

2118 3933 2218 3987 toti
2243 3931 2496 3988 Ecclesiae
2514 3932 2706 3988 placet.

2190 4000 2217 4040 ἀ
2240 4001 2452 4078 _Locus
2474 4000 2566 4056 ille
2608 4017 2640 4056 a
2685 4001 2851 4078 Mario
2891 4000 3189 4078 Mercatore
3229 4001 3459 4078 refertur
3496 4004 3551 4078 in
3596 4022 3705 4078 ap-

3724 698 3743 787 ἓ

3724 882 3752 988 ἒ

2118 4073 2344 4141 pendice
2389 4072 2457 4127 ad
2503 4072 2980 4127 contradictionem
3024 4071 3328 4127 duodecimi
3373 4071 3737 4132 anathema—.

2121 4141 2299 4213 tismi,
2351 4149 2504 4213 parte
2551 4158 2645 4213 sn.
2686 4142 2961 4213 Nestorius
3005 4156 3197 4213 porro,
3243 4142 3387 4213 quod
3431 4145 3725 4213 curiosius,

2122 4211 2436 4278 observavi,
2483 4211 2851 4267 vehementius
2891 4219 3001 4266 tres
3044 4212 3097 4266 in
3126 4212 3426 4275 haereticos,
3458 4213 3702 4270 Marcel-

2121 4280 2256 4353 lum,
2282 4281 2506 4353 Paulum
2530 4290 2586 4337 et
2624 4280 2929 4348 Photinum,
2972 4281 3148 4353 verbis
3193 4282 3355 4336 etiam
3389 4284 3702 4353 probrosis,

2120 4351 2407 4415 invehitur,
2438 4360 2497 4407 ut
2524 4366 2582 4406 se
2609 4352 2677 4407 ab
2701 4366 2888 4407 eorum
2908 4350 3167 4407 societate
3193 4359 3249 4406 et
3274 4350 3535 4407 sententia
3555 4350 3706 4411 alie-

2120 4436 2249 4503 num
2274 4422 2485 4503 probet.
2516 4419 2842 4503 ‘Unus‘vero,
2866 4421 3010 4503 quod
3036 4421 3229 4484 sciam,
3260 4420 3526 4479 Mercator
3553 4423 3711 4482 hanc

2121 4492 2280 4545 trium
2308 4492 2620 4547 societatem
2643 4492 2934 4559 objecerat.

2197 4570 2221 4598 ⁸
2258 4560 2547 4616 Garnerius
2581 4560 2799 4630 corrigit
2827 4560 2882 4615 in
2919 4559 3189 4630 margine,
3228 4559 3441 4617 Patrem
3473 4570 3529 4619 et
3560 4562 3708 4619 Ver-

2120 4628 2383 4683 bivatrem.
2424 4629 2577 4683 Em'r.

2151 4639 2383 4701 ipatrem.
2424 4639 2577 4686 Ευιτ.

2151 4770 2160 4780 _
2257 4698 2432 4780 Verba
2470 4700 2559 4780 illa
2598 4700 2853 4780 sumpsit,
2895 4700 3107 4769 opinor,
3143 4700 3514 4780 Nestoriu_s_ex
3551 4702 3713 4780 Plio.

2124 4770 2222 4851 tini
2248 4770 2448 4851 scripto
2489 4770 2695 4839 aliquo,
2725 4770 2877 4851 cuius
2898 4786 2974 4851 ne
3011 4771 3272 4851 memoria
3308 4771 3521 4851 quidem
3545 4773 3712 4851 vide-

2125 4847 2213 4910 tur
2235 4837 2379 4910 mihi
2410 4837 2722 4910 superesse:
2773 4837 3034 4895 Photinus
3071 4856 3201 4897 vero
3232 4842 3305 4895 ita
3325 4837 3595 4897 sentiebat
3626 4844 3711 4900 de

2125 4908 2322 4974 Verbo,
2365 4919 2427 4965 ut
2470 4908 2593 4980 cum
2637 4908 2705 4980 ad
2750 4917 3023 4980 creaturas
3059 4910 3405 4980 proferretur,
3437 4919 3593 4980 atque
3622 4913 3713 4969 ita

2124 4978 2775 5061 extenderetur,.Verbuni
2791 4978 3080 5061 diceretur,
3112 4980 3254 5061 unde
3274 4989 3329 5035 et
3344 4978 3707 5061 prolaﬁtium,

2124 5064 2220 5104 seu
2267 5050 2629 5120 operatorium
2656 5049 2915 5120 vocabat;
2966 5064 3087 5104 cum
3124 5057 3303 5120 autem
3348 5049 3402 5104 in
3429 5065 3489 5106 se
3511 5053 3711 5106 consi-

2124 5117 2321 5189 steret;
2363 5126 2525 5189 atque
2557 5118 2693 5174 adeo
2732 5117 3092 5189 colligeretur,
3122 5118 3265 5189 Deus
3288 5127 3428 5175 esset
3463 5127 3708 5177 tantum.

2123 5187 2299 5259 Quare
2321 5187 2462 5244 Deus
2486 5203 2718 5259 operans
2754 5188 2809 5241 in
2837 5188 3096 5259 creaturis
3116 5227 3131 5253 ,
3158 5188 3391 5259 Verbum
3408 5198 3535 5259 _erat
3570 5190 3716 5249 huic

2122 5258 2408 5328 haeretica;
2443 5260 2497 5313 in
2524 5257 2851 5328 semanens,
2875 5257 3184 5328 simpliciter
3207 5258 3365 5314 Deus.
3408 5257 3558 5316 Unde
3578 5260 3713 5318 aie-

2121 5327 2214 5399 bat
2256 5329 2517 5384 rationem
2563 5327 2725 5399 Verbi
2770 5341 2888 5399 esse
2912 5327 3312 5399 temporalem,
3358 5336 3519 5399 atque
3560 5329 3717 5391 adeo

2122 5396 2354 5469 Verbum
2373 5438 2387 5463 ,
2428 5413 2534 5468 qua
2576 5398 2785 5469 ratione
2804 5395 3165 5469 Verbum:est,
3177 5398 3402 5469 initium
3428 5395 3721 5469 accepisse

2120 5481 2188 5523 ex
2228 5466 2480 5537 Virgine:
2514 5468 2865 5537 quamobrem
2906 5466 3134 5537 negabat
3176 5467 3343 5537 Deum
3379 5466 3719 5529 humanitati

2119 5534 2465 5607 conjunétum
2491 5534 2673 5603 fuisse,
2706 5537 2799 5593 sed
2820 5534 3082 5607 Verbum,
3114 5551 3218 5606 qua
3237 5536 3473 5607 Verbum
3492 5547 3576 5594 est
3593 5577 3609 5596 .
3653 5542 3717 5599 id

2121 5604 2241 5682 est,
2287 5622 2392 5682 qua
2429 5608 2675 5682 operatie
2714 5604 2958 5682 quaedam
2999 5604 3196 5682 divina.
3236 5606 3377 5664 Nihil
3401 5624 3568 5682 porro
3596 5609 3716 5679 im-

2120 5676 2369 5750 plicatius
2393 5676 2616 5739 somniis
2640 5676 2798 5749 hujus
2814 5676 3061 5737 hominis.
