3904 6272
236 269 340 332 857

1390 263 1549 323 lMPll
1584 262 1900 323 NESTORII
1938 263 2168 324 SERMO
2206 263 2321 323 XII.
2406 292 2411 299 ’

3379 268 3487 335 858

235 396 291 444 et
317 370 488 458 ipsum
524 384 740 442 Patrem
763 398 922 456 quem
950 366 1163 450 Filium,
1206 382 1468 438 Photinus
1490 397 1619 437 vero
1646 392 1809 455 Λογο-
1835 382 1889 443 Α
1912 382 2165 437 manebat
2185 378 2468 452 judiciaria
2499 379 2909 450 condemnatio;
2932 382 3086 440 nobis
3112 384 3286 441 omnis
3311 402 3487 458 pinnae

234 481 452 553 πάτορα.
477 476 734 533 Photinus
754 492 904 541 vero,
927 477 1064 532 sicut
1093 474 1331 546 praedixi,
1360 474 1623 529 Deitatem
1643 470 1806 528 Verbi

236 587 343 627 non
363 570 553 635 habet;
580 566 846 624 Sabellius
865 576 1041 624 autem
1065 566 1194 622 dicit
1221 565 1435 637 quidem
1460 564 1671 631 Filium,
1697 578 1806 619 non

234 668 412 716 autem
445 659 574 714 dicit
609 658 964 713 substantiam
1005 656 1127 713 Filii
1164 656 1219 711 in
1257 655 1587 727 proprietate
1630 653 1808 709 consi-

233 760 417 808 stere:
455 749 594 805 unde
620 757 675 805 et
700 750 989 825 Iiorra'rropa
1023 748 1171 815 dicit,
1211 748 1315 803 hoc
1354 755 1453 813 est,
1499 747 1673 817 ipsum
1700 743 1806 800 Pa-

232 852 369 897 trem
398 856 515 897 esse
543 856 701 913 quem
746 840 960 904 Filium,
992 848 1283 911 propterea
1321 838 1465 910 quod
1494 853 1655 893 unam
1683 836 1807 893 sub-

230 933 482 988 stantiam
505 932 755 988 somniat.
786 930 894 986 Sed
935 929 1057 985 ideo
1097 930 1277 986 divina
1316 928 1591 999 Scriptura
1619 936 1806 985 contra

230 1039 421 1079 eorum
448 1023 694 1079 morbum
721 1021 1099 1093 praemuniens,
1130 1020 1351 1091 exponit
1376 1019 1537 1076 Verbi
1558 1019 1807 1074 incarna-

231 1113 545 1170 tionem:In
571 1114 843 1185 principio,
876 1112 1067 1183 inquit,
1082 1119 1193 1166 erat
1223 1111 1445 1166 Verbum
1476 1109 1653 1181 (Joan.
1672 1125 1709 1173 ι,
1728 1106 1803 1178 1),

228 1212 286 1258 et
312 1210 505 1259 caztera
532 1218 651 1273 quae
678 1210 1000 1273 sequuntur;
1030 1201 1225 1257 deinde
1246 1200 1575 1256 descendens
1596 1199 1804 1274 [Balus.

224 1292 512 1365 scandens]
533 1293 607 1348 ait
631 1310 643 1346 :
669 1293 738 1347 Et
772 1291 992 1348 Verbum
1019 1310 1142 1348 caro
1170 1294 1362 1364 factum
1389 1300 1466 1345 est
1495 1289 1652 1363 (Ibid.
1686 1289 1805 1359 M);

226 1393 289 1440 ut
316 1385 565 1441 ostendat
592 1384 944 1440 substantiam
970 1383 1092 1439 Filii
1124 1384 1179 1438 in
1206 1383 1537 1454 proprietate
1568 1396 1664 1436 sua
1692 1380 1808 1435 exi-

225 1484 479 1541 stentem,
515 1484 710 1547 prmter
734 1474 1087 1532 substantiam
1112 1473 1305 1529 Patris.
1336 1473 1576 1543 Denique
1602 1471 1811 1541 cogitur

225 1569 491 1625 Photinus
510 1576 746 1624 arctatus
766 1566 998 1623 Verbum
1020 1566 1220 1633 dicere,
1244 1581 1352 1620 non
1372 1572 1552 1619 autem
1571 1562 1808 1618 Verbum

221 1661 333 1717 hoc
358 1661 554 1717 Filium
580 1659 868 1716 conﬁtetur
894 1678 906 1713 :
931 1660 1045 1715 haec
1073 1658 1304 1731 Spiritus
1332 1657 1630 1728 praevidens
1658 1654 1807 1711 cordi

1907 487 2074 542 genus
2101 473 2341 529 debitum
2394 479 2538 541 erat;
2581 489 2680 530 nos
2726 475 3193 557 omnis.excessus
3240 480 3487 549 supplicii

1908 566 2255 636 exspectabat
2286 584 2299 619 :
2330 566 2425 622 sed
2450 566 2598 621 venit
2640 565 2774 637 ipse,
2807 574 2862 622 et
2888 580 3006 622 eam
3034 582 3153 636 quae
3180 568 3335 625 nobis
3366 584 3486 639 pa:-

1908 673 1977 713 na
2003 658 2319 724 debebatur,
2356 658 2576 714 innoxia
2606 673 2767 713 carne
2813 657 3067 728 suscepit,
3098 666 3159 713 ut
3204 668 3486 729 peccatum

1908 750 2081 820 ipsum
2103 758 2377 819 tamquam
2397 748 2593 820 injuste
2621 748 2830 804 irruens
2856 747 3258 813 condemnaret,
3286 748 3353 803 ad
3372 749 3488 806 dia-

1906 840 2090 895 bolum
2142 840 2352 910 peccati
2403 847 2612 910 patrem
2662 839 2764 895 ista
2813 837 3115 894 vociferans
3158 838 3489 896 :Lnnoues

1909 947 2158 996 τιιιρωιι
2206 947 2431 988 ΡΕΕΕΑἸἹ
2468 947 2599 987 BEOS
2636 947 2791 988 CRUC!
2846 947 3175 999 TRADIDISTI;
3206 948 3278 993 ΠΕ
3305 949 3487 990 ΔυτΕΙ

1907 1038 2047 1087 ουΑιι
2075 1038 2139 1078 OB
2178 1038 2381 1079 CAUSAI
2420 1039 2526 1078 CUI!
2554 1039 2877 1079 LATRONIBUS
2902 1040 3160 1080 PATIBULO
3190 1028 3489 1081 AFHXIS‘I’I?

1980 1113 2064 1168 19.
2107 1112 2224 1170 Hoc
2268 1121 2323 1168 et
2366 1112 2563 1170 Paulus
2590 1113 2984 1182 demonstrans,
3026 1116 3234 1186 peccati
3283 1116 3488 1171 scilicet

1906 1221 2005 1277 per
2032 1204 2365 1261 Dominicum
2394 1221 2590 1276 corpus
2627 1206 3134 1262 condemnationem
3168 1224 3180 1260 :
3214 1206 3371 1273 Deus,
3403 1207 3487 1261 in-

1908 1298 2042 1369 quit,
2073 1295 2271 1352 Filium
2294 1300 2500 1352 mittens
2544 1300 2599 1352 in
2639 1299 3028 1354 similitudinem
3081 1300 3253 1353 carnis
3295 1299 3488 1370 peccati

1911 1390 2086 1461 (Rom.
2126 1405 2236 1456 Vill,
2295 1388 2373 1459 ὅ).
2403 1389 2551 1444 Bene
2590 1389 2733 1459 quod
2780 1392 2834 1443 in
2863 1388 3255 1444 similitudinem
3292 1391 3484 1455 carnis,

1907 1480 2160 1551 quoniam
2195 1495 2389 1550 corpus
2426 1478 2572 1549 quod
2607 1480 2833 1550 parebat
2880 1479 3195 1551 peccatricis
3239 1480 3487 1536 similitu-

1906 1572 2086 1628 dinem
2113 1571 2290 1627 carnis
2317 1568 2744 1626 circumferebat.
2769 1568 2909 1624 Deus
2936 1569 3131 1624 Filium
3157 1586 3305 1624 suum
3323 1570 3483 1633 misit,

1908 1678 2107 1720 nomen
2134 1676 2418 1719 commune
2447 1668 2778 1725 naturarum,
2809 1659 3040 1714 hominis
3065 1659 3266 1715 scilicet
3287 1667 3343 1714 et
3368 1652 3497 1714 Dei.‘

223 1752 504 1822 scriptoris
528 1751 687 1821 hujus
727 1765 788 1806 se
833 1749 1045 1816 infudit,
1088 1757 1147 1804 ut
1174 1748 1559 1803 catholicorum
1602 1746 1808 1801 animas
1836 1746 1880 1808 Β
1907 1753 2026 1810 Non
2051 1752 2202 1818 dixit,
2232 1752 2374 1807 Deus
2417 1750 2586 1806 Deum
2621 1748 2859 1806 Verbum
2903 1750 3142 1813 mittens,
3174 1758 3233 1805 ut
3261 1758 3485 1821 accepta

220 1844 450 1901 muniat.
494 1842 562 1897 Et
581 1842 705 1913 quid
726 1842 835 1896 ait?
871 1840 1093 1896 Verbum
1120 1857 1242 1895 caro
1272 1842 1465 1912 factum
1491 1846 1585 1892 est.

296 1934 384 1988 17.
427 1932 565 1989 Ecce
592 1932 856 2003 agnovisti
877 1932 1092 1987 interim
1118 1931 1283 1987 Verbi
1315 1929 1664 1985 substantiam
1684 1943 1806 1999 pro-

219 2024 417 2097 priam,
446 2022 716 2094 quomodo
738 2022 898 2077 etiam
922 2037 1272 2092 agnoscamus
1293 2019 1654 2089 Unigenitum,
1679 2018 1804 2089 quia

222 2116 391 2173 Pater
417 2131 524 2171 non
559 2123 643 2170 est
673 2114 965 2171 secundum
995 2112 1303 2179 Photinum,
1335 2128 1436 2167 nec
1468 2112 1800 2188 Λογοπᾶτωρ,

221 2208 320 2265 sed
346 2208 488 2264 Deus
514 2206 749 2263 Verbum
777 2212 832 2261 et
858 2205 1024 2260 Filius
1049 2222 1061 2258 :
1093 2203 1164 2259 Et
1191 2202 1431 2271 Verbum,
1460 2202 1648 2275 inquit,
1682 2220 1803 2258 caro

223 2303 423 2372 factum
467 2308 561 2366 est,
595 2308 644 2353 et
674 2298 922 2353 habitavit
948 2300 1005 2352 in
1045 2295 1211 2364 nobis,
1255 2296 1360 2352 hoc
1388 2302 1490 2362 est,
1536 2296 1592 2351 in
1621 2303 1802 2351 nostra

218 2394 485 2449 habitavit
521 2400 732 2447 natura.
772 2390 844 2446 Et
880 2389 1101 2446 Verbum
1142 2407 1262 2446 cars
1304 2392 1496 2463 factum
1535 2398 1629 2455 est,
1660 2389 1803 2443 bona

222 2486 392 2541 etiam
418 2484 705 2542 locutionis
732 2485 897 2555 ipsius
923 2484 1242 2553 designatio,
1271 2492 1331 2538 ut
1369 2483 1605 2551 undique
1643 2496 1804 2537 cura-

219 2592 408 2632 rarum
438 2576 677 2631 inanium
726 2576 932 2629 vanitas
987 2571 1261 2629 auferatur
1290 2592 1304 2626 :
1330 2573 1400 2627 Et
1435 2572 1658 2627 Verbum
1686 2587 1805 2626 caro

226 2671 427 2740 factum
446 2676 540 2731 est,
576 2666 829 2735 suscepit,
862 2664 1053 2734 inquit,
1086 2672 1321 2720 nostram
1348 2670 1611 2718 naturam.
1643 2662 1807 2718 Dein-

222 2755 298 2812 de
327 2764 388 2812 ut
412 2756 711 2824 benignitas
737 2754 965 2827 amplior
991 2763 1047 2810 et
1066 2754 1348 2810 admiratio
1378 2761 1536 2819 esset,
1569 2769 1601 2808 a
1620 2753 1809 2811 viliore

219 2858 384 2920 parte
438 2856 640 2903 natura:
686 2849 927 2903 nominat
972 2847 1320 2902 humanitatis
1373 2846 1804 2915 susceptionem,

234 2938 481 3005 Verbum,
514 2939 715 3002 dicens,
747 2954 870 2993 caro
908 2940 1102 3009 factum
1140 2945 1247 3001 est;
1291 2950 1398 2990 non
1436 2934 1582 3005 quod
1620 2934 1686 2989 de
1712 2947 1809 2988 sua

225 3029 462 3086 essentia
488 3028 798 3093 decesserit,
821 3034 1043 3098 propter
1069 3027 1174 3082 hoc
1201 3025 1343 3082 enim
1358 3024 1555 3096 adjecit
1584 3043 1597 3077 :
1629 3023 1678 3078 Ε
1683 3034 1700 3077 t
1714 3024 1808 3077 ha-

1903 1846 2005 1901 hac
2024 1859 2157 1901 voce
2179 1844 2461 1899 haereticus
2487 1842 2705 1909 insiliat,
2736 1848 2792 1897 et
2818 1842 2961 1897 dicat
2992 1860 3004 1895 :
3032 1841 3189 1898 Vides
3213 1842 3474 1912 quemad-

1903 1935 2120 1991 modum
2166 1934 2303 1989 alius
2348 1933 2530 1999 mittit,
2564 1932 2701 1987 alius
2729 1939 2909 1987 autem
2959 1931 3209 1986 mittitur.
3238 1931 3424 1996 Filius,
3452 1947 3486 1987 ο

1905 2023 2122 2089 Ariane,
2171 2023 2402 2078 mittitur
2448 2021 2747 2078 secundum
2790 2021 3143 2076 humanitatis
3204 2029 3483 2083 naturam;

1903 2134 2012 2174 non
2057 2124 2236 2171 autem
2282 2116 2515 2171 mittitur
2553 2113 2849 2171 secundum
2900 2113 3189 2170 essentiam
3236 2114 3481 2178 Deitatis.

1905 2226 2013 2265 non
2043 2208 2187 2264 enim
2215 2215 2300 2263 est
2326 2208 2468 2264 ullus
2495 2207 2645 2263 locus
2672 2222 2703 2261 a
2728 2207 2823 2262 Dei
2846 2206 3085 2277 potentia
3113 2214 3410 2277 separatus.

1975 2301 2061 2356 20.
2103 2300 2251 2356 Inter
2278 2301 2498 2371 plausus
2532 2299 2738 2355 interea
2767 2297 3045 2364 Photinus,
3070 2314 3191 2353 cum
3221 2298 3482 2367 arguitur,

1904 2409 2013 2449 non
2040 2391 2200 2449 debet
2229 2390 2492 2461 effugere;
2539 2391 2607 2447 de
2651 2391 2757 2447 hoc
2793 2389 2937 2445 enim
2976 2389 3256 2459 disputans
3283 2389 3486 2444 doctri-

1905 2502 2029 2542 nam
2058 2484 2211 2540 Pauli
2239 2485 2469 2554 apostoli
2500 2482 2815 2553 interposui,
2857 2480 3145 2536 ostendens
3175 2480 3379 2552 [Baluz.
3405 2487 3488 2534 at-

1906 2575 2156 2648 tendens]
2185 2576 2329 2646 quod
2355 2574 2593 2630 Verbum
2620 2574 2690 2630 sit
2717 2573 2883 2628 Filius
2907 2590 2920 2625 :
2956 2571 3097 2626 Deus
3119 2570 3314 2625 Filium
3341 2588 3487 2626 suum

1907 2670 2051 2726 misit
2078 2671 2132 2723 in
2158 2667 2549 2724 similitudinem
2577 2667 2747 2721 carnis
2775 2666 2988 2737 peccati.
3013 2664 3131 2719 Non
3152 2664 3322 2719 dixit:
3347 2664 3489 2719 Deus

1907 2764 2077 2819 Deum
2104 2761 2339 2818 Verbum
2367 2759 2546 2824 misit;
2588 2766 2644 2813 et
2670 2766 2819 2813 certe
2846 2756 3081 2812 Verbum
3110 2753 3205 2810 Dei
3234 2770 3341 2809 non
3370 2761 3489 2808 erat

1908 2870 1938 2910 a
1968 2854 2152 2924 templi
2196 2858 2505 2923 separatum
2530 2857 2747 2904 natura.
2801 2846 2996 2904 Statim
3024 2862 3091 2901 ex
3119 2845 3386 2916 imperitia
3432 2844 3489 2899 in

1908 2946 2144 3002 clamore
2194 2944 2456 3006 insiliunt,
2498 2941 2736 2997 dicentes
2767 2958 2780 2993 :
2817 2937 3083 3003 Quomodo
3126 2939 3343 2992 alterum
3381 2951 3491 2991 esse

1910 3037 2041 3092 dixit
2065 3035 2233 3090 Deum
2262 3033 2505 3099 Verbum,
2523 3041 2572 3087 et
2592 3031 2807 3086 alterum
2822 3030 3037 3096 Filium,
3067 3030 3151 3102 qui
3177 3030 3362 3083 missus
3382 3029 3493 3083 est?

223 3119 408 3175 ὺὲιαυίε
436 3119 491 3172 in
537 3116 713 3183 nobis;
756 3125 815 3172 ιιι
861 3117 1111 3172 Ostendat
1156 3124 1416 3186 δυεοθρῑπ
1463 3115 1809 3171 δυωαηίῑθιίδ
1835 3120 1881 3184 C
1912 3127 2028 3183 Non
2053 3126 2161 3183 dixi
2183 3127 2407 3181 alterum
2432 3124 2645 3192 Filium,
2672 3131 2763 3178 aut
2785 3123 3011 3178 alterum
3033 3122 3200 3177 Deum
3222 3122 3488 3187 Verbum;

225 3209 691 3275 inbabitationem,
716 3216 766 3262 et
803 3206 1044 3274 Verbum,
1075 3208 1167 3275 ait,
1199 3224 1319 3263 caro
1349 3210 1542 3280 factum
1569 3216 1664 3263 est.

301 3300 695 3368 18.,Quoniam
742 3306 923 3355 autem
969 3316 1079 3355 non
1123 3300 1542 3357 demutationem
1587 3300 1811 3356 demon-

226 3400 385 3460 strat,
417 3392 664 3459 dicendo,
691 3394 883 3464 factum
910 3400 1004 3458 est,
1033 3408 1101 3449 ex
1123 3392 1240 3448 aliis
1260 3393 1437 3450 verbis
1456 3393 1647 3449 divina:
1668 3393 1811 3451 Scri-

224 3492 403 3555 pturze
440 3484 780 3552 evangelistae
814 3498 1001 3538 vocem
1035 3497 1326 3552 agnoscere
1357 3500 1660 3555 possumus.
1700 3485 1810 3541 Au-

226 3575 410 3630 diatur
434 3574 638 3649 [Baluz.
664 3573 940 3645 Videatur]
965 3575 1241 3645 apostolus
1278 3573 1474 3631 Paulus
1492 3575 1560 3631 de
1579 3575 1810 3631 Domino

225 3664 532 3721 vociferans
564 3682 577 3718 :
609 3663 841 3719 Christus
878 3680 972 3720 nos
1002 3664 1214 3719 redemit
1258 3665 1321 3719 de
1361 3665 1631 3721 maledicto
1659 3666 1806 3738 legis,

229 3759 401 3828 factus
441 3773 534 3827 pro
575 3754 720 3810 nobis
754 3755 1081 3809 maledictum
1126 3754 1266 3827 (Gal.
1316 3772 1392 3819 ιιι,
1434 3755 1545 3827 15).
1578 3755 1735 3811 Certe
1763 3756 1809 3811 si

228 3845 527 3903 secundum
566 3845 977 3901 mutabilitatem
1025 3846 1225 3902 dictum
1254 3861 1373 3902 esse
1402 3847 1806 3916 intelligeretur,

229 3939 371 4012 quod
411 3940 602 4010 factum
629 3946 722 4004 est,
754 3953 863 3994 non
917 3946 1130 4009 poterat
1156 3939 1582 3995 benedictionem
1608 3941 1810 3996 donare

231 4027 382 4098 quod
408 4027 749 4083 maledictum
770 4036 870 4093 est,
896 4044 1003 4085 non
1024 4037 1237 4099 poterat
1265 4030 1607 4085 maledictum
1635 4044 1664 4084 a
1694 4046 1808 4086 ma-

230 4118 523 4175 ledictione
550 4119 795 4174 liberare.
828 4118 964 4186 Quid
995 4133 1121 4189 ergo
1151 4128 1231 4175 est
1257 4122 1316 4178 τὸ
1346 4122 1539 4192 factum
1567 4121 1809 4179 est?No-

230 4212 315 4268 bis
346 4211 580 4267 debitum
627 4211 969 4267 maledictum
995 4212 1050 4267 in
1087 4227 1147 4268 se
1170 4213 1285 4283 ipse
1324 4214 1557 4283 suscepit
1587 4231 1600 4267 :
1632 4214 1804 4280 nobis,

231 4303 426 4374 inquit,
475 4303 851 4375 peccatoribus
895 4304 1069 4360 crucis
1117 4319 1277 4375 pmna
1334 4304 1657 4371 debebatur;
1711 4321 1810 4362 nos

1910 3217 2005 3275 sed
2028 3216 2139 3272 dixi
2167 3216 2336 3271 Deum
2373 3213 2603 3269 Verbum
2648 3211 2964 3267 naturaliter
3010 3218 3065 3265 et
3108 3210 3366 3280 templum
3393 3225 3491 3263 na-

1880 3328 1885 3337 -
1911 3308 2155 3367 turaliter
2182 3307 2345 3362 alium
2372 3304 2539 3360 lilium
2563 3302 2944 3373 conjunctione
2971 3317 3153 3368 unum,
3185 3302 3263 3356 sic
3289 3308 3345 3355 et
3366 3299 3493 3356 alibi

1912 3399 2021 3455 dixi
2047 3398 2146 3454 sub
2178 3406 2203 3435 ⁸
2233 3397 2520 3469 principio.

1982 3489 2068 3544 2i.
2112 3488 2332 3544 Prodito
2367 3488 2423 3542 in
2451 3487 2705 3553 medium,
2738 3492 2793 3544 et
2818 3500 2980 3541 voces
3014 3485 3113 3540 has
3155 3497 3350 3553 argue;
3383 3482 3494 3539 ncli

1910 3594 1997 3635 me
2024 3578 2231 3648 sagittis
2254 3577 2430 3632 aureis
2457 3576 2773 3641 vulnerare;
2799 3574 2827 3614 δ
2850 3590 2957 3630 non
2982 3582 3106 3630 sunt
3130 3574 3261 3629 mihi
3289 3573 3496 3642 sagittae

1912 3685 2107 3727 aureae.
2138 3670 2269 3726 Dico
2298 3682 2400 3738 ego
2420 3667 2488 3722 ad
2519 3675 2571 3721 te
2597 3667 2743 3722 beati
2790 3665 2935 3721 Petri
2978 3665 3192 3721 verbis:
3224 3665 3417 3718 Aurum
3445 3669 3495 3717 et

1913 3770 2185 3835 argentum
2215 3777 2317 3814 non
2347 3768 2423 3815 est
2441 3759 2598 3823 mihi;
2625 3758 2716 3812 sed
2742 3756 2877 3828 quod
2904 3755 3083 3822 habeo,
3116 3755 3181 3809 do
3205 3756 3292 3809 tibi
3313 3756 3367 3807 in
3396 3770 3493 3809 no-

1912 3855 2049 3908 mine
2073 3852 2283 3906 Domini
2312 3852 2476 3905 nostri
2504 3848 2625 3904 Iesu
2650 3847 2837 3903 Christi
2861 3845 3128 3901 Nazareni
3158 3845 3289 3916 (Act.
3314 3860 3389 3910 ut,
3414 3842 3490 3915 6).

1910 3947 2066 4001 Disce
2097 3944 2371 3999 hominem
2401 3950 2455 3997 et
2480 3942 2665 3996 Deum.

1981 4036 2069 4089 22.
2112 4034 2219 4090 Sed
2239 4032 2292 4089 id
2322 4032 2468 4102 quod
2495 4031 2754 4095 dicebam,
2786 4026 3101 4083 missionem
3130 4040 3159 4079 a
3190 4022 3348 4078 Patre
3367 4037 3495 4078 nus-

1910 4142 2073 4197 quam
2102 4124 2283 4179 divina
2329 4122 2603 4191 Scriptura
2635 4119 2819 4175 divino
2846 4116 3024 4171 Verbo
3064 4114 3360 4182 consignat,
3400 4112 3496 4170 sed

1912 4216 2067 4282 Filio,
2099 4214 2190 4284 qui
2239 4221 2320 4267 est
2349 4212 2492 4266 Deus
2520 4209 2756 4263 Verbum
2783 4216 2837 4263 et
2864 4208 3057 4271 homo;
3110 4205 3187 4260 sic
3228 4211 3282 4258 et
3318 4202 3443 4258 alibi
3475 4220 3490 4256 ε

1918 4317 1940 4346 ε
1974 4305 2122 4361 Misit
2152 4303 2291 4357 Deus
2325 4301 2523 4356 Filium
2560 4315 2708 4354 suum
2750 4295 2891 4369 (Gal.
2930 4313 3001 4363 ιν,
3042 4294 3119 4366 4).
3162 4293 3280 4350 Non
3319 4292 3490 4349 dixit:

1398 4419 1943 4481 CASTIGA'I‘IONES
1982 4419 2068 4477 ET
2107 4415 2332 4474 NOTE.

307 4537 336 4567 η
371 4528 977 4600 Dehac_yoce_diversp
1004 4538 1285 4600 senserunt
1314 4529 1573 4597 editores,
1609 4532 1814 4587 scilicet
1838 4536 1892 4596 ι)
1923 4548 2079 4586 aurea
2106 4547 2200 4584 sua
2229 4526 2502 4600 pharetra,
2544 4522 2775 4577 consules
2795 4530 2843 4600 et
2872 4523 3077 4600 comites
3096 4520 3493 4600 ,_magistratus-

232 4599 533 4669 Cotelerius
551 4597 712 4669 (Mon.
741 4598 890 4669 Eccl.
922 4596 1013 4652 Gr.
1050 4606 1180 4653 tom.
1206 4599 1293 4665 lll,
1324 4616 1378 4669 p.
1403 4599 1499 4654 601
1527 4619 1538 4653 :
1562 4596 1587 4653 ⁷.
1616 4600 1813 4657 Existi-

235 4676 385 4742 mant
412 4667 512 4721 viri
536 4666 830 4742 doctissimi
856 4669 1078 4742 verbum
1099 4666 1462 4742 subripidesse
1477 4680 1809 4742 corruptum;

235 4739 383 4809 quod
410 4744 589 4809 tamen
618 4738 731 4793 sola
760 4753 925 4809 prava
959 4738 1337 4809 conjunctione
1377 4742 1587 4796 laborat
1609 4738 1711 4808 ,ἐι
1737 4742 1812 4797 ita

236 4806 385 4883 recte
410 4806 803 4883 constituetur:
828 4807 927 4883 _Sic
954 4818 1003 4861 et
1024 4806 1147 4862 alibi
1169 4808 1278 4862 dixi
1309 4809 1585 4883 S_ubripio:
1608 4806 1811 4883 prodito

236 4880 291 4949 in
334 4878 552 4932 medium
578 4886 628 4930 et
654 4894 796 4949 uoces
812 4878 913 4949 has
952 4895 1136 4949 argue;
1168 4897 1185 4929 ι
1232 4886 1287 4933 et
1324 4878 1570 4935 Baluiius
1594 4878 1618 4934 ε’
1655 4900 1672 4933 ι
1704 4882 1813 4936 Du-

237 4948 385 5003 bium
408 4963 513 5019 non
542 4955 625 5001 est
650 4948 777 5019 quin
806 4948 918 5019 haec
942 4948 1045 5019 vox
1076 4948 1145 5002 sit
1173 4958 1443 5019 corrupta.
1476 4949 1673 5004 Verum
1694 4967 1814 5019 eam

238 5018 553 5072 retinuimus
578 5018 704 5085 quia
735 5018 960 5087 habetur
995 5018 1049 5072 in
1089 5018 1321 5087 antiquis
1336 5018 1635 5075 codicibus.
1674 5018 1811 5075 Gar-

240 5088 423 5169 nerius
443 5088 680 5169 reposuit
708 5086 799 5140 sub
815 5088 1093 5169 principio.
1121 5108 1139 5138 ι
1175 5086 1330 5169 Ειητξ

309 5156 337 5195 δ
358 5156 573 5226 Repetit
598 5156 919 5226 calumniam
945 5156 1107 5226 quam
1136 5174 1280 5213 num.
1314 5159 1348 5212 5
1374 5157 1573 5214 fecerat
1600 5159 1666 5215 de
1693 5175 1815 5215 cor-

242 5227 415 5299 ruptis
437 5225 620 5299 Cyrilli
642 5242 773 5281 auro
790 5225 1419 5299 Constantinopolitanis.
1450 5226 1647 5299 Confer
1674 5231 1815 5285 hunc

243 5294 420 5370 locum
438 5294 862 5370 _cum__opposito
897 5294 1107 5370 Cyrilli
1131 5294 1446 5370 objicientis
1472 5298 1600 5370 illud
1640 5300 1814 5370 ipsum

244 5366 489 5438 Nestorio
507 5384 525 5438 γε
559 5365 807 5438 Νεὶᾱνὶιω
834 5365 1025 5438 ἱειεάρ
1058 5366 1375 5438 blasphemus
1405 5368 1578 5422 videns
1602 5365 1708 5423 se'a
1729 5387 1815 5425 co-

243 5437 449 5490 mitibus
481 5435 714 5509 defendi,
737 5436 918 5491 horum
944 5437 1135 5509 fiducia
1167 5435 1335 5492 elatus
1375 5446 1482 5502 est;
1520 5440 1674 5493 immo
1701 5455 1814 5494 cum

244 5514 472 5578 speraret
508 5506 752 5581 cenabis
778 5514 1017 5581 terrorem
1054 5508 1296 5578 injicere,
1337 5524 1428 5581 nos
1469 5510 1657 5581 erexit:
1689 5510 1810 5581 Age,

247 5577 360 5658 cum
392 5578 626 5658 suspiriis
647 5585 696 5631 et
714 5577 973 5658 hlacrymis
1007 5577 1271 5647 pro’more
1313 5578 1582 5658 dica_mus:_
1618 5577 1815 5658 Bonum

247 5656 319 5721 est
356 5646 567 5718 sperare
583 5647 659 5721 ‘in
703 5646 926 5721 Domino
966 5646 1116 5721 quam
1158 5664 1365 5718 sperare
1410 5651 1464 5721 in
1502 5649 1815 5721 principibus

250 5714 362 5788 (Ps.
385 5714 556 5797 'cxvn,
579 5716 655 5774 8).
697 5717 799 5774 Hic
823 5714 994 5787 enim,
1039 5719 1119 5773 hic
1159 5714 1537 5795 casecrandus',
1568 5714 1819 5779 exhausta

1918 4618 2014 4673 que
2035 4610 2083 4655 et
2105 4589 2407 4673 reginarum
2446 4594 2971 4673 chorum-concitavit.
3014 4589 3494 4673 Sed‘nosuprophe-

1918 4660 2070 4727 t'icum
2097 4660 2227 4723 illud
2250 4682 2548 4735 usurpemus
2565 4680 2587 4735 ί
2620 4661 2693 4716 Hi
2722 4665 2776 4717 in
2802 4660 3052 4735 curribus,
3081 4661 3210 4735 eihi
3235 4662 3289 4713 in
3316 4660 3490 4735 equis;

1917 4759 2010 4796 nos
2043 4749 2211 4794 autem
2238 4738 2291 4791 in
2319 4727 2526 4790 nomine
2553 4733 2763 4789 Domini
2792 4731 2891 4787 Dei
2930 4732 3091 4786 nostri
3126 4730 3241 4801 (Ps.
3273 4727 3381 4793 ω,
3412 4727 3489 4795 8),

1916 4819 2019 4868 etc.

1990 4892 2013 4921 ο
2054 4879 2209 4934 Hunc
2237 4875 2481 4948 Apostoli
2517 4875 2692 4948 locum
2722 4879 2881 4948 vexat
2915 4871 2969 4948 in
3008 4883 3221 4948 omnem
3255 4874 3488 4948 partem,

1916 4952 2209 5029 utiturque
2222 4937 2397 5029 vim
2418 4988 2448 5028 ν.
2462 4942 2841 5029 εωρτοιξεξιξίιέ
2857 4937 3489 5029 ἓὲςῖὶηνῗῖίίὲἷῗκνὲἶὲῗῗι

1918 5006 2363 5090 interpretatione
2404 5006 2452 5070 ei
2490 5006 2593 5083 qui'
2620 5013 2786 5067 hocce
2825 5006 3292 5090 testimonio‘usus
3320 5006 3493 5060 fuerat

1920 5076 2172 5145 invidiam
2201 5087 2395 5152 facere,
2434 5076 2554 5154 prie
2572 5096 2771 5154 vesana
2799 5079 2963 5154 animi
2988 5076 3303 5154 impotentia
3328 5092 3341 5126 :
3369 5090 3493 5129 nam

1922 5160 2083 5215 tacito
2107 5159 2322 5213 nomine
2343 5144 2702 5211 deb'acchatur
2722 5151 2774 5204 in
2796 5144 3489 5209 Joannem'Antiochenum,

1920 5230 2163 5299 alioquin,
2200 5227 2366 5297 ipsius
2394 5220 2876 5299 amantissimum;
2895 5218 3041 5299 solus
3078 5216 3221 5271 enim
3248 5229 3436 5270 eorum
3461 5229 3493 5268 a

1919 5287 2113 5369 quibus
2133 5287 2337 5369 litteras
2362 5298 2643 5369 acceperat
2669 5291 2811 5345 hunc
2837 5287 2989 5369 Pauli
2995 5287 3194 5369 “locum.
3211 5298 3495 5369 argument

1921 5355 2063 5425 fatus
2101 5376 2201 5433 est,
2233 5366 2301 5421 ad
2330 5355 2659 5435 probandam
2701 5360 2955 5435 ριρτὸκσν.
2994 5355 3084 5412 Sic
3111 5355 3253 5435 enim
3281 5355 3495 5435 scripsit

1923 5442 1962 5511 (ι
1986 5424 2053 5510 ρ.
2071 5455 2114 5511 c_.
2141 5424 2300 5511 Eph,
2327 5424 2371 5487 ἑ.
2390 5432 2486 5511 25)
2513 5450 2525 5485 :
2551 5432 2677 5511 Cum
2697 5429 2794 5485 Dei
2810 5445 2933 5511 erga
2951 5444 3045 5482 nos
3075 5426 3392 5511 clementiam
3418 5424 3493 5478 di-

1920 5496 2050 5584 uinae
2074 5496 2359 5584 Scriptura:
2379 5496 2499 5557 hinc
2512 5496 3106 5584 pra'a‘cipu'econﬁnnent,
3131 5496 3265 5578 quod
3283 5496 3492 5584 unicum

1919 5579 2065 5633 illum
2093 5565 2551 5647 sempiternumque
2589 5565 2685 5625 Dei
2713 5565 2909 5624 Filium
2950 5578 3069 5623 ante
3085 5565 3275 5647 pinnia
3303 5565 3494 5647 saecula

1921 5658 2098 5703 natum
2120 5637 2389 5716 impetibili
2414 5637 2565 5699 modo
2593 5657 2825 5716 exsucra
2853 5656 3046 5716 quoque
3069 5637 3298 5716 Virgine
3326 5642 3494 5716 ortum

1922 5703 2214 5779 ostendunt:
2259 5715 2375 5775 Huc
2404 5730 2621 5787 namque
2642 5712 2837 5768 divinus
2863 5703 3021 5769 tendit
3047 5703 3337 5787 Aposlolus,
3376 5703 3494 5767 dum
