3904 6272
256 306 354 367 881

1426 296 1593 358 IMP“
1619 295 1938 357 NESTORII
1974 293 2207 354 SERMO
2229 294 2373 353 Xlil.

252 392 567 484 continget
606 414 783 470 nullus
807 415 952 471 enim
973 414 1126 471 locus
1151 412 1233 470 eis
1270 411 1570 469 insolentiae
1590 411 1832 469 daturin
1856 415 1905 474 Α
1936 413 2098 468 tuales
2121 413 2263 479 estis,
2295 410 2532 467 instruite
2546 410 2841 483 huiusmodi
2857 412 2918 466 in
2948 409 3132 482 spiritu
3155 412 3509 466 mansuetudi-

254 509 472 566 civitate
508 521 627 577 quae
671 513 891 576 regnat;
923 522 1031 562 una
1059 520 1289 575 namque
1319 505 1423 560 illis
1461 520 1588 561 cura
1616 511 1718 570 est,
1744 510 1829 560 to-

255 607 370 657 tum
412 599 610 667 ubique
638 599 877 655 turbare.
905 597 1011 654 Sed
1050 612 1150 653 nos
1177 597 1296 654 aliis
1334 604 1520 652 contra
1548 611 1644 653 eos
1670 596 1833 651 armis

254 699 541 756 certemus,
567 688 719 746 Pauli
745 689 993 746 videlicet
1022 688 1273 744 mandata
1320 696 1592 745 sumentes
1622 705 1637 742 :
1665 686 1833 759 Opor-

254 792 344 849 tet,
397 782 589 852 inquit,
636 782 927 852 episcopum
963 777 1459 851 irreprebensibilem
1512 796 1641 847 esse,
1680 780 1833 833 unius

252 874 431 930 uxoris
460 874 641 935 unum,
672 872 920 937 sobrium,
963 870 1222 941 pudicum,
1260 870 1538 938 decentem,
1572 880 1830 937 ornatum,

253 964 545 1031 docibilem,
568 964 955 1035 amplectentem
975 979 1090 1018 eum
1116 964 1202 1034 qui
1229 962 1510 1017 secundum
1544 961 1834 1017 doctrinam

251 1065 351 1125 est,
380 1056 587 1128 ﬁdelem
612 1072 914 1122 sermonem,
939 1065 996 1110 ut
1034 1064 1213 1128 potens
1250 1058 1319 1111 sit
1344 1057 1610 1113 exhortari
1643 1059 1701 1112 in
1739 1058 1834 1113 do-

252 1150 425 1205 ctrina
452 1165 602 1216 sana,
631 1157 683 1205 et
708 1165 794 1205 eos
823 1150 909 1221 qui
951 1148 1311 1205 contradicunt
1352 1164 1567 1221 arguere
1611 1148 1663 1221 (ι
1698 1148 1831 1204 Tim.

251 1259 333 1309 tu,
362 1239 449 1314 2);
477 1257 589 1299 non
613 1241 749 1297 dixit
772 1256 867 1299 eos
909 1242 995 1315 qui
1027 1241 1390 1297 contradicunt
1426 1252 1607 1313 potens
1632 1244 1703 1297 sit
1727 1226 1837 1297 δηι-

252 1351 473 1400 nerare;
503 1333 620 1401 sed,
648 1343 704 1389 ut
723 1342 901 1405 potens
940 1336 1009 1389 sit
1038 1350 1125 1396 eos
1151 1335 1237 1406 qui
1265 1334 1629 1389 contradicunt
1655 1333 1837 1389 redar-

251 1444 439 1498 guere;
462 1433 518 1481 et
545 1440 728 1483 sanam
754 1426 1043 1483 defendere
1063 1434 1225 1494 atque
1244 1425 1495 1496 amplecti
1514 1425 1832 1482 doctrinam.

250 1518 391 1574 Nam
418 1518 546 1588 quid
587 1531 718 1587 ergo
744 1518 791 1574 si
842 1517 933 1573 ille
968 1517 1279 1581 irritaverit,
1322 1517 1569 1587 inquies?
1614 1514 1840 1587 Oportet

250 1609 664 1664 mansuetudine
692 1609 888 1665 docere
918 1608 1349 1664 contradicentes
1375 1627 1387 1662 :
1432 1607 1726 1682 Nequam
1754 1609 1838 1665 det

212 1742 219 1747 .
249 1700 359 1757 illis
389 1699 529 1755 Deus
558 1716 939 1772 recognoscere,
981 1708 1033 1754 et
1074 1700 1383 1772 resipiscam
1427 1701 1492 1756 de
1530 1699 1723 1756 diaboli
1751 1702 1834 1755 la-

1931 505 2014 559 nis
2038 502 2178 576 (Gal.
2205 519 2278 570 vi,
2310 503 2387 575 l).
2418 501 2554 558 Puta
2581 503 2672 574 qui
2705 502 3112 569 ἁὶοὶῑθιοτὸιως,
3145 503 3190 557 si
3217 511 3273 558 et
3296 513 3513 583 Χριστο-

1932 594 2077 657 τᾶκος·
2094 595 2255 660 diost,
2285 594 2431 665 quod
2450 607 2647 649 nomen
2668 594 2737 648 sit
2762 594 2987 649 duarum
3014 593 3331 663 signiﬁcatio
3360 602 3515 650 natu-

1932 699 2136 739 rarum.
2168 684 2236 739 Et
2263 690 2479 756 oportet
2503 684 2571 739 ad
2596 683 3007 740 aediﬁcationem
3050 682 3306 739 Ecclesiae
3333 684 3513 740 omnia

1934 777 2131 833 facere.
3106 804 3107 807 η

2008 866 2095 923 52.
2124 866 2219 923 Est
2239 867 2477 939 quidem,
2507 873 2567 923 ut
2593 866 2721 935 dixi,
2752 881 2861 923 vox
2888 867 3008 933 ista,
3034 865 3087 921 id
3112 872 3212 931 est,
3237 866 3519 944 Χριστοτὸ-

1936 982 2037 1026 nec,
2070 958 2421 1031 signiﬁcatlva
2459 960 2686 1016 duarmn
2733 968 3063 1026 naturarum,
3095 967 3151 1014 et
3178 960 3432 1023 Deitatis,
3463 966 3520 1014 et

1935 1053 2318 1109 humanitatis:
2351 1052 2567 1123 quando
2593 1060 2773 1108 autem
2816 1068 2939 1109 cum
2965 1051 3378 1122 simplicioribus
3406 1051 3520 1119 agi-

1935 1152 2042 1211 tur,
2074 1159 2212 1216 opus
2255 1150 2340 1200 est
2370 1158 2505 1200 voce
2531 1143 2917 1199 manifestiore.
2942 1143 3078 1210 Quid
3100 1143 3319 1214 impedit
3359 1143 3519 1198 intel—

1936 1238 2136 1295 lectum
2164 1238 2503 1316 Ιριστοτόκου
2528 1236 2651 1304 dici,
2678 1244 2735 1292 et
2760 1237 3002 1295 Θεοτὸκον
3022 1245 3077 1292 et
3103 1236 3520 1313 duopmnoréxos?

1937 1331 2078 1387 sicut
2100 1331 2192 1401 qui
2211 1330 2361 1393 dicit,
2384 1328 2645 1394 Christus,
2668 1328 2953 1385 conﬁtetur
2970 1330 3095 1403 quia
3123 1329 3262 1384 Deus
3282 1336 3337 1383 et
3357 1328 3520 1383 homo

1900 1472 1911 1477 _
1937 1425 2009 1480 sit
2039 1442 2054 1478 :
2085 1425 2165 1481 sic
2186 1432 2243 1479 et
2278 1424 2517 1485 Θεοτὸκος
2546 1430 2602 1478 et
2629 1422 3009 1497 inopen-orbae:
3034 1422 3078 1478 si
3111 1421 3278 1487 dicas,
3313 1428 3519 1475 utrum-

1939 1535 2043 1591 que
2070 1519 2353 1576 confessus
2381 1533 2461 1573 es.

2009 1612 2097 1666 53.
2144 1610 2174 1655 ι)
2215 1610 2558 1681 Deponamus
2601 1608 2778 1676 igitur,
2810 1620 3021 1677 quzeso,
3054 1606 3303 1675 utrinque
3331 1604 3521 1660 adver-

1941 1716 2032 1757 sus
2075 1701 2315 1758 membra
2343 1707 2525 1755 nostra
2555 1699 2727 1754 aciem
2773 1697 3163 1762 contentionis;
3194 1704 3248 1749 et
3287 1696 3332 1751 si
3372 1696 3520 1765 quis-

248 1794 417 1863 queis,
446 1809 480 1849 a
507 1808 608 1863 quo
634 1793 819 1862 captiui
850 1800 1100 1858 mm,
1138 1792 1420 1847 secundum
1439 1792 1553 1863 ejus
1596 1792 1836 1847 solunta-
1870 1796 1915 1855 Β
1941 1806 2103 1864 quam
2123 1790 2485 1861 impudentior
2512 1788 2688 1854 ﬁxerit,
2720 1789 3089 1857 ignoscamus;
3118 1795 3173 1841 et
3200 1788 3243 1841 si
3272 1787 3524 1857 quislibet

252 1892 356 1939 tem
375 1881 439 1953 (ll
467 1882 599 1937 Tim.
630 1896 688 1946 ιι,
719 1880 833 1953 26).

327 1973 414 2028 30.
456 1973 626 2029 Nemo
650 1972 1086 2044 perturbationes
1130 1972 1624 2043 perturbationibus
1650 1971 1835 2037 sedat;

251 2066 432 2125 nullus
483 2065 721 2125 medicus
760 2066 983 2125 vulnera
1029 2065 1342 2121 vulneribus
1387 2072 1560 2121 sanat.
1613 2063 1841 2135 Propter

250 2174 443 2230 pacem
481 2168 508 2199 ⁸
554 2158 852 2231 tyrannidis
889 2160 1249 2214 temeritatem
1279 2159 1480 2225 tolero;
1511 2166 1698 2214 eontra
1727 2158 1840 2213 cal-

249 2252 537 2311 eitrantem
588 2267 698 2309 non
742 2251 999 2318 calcitro;
1037 2251 1421 2308 caleitrabatur
1457 2251 1703 2306 Christus
1742 2250 1841 2306 ali~

249 2342 489 2413 quando,
519 2342 615 2401 sed
644 2344 760 2414 ipse
810 2357 920 2399 non
964 2342 1315 2409 ealcitrahat;
1350 2342 1446 2398 sed
1474 2342 1603 2411 quid
1629 2342 1698 2397 ad
1724 2341 1838 2397 cal-

249 2434 538 2500 citrautem
564 2434 777 2493 dicebat
812 2452 825 2489 :
874 2433 1079 2490 Durum
1105 2442 1185 2489 est
1213 2443 1396 2489 contra
1430 2434 1696 2489 stimuhtm
1731 2432 1842 2489 cal-

249 2526 444 2580 citrare
467 2524 602 2596 (Act.
634 2542 686 2592 v,
720 2524 815 2594 5)?
1511 2577 1517 2583 .

324 2618 414 2675 3L
446 2618 570 2675 Hine
620 2618 781 2685 igitur
820 2618 965 2688 apud
1008 2617 1371 2687 nosmetipsos
1414 2616 1747 2682 memoriter,
1780 2620 1842 2670 ut

254 2709 389 2771 dixi,
413 2724 712 2775 servemus;
738 2724 953 2765 omnem
978 2708 1225 2765 hmresim
1246 2708 1479 2763 aversati
1499 2706 1627 2762 odio
1644 2706 1843 2762 habea-

254 2813 376 2855 mus
407 2814 529 2856 cum
550 2798 721 2857 Paulo
769 2800 1122 2856 Samosateno
1162 2798 1481 2866 Photinum;
1514 2799 1701 2853 Arium
1720 2813 1843 2855 cum

254 2889 551 2960 Apollinari
580 2890 929 2957 detestemur,
962 2901 1016 2947 et
1043 2892 1110 2947 ad
1139 2908 1354 2948 omnem
1394 2908 1616 2963 prorsus
1640 2901 1843 2948 sectam

254 2995 436 3052 pravas
462 2981 586 3038 ﬁdei
614 2983 1009 3052 implacabiles,
1041 2983 1308 3055 iidemque
1342 2982 1599 3040 Ecclesiae
1637 2984 1843 3053 ample-

251 3081 483 3141 ctentes,
509 3074 578 3130 ad
596 3075 838 3130 membra
857 3076 1077 3146 propria
1099 3090 1209 3130 non
1231 3076 1632 3131 conturbemur.
1660 3075 1728 3130 Et
1748 3076 1844 3147 qui

1941 1881 2188 1936 subtilius
2207 1880 2369 1945 dicat,
2393 1879 2549 1935 venia
2565 1879 2811 1935 similiter
2828 1878 3019 1947 dignus
3040 1878 3302 1932 habeatur
3322 1896 3333 1931 :
3357 1886 3523 1933 unum

1940 1981 2121 2029 tamen
2165 1973 2555 2043 prospicientes
2576 2013 2593 2039 ,
2625 1987 2694 2027 ne
2739 1979 3042 2053 creaturam
3075 1970 3306 2025 Verbum
3354 1972 3522 2025 Deum

1938 2067 2205 2137 quispiam
2238 2066 2412 2132 dicat;
2456 2080 2523 2121 ne
2550 2064 2958 2129 humanitatem,
2990 2076 3111 2131 quae
3146 2070 3394 2131 suscepta
3420 2070 3519 2127 est,

1940 2156 2324 2228 imperfectam.
2357 2155 2414 2210 Si
2436 2155 2554 2226 quis
2581 2155 2724 2211 dicat
2750 2155 2882 2220 haec,
2921 2152 3065 2222 justa
3095 2151 3347 2207 adversus
3383 2153 3525 2207 hunc

1939 2250 2018 2304 ira
2052 2248 2404 2318 suscipiatur;
2436 2248 2483 2302 si
2506 2262 2636 2302 vero
2664 2248 2719 2301 in
2747 2246 2831 2302 his
2861 2259 2980 2316 quae
3023 2252 3078 2299 tu
3119 2244 3393 2300 conﬁteris
3438 2242 3524 2298 di-

1939 2341 2191 2397 stantiam
2211 2338 2383 2403 aﬁ‘crt,
2409 2339 2537 2408 quid
2559 2354 2668 2393 non
2693 2338 2761 2393 ad
2782 2352 2905 2393 eum
2930 2336 3092 2391 dicis:
3119 2334 3177 2390 Si
3200 2335 3398 2390 locutio
3420 2334 3525 2389 fra-

1939 2440 2078 2488 trem
2103 2447 2283 2487 meum
2310 2431 2550 2497 offendit,
2569 2445 2677 2485 non
2708 2445 2828 2485 eam
2854 2429 3124 2499 proferam
3153 2427 3206 2480 in
3242 2434 3520 2481 ueternum.

1941 2526 2097 2593 Quod
2136 2526 2181 2579 si
2213 2525 2420 2597 [Batus
2451 2524 2572 2577 add.
2602 2521 2727 2593 ego]
2772 2521 2930 2577 alicui
2957 2519 3023 2574 ad
3068 2519 3217 2589 pacis
3242 2518 3523 2572 consilium

1942 2618 2118 2672 minus
2141 2617 2365 2670 idoneus
2384 2615 2589 2680 videor,
2620 2615 2799 2670 audite
2827 2614 2895 2669 ad
2922 2628 3018 2669 vos
3046 2611 3269 2667 Paulum
3288 2611 3525 2683 claman-

1942 2714 2051 2762 tem
2078 2724 2091 2759 :
2124 2703 2254 2769 Quae
2274 2706 2545 2771 didicistis,
2568 2713 2617 2758 et
2646 2704 2884 2769 audistis,
2917 2712 2968 2757 et
2998 2702 3284 2773 accepistis,
3314 2709 3364 2755 et
3396 2699 3525 2754 ridi-

1941 2799 2036 2853 stis
2064 2800 2118 2852 in
2146 2813 2243 2862 me,
2268 2797 2377 2851 lucc
2405 2798 2559 2867 agite,
2589 2804 2639 2849 et
2660 2794 2799 2849 Deus
2820 2796 2963 2865 pacis
2985 2795 3084 2848 erit
3104 2794 3357 2848 vobiscum
3380 2790 3525 2863 (Plut

1942 2892 2068 2963 um
2094 2908 2165 2956 ’ν’
2189 2890 2277 2960 9)'
2537 2956 2769 3015 SERMO
2805 2956 2941 3011 xm.

2183 3053 2287 3108 Die
2310 3052 2492 3119 altera,
2524 3052 2583 3106 id
2608 3060 2701 3116 est,
2734 3050 3014 3106 Dominica
3046 3058 3068 3088 ο
3102 3046 3285 3101 dictus.

250 3166 440 3225 dicunt
482 3166 722 3230 Osoro'not'
748 3175 974 3235 tantum,
1005 3169 1220 3225 tametsi
1245 3168 1385 3225 desit
1411 3170 1489 3226 eis
1515 3171 1661 3242 quod
1689 3179 1841 3242 post-
1866 3164 1915 3228 C
2018 3165 2066 3219 i.
2110 3163 2137 3204 ἀ
2166 3164 2299 3221 Aliis
2328 3166 2379 3219 in
2409 3165 2568 3220 terris
2592 3165 2694 3219 sita
2716 3170 2799 3219 est
2834 3163 3058 3217 aliarum
3086 3159 3289 3216 utilitas
3328 3173 3525 3225 rerum,

252 3273 323 3317 ea
360 3260 502 3316 forte
520 3260 833 3330 suscipient,
856 3267 913 3316 et
934 3260 1077 3318 circa
1102 3269 1306 3317 rectam
1327 3260 1487 3317 ﬁdem
1507 3262 1841 3332 claudicent;

252 3359 628 3407 verumtamen
670 3352 911 3407 membra
936 3361 1063 3407 sunt
1107 3352 1375 3410 Ecclesiae.
1423 3352 1493 3407 Et
1527 3355 1620 3423 qui
1659 3354 1846 3410 dicunt

252 3451 466 3499 tantum
486 3443 719 3498 hominis
746 3443 995 3513 genitrix,
1020 3444 1075 3499 id
1102 3452 1203 3507 est,
1235 3446 1641 3525 ἂνθρωποτὸκος,
1674 3453 1731 3501 et
1752 3445 1843 3503 isti

252 3541 385 3591 sunt
429 3535 670 3589 membra
697 3533 969 3601 Ecclesiae,
1001 3535 1096 3591 sed
1140 3537 1394 3606 spiritalis
1432 3537 1620 3607 inopes
1668 3537 1842 3593 medi-

251 3627 414 3685 cinae.
443 3626 561 3683 Non
588 3640 718 3695 ergo
746 3627 801 3681 in
838 3625 1035 3682 fratres
1070 3627 1381 3682 haternitas
1406 3628 1574 3681 irruat
1606 3645 1619 3680 :
1650 3626 1843 3682 Frater

252 3719 473 3789 fratrem
494 3717 747 3788 adjuvans
765 3715 1095 3783 multabitur,
1126 3718 1263 3773 sicut
1285 3718 1465 3772 ciuitas
1481 3718 1635 3787 ﬁrma
1656 3716 1836 3792 (Prov.

253 3823 388 3865 ινιιι
409 3846 427 3872 ,
457 3806 544 3877 9).
590 3806 661 3863 Et
706 3808 903 3863 iterum
955 3806 1189 3864 Paulus:
1221 3806 1437 3863 Fratres
1459 3849 1475 3875 ,
1506 3809 1714 3879 inquit,
1742 3808 1839 3863 etsi

239 3908 653 3971 -ρνοοοιιῳαω
667 3901 821 3971 fuerit
839 3901 952 3973 quis
977 3902 1034 3955 in
1062 3903 1239 3974 alim
1253 3901 1458 3967 delicto,
1482 3918 1568 3957 vos
1587 3905 1673 3975 qui
1687 3903 1843 3973 spiri-

1947 3266 2003 3315 et
2027 3258 2345 3328 quibusdam
2367 3258 2583 3327 quidem
2607 3257 2661 3311 in
2690 3256 2877 3310 militia
2905 3254 3101 3323 degere
3118 3294 3134 3325 ,
3164 3265 3355 3322 magna
3383 3251 3531 3307 vide-

1950 3357 2039 3405 tur
2064 3350 2296 3415 utilitas;
2327 3349 2649 3418 quibusdam
2672 3361 2805 3403 vero
2826 3347 2881 3402 in
2910 3345 3028 3401 foro
3050 3360 3232 3400 rerum
3262 3342 3530 3398 venalium

1947 3443 2200 3500 convenit
2236 3450 2570 3507 mercatura;
2605 3441 2731 3495 item
2757 3440 2874 3495 aliis
2902 3437 3137 3510 optabile
3165 3443 3247 3491 est
3274 3435 3376 3489 arti
3418 3449 3532 3489 ma-

1948 3536 2139 3591 ritimae
2167 3535 2402 3590 studium
2429 3532 2800 3597 commodare;
2849 3530 3120 3587 nonnullis
3166 3528 3387 3583 alterius
3433 3542 3529 3582 cu—

1943 3627 2164 3699 juslibet
2190 3628 2460 3683 terrestris
2484 3625 2908 3683 conversationis
2930 3624 3065 3680 inire
3090 3623 3363 3695 negotium
3389 3639 3400 3674 :
3424 3621 3535 3692 pie-

1947 3721 2074 3777 tatis
2102 3727 2281 3775 autem
2309 3720 2531 3775 scientia
2552 3718 2608 3773 in
2633 3731 2918 3773 commune
2940 3712 3529 3777 omnibus‘hominibus,

1923 3812 2166 3881 regibus
2210 3811 2415 3867 scilicet
2454 3817 2509 3865 et
2553 3808 2953 3871 sacerdotibus,
2984 3804 3330 3877 popularibus
3352 3818 3416 3858 ac
3441 3816 3535 3873 po-

1947 3903 2201 3967 tentibus,
2235 3902 2387 3957 utilis
2408 3914 2471 3956 ac
2499 3898 2802 3955 necessaria
2832 3904 2933 3953 est.

1440 4012 1979 4070 CASTIGA'I‘IONES
2022 4012 2107 4069 ET
2146 4011 2373 4069 NOTAE.

240 4108 326 4163 tis
354 4108 992 4231 numjuam’convicerunt,
1027 4108 1301 4180 reﬁciunt;
1334 4108 1608 4161 audaciam
1618 4109 1846 4231 ¢fortitu-

252 4180 432 4231 diuersi
496 4182 667 4231 icunt:
697 4178 1051 4231 crudelitatem
1068 4186 1253 4231 vocant
1273 4180 1470 4231 zelum:
1501 4180 1614 4231 frau
1653 4194 1733 4231 em
1760 4194 1846 4231 sa.

252 4180 432 4233 diuem
460 4178 667 4241 dicunt;
697 4178 1051 4249 crudelitatem
1068 4178 1253 4233 uocant
1273 4180 1470 4243 zelum;
1499 4178 1733 4249 fraudem
1760 4194 1847 4232 sa.-

254 4251 465 4319 pientia:
487 4250 598 4303 loco
625 4248 833 4302 habent.
870 4246 996 4319 Quis
1022 4249 1135 4319 rhazc
1158 4251 1330 4303 omnia
1353 4246 1607 4319 tragtedus
1628 4249 1848 4319 veliﬁcan-

256 4317 398 4389 tenta
428 4336 545 4374 voce
572 4319 917 4389 expresserit?
953 4317 1236 4373 Liberatus
1263 4317 1489 4372 narrans
1528 4318 1655 4387 quid
1684 4318 1851 4389 Cyril-

256 4387 342 4442 lus
370 4398 553 4457 ageret
579 4387 707 4443 dum
734 4396 1077 4460 exspectatur
1104 4390 1221 4460 dies
1248 4388 1439 4445 futurae
1462 4390 1651 4460 synodi
1690 4406 1701 4441 :
1732 4387 1845 4443 ‘De—

255 4460 556 4531 ﬂorationes
584 4458 835 4531 quasdam
863 4458 1109 4514 librorum
1156 4458 1389 4531 Nectarii
1437 4458 1690 4530 faciebat,
1731 4475 1847 4513 eum

254 4530 554 4601 perturbare
582 4529 753 4584 uolens
770 4538 931 4601 ;7erat
956 4531 1193 4601 enim,ut
1211 4529 1426 4601 dicitur,
1440 4529 1560 4601 ejus
1582 4531 1839 4584 inimicus.

329 4608 356 4638 ι
396 4600 714 4655 Meminerat
740 4599 893 4654 initio
922 4600 1182 4671 tyrannici
1217 4599 1701 4671 Alexandrinorum
1737 4601 1845 4670 epi-

254 4685 545 4752 scoporum
574 4671 791 4752 spiritus
800 4688 835 4752 5‘
851 4670 1011 4752 atque
1040 4670 1115 4752 ita
1142 4685 1331 4752 vocem
1361 4670 1501 4724 hanc
1529 4679 1672 4725 amat
1700 4685 1847 4725 usur-

255 4739 390 4817 pare
422 4742 489 4795 ad
513 4739 769 4823 invidiam
796 4739 1001 4822 Cyrilli,
1025 4741 1116 4810 qui
1131 4740 1363 4823 perinde
1388 4756 1456 4795 ac
1472 4755 1842 4813 praecessores,
1877 4796 1879 4803 ,

254 4814 423 4866 immo
450 4811 637 4879 magis,
670 4819 890 4865 venerat
919 4811 973 4866 in
1000 4812 1357 4879 suspicionem
1392 4812 1656 4881 usurpatae
1681 4825 1847 4866 saecu-

256 4882 393 4954 laris
412 4882 480 4954 in_
491 4881 781 4954 Egyptum
802 4882 1073 4951 potentiae,
1099 4889 1261 4951 atque
1289 4881 1422 4936 adeo
1454 4881 1765 4954 tyrannidis,
1791 4889 1850 4936 ut

255 4951 421 5005 tradit
451 4951 720 5007 Socrates.

329 5020 358 5060 δ
396 5022 454 5076 In
485 5023 599 5077 haec
622 5022 815 5087 verba,
844 5029 937 5077 aut
957 5029 1107 5085 certe
1133 5023 1187 5079 in
1218 5023 1377 5077 istum
1415 5036 1723 5076 sermonem
1762 5021 1844 5075 in-

258 5093 552 5147 tendebant
580 5092 716 5147 t‘orte
745 5093 1217 5162 veteresihistorite
1244 5094 1535 5162 scriptores
1558 5133 1571 5157 ,
1605 5107 1727 5147 cum
1772 5091 1845 5146 di-

257 5170 445 5217 cerent
472 5169 595 5232 post
616 5162 894 5218 Socratem
926 5161 1064 5233 (Lib.
1090 5180 1179 5228 vn,
1210 5180 1255 5216 c.
1279 5161 1369 5233 55)
1400 5182 1410 5215 :
1440 5161 1610 5216 Rebus
1627 5164 1700 5215 sic
1725 5172 1844 5215 tunc

258 5232 567 5304 perturbatis
608 5244 658 5286 et
698 5236 957 5304 confusis,
1010 5232 1310 5299 Nestorius,
1361 5249 1475 5286 cum
1503 5234 1845 5287 contentionis

258 5312 452 5375 pestem
481 5303 911 5375 latiusinvulgus
940 5320 1155 5358 manare
1191 5303 1515 5375 intelligeret,
1548 5304 1844 5375 ptenilentia

261 5372 543 5445 adductus,
564 5372 831 5445 __Mariam
862 5373 1145 5445 Deiparam
1168 5372 1403 5445 it‘ocavit',
1449 5375 1522 5426 sic
1548 5372 1841 5428 elocutus:

268 5461 296 5515 ιΔ
314 5441 533 5497 Dicatur
551 5443 611 5515 Μ
616 5446 729 5497 aria
756 5441 1007 5515 Deipara,
1039 5454 1089 5498 et
1117 5444 1422 5512 offensiones
1453 5447 1742 5499 animorum
1763 5460 1846 5499 se-

262 5512 465 5585 dantur.
498 5533 513 5565 ι
550 5513 739 5568 Verum
767 5512 914 5569 uento
933 5515 1081 5569 illum
1110 5515 1405 5585 paenitentia
1437 5515 1714 5569 adductum
1739 5516 1848 5574 hac

262 5582 455 5637 dixisse
479 5585 817 5649 existimavit;
848 5582 1169 5653 quamquam
1200 5584 1401 5653 dictum
1432 5585 1570 5639 istud
1611 5601 1640 5640 a
1664 5584 1843 5641 Nesto-

260 5654 343 5725 ijo
366 5654 565 5709 scribat
582 5652 913 5725 Nicephorus
931 5652 1199 5725 (Lib.xrv,
1224 5669 1268 5707 c.
1296 5652 1383 5725 55)
1409 5664 1530 5724 post
1558 5657 1845 5711 concilium

262 5722 607 5851 Ephgsinum,
632 5722 753 5780 cum
776 5725 1027 5782 Ecclesiae
1054 5724 1172 5780 diro
1194 5722 1480 5782 schismate
1504 5726 1668 5797 ipsius
1687 5742 1846 5782 causa

263 5809 375 5851 scin
415 5810 541 5851 eren
571 5812 651 5851 ur.

263 5804 651 5852 minuerentur.

2025 4118 2048 4146 ο
2088 4105 2285 4160 Habuit
2330 4105 2474 4159 hunc
2516 4115 2821 4157 sermonem
2867 4099 3145 4155 Nestorius
3190 4097 3276 4154 die
3322 4097 3533 4153 decimo

1949 4186 2143 4247 quarto
2162 4175 2470 4247 Decembris
2490 4188 2616 4228 ann.
2639 4172 2760 4237 450,
2785 4169 3099 4247 cum_l_’essus
3118 4177 3261 4247 esset
3280 4169 3533 4247 hesterno

1948 4239 2153 4311 labore,
2186 4254 2242 4301 et
2269 4245 2447 4301 acrius
2468 4251 2645 4301 tamen
2666 4241 2987 4312 compendio
3013 4240 3314 4312 scientiam;
3320 4239 3535 4312 pietatis

1950 4310 2165 4372 tradere
2192 4322 2492 4383 urgeretur,
2524 4314 2637 4383 sive
2684 4310 2822 4368 hanc
2864 4311 3171 4383 instantiam
3199 4310 3388 4383 callide
3416 4326 3535 4383 pro—

1951 4386 2222 4443 curaverit
2246 4381 2346 4442 sibi
2377 4400 2408 4439 a
2434 4385 2543 4439 suis
2571 4382 2706 4450 ﬁeri,
2738 4383 2885 4453 quod
2912 4382 3264 4452 opinabilius;
3308 4381 3419 4435 sive
3460 4381 3533 4453 ab

1950 4458 2067 4512 aliis
2106 4472 2295 4511 revera
2340 4455 2571 4526 tumultu
2609 4451 2840 4526 quodam
2886 4451 2977 4524 pio
3017 4458 3299 4522 cogeretur
3326 4451 3537 4521 aperire

1950 4537 2187 4583 mentem
2218 4526 2270 4581 in
2298 4541 2358 4581 re
2396 4525 2574 4580 dubia.

2022 4598 2367 4679 Duasporro
2403 4597 2464 4679 in
2509 4603 2695 4679 partes
2742 4593 2927 4679 tribuit
2971 4592 3249 4679 scientiam
3296 4591 3531 4679 pietatis,

1952 4684 2111 4752 suam
2140 4664 2267 4723 (ιίέίι
2294 4664 2687 4752 confessum
2726 4673 2783 4748 ςδι
2804 4664 3535 4752 Αςοξῑειξέξιὲιιῑιὲῐξὶῑιζίηὲἓς

1952 4729 2021 4813 tis
2050 4746 2105 4795 et
2133 4738 2512 4813 assumptionis
2538 4736 2769 4792 hominis
2790 4734 3015 4813 perfecti
3031 4750 3061 4788 a
3083 4733 3194 4787 Deo
3208 4731 3403 4786 Verbo.
3430 4729 3535 4813 sed

1955 4810 2008 4865 in
2037 4805 2337 4880 posteriore
2366 4808 2478 4862 sola
2506 4815 2770 4880 versatur,
2799 4805 2888 4861 de
2932 4820 3038 4880 qua
3082 4817 3276 4871 nempe
3310 4805 3535 4880 quaestio

1956 4871 2206 4936 ferveret.
2240 4877 2472 4931 Primam
2505 4877 2758 4947 pmterit,
2809 4881 2867 4947 ut
2893 4871 3192 4947 confessam
3218 4871 3369 4947 apud
3386 4871 3535 4947 audi-

1873 4969 1927 5030 ι)
1958 4958 2119 5007 ιοτθε·
2146 4941 2887 5030 ,βετωοηεητ.ῖιηεπιο.Μ³τ.ίιξε
2916 4943 3201 5030 Merena
3219 4941 3535 5030 995299."

1952 5020 2249 5090 appendice
2277 5016 2717 5090 contradictionis
2746 5014 2813 5068 ad
2834 5013 3208 5090 duodecimum
3230 5011 3537 5090 anathema-

1950 5081 2348 5168 tisnium_,_sicut
2370 5096 2424 5143 et
2441 5085 2857 5168 praecedentem.
2882 5115 2954 5125 ——
2976 5082 3075 5136 Die
3095 5081 3538 5168 Dcn'tinica.'Qum
3604 5140 3615 5145 ,

1952 5162 2136 5217 incidit
2158 5151 2249 5215 illo
2276 5173 2417 5213 anno
2439 5151 2491 5210 in
2517 5155 2655 5209 diem
2678 5154 2959 5223 septimam
2986 5152 3184 5223 mensis
3206 5151 3534 5223 D_ecembris,

1952 5248 2060 5286 non
2085 5247 2213 5287 vero
2238 5229 2289 5282 in
2310 5228 2573 5283 decimam
2593 5220 2859 5294 quartam,
2897 5231 2962 5294 ut
2980 5222 3189 5292 putavit
3225 5220 3534 5294 Gai-uerius.

1951 5301 2086 5358 Vide
2131 5314 2326 5356 novam
2365 5290 2741 5352 collectio-nem
2780 5290 3147 5350 Conciliorum
3175 5308 3228 5362 p.
3264 5290 3387 5358 ΕΞ,
3413 5291 3534 5346 689.
3600 5308 3603 5309 ⁷

1951 5372 2152 5427 ΒΑιυῑ.

2024 5441 2050 5481 ἀ
2090 5442 2189 5497 Hic
2216 5455 2392 5496 sermo
2438 5445 2617 5494 exstat
2662 5452 2729 5491 ex
2776 5436 2881 5490 alia
2922 5434 3169 5489 versione
3198 5434 3250 5487 in
3280 5432 3538 5505 synodico

1955 5513 2210 5569 adversus
2238 5509 2551 5579 tragoediam
2574 5506 2761 5579 lrentei
2783 5522 2900 5579 cap.
2928 5506 2979 5571 5,
3007 5505 3102 5579 ubi
3118 5512 3433 5579 annotatum
3458 5511 3541 5579 est

1954 5585 2102 5639 illum
2124 5573 2467 5638 dictum'esse
2496 5596 2527 5634 a
2552 5578 2800 5634 Nestorio
2822 5573 2946 5632 dum
2968 5575 3173 5631 tardius
3200 5576 3452 5630 intrasset
3472 5573 3538 5627 ad

1954 5669 2185 5728 mensas,
2218 5652 2272 5707 id
2307 5661 2409 5728 est,
2450 5652 2517 5706 ad
2565 5650 2752 5728 Missas
2794 5649 2861 5703 ad
2911 5647 3231 5728 celebranda
3262 5645 3533 5728 mysteria,

1954 5724 2032 5778 uti
2059 5714 2259 5779 dictum
2286 5732 2369 5778 est
2396 5714 2450 5777 in
2478 5730 2627 5777 tomo
2646 5722 2821 5779 primo
2846 5734 2997 5774 novae
3025 5714 3356 5777 collectionis
3392 5714 3537 5770 Cou-

1956 5737 2032 5778 un
2059 5737 2259 5779 dictum
2286 5737 2369 5778 est
2397 5738 2450 5777 in
2478 5737 2627 5777 tomo
2685 5737 2821 5775 nmo
2846 5737 2951 5774 nov

1956 5795 2199 5851 ciliorum
2221 5808 2342 5867 pas.
2368 5792 2471 5849 689
2493 5802 2547 5851 et
2571 5737 2727 5849 1535.
2752 5791 2952 5847 ΒΑιυι.
