3960 6272
363 279 470 337 865

857 271 1050 331 MARII
1085 267 1522 334 MERCATORIS
1558 265 2126 326 TRANSLA'IIONES
2164 265 2523 325 VARIOMJM
2559 267 3086 356 OPUSCULORUM.

3514 277 3630 336 86.

433 393 486 448 2.
525 391 652 461 Quae
679 399 763 448 est
791 397 970 446 autem
998 389 1224 448 scientia
1250 385 1510 458 pietatis?
1550 383 1607 440 Si
1648 383 1770 454 quis
1813 381 1945 438 velit
1968 383 2025 446 Α
2049 382 2155 438 trix
2182 382 2314 449 Dei,
2368 390 2392 420 ο
2434 388 2490 438 et
2532 384 2912 461 ἀνθρωποτόκος
2933 424 2949 452 ,
2997 383 3052 440 id
3092 390 3176 442 est
3195 424 3212 453 ,
3256 386 3488 446 hominis
3523 401 3627 460 ge.

363 482 680 555 compendio
707 481 940 554 discere;
966 489 996 521 ι
1023 494 1186 551 pareo
1213 477 1355 533 enim
1373 517 1388 544 ,
1419 483 1474 532 et
1499 475 1629 530 mihi
1653 475 1746 544 qui
1773 474 1945 530 fessus

363 593 482 634 sum
498 618 515 643 ,
562 582 619 631 et
665 574 818 631 vobis
862 573 957 644 qui
1000 570 1393 641 constipatione
1435 567 1710 623 laboratis.
1740 566 1798 623 Si
1825 568 1944 637 quis

365 683 512 738 ergo,
540 674 600 722 ut
625 666 888 736 dicebam,
937 663 1066 720 velit
1103 659 1421 733 compendio
1448 659 1689 726 discere;
1718 657 1943 715 scientia

365 760 581 832 pietatis
608 765 728 830 est,
772 758 841 822 de
879 755 1325 812 consubstantivae
1354 753 1630 810 Trinitatis
1657 753 1943 810 Divinitate

366 860 568 908 rectam
611 851 747 910 inire
772 849 1060 915 rationem,
1107 854 1164 903 et
1208 846 1365 903 fateri
1417 847 1651 902 divinam
1697 853 1941 902 naturam

365 950 708 1014 corporatum
736 941 1006 998 hominem
1029 939 1398 1011 assumpsisse.
1423 937 1452 978 δ
1473 939 1548 994 De
1567 939 1667 1004 his,
1699 953 1816 1008 quae
1835 937 1943 994 fre-

365 1043 592 1106 quenter
613 1035 757 1090 dicta
785 1042 926 1101 sunt,
959 1042 1232 1106 tamquam
1260 1033 1405 1091 dicta
1433 1048 1539 1089 non
1566 1033 1692 1101 sint,
1719 1032 1937 1102 urgetis,

365 1136 420 1182 et
460 1127 600 1190 circa
646 1126 981 1182 exactionem
1009 1127 1355 1182 vehementer
1381 1125 1627 1181 insistitis
1650 1143 1662 1178 :
1686 1124 1941 1195 quoniam

362 1219 525 1292 igitur
551 1235 769 1278 necesse
792 1228 877 1278 est
903 1221 1170 1278 violentiae
1207 1229 1400 1278 vestrae
1431 1222 1793 1289 succumbere,
1824 1237 1943 1292 quae

361 1313 506 1383 piam
534 1311 737 1386 [Batus.
769 1311 1008 1386 impiam]
1039 1314 1094 1369 in
1122 1314 1276 1370 nobis
1310 1313 1546 1386 possidet
1584 1314 1938 1387 tyrannidem,

361 1403 558 1460 iterum
595 1405 736 1476 apud
777 1421 874 1461 vos
909 1406 1099 1462 eadem
1143 1407 1308 1463 verba
1353 1415 1678 1477 repetemus.
1720 1405 1944 1465 Servate

361 1495 523 1568 igitur
547 1497 868 1565 compendio
897 1498 1038 1553 hanc
1063 1497 1341 1553 scientiam
1368 1499 1602 1568 pietatis.

432 1585 484 1641 '5.
525 1585 653 1653 Quae
677 1595 761 1674 est
787 1596 970 1644 autem
997 1589 1096 1644 ista
1119 1629 1134 1656 ,
1185 1589 1286 1643 nisi
1309 1590 1568 1668 ὀρθολογία
1597 1589 1803 1664 [Βαιαι.
1836 1608 1937 1646 om.

361 1675 462 1732 nisi
487 1675 791 1752 ὀρθολογία],
817 1686 872 1733 et
891 1677 1340 1734 consubstantivae
1359 1679 1550 1735 divina:
1571 1679 1862 1748 Trinitatis,
1887 1689 1943 1737 et

2043 474 2224 530 nitrix.

2117 565 2167 619 7.
2207 565 2472 634 Quoniam
2498 573 2678 622 autem
2707 575 2951 639 oportet,
2994 576 3217 641 propter
3241 585 3338 629 eos
3363 572 3456 645 qui
3483 573 3626 632 luci-

2043 657 2252 714 diorem
2287 659 2566 729 requirunt
2593 659 2939 727 intellectum,
2969 663 3202 720 maxime
3227 678 3348 720 cum
3385 667 3492 723 sint
3518 666 3627 726 Ec-

2043 751 2219 806 clesiae
2246 749 2358 818 ﬁlii,
2406 753 2486 807 uti
2521 753 2885 810 manifestiore
2912 755 3183 812 locutione
3198 796 3213 823 ,
3243 766 3531 829 propterea
3569 769 3628 817 et

2042 843 2205 899 modo
2232 843 2422 899 eadem
2449 842 2761 902 deﬁnitione
2799 862 2905 918 qua
2945 848 3096 918 prius
3134 849 3372 907 breviter
3416 851 3484 908 de
3529 853 3623 910 illa

2041 935 2199 993 beata
2221 936 2386 992 Maria
2414 952 2626 1009 semper
2651 939 2855 1008 virgine
2881 940 3256 1010 praedicabam,
3288 943 3449 998 etiam
3478 961 3627 1002 nune

2043 1028 2372 1085 evidentiore
2391 1046 2641 1086 sermone
2659 1047 2865 1088 summa
2884 1049 3020 1090 voce
3035 1035 3336 1105 proclamo,
3365 1039 3620 1109 quoniam

2041 1128 2228 1176 sancta
2253 1122 2437 1192 Virgo,
2469 1131 2524 1178 et
2550 1124 2646 1180 Dei
2677 1133 2778 1193 est,
2809 1135 2865 1181 et
2885 1127 3119 1184 hominis
3144 1130 3404 1198 genitrix,
3446 1133 3499 1187 id
3537 1141 3625 1190 est

2043 1215 2280 1277 Θεοτόκος
2308 1225 2364 1272 et
2390 1219 2773 1294 ἆνθρωποτόκος
2800 1238 2812 1272 :
2843 1220 3075 1289 genitrix
3103 1222 3317 1292 quidem
3355 1223 3471 1292 Dei,
3501 1242 3625 1296 pro-

2042 1313 2228 1377 pterea
2255 1307 2397 1377 quod
2422 1310 2696 1380 templum,
2722 1309 2867 1381 quod
2889 1311 2946 1365 in
2974 1325 3038 1365 ea
3058 1319 3298 1367 creatum
3319 1321 3403 1369 est
3435 1331 3467 1370 a
3495 1315 3622 1387 Spi-

2042 1396 2151 1451 ritu
2176 1405 2381 1464 sancto,
2414 1399 2622 1454 unitum
2668 1407 2750 1454 est
2782 1401 3088 1469 Divinitati;
3115 1403 3348 1460 hominis
3373 1421 3503 1462 vero
3525 1422 3622 1476 ge-

2044 1486 2224 1556 nitrix,
2248 1497 2471 1559 propter
2495 1498 2772 1562 susceptas
2801 1505 2830 1546 a
2860 1492 3164 1550 Divinitatis
3202 1503 3393 1553 natura
3424 1507 3624 1555 nostra:

2043 1586 2246 1636 naturae
2271 1580 2553 1650 primitias.

2112 1670 2164 1725 8.
2207 1670 2334 1728 Haec
2359 1679 2485 1728 sunt
2513 1673 2566 1728 in
2593 1673 2912 1745 compendio
2947 1674 3197 1745 dogmata
3226 1679 3458 1749 pietatis.
3499 1680 3628 1739 Haec

359 1750 680 1825 assumentis
705 1768 979 1824 hominem
1007 1769 1200 1825 divinae
1227 1777 1450 1837 naturae,
1502 1778 1558 1825 et
1593 1771 1650 1826 in
1697 1772 1938 1840 virgineo

2052 1777 2140 1832 per
2166 1763 2347 1819 omnia
2372 1764 2667 1821 retinentes
2692 1767 3006 1822 memoriter
3031 1775 3261 1836 servate,
3285 1770 3483 1840 ubique
3510 1771 3627 1828 ha:-

361 1866 515 1914 utero
561 1859 735 1915 carnis
777 1868 1072 1930 susceptae,
1131 1871 1154 1899 °
1199 1859 1529 1932 perfectique
1579 1862 1812 1919 hominis
1857 1879 1944 1920 as-

359 1949 558 2020 sumpti
585 1965 617 2004 a
644 1950 965 2014 Divinitate;
997 1951 1194 2007 dehinc
1236 1950 1486 2022 perfecta:
1531 1952 1857 2020 Divinitatis,
1889 1962 1945 2010 et

359 2039 608 2110 perfectae
635 2041 980 2098 humanitatis
1005 2043 1060 2097 in
1085 2059 1250 2098 unum
1296 2042 1487 2098 Filium
1533 2043 1944 2114 conjunctarum

359 2131 708 2188 excellentior
735 2133 1136 2203 contemplatio,
1164 2132 1389 2189 duarum
1413 2133 1502 2202 jus
1539 2141 1848 2190 naturarum
1887 2136 1944 2191 in

361 2237 520 2276 unam
550 2223 921 2279 auctoritatem
945 2225 1154 2280 ratione
1181 2223 1359 2279 divina
1384 2225 1727 2282 conveniens.

431 2313 482 2366 4.
525 2312 660 2370 [line
705 2314 856 2371 vobis
901 2329 1043 2386 saepe
1089 2314 1339 2382 diximus,
1371 2316 1642 2386 quomodo
1669 2316 1937 2385 Christus,

366 2405 598 2460 nominis
627 2406 905 2476 utriusque
932 2407 1003 2462 sit
1029 2407 1319 2479 appellatio
1347 2405 1695 2475 significativa
1713 2446 1727 2473 ,
1759 2407 1813 2463 id
1839 2417 1938 2475 est,

367 2495 713 2553 humanitatis
748 2505 804 2552 et
839 2497 1032 2553 divinae
1081 2506 1303 2554 naturae.
1354 2497 1490 2554 Hine
1534 2499 1581 2554 si
1628 2500 1746 2570 quis
1800 2499 1944 2556 dicat

359 2584 629 2642 Christum
669 2589 1037 2646 tantummodo
1081 2603 1353 2661 expresse,
1403 2590 1540 2646 sciat
1583 2589 1640 2645 in
1685 2590 1787 2646 isto
1840 2605 1941 2646 no-

362 2679 506 2735 mine
537 2687 817 2752 utramque
849 2681 1137 2751 signiﬁcari
1163 2691 1220 2738 et
1245 2683 1647 2753 connuncupari
1675 2691 1938 2740 naturam.

430 2768 483 2824 5.
523 2770 660 2827 Hinc
703 2773 892 2828 beatus
936 2771 1218 2829 Matthaeus
1255 2773 1669 2844 Evangeliorum
1707 2775 1946 2836 conscri-

360 2870 500 2932 ptor,
525 2878 646 2917 cum
673 2863 741 2918 'ad
769 2864 1132 2930 generationis
1157 2865 1393 2920 venisset
1419 2881 1691 2933 arcanum,
1734 2881 1766 2920 a
1806 2881 1942 2923 neu-

361 2961 445 3008 tra
469 2961 656 3008 natura
685 2955 1048 3024 generationis
1076 2955 1203 3011 fecit
1229 2957 1610 3023 narrationem,
1652 2957 1748 3013 sed
1774 2957 1944 3027 magis

361 3059 394 3098 a
435 3041 633 3121 Christi
670 3044 959 3111 vocabulo;
1001 3053 1217 3116 oportet
1254 3055 1432 3102 autem
1460 3062 1712 3120 expresse
1739 3049 1936 3116 dicere,

362 3141 422 3190 ut
448 3135 695 3192 omnibus
718 3135 785 3191 ad
807 3138 1234 3208 perspiciendum
1255 3137 1348 3195 ﬁat
1367 3140 1574 3197 facilior
1596 3143 1898 3200 intellectus
1921 3161 1935 3198 :

362 3227 532 3295 Liber,
565 3229 756 3301 inquit,
785 3233 1132 3302 generationis
1160 3231 1285 3288 Iesu
1315 3233 1507 3288 Christi
1536 3233 1750 3305 (Matth.
1781 3251 1826 3302 ι,
1858 3234 1933 3305 1).

361 3320 476 3377 Non
505 3321 640 3377 dixit
671 3341 684 3377 :
719 3321 872 3378 Liber
892 3325 1235 3395 generationis
1260 3324 1360 3380 Dei
1396 3324 1583 3392 Verbi;
1613 3341 1786 3397 neque
1813 3325 1940 3382 liber

361 3417 703 3485 generationis
732 3418 971 3471 hominis.
1011 3415 1069 3473 Si
1097 3418 1240 3473 enim
1269 3417 1518 3485 dixisset,
1563 3418 1691 3474 liber
1727 3435 1940 3492 genera-

365 3505 518 3559 tionis
556 3505 807 3570 hominis,
842 3503 1114 3562 Christum
1153 3507 1308 3563 nobis
1332 3508 1506 3564 solum
1526 3510 1800 3566 hominem
1840 3511 1936 3568 de-

363 3603 708 3652 monstraret.
750 3596 882 3653 Item
909 3598 955 3652 si
992 3596 1228 3664 diceret,
1269 3597 1422 3654 Liber
1462 3603 1808 3673 generationis
1845 3602 1945 3658 Dei

373 3687 557 3754 Verbi,
613 3688 783 3743 solam
815 3689 971 3743 nobis
1001 3685 1028 3726 ά
1057 3690 1172 3745 sine
1211 3690 1544 3748 humanitate
1585 3693 1946 3752 introduceret

365 3777 646 3834 Deitatem.
688 3779 747 3836 In
775 3778 973 3836 Christi
1001 3796 1129 3852 ergo
1169 3784 1528 3854 appellatione
1573 3787 1945 3858 complectitur

365 3877 647 3943 utramque
668 3879 935 3940 naturam,
963 3881 1023 3930 ut
1049 3881 1239 3931 neutra
1282 3876 1399 3934 sine
1439 3879 1606 3935 altera
1645 3881 1814 3951 possit
1859 3882 1943 3937 in-

367 3960 552 4032 telligi.

437 4052 490 4107 6.
533 4051 666 4110 llinc
687 4063 742 4111 et
768 4064 966 4114 sanctae
985 4057 1207 4130 Virgini,
1236 4074 1302 4117 eo
1321 4060 1466 4131 quod
1493 4077 1613 4119 eam
1631 4062 1826 4121 Christi
1849 4078 1940 4134 ge-

367 4143 611 4200 nitricem
638 4144 880 4216 dicimus,
914 4165 1110 4206 nomen
1137 4152 1360 4221 geminae
1389 4154 1761 4225 appellationis
1807 4171 1940 4212 con-

367 4236 644 4294 venienter
669 4247 933 4310 aptamus,
982 4241 1036 4297 id
1078 4251 1179 4309 est,
1230 4246 1492 4315 Θεοτὸκος,
1523 4245 1667 4317 quod
1687 4255 1770 4303 est
1795 4248 1944 4318 geni-

2045 1855 2336 1912 reticorum
2357 1873 2582 1931 pravam.
2597 1857 2822 1927 gloriam
2846 1858 3194 1916 declinantes.
3218 1859 3334 1917 Non
3353 1862 3628 1933 quomodo

2045 1947 2188 2019 apud
2214 1948 2336 2004 illos
2361 1951 2599 2011 θεοτὸκος
2626 1949 2821 2005 detrita
2849 1950 3050 2006 locutio
3079 1958 3180 2016 est,
3211 1952 3287 2006 ita
3329 1954 3629 2024 putandum

2043 2048 2128 2096 est
2153 2041 2316 2096 etiam
2343 2037 2640 2097 Ecclesiam
2661 2040 2839 2097 dicere
2863 2043 3124 2108 θεοτόκος,
3155 2043 3281 2114 quia
3309 2059 3485 2115 neque
3503 2061 3628 2101 cum

2043 2133 2121 2187 illi
2149 2131 2344 2189 Filium
2370 2131 2573 2198 dicunt,
2604 2139 2660 2188 et
2686 2131 2924 2189 Ecclesia
2951 2133 3144 2188 Filium
3172 2132 3475 2201 conﬁtetur,
3506 2135 3630 2192 Filii

2044 2225 2187 2296 apud
2206 2232 2462 2294 utrosque
2487 2240 2585 2294 par
2613 2231 2669 2280 et
2695 2225 2884 2281 similis
2911 2225 3215 2282 intellectus
3235 2234 3348 2293 est;
3371 2226 3465 2283 sed
3485 2227 3630 2298 apud

2044 2317 2165 2373 illos
2191 2316 2405 2388 quidem
2424 2316 2545 2372 Filii
2564 2315 2767 2372 nudum
2795 2317 3114 2373 vocabulum
3143 2325 3246 2382 est,
3279 2333 3389 2374 non
3424 2319 3632 2376 habens

2045 2409 2191 2465 Patri
2228 2409 2724 2466 consubstantivum
2761 2409 2989 2479 aliquid;
3019 2409 3162 2480 apud
3199 2425 3300 2466 nos
3338 2425 3471 2466 vero
3506 2411 3630 2468 Filii

2043 2500 2295 2571 apellatio
2322 2515 2443 2558 cum
2471 2516 2632 2556 causa
2658 2500 2745 2556 vel
2771 2515 2832 2556 re
2861 2500 2946 2555 vel
2992 2514 3156 2572 opere
3202 2508 3303 2556 est.
3348 2500 3439 2557 Sic
3485 2501 3631 2573 apud

2043 2591 2166 2648 illos
2204 2592 2397 2647 iterum
2437 2591 2675 2647 omnium
2701 2590 2962 2647 Dominus
3004 2588 3248 2646 Christus
3284 2589 3424 2646 Deus
3451 2592 3629 2648 nomi-

2043 2689 2241 2748 natur,
2291 2681 2602 2738 nominatur
2639 2679 2782 2752 apud
2817 2695 2918 2736 nos
2953 2694 3208 2751 quoque;
3256 2680 3350 2736 sed
3387 2680 3531 2751 apud
3557 2680 3629 2738 ἱιο

2044 2774 2127 2830 los
2162 2781 2376 2830 creatus
2399 2812 2415 2839 ,
2454 2773 2598 2844 apud
2621 2787 2720 2829 nos
2749 2786 2878 2829 vero
2907 2786 3029 2828 cum
3073 2785 3139 2827 eo
3185 2771 3280 2842 qui
3318 2772 3503 2841 genuit
3537 2771 3627 2828 in-

2043 2873 2273 2922 creatus.

2113 2955 2166 3011 9.
2207 2957 2326 3013 Non
2360 2956 2522 3026 igitur
2562 2971 2632 3012 ex
2676 2970 2783 3011 una
2829 2952 3125 3027 eademque
3164 2954 3523 3027 appellatione
3569 2952 3626 3011 in

2046 3064 2212 3104 unum
2231 3047 2556 3104 deducamur
2575 3063 2696 3103 cum
2716 3045 2984 3103 haereticis
3002 3047 3330 3103 intellectum
3349 3063 3363 3114 ;
3389 3045 3483 3102 sed
3501 3062 3627 3103 eon-

2047 3140 2295 3196 ﬁteamur
2321 3140 2480 3196 simul
2508 3139 2898 3196 humanitatem
2935 3147 2991 3196 et
3029 3138 3372 3196 Divinitatem
3417 3139 3471 3195 in
3517 3156 3626 3198 una

2046 3233 2392 3302 generatione
2418 3232 2539 3287 Filii
2575 3247 2694 3288 esse
2721 3232 3096 3302 conjunctam;
3128 3247 3302 3302 neque
3330 3232 3540 3288 Deitate
3567 3233 3624 3290 in

2045 3339 2263 3380 carnem
2284 3321 2583 3391 decidente,
2613 3323 2959 3380 immutabilis
2987 3332 3070 3380 est
3088 3323 3231 3379 enim
3259 3323 3535 3390 Divinitas,
3566 3329 3626 3380 et

2045 3413 2151 3469 hoc
2173 3413 2313 3469 Deus
2338 3411 2534 3469 Iudaeis
2555 3412 2898 3470 manifestans
2923 3413 3135 3470 dicebat
3159 3431 3170 3467 :
3194 3411 3306 3486 Ego
3343 3430 3452 3468 sum
3469 3453 3485 3479 ,
3527 3430 3623 3485 ego

2046 3523 2177 3572 sum,
2207 3515 2258 3560 et
2294 3523 2398 3562 non
2428 3523 2542 3561 sum
2569 3515 2794 3561 mutatus
2824 3505 2976 3578 (Mal.
3001 3521 3077 3573 ill,
3109 3503 3185 3576 5);
3227 3521 3400 3576 neque
3427 3521 3524 3576 per
3547 3505 3604 3562 in

2046 3598 2412 3654 carnationem
2431 3612 2594 3654 carne
2613 3604 2971 3665 commutata;
2995 3612 3103 3654 non
3119 3596 3261 3654 enim
3274 3596 3438 3668 pudet
3451 3597 3626 3654 Deum

2045 3698 2248 3746 naturae
2285 3706 2447 3762 quam
2473 3692 2738 3761 suscepit,
2786 3706 2895 3747 non
2919 3689 3087 3762 pudet
3112 3689 3386 3762 possidere
3411 3689 3626 3745 sibimet

2045 3789 2494 3851 conregnantem;
2523 3796 2648 3837 nam
2676 3780 2722 3836 si
2743 3780 2996 3852 puderet,
3020 3795 3128 3836 non
3155 3795 3277 3835 eam
3302 3779 3622 3850 susciperet.

2044 3873 2360 3945 Susceptam
2387 3879 2587 3939 autem,
2617 3880 2838 3945 propter
2877 3873 3099 3929 humani
3137 3870 3350 3941 generis
3374 3870 3625 3927 dilectio-

2043 3982 2169 4022 nem
2191 4005 2206 4031 ,
2246 3965 2409 4021 habet
2442 3972 2690 4020 naturam
2736 3970 2974 4020 nostram
3018 3961 3320 4018 Divinitatis
3366 3960 3624 4032 inspolia-

2045 4058 2154 4115 bile
2187 4058 2583 4116 vestimentum.
2610 4055 2814 4112 Horum
2839 4054 3156 4111 memoriam
3183 4069 3279 4125 per
3305 4051 3483 4108 omnia
3497 4066 3626 4123 pos-

2046 4151 2219 4208 sidete
2251 4151 2308 4206 in
2344 4147 2559 4206 Christo
2582 4190 2597 4218 ,
2636 4148 2725 4206 cui
2761 4154 2845 4204 est
2879 4145 3051 4218 gloria
3087 4145 3143 4202 in
3178 4144 3370 4201 saecula
3407 4143 3626 4200 saeculo-

2046 4262 2184 4302 rum.

1537 4377 2080 4439 CASTIGATIONES
2117 4379 2203 4436 ET
2240 4375 2470 4435 NOTE.

372 4509 374 4511 >
441 4491 468 4564 ξ
505 4481 589 4564 Ad
609 4497 796 4564 sacras
820 4485 1107 4564 conciones
1126 4503 1442 4546 concursum
1472 4493 1793 4564 auditorum,
1825 4497 1945 4552 ὠθιο
1975 4495 2023 4557 Ι)
2049 4495 2242 4552 bentur
2260 4494 2315 4548 in
2343 4489 2618 4564 synodico.
2648 4487 2849 4564 Batus.

370 4553 530 4633 0p.th
546 4553 724 4626 θλίψιν,
756 4560 1102 4633 στενοχῳρραη
1124 4574 1263 4633 saepe
1284 4574 1583 4619 memorant
1608 4553 1816 4620 Patres.
1846 4565 1946 4622 Eo-

370 4622 736 4704 giiedejnore
760 4639 881 4680 cum
903 4622 1214 4704 Chiistianp‘
1239 4628 1387 4700 Lupo
1419 4636 1623 4704 accipio
1648 4637 1761 4691 haec
1783 4637 1944 4691 verba

370 4692 641 4778 Nestorii‘:
671 4693 841 4750 Pareo
863 4698 1018 4778 enim,
1044 4701 1284 4778 quoniam
1303 4692 1352 4755 et
1377 4719 1470 4773 ego
1508 4692 1656 4778 viride
1687 4707 1944 4778 sumpfati-

369 4774 534 4840 gntus,
564 4773 613 4818 et
632 4781 725 4840 pos
753 4768 961 4840 omnino
989 4768 1270 4840 constricti,
1305 4768 1491 4828 seu'ex
1523 4775 1630 4829 alia
1668 4768 1940 4840 versione,

370 4835 740 4930 constipatio-tte
779 4835 1048 4930 inligati-sl;
1069 4837 1260 4930 Cyanee
1282 4843 1468 4930 procul
1490 4843 1658 4930 dubio
1681 4887 1694 4912 ,
1737 4835 1944 4930 σφιγγοὲ

369 4901 748 4988 μενοιῖςῖᾳςι-επε..
768 4906 1258 4988 :—_Constipatione
1284 4901 1566 4988 'iaboratis.
1586 4914 1655 4988 _ln
1682 4901 1939 4988 synodico

370 4975 651 5096 cortstrgti.
685 4974 933 5033 Refertur
958 4974 1138 5035 autem
1189 4981 1257 5037 ad
1302 4983 1690 5054 impatientiam
1713 4974 1940 5043 'audito-

370 5059 506 5096 Tum.
582 5060 733 5096 Λιυῑ.

370 5059 506 5096 rum.
537 5059 733 5099 υΑιυΖ.

443 5111 468 5151 ⁵
507 5112 628 5172 Haec
657 5131 820 5189 usque
849 5117 916 5175 ad
943 5119 1105 5178 verba
1130 5119 1259 5188 Qui:
1276 5129 1355 5181 est
1375 5129 1544 5182 autem
1563 5127 1682 5193 ista,
1711 5142 1817 5183 non
1839 5128 1938 5184 ha-

2123 4550 2146 4606 έ
2186 4550 2416 4620 Βαιιηίε
2448 4560 2778 4632 Ρενίεερφιε
2811 4556 2929 4611 hinc
2963 4553 3181 4611 hominis
3209 4552 3487 4624 assumptio
3516 4550 3628 4605 dei-

2047 4637 2186 4701 tatis,
2183 4636 2472 4758 Hperfectae,
2504 4627 2609 4685 etc.
2641 4627 2796 4710 Eutr.
3006 4695 3019 4708 θ
3125 4696 3136 4708 .

2116 4704 2143 4743 ἀ
2233 4706 2320 4759 inc
2347 4700 2573 4758 emenda
2593 4697 2887 4761 svnodicon
2902 4736 2916 4762 ,
2932 4695 3248 4765 ubilegitur,
3271 4709 3336 4746 ea:
3356 4701 3501 4763 parte
3529 4691 3627 4744 hu-

2045 4775 2426 4848 ηιανιίέςιιίξριιο
2449 4769 2956 4848 expertem-BMs.
3062 4835 3130 4848 _.
3234 4833 3301 4848 ..

2118 4856 2142 4884 °
2181 4835 2354 4926 Verbi
2381 4851 2432 4926 εξ
2457 4835 3623 4926 ᾲνθθοποεδκθςιέάμεξξ,Εονίιίτξέξ-εἰνξέξτίξι

2045 4931 2154 4971 non
2191 4915 2356 4970 habet
2383 4902 2650 4968 Baluzius.
2696 4902 2916 4965 Fatetur
2947 4905 3163 4981 quidem
3191 4921 3222 4960 a
3259 4902 3522 4981 Camerio
3559 4916 3629 4981 ea

2046 4996 2194 5044 recte
2217 4984 2436 5055 reponi;
2462 4999 2572 5038 non
2598 4991 2786 5055 tamen
2805 4984 2887 5036 est
2914 4974 3075 5055 ausus
3091 4974 3372 5055 discedere
3407 4987 3442 5055 a
3467 4974 3630 5055 'scri-

2044 5039 2201 5129 inii;
2220 5039 2471 5112 verterunt
2499 5050 2901 5125 exemplarium,
2933 5047 2990 5106 in
3016 5046 3206 5120 quibus
3231 5042 3442 5101 desunt.
3467 5039 3627 5097 Enn.

1715 5411 2303 5738 .gggg,
