3904 6272
244 255 352 314 869
1079 249 1460 309 εοιιιεοτιο
1496 245 1709 307 PRIMA
1749 249 1823 306 El

1936 248 2262 309 RPTORUM
2308 248 2643 310 NESTORlI.
3383 250 3490 312 870

239 379 364 421 rum
392 371 446 418 et
472 361 801 418 diversorum
829 365 1140 433 martyrum,
1173 362 1531 431 excerpsimus
1548 356 1726 416 autem
1747 373 1813 415 ex
1841 361 1892 423 Α
1915 374 2013 415 nes
2033 368 2345 430 peccatores
2372 369 2497 416 sunt
2522 369 2578 417 et
2591 360 2869 426 mortales,
2901 361 2996 418 sed
3013 362 3169 432 juxta
3192 362 3356 420 Verbi
3379 365 3492 420 vir-

225 457 327 512 .his
354 471 525 526 pauca
552 455 802 526 capitula,
833 455 881 510 si
898 453 1189 518 videbitur,
1219 454 1582 510 recitabimus.
1919 458 2090 507 tutem
2131 464 2417 522 resurgunt
2454 453 2790 510 immortales
2845 460 2902 508 et
2963 454 3394 524 incorruptibiles
3438 464 3495 512 et

316 546 598 606 Flauiam
635 547 902 617 episcopus
935 544 1298 616 Philippos-nia
1327 545 1468 600 dixit
1496 563 1515 600 ε
1539 545 1668 601 uase
1687 560 1817 616 (μοι
1913 542 2124 596 aeterni.
2159 541 2311 598 Unde
2337 543 2502 599 etiam
2539 558 2702 599 carne
2737 550 2866 598 nata
2901 559 2972 600 ex
2997 543 3166 600 Maria
3195 543 3492 612 Theotoco,

235 651 350 707 que
375 637 610 707 perlecta
628 637 956 694 inserantur.
988 633 1058 690 Et
1085 637 1298 690 recitato
1315 645 1438 690 sunt
1457 636 1552 692 hac
1571 637 1742 691 modo.
1913 631 2036 702 ipse
2057 632 2257 688 dicitur
2277 642 2442 692 natus
2468 635 2561 705 qui
2578 641 2807 706 prestat
2829 644 2890 690 ut
2909 635 3002 691 alii
3032 643 3408 704 nascerentur.
3427 644 3497 694 ut

233 727 390 788 Petri
433 728 742 784 sanctissimi
791 729 1014 798 episcopi
1063 735 1117 784 et
1155 728 1406 798 martyris
1461 743 1527 782 ea;
1569 726 1702 781 libro
1749 724 1815 780 de
1909 732 2159 782 nostram
2183 726 2242 782 in
2269 742 2330 783 se
2359 728 2762 796 generationem
2784 727 3125 794 transferret,
3155 737 3216 789 et
3251 744 3352 786 nos
3373 729 3491 799 jam

913 817 1134 874 Deitate.
1913 831 2029 872 non
2056 823 2115 871 ut
2145 824 2287 872 terra
2328 824 2532 872 tanaim
2559 819 2815 876 abeamus
2845 819 2900 874 in
2933 827 3156 885 terram.
3179 819 3278 874 sed
3308 828 3367 876 ut
3387 835 3497 880 cc-

314 910 576 980 Quoniam
605 917 751 968 certe
775 912 946 982 gratia
974 918 1023 963 et
1043 911 1228 964 ueritas
1255 926 1347 980 per
1366 907 1541 963 Jesum
1563 906 1818 962 Christum
1918 905 2040 960 lesti
2068 905 2240 962 Verbo
2261 905 2556 975 conjuncti,
2583 908 2658 964 ab
2693 923 2763 964 eo
2790 908 3270 978 ipsosublevemur
3289 909 3348 966 in
3369 924 3488 964 ω-

239 1005 385 1075 facta
411 1013 486 1056 est
517 1002 693 1073 (Joan.
725 1019 761 1068 ι,
795 1002 882 1072 17)
911 1019 925 1067 ;
959 1001 1099 1058 unde
1128 1007 1182 1054 et
1204 1000 1374 1068 gratia
1414 1014 1596 1054 sumus
1628 997 1818 1052 salvati
1915 995 2049 1050 lum.
2081 995 2250 1052 Recte
2273 997 2432 1066 igitur
2450 999 2611 1054 etiam
2633 999 2763 1055 alias
2785 1000 3027 1070 corporis
3049 1000 3365 1071 passiones?
3385 997 3411 1038 δ
3440 1001 3496 1055 in

240 1093 459 1165 (Ep/tes.
509 1111 565 1160 ιι,
593 1093 646 1160 8,
687 1092 742 1163 9)
777 1092 930 1162 juxta
955 1091 1313 1162 apostolicum
1341 1091 1560 1147 dictum.
1587 1089 1660 1144 Et
1689 1090 1810 1154 hoc,

237 1186 437 1255 inquit,
468 1202 570 1242 non
590 1203 652 1240 ea:
677 1183 835 1251 uobis,
866 1200 1025 1256 neque
1045 1200 1108 1238 ea:
1128 1184 1380 1253 operibus,
1409 1184 1606 1255 nequis
1633 1181 1822 1254 glorie-

237 1286 346 1333 tur.
374 1277 660 1333 Voluntate
677 1277 916 1332 Verbum
937 1291 1064 1332 caro
1087 1275 1291 1332 factum
1315 1283 1404 1330 est
1433 1274 1609 1344 (Ioan.
1637 1290 1679 1340 ι,
1707 1272 1819 1343 Μ),

207 1415 212 1420 .
235 1378 298 1425 et
326 1370 508 1425 habitu
535 1370 810 1425 inventum
833 1376 892 1424 ut
932 1369 1096 1425 homo
1128 1365 1378 1438 (Philipp.
1411 1383 1467 1436 ιι,
1494 1366 1568 1435 7).
1597 1364 1716 1420 Non
1741 1371 1824 1419 est

237 1467 425 1514 tamen
455 1474 486 1513 a
526 1460 738 1514 Deitate
776 1459 1108 1514 destitutum.
1156 1457 1341 1528 Neque
1383 1455 1524 1510 enim
1564 1464 1680 1510 uta
1728 1469 1824 1508 sua

237 1551 414 1620 gloria
444 1558 498 1605 et
529 1551 725 1605 virtute
760 1551 1044 1607 desisteret
1077 1568 1089 1602 :
1124 1548 1249 1603 Cum
1277 1555 1406 1603 esset
1449 1548 1603 1614 diues,
1625 1563 1822 1618 pauper

237 1653 321 1698 est
350 1645 514 1715 {actus
538 1641 604 1714 (ll
631 1641 748 1698 Cor.
781 1658 888 1708 VIII,
912 1641 1000 1712 9);
1025 1641 1118 1698 sed
1145 1649 1201 1696 et
1220 1648 1280 1698 ut
1293 1649 1528 1698 mortem
1552 1656 1648 1710 pro
1669 1638 1824 1694 nobis

238 1735 615 1805 peccatoribus
643 1733 756 1803 ipse
777 1733 1063 1788 sustineret
1087 1750 1100 1786 :
1127 1732 1308 1788 Justus
1337 1750 1434 1804 pro
1451 1733 1665 1804 injustis
1693 1739 1742 1784 et
1761 1738 1824 1782 ut

241 1842 341 1880 nos
364 1824 712 1894 offerretDeo,
730 1833 958 1881 mortuus
977 1823 1181 1895 quidem
1213 1840 1384 1890 carae,
1426 1823 1708 1893 oiniﬁcatus
1733 1837 1825 1875 au-

245 1926 351 1970 tem
373 1917 556 1987 spiritu
587 1914 628 1986 (Ι
656 1914 772 1969 Pet.
804 1931 881 1980 ιιι,
914 1913 1024 1984 18).
1041 1913 1113 1968 Et
1131 1915 1388 1984 postatia.
1414 1912 1566 1968 Unde
1587 1921 1642 1968 et
1663 1928 1826 1967 evan-

241 2007 437 2076 gelista
458 2006 647 2062 asserit
674 2007 957 2061 veritatem
986 2005 1168 2059 dicens
1197 2022 1210 2057 :
1243 2003 1464 2058 Verbum
1492 2020 1613 2057 caro
1632 2005 1827 2074 factum

243 2108 346 2166 est,
375 2099 698 2156 ethabitauit
715 2103 776 2154 in
795 2096 1150 2168 uobislloon.
1173 2114 1212 2163 ι,
1243 2096 1353 2168 Μ).
1381 2095 1604 2152 Scilicet
1623 2110 1690 2149 ex
1719 2109 1826 2163 quo

243 2191 471 2260 angelus
494 2190 764 2260 Virginem
786 2188 1035 2248 salutavit
1061 2187 1244 2244 dicens
1271 2205 1282 2240 :
1313 2187 1435 2252 Ave,
1459 2188 1628 2258 gratia
1649 2185 1822 2256 plena,

241 2281 502 2341 Dominus
537 2293 698 2340 tecum
739 2281 888 2354 (Luc.
910 2297 956 2348 ,ι,
997 2279 1110 2352 28).
1143 2279 1396 2338 Dominus
1437 2287 1618 2334 autem
1660 2286 1848 2351 tecum

245 2373 387 2429 dixit
413 2373 648 2438 Gabriel,
689 2389 788 2444 pro
830 2388 896 2430 eo
923 2371 1070 2442 quod
1096 2379 1180 2428 est
1207 2369 1349 2425 Deus
1387 2369 1610 2425 Verbum
1640 2378 1819 2426 tecum.

246 2463 594 2520 Demonstrat
612 2463 752 2518 enim
775 2462 828 2517 id
849 2462 997 2520 nasci
1017 2461 1069 2530 in
1090 2461 1248 2526 vulva
1269 2467 1326 2514 et
1339 2474 1554 2526 carnem
1569 2458 1823 2523 futurum,

240 2554 400 2624 juxta
428 2553 572 2624 quod
589 2553 846 2623 scriptum
869 2558 958 2610 est
989 2569 1002 2604 :
1031 2550 1257 2621 Spiritus
1285 2558 1491 2610 sanctus
1511 2549 1829 2620 superueniet

243 2647 308 2702 in
351 2654 416 2711 te,
449 2647 604 2699 virtus
631 2644 881 2703 Altissimi
911 2641 1228 2698 obumbrabit
1271 2641 1395 2704 tibi;
1435 2641 1657 2713 ideoque
1693 2642 1829 2712 quod

245 2743 493 2804 nascetur
503 2742 766 2797 sanctum,
794 2733 1056 2788 vocabitur
1075 2730 1246 2786 Filius
1273 2729 1373 2785 Dei
1393 2728 1457 2802 ,(1
1462 2730 1594 2796 bid.,
1617 2728 1728 2800 55).
1755 2729 1826 2784 Et

237 2839 406 2895 porro
438 2833 552 2896 post
591 2825 716 2879 alia.
759 2824 900 2882 Deus
929 2831 1108 2878 autem
1137 2821 1392 2895 Verbum,
1423 2820 1539 2876 viro
1577 2821 1822 2888 absente,

246 2913 526 2970 voluntate
555 2914 669 2979 Dei,
696 2913 788 2985 qui
817 2914 997 2968 omnia
1021 2912 1177 2972 facile
1200 2919 1483 2982 cperatur,
1515 2910 1825 2972 Iactumest

1910 1094 2091 1144 semet
2129 1088 2430 1155 transtulit;
2471 1097 2535 1144 ut
2569 1105 2680 1146 non
2715 1097 2779 1144 ut
2807 1090 3072 1156 homines,
3109 1090 3204 1146 sed
3231 1099 3290 1146 ut
3319 1090 3496 1147 Verbo

1923 1182 2272 1248 adhaerentes,
2299 1192 2322 1220 ο
2354 1180 2604 1238 ﬁeremus
2637 1192 2852 1239 aeternae
2880 1185 3003 1240 vita:
3029 1185 3336 1254 participes.
3377 1183 3498 1239 Non

1917 1275 2065 1329 enirn
2097 1273 2211 1343 jam
2243 1273 2396 1343 juxta
2437 1274 2676 1344 priorem
2707 1277 3113 1344 generationes:
3142 1277 3404 1332 morimur
3441 1277 3496 1330 in

1923 1363 2115 1431 Adam,
2147 1364 2164 1402 ί
2195 1365 2290 1422 sed
2313 1373 2499 1421 nostra
2521 1367 2872 1436 generatione
2908 1376 2964 1422 et
2988 1368 3136 1423 omni
3161 1369 3358 1424 carnali
3390 1368 3500 1423 tra-

1917 1456 2129 1524 gilitate
2166 1456 2422 1512 translata
2447 1457 2505 1512 in
2542 1456 2777 1513 Verbum
2803 1459 3128 1527 resurgimus
3165 1469 3191 1508 κ
3233 1476 3306 1519 ex
3328 1468 3494 1525 terra,

1921 1546 2097 1602 soluta
2127 1546 2505 1603 maledictione
2531 1548 2739 1618 peccati
2761 1556 2980 1618 propter
3008 1563 3131 1605 eum
3163 1550 3256 1620 qui
3275 1566 3377 1620 pro
3400 1567 3500 1612 no-

1922 1634 2007 1692 bis
2031 1634 2208 1692 factus
2237 1645 2321 1692 est
2343 1636 2672 1692 maledictio.

2243 1725 2493 1800 Ejusdem
2525 1728 2745 1799 epistola
2773 1728 2843 1782 ad
2867 1726 3178 1798 Epictetum.

1997 1817 2277 1886 Quomodo
2301 1828 2484 1876 autem
2522 1821 2609 1876 vel
2635 1821 2879 1876 dubitare
2906 1819 3022 1874 ausi
3049 1826 3174 1874 sunt
3190 1819 3284 1889 qui
3315 1819 3502 1875 dicun-

1927 1917 2014 1964 tur
2042 1924 2160 1964 esse
2188 1907 2498 1975 Christiani,
2522 1911 2568 1965 si
2598 1911 2854 1965 Dominus
2881 1909 2974 1979 qui
3006 1909 3268 1979 processit
3292 1925 3362 1966 ex
3393 1910 3503 1964 Ma-

1921 1999 2006 2056 ria
2033 1998 2199 2054 Filius
2227 1999 2441 2069 quidem
2473 2001 2544 2054 sit
2587 2000 2682 2056 Dei
2710 1999 3009 2055 substantia
3049 2004 3104 2053 et
3130 2006 3344 2066 natura,
3386 2016 3504 2056 car-

1927 2089 2120 2143 naliter
2157 2104 2284 2144 vero
2321 2104 2392 2144 ex
2437 2090 2640 2145 semine
2679 2088 2846 2144 David
2895 2097 2952 2144 et
2997 2105 3065 2147 ex
3102 2100 3506 2148 carne-sanctae

1923 2177 2154 2236 Mariae?
2190 2178 2290 2245 Qui
2321 2195 2486 2250 porro
2519 2179 2654 2237 adeo
2673 2180 2908 2236 audaces
2931 2179 3149 2239 {uerunt
3183 2191 3243 2237 ut
3267 2183 3508 2238 dicereut

1931 2266 2228 2336 Christum,
2269 2271 2363 2336 qui
2395 2285 2556 2326 carne
2597 2271 2666 2326 sit
2699 2286 2886 2340 passus
2924 2280 2981 2328 et
3031 2271 3357 2339 cruciﬁxus,
3399 2287 3506 2327 non

1931 2376 2052 2418 esse
2073 2361 2357 2418 Dominum
2386 2369 2442 2418 et
2471 2361 2804 2425 Salvatorem
2832 2372 2888 2420 et
2907 2365 3076 2422 Demn
3104 2375 3160 2421 et
3179 2365 3373 2419 Filium
3405 2362 3508 2417 Pa-

1931 2453 2073 2506 tris?
2101 2451 2198 2507 Vel
2233 2453 2504 2522 quomodo
2541 2454 2727 2510 volunt
2761 2470 2821 2510 se
2863 2456 3145 2512 nominare
3180 2453 3512 2510 Christianos

1922 2543 2023 2613 .qui
2077 2543 2261 2600 dicunt
2318 2546 2373 2601 in
2430 2546 2702 2608 hominem
2749 2555 3010 2616 sancttun,
3058 2548 3510 2618 quemadmodum

1931 2633 2094 2688 etiam
2131 2634 2184 2688 in
2215 2649 2649 2706 unumquemque
2689 2637 3096 2708 prophetarum,
3134 2639 3510 2709 supervenisse

1930 2722 2184 2791 Verbum,
2220 2740 2283 2781 ac
2311 2743 2419 2782 non
2450 2727 2620 2798 magis
2657 2727 2830 2798 ipsum
2858 2729 3132 2786 hominem
3169 2729 3368 2794 factum
3387 2746 3511 2788 cum

1921 2829 2126 2887 corpus
2163 2819 2481 2888 sumpsisset
2515 2833 2584 2878 ex
2627 2818 2828 2887 Maria;
2865 2818 2894 2857 ιι
2921 2829 2978 2875 et
3011 2821 3174 2876 alium
3210 2836 3328 2878 esse
3357 2819 3511 2882 Chii.

1921 2918 2066 2976 stum
2085 2919 2143 2966 et
2179 2912 2342 2970 alium
2369 2912 2466 2969 Dei
2485 2912 2716 2970 Verbum
2743 2913 2888 2982 quod
2916 2921 3040 2970 ante
3064 2913 3286 2974 Mariam
3315 2922 3370 2970 et
3409 2929 3507 2968 an-

239 3002 307 3058 in
331 3004 487 3058 vulva
512 3004 739 3072 Virginis
759 3019 1052 3070 caro,non
1079 3017 1241 3074 egens
1267 3002 1368 3058 viri
1397 3003 1712 3074 operatione
1736 3010 1829 3056 aut
1929 3009 1983 3057 te
2011 3004 2202 3059 stecula
2234 3012 2351 3059 erat
2379 3004 2545 3059 Filius
2587 3004 2804 3060 Patris?
2845 3005 2951 3061 Aut
2977 3007 3249 3076 quomodo
3279 3013 3504 3077 possunt

246 3094 553 3163 praesentia.
582 3093 711 3149 Viro
736 3094 880 3148 enim
909 3091 1177 3150 efﬁcacior
1193 3093 1302 3152 luit
1326 3093 1424 3148 Dei
1451 3093 1623 3150 virtus
1643 3094 1826 3158 .inum-
1855 3141 1901 3206 Ο
1929 3107 2050 3148 esse
2083 3092 2374 3154 ChriStiani
2399 3095 2492 3166 qui
2525 3095 2708 3154 dicunt
2736 3096 2879 3152 aliud
2905 3112 3026 3156 esse
3049 3097 3243 3154 Filium
3283 3106 3337 3152 et
3367 3097 3510 3154 aliud

246 3185 409 3206 L_.__._
457 3185 657 3206 11:__g_.:
753 3185 1159 3206 ____7-___-__:-_-‘_
1218 3187 1368 3206 -.ξᾼμ
1424 3185 1575 3206 ,ι,,ηΛ
1626 3186 1823 3206 Ω-ΞμΞΔ--
1936 3183 2029 3206 na:
2053 3183 2323 3206 tr-_L--...n
2363 3183 2481 3206 74----
2519 3195 2629 3206 ---_‘
2674 3186 2767 3206 ,μί
2832 3187 2968 3206 Δι-ἰ
3004 3197 3054 3206 η-
3093 3188 3108 3206 ι
3134 3203 3200 3206 μ-
3233 3189 3451 3206 μέλλημ
3491 3203 3505 3206 -

244 3185 414 3242 brans
457 3185 702 3256 Virgini,
750 3185 1165 3256 superveniente
1212 3187 1375 3240 etiam
1420 3185 1580 3240 simul
1625 3186 1825 3255 Spiritu
1856 3183 1901 3206 “
1930 3183 2033 3246 Dei
2053 3183 2323 3246 Verbum?
2355 3183 2485 3244 Item
2511 3195 2629 3257 post
2663 3186 2789 3244 alia.
2819 3187 2973 3242 Absit
3003 3197 3061 3244 ut
3093 3188 3206 3244 hac
3231 3189 3512 3258 putatione

241 3286 460 3336 διιιιίιιο.

247 3377 278 3407 ι
301 3368 580 3424 Athanasii
616 3371 928 3425 sanctissimi
967 3372 1189 3443 episcopi
1225 3371 1559 3439 Alexandria
1587 3388 1656 3430 ex
1695 3371 1829 3441 libro

730 3462 972 3518 adversus
1004 3461 1031 3501 ι’
1061 3463 1305 3522 Aricinos.

321 3551 473 3606 Multi
501 3552 659 3621 igitur
687 3553 856 3622 sancti
875 3551 1090 3608 fuerunt
1111 3561 1166 3608 et
1183 3554 1304 3625 puri
1322 3553 1390 3610 ab
1421 3553 1567 3609 omni
1586 3561 1828 3626 peccato.

243 3641 509 3699 Jeremias
525 3657 649 3699 vero
665 3651 720 3698 et
733 3643 801 3698 ab
824 3651 979 3704 utero
991 3646 1351 3711 sanctiticatus
1371 3653 1481 3712 est;
1504 3653 1560 3700 et
1577 3643 1828 3712 Joannes,

238 3749 371 3789 cum
399 3733 572 3790 adhuc
599 3741 743 3788 esset
773 3733 828 3788 in
863 3741 1046 3804 utero,
1082 3731 1368 3790 exsultavit
1394 3736 1448 3790 in
1475 3735 1671 3804 gaudio
1699 3742 1832 3792 voce

239 3824 428 3880 Maria:
459 3835 480 3863 ε
507 3824 781 3880 Theotoco
806 3824 860 3896 (1
864 3823 990 3890 bid.,
1013 3824 1126 3896 tt).
1151 3825 1219 3879 Et
1243 3834 1422 3886 tamen
1444 3827 1669 3898 regnavit
1691 3843 1829 3884 mors

240 3913 311 3969 ab
339 3913 506 3970 Adam
535 3931 690 3988 usque
710 3915 779 3969 ad
807 3914 1043 3987 Moysen,
1075 3917 1232 3980 etiam
1259 3918 1311 3972 in
1350 3933 1438 3972 eos
1466 3919 1551 3988 qui
1585 3934 1688 3974 non
1707 3933 1829 3988 pec-

239 4017 487 4064 caverunt
507 4010 562 4062 in
595 4009 982 4072 similitudinem
1020 4012 1460 4083 prevaricotionis
1488 4011 1617 4072 Δάαι
1645 4010 1824 4080 (Rom.

239 4114 298 4164 v,
342 4098 450 4170 14).
497 4097 587 4154 Sic
620 4113 836 4172 quoque
873 4100 1221 4159 nihilominus
1255 4102 1545 4156 manebant
1583 4102 1830 4158 homines

239 4190 621 4259 corruptibiles
662 4199 716 4246 et
753 4190 1011 4248 mortales
1039 4198 1094 4247 et
1131 4191 1437 4260 passionum
1477 4197 1683 4258 natura:
1718 4206 1829 4246 suae

239 4293 492 4348 capaces.
538 4279 690 4335 Nunc
729 4295 858 4335 vero
907 4295 1028 4336 cum
1074 4281 1213 4335 Deus
1255 4281 1488 4342 Verbum
1511 4279 1709 4336 factum
1747 4289 1830 4336 est

240 4368 427 4436 homo,
459 4377 513 4424 et
552 4384 649 4426 sua
687 4369 814 4424 fecit
841 4384 906 4424 ea
948 4384 1068 4438 quae
1094 4377 1219 4424 sunt
1262 4369 1482 4440 propria
1523 4370 1699 4425 carnis
1731 4385 1829 4424 no-

239 4468 399 4525 strae;
426 4459 537 4530 jam
575 4475 684 4516 non
713 4461 992 4531 passiones
1020 4476 1217 4534 corpus
1257 4461 1574 4530 contingunt
1610 4467 1832 4536 propter

238 4548 479 4608 Verbum
508 4551 654 4620 quod
697 4550 798 4607 fuit
844 4553 897 4608 in
946 4566 1192 4621 corpore,
1224 4550 1318 4607 sed
1347 4551 1415 4606 ab
1453 4551 1572 4620 ipso
1611 4551 1828 4621 quidem

1932 3273 2073 3336 tanta
2109 3290 2228 3334 esse
2281 3275 2538 3346 dicamus,
2595 3284 2654 3332 ut
2692 3278 2934 3336 nonnulli
2955 3279 3346 3336 existimarunt.
3376 3278 3510 3334 Nam

1931 3381 2060 3430 vere
2106 3367 2322 3428 homine
2368 3368 2510 3428 facto
2557 3368 2856 3436 Salvatore.
2886 3369 3052 3428 totius
3093 3369 3328 3430 hominis
3370 3369 3511 3425 facta

1931 3464 2018 3520 est
2066 3457 2230 3518 salus.
2284 3457 2417 3516 Nam
2443 3459 2491 3519 si
2517 3460 2797 3530 putatione
2824 3459 3060 3520 Verbum
3097 3459 3284 3518 fuisset
3306 3460 3360 3515 in
3386 3476 3509 3516 cor-

1936 3563 2088 3626 pore,
2124 3548 2277 3618 juxta
2321 3549 2467 3620 quod
2519 3551 2595 3606 illi
2619 3551 2822 3617 dicunt,
2855 3552 3134 3622 putatione
3161 3558 3342 3608 autem
3365 3550 3512 3621 quod

1933 3639 2129 3698 dicitur
2149 3646 2354 3694 tantum
2381 3640 2663 3710 phantasia
2688 3643 2930 3711 qundam
2957 3650 3059 3710 est,
3097 3641 3400 3702 invenietur
3424 3657 3512 3700 sa-

1931 3728 2016 3785 lus
2043 3736 2229 3790 nostra
2257 3738 2313 3786 et
2337 3731 2661 3790 resurrectio
2687 3732 2963 3790 hominum
2995 3731 3136 3789 facta
3159 3747 3255 3803 per
3282 3731 3297 3776 ί
3327 3731 3510 3789 dioce-

1927 3822 2034 3888 sin,
2066 3838 2174 3880 non
2201 3823 2448 3890 veritate,
2474 3823 2629 3895 juxta
2657 3824 3090 3886 molestissimum
3137 3823 3505 3882 Manichmutn.

1931 3913 2003 3980 At
2031 3928 2160 3970 vero
2197 3913 2244 3970 si
2289 3929 2396 3972 non
2444 3929 2544 3984 per
2588 3914 2927 3984 phantasiam
2971 3913 3116 3972 salus
3161 3921 3364 3980 nostra,
3411 3928 3510 3967 nec

1931 4005 2174 4074 corporis
2225 4011 2452 4071 tantum,
2506 4005 2600 4060 sed
2646 4005 2810 4062 totius
2836 4004 3066 4061 hominis
3090 4003 3280 4059 animm
3307 4011 3363 4060 et
3389 4020 3509 4060 cor-

1927 4095 2076 4164 poris
2103 4093 2247 4154 salus
2275 4103 2358 4152 est
2386 4094 2553 4161 facta;
2585 4095 2877 4151 humanum
2900 4107 3030 4162 ergo
3054 4101 3245 4152 natura
3275 4093 3418 4167 quod
3441 4109 3508 4148 ex

1928 4186 2096 4253 Maria
2118 4186 2316 4246 factum
2343 4195 2426 4248 est
2447 4188 2602 4257 juxta
2623 4186 2930 4258 Scripturas
2955 4193 3012 4243 et
3037 4200 3224 4250 verum
3253 4193 3370 4246 erat
3390 4184 3508 4244 Sal-

1931 4278 2152 4333 vatoris.

1935 4368 1950 4420 ἰ
1989 4366 2118 4424 Julii
2151 4369 2463 4428 sanctissimi
2492 4370 2717 4443 episcopi
2748 4368 2926 4427 Romo:
2969 4368 3182 4444 epistola
3229 4369 3299 4426 ad
3341 4369 3506 4428 Pros-

2607 4463 2830 4528 docium.
3021 4459 3026 4464 ’

1997 4551 2322 4610 Prmdicatur
2348 4563 2528 4610 autem
2557 4555 2622 4609 ad
2650 4555 3173 4610 consummationem
3195 4552 3317 4608 ﬁdei
3346 4561 3400 4607 et
3426 4553 3506 4608 in-

239 4642 487 4696 contritae
515 4649 672 4709 sunt;
720 4643 966 4699 homines
993 4658 1120 4699 vero
1151 4658 1259 4698 non
1286 4641 1439 4712 juxta
1468 4658 1591 4698 suas
1618 4647 1826 4714 passio-
1853 4637 1903 4696 Β
1926 4653 2176 4710 carnatus
2203 4661 2270 4700 ex
2298 4646 2514 4726 Virgine
2560 4646 2726 4704 Maria
2754 4648 2850 4704 Dei
2879 4647 3062 4716 Filius,
3104 4647 3195 4719 qui
3236 4646 3501 4704 habitavit

1395 4762 1939 4821 CASTIGATIONES
1977 4762 2065 4818 ΕΤ
2102 4761 2326 4817 ΝοΤᾸΕ.

314 4865 340 4894 ι
369 4855 571 4928 Prteter
596 4854 807 4928 codices
827 4853 1684 4928 Vaticanu_m_etBellpvacensem,
1702 4859 1822 4928 qui-

239 4927 340 4982 bus
369 4927 456 4997 usi
479 4941 663 4997 sumus
689 4926 744 4979 in
772 4924 1121 4997 emendandis
1142 4925 1292 4979 Marii
1312 4924 1622 4997 Mercatoris
1643 4924 1820 4997 operi-

239 4997 358 5058 bus,
391 4995 533 5050 aliud
556 4996 746 5049 horum
774 4995 1206 5050 testimoniorum
1235 4995 1512 5064 exemplar
1541 4995 1693 5050 vetus
1731 5013 1819 5053 re-

238 5067 358 5134 peri
382 5067 433 5134 in
464 5065 636 5120 codici
667 5064 803 5118 1868
825 5064 1160 5122 bibliotheca:
1187 5065 1526 5124 Colbertintc.
1563 5067 1757 5131 BALUZ.

310 5135 336 5174 ι)
363 5133 625 5197 Colbert.,
649 5136 846 5188 Arium.
879 5134 1074 5188 Bswz.

316 5216 336 5243 ε
367 5203 548 5270 Forte,
579 5204 852 5260 Theotocu.
885 5203 1160 5260 GALLAND.

309 5273 335 5311 ἀ
365 5273 625 5345 Qolbert.,
656 5277 710 5330 in
737 5277 1080 5345 semetipsum.
1114 5275 1308 5329 BALUZ.

315 5354 338 5416 ξ
367 5343 511 5416 idem
540 5346 729 5410 codex,
759 5343 1015 5416 ﬁeremur.
1050 5345 1246 5399 waz.

316 5412 336 5454 ἲ
367 5413 548 5470 Seculi
580 5415 668 5470 hic
695 5412 878 5471 sumus
906 5415 1279 5470 auctoritatem
1317 5413 1435 5468 libri
1463 5414 1817 5472 Bellovacen-

241 5485 331 5556 sis.
355 5484 640 5540 Vaticanus
663 5487 842 5550 habet,
881 5485 970 5539 sed
998 5493 1228 5539 nostram
1255 5487 1652 5556 generationem.
1683 5484 1813 5542 Col-

239 5554 500 5626 bertinus,
520 5556 609 5611 sed
622 5558 776 5626 juxta
805 5564 1034 5626 nostram
1061 5554 1458 5626 generationem.
1485 5555 1682 5609 Bswz.

247 5635 339 5750 ibi:
363 5623 883 5752 {accdicesVatmt
899 5623 1090 5692 Colbi;
1113 5625 1383 5682 Bellovac.
1413 5626 1576 5682 habet
1599 5633 1822 5698 printer.

479 5711 568 5750 os.

240 5701 339 5750 ita.
363 5701 568 5750 Mus.

2001 4853 2030 4891 ιι
2057 4852 2294 4921 Colbert,
2317 4871 2422 4910 non
2447 4855 2624 4909 alium.
2656 4851 2762 4908 Sed
2788 4852 2904 4907 haec
2922 4850 3081 4907 lectio
3100 4847 3242 4905 bona
3261 4864 3368 4905 non
3397 4858 3498 4906 est.

1926 4925 2126 4982 waz.

2003 4995 2021 5034 ί
2055 4993 2298 5050 Servavit
2337 4992 2602 5050 Mercator
2644 5006 2830 5048 vocem
2859 4988 3116 5060 Grmcam.
3149 5001 3359 5052 somn:
3387 4989 3503 5060 Opi-

1929 5067 2147 5190 gionem
2166 5063 2446 5136 signiﬁcat.
2469 5063 2606 5119 Male
2625 5063 2679 5118 in
2700 5061 2884 5120 codice
2903 5059 3212 5116 Colbertino
3238 5060 3496 5116 diocesim.

1975 5152 2128 5190 ALUZ.

2011 5153 2128 5190 LUZ.

1975 5152 2202 5287 Διῗιίέίιιά
2231 5211 2636 5287 θιρςςρῑιιιιχθι
2664 5200 2888 5287 epistola
2918 5201 2984 5256 ad
3012 5199 3378 5287 l’rosdocium.
3405 5215 3503 5287 pro

1926 5276 2235 5331 authentico
2279 5272 2412 5329 Julii
2451 5274 2650 5344 scripto
2681 5272 2926 5344 habuere
2945 5278 3174 5344 veteres,
3202 5283 3340 5344 quos
3365 5272 3504 5344 inter

1925 5356 2110 5404 noster
2136 5346 2333 5400 Marius
2363 5338 2645 5398 Mercator.
2674 5341 2778 5397 Sed
2807 5339 3082 5405 Leontius,
3106 5341 3198 5395 lib.
3223 5339 3288 5394 de
3308 5338 3499 5405 Sectis,

1924 5425 2029 5472 act.
2062 5415 2114 5481 8,
2147 5432 2214 5470 ex
2257 5414 2488 5484 plurium
2533 5412 2915 5484 exemplarium
2952 5411 3080 5484 tid'e
3112 5424 3353 5484 asserere
3395 5424 3503 5484 non

1925 5478 2204 5550 dubitavit,
2237 5478 2344 5539 non
2387 5481 2529 5550 Julii,
2573 5483 2668 5537 sed
2691 5478 2964 5536 Timothei
2993 5481 3084 5550 qui
3113 5478 3501 5550 Apollinarium

1924 5549 2238 5624 magistrum
2260 5554 2462 5620 habuit,
2494 5549 2612 5608 esse
2634 5553 2912 5624 epistolam
2925 5549 3086 5624 illam
3109 5549 3176 5624 ex
3214 5564 3318 5619 qua
3361 5549 3504 5624 idem

1926 5619 2235 5696 excerptum
2263 5625 2600 5696 desumptum
2624 5619 2746 5696 fuit.
2757 5620 2886 5696 _Qua
2909 5620 2992 5696 de
3005 5635 3064 5696 re
3083 5619 3505 5696 plura_cruditis-

1927 5689 2522 5762 simus'Coustantius'in
2542 5689 2836 5767 appendice
2861 5691 2932 5749 ad
2949 5689 3216 5766 Epistolas
3229 5689 3508 5747 Romano-
