3904 6272
428 343 531 402 νη
928 335 1121 398 IiARIl
1158 332 1592 393 HEBCATORIS
1628 329 2028 389 τιιΑΝειΛτκ

2139 330 2192 388 IS
2231 326 2587 386 VARIORUM
2623 321 3154 383 OPUSCULORUII.
3569 317 3691 375 87$

428 455 486 510 in
504 451 826 518 hominibus,
858 449 1040 508 nonin
1067 448 1283 504 homine
1311 452 1583 517 operatus.
1616 441 1731 498 Hoc
1757 442 1900 498 etiim
1928 440 1998 497 de
2026 445 2079 505 Α
2101 443 2277 509 tritus,
2323 441 2496 498 infans
2530 441 2584 496 in
2629 439 2895 511 praesepio
2931 437 3215 508 repositus,
3249 443 3456 490 natura:
3485 423 3687 491 nostra

427 544 704 617 prophetis
731 551 814 598 est
841 549 895 598 et
923 541 1198 614 apostolis.
1249 538 1524 594 Perfectus
1559 537 1704 592 Deus
1731 536 1784 590 in
1815 551 1996 602 carne,
2102 535 2442 604 fragilitatem
2481 533 2750 588 sustinens
2794 536 3018 602 propter
3060 529 3272 600 priores
3317 541 3543 593 causas;
3586 527 3688 582 sed

430 643 488 691 et
507 636 668 690 homo
693 632 963 704 perlectus
985 632 1040 687 in
1061 631 1270 702 spiritu.
1288 629 1404 684 Non
1433 628 1540 684 duo
1561 627 1653 682 lilii
1685 645 1698 680 :
1724 642 1862 682 unus
1883 627 2002 698 qui-
2102 643 2224 684 cum
2246 626 2419 682 adhuc
2439 625 2611 680 infans
2631 631 2792 692 esset,
2824 622 3079 679 Satanam
3099 630 3156 678 et
3174 620 3292 691 ejus
3308 618 3690 692 perterrel’ecit

428 727 552 782 dem
583 725 840 781 naturalis
877 724 1043 779 Filius
1071 723 1161 792 qui
1184 721 1472 792 assumpsit
1491 720 1783 785 hominem,
1813 727 1840 757 ι
1868 719 2006 774 alter
2105 717 2416 783 exercitum,
2438 731 2624 786 magos
2650 729 2950 787 provocans
2971 714 3039 770 ad
3065 713 3459 785 paenitentiam,
3508 721 3566 768 et
3591 729 3690 770 eos

429 830 561 871 vero
584 815 747 872 homo
784 813 1026 870 mortalis
1054 820 1356 884 assumptus
1384 827 1415 867 a
1435 811 1568 877 Deo,
1601 809 1696 866 sed
1716 826 1852 866 unus
1881 809 2003 864 uni-
2106 827 2319 868 armans
2339 811 2403 866 ad
2424 818 2791 881 contemptum
2815 808 2932 878 ejus
2954 809 3048 879 qui
3068 807 3190 864 illos
3209 807 3434 863 miserat
3451 807 3616 877 regis.

433 907 646 976 genitus
669 907 722 961 in
747 905 906 972 ctelo,
936 903 1241 973 unigenitus
1268 903 1323 958 in
1351 911 1493 958 terra
1521 901 1682 957 Deus.

2139 923 2353 997 igpriani
2407 922 2719 978 sanctissimi
2773 921 2998 997 episcopi
3052 936 3118 975 ea:
3167 919 3298 976 libro
3359 919 3426 974 de
3480 917 3689 974 Miseri-

433 1015 624 1071 Felicis
643 1017 865 1086 episcopi
874 1085 881 1086 ί
906 1015 1222 1086 sanctissimi
1255 1013 1433 1068 Roma
1458 1021 1507 1067 et
1533 1012 1777 1086 martyris
1804 1028 1870 1086 ea:
1893 997 2005 1082 epi-

499 1087 631 1143 stola
672 1081 744 1138 ad
787 1081 823 1123 δ’
858 1085 1204 1155 yaximinum
1249 1085 1540 1155 episcopum
1584 1091 1635 1137 et
1674 1081 1752 1136 ad
1807 1081 2000 1136 clerum

499 1155 831 1211 Alexandria
849 1153 1116 1209 Ecclesiae.

503 1269 578 1324 De
599 1268 968 1325 incarnatione
991 1284 1120 1325 vero
1146 1268 1308 1324 Verbi
1328 1276 1382 1324 et
1407 1269 1474 1324 de
1496 1265 1622 1333 ﬁde,
1647 1267 1914 1324 credimus
1956 1267 2010 1322 in

432 1361 718 1416 Dominum
739 1368 980 1416 nostrum
1004 1359 1182 1416 Jesum
1207 1359 1475 1415 Christum
1498 1367 1680 1414 natum
1703 1374 1772 1414 ex
1793 1357 2013 1427 Virgine

2801 992 2997 1046 Cardie.

2180 1085 2346 1142 Multa
2374 1094 2430 1142 et
2448 1100 2642 1156 magna
2667 1090 2810 1149 sunt,
2837 1083 3032 1139 fratres
3061 1082 3378 1148 charissimi,
3427 1082 3686 1138 beneﬁcia

2109 1177 2288 1234 divina
2317 1178 2509 1247 quibus
2529 1177 2584 1231 in
2611 1176 2838 1232 salutem
2859 1183 3099 1231 nostram
3120 1174 3217 1230 Dei
3238 1173 3416 1230 Patris
3453 1182 3513 1230 et
3546 1173 3688 1229 Chri-

2110 1268 2181 1324 sti
2207 1268 2355 1337 larga
2383 1275 2438 1323 et
2459 1268 2676 1338 copiosa
2707 1267 2989 1322 clementia
3015 1273 3070 1321 et
3120 1274 3340 1336 operata
3369 1266 3442 1321 sit
3470 1274 3528 1321 et
3554 1282 3690 1321 sem-

2110 1373 2210 1428 per
2228 1366 2510 1428 operetur;
2534 1357 2678 1427 quod
2698 1356 3078 1413 conservandis
3098 1371 3162 1412 ac
3183 1356 3522 1412 viviﬁcandis
3540 1357 3689 1411 nobis

434 1452 620 1508 Maria.
647 1452 746 1508 Hic
773 1453 917 1507 enim
937 1459 1019 1510 est
1038 1451 1204 1507 Filius
1231 1451 1322 1507 Dei
1345 1459 1576 1507 aeternus
1597 1458 1652 1506 et
1679 1450 1934 1515 Verbum,
1959 1457 2015 1504 et
2113 1447 2274 1502 Pater
2322 1448 2514 1502 Filium
2561 1449 2708 1502 misit
2734 1455 2793 1502 ut
2819 1461 3074 1518 reparare
3093 1463 3193 1502 nos
3220 1455 3438 1517 posset;
3469 1443 3496 1484 δ
3521 1447 3688 1516 quod-

436 1560 545 1601 non
585 1545 658 1599 ita
707 1547 869 1600 homo
900 1559 932 1599 a
953 1544 1063 1600 Deo
1085 1553 1402 1615 assumptus,
1425 1551 1486 1598 ut
1509 1551 1650 1599 esset
1671 1544 1805 1599 alius
1823 1549 2018 1613 praeter
2115 1555 2220 1610 que
2243 1539 2409 1595 Filius
2436 1540 2628 1596 missus
2649 1551 2749 1606 est,
2780 1547 2836 1594 et
2861 1539 3094 1595 hominis
3115 1539 3280 1594 Filius
3311 1555 3432 1594 esse
3451 1539 3617 1593 voluit
3637 1548 3690 1594 ut

438 1638 630 1709 ipsum.
675 1637 858 1707 Neque
905 1637 1048 1692 enim
1093 1637 1365 1692 hominem
1411 1636 1697 1706 assumpsit
1725 1635 1817 1690 Dei
1851 1634 2018 1690 Filius
2116 1631 2209 1686 Dei
2240 1630 2377 1686 ﬁlios
2404 1630 2619 1686 faceret.
2644 1629 2954 1685 Humiliavit
2979 1644 3057 1695 se,
3082 1638 3140 1684 ut
3158 1629 3418 1700 populum
3438 1631 3532 1698 qui
3553 1631 3690 1698 prius

437 1739 498 1784 ut
525 1739 666 1785 esset
694 1729 828 1784 alius
839 1737 1042 1800 przeter
1070 1729 1244 1799 ipsum
1269 1747 1281 1781 :
1305 1729 1400 1784 sed
1422 1744 1543 1784 cum
1572 1737 1714 1784 esset
1732 1729 1872 1784 Deus
1891 1744 2016 1799 pcr-

2112 1722 2327 1792 jacebat
2369 1723 2618 1791 erigeret.
2667 1721 2994 1776 Vulneratus
3031 1729 3131 1787 est,
3162 1729 3224 1776 ut
3251 1720 3475 1775 vulnera
3515 1729 3688 1774 nostra

441 1818 628 1884 lectus,
655 1817 826 1873 factus
847 1826 931 1873 est
956 1817 1112 1873 simul
1139 1826 1194 1873 et
1213 1818 1376 1872 homo
1395 1815 1684 1887 perfectus,
1710 1817 2016 1872 incarnatus
2048 1821 2090 1881 Β
2119 1819 2348 1869 curaret.
2381 1811 2629 1878 Servivit,
2662 1818 2721 1866 ut
2745 1811 2812 1866 ad
2836 1811 3144 1868 libertatem
3171 1813 3472 1868 servientes
3517 1820 3690 1866 extra-

441 1927 509 1968 ex
538 1912 778 1981 Virgine.

443 1999 708 2072 TlteOphili
736 2002 1047 2056 sanctissimi
1074 2003 1298 2073 episcopi
1326 2000 1659 2056 Alexandriae
1691 2017 1756 2056 ea:
1783 1999 2020 2071 paschali

1013 2072 1229 2142 epistola
1249 2072 1448 2143 quinta.

512 2181 647 2237 Sunt
673 2183 816 2237 enim
843 2197 986 2237 nunc
1003 2182 1381 2236 miraculorum
1409 2189 1652 2236 veterum
1676 2180 1931 2249 reliquiae,
1957 2194 2026 2235 ne

445 2285 634 2342 parum
654 2271 876 2326 credant
901 2271 1046 2341 quod
1070 2272 1166 2326 Dei
1197 2271 1363 2326 virtus
1384 2279 1564 2340 potest
1585 2269 1763 2326 facere
1790 2280 1850 2325 ut
1873 2271 2024 2340 virgo

443 2362 633 2432 pariat,
665 2363 718 2416 in
737 2376 842 2432 qua
859 2361 957 2416 luit
983 2362 1160 2417 vivum
1179 2361 1276 2416 Dei
1295 2360 1528 2416 Verbum
1549 2368 1770 2431 propter
1788 2367 2024 2416 nostram

445 2452 864 2509 similitudinem.
896 2453 1064 2508 Aliter
1091 2453 1233 2508 enim
1261 2467 1364 2508 nos
1393 2451 1594 2521 alloqui
1627 2451 1875 2521 proprius
1913 2451 2028 2520 ipse

448 2560 556 2601 non
591 2552 837 2616 poterat;
868 2552 923 2600 et
945 2560 1044 2601 nec
1071 2560 1140 2600 ex
1169 2543 1442 2614 voluptate
1469 2551 1524 2598 et
1551 2553 1573 2582 ο
1603 2557 1812 2609 somno,
1837 2555 2027 2611 quem-

449 2636 734 2692 admodum
799 2643 854 2692 et
898 2637 953 2692 in
993 2637 1112 2691 aliis
1151 2636 1473 2700 hominibus,
1517 2650 1716 2704 corpus
1781 2633 2026 2703 accipiat,

447 2729 650 2799 aeeepit
681 2727 795 2798 ejus
823 2729 1117 2794 consimile,
1144 2736 1299 2782 natus
1327 2743 1396 2783 ex
1443 2727 1678 2795 Virgine,
1710 2727 1873 2782 homo
1911 2726 2031 2796 qui-

445 2818 569 2874 dem
589 2833 853 2889 apparens
869 2819 1019 2888 juxta
1040 2833 1141 2873 nos
1159 2827 1215 2872 et
1234 2818 1288 2871 in
1310 2816 1480 2874 forma
1500 2817 1698 2882 servili,
1724 2816 1885 2872 rebus
1902 2831 2031 2871 vero

446 2908 706 2977 probatur
732 2922 850 2964 esse
875 2908 1111 2962 omnium
1147 2904 1340 2961 artifex
1369 2913 1424 2960 et
1451 2905 1726 2973 Dominus,
1757 2921 1920 2976 opera
1949 2904 2031 2961 fa-

453 2997 601 3058 ciens
627 2998 743 3053 Dei.

726 3089 996 3163 Ejusdem,
1021 3105 1085 3144 ea:
1104 3089 1321 3161 epistola
1340 3085 1573 3161 paschali
1594 3097 1759 3144 serta.

527 3183 987 3251 Quemadmodum
1033 3184 1227 3238 summi
1270 3183 1533 3238 artiﬁcum
1579 3198 1689 3238 non
1715 3182 1768 3237 in
1797 3181 2032 3253 pretiosa
2057 3180 2105 3246 C

454 3281 664 3330 tantum
687 3274 910 3328 materia
937 3273 1043 3328 vim
1068 3287 1178 3328 suae
1206 3273 1336 3328 artis
1363 3271 1669 3338 ostendunt,
1694 3271 1791 3327 sed
1817 3279 1873 3328 et
1899 3273 1944 3328 si
1975 3273 2030 3328 in

454 3362 573 3417 luto
612 3363 696 3418 vel
736 3378 861 3418 cera
905 3362 1179 3418 solertiam
1231 3377 1383 3416 suam
1429 3361 1815 3428 demonstrent,
1863 3361 2032 3419 multo

456 3451 628 3520 magis
647 3453 894 3508 videntur
921 3466 1040 3507 esse
1068 3451 1388 3517 laudabiles;
1419 3451 1679 3507 sic‘etiam
1707 3451 1849 3507 Deus
1894 3450 2029 3507 Ver-

452 3543 600 3608 bum,
650 3542 901 3611 optimus,
950 3541 1188 3596 omnium
1225 3541 1434 3607 artifex,
1466 3541 1662 3606 vivum,
1694 3540 1902 3606 efﬁcax,
1937 3541 2030 3612 qui

453 3631 790 3687 ordinatione
835 3645 1070 3700 congrua
1115 3638 1309 3687 cuncta
1337 3632 1660 3702 composuit,
1690 3648 1796 3687 non
1823 3632 2030 3689 cmlesti

451 3723 681 3794 quadam
705 3723 946 3794 corporis
973 3731 1242 3792 assumpta
1265 3723 1486 3778 materia
1517 3723 1584 3778 ad
1613 3738 1712 3777 nos
1737 3723 1903 3788 venit,
1935 3722 2030 3778 sed

453 3816 510 3872 in
552 3815 664 3871 luto
710 3815 1128 3888 magnitudinem
1169 3830 1280 3870 suae
1309 3815 1440 3870 artis
1466 3815 1719 3880 ostendit,
1757 3815 2031 3884 corrigens

452 3907 727 3963 hominem
746 3908 838 3977 qui
863 3914 947 3962 est
972 3906 1126 3962 tictus
1145 3921 1211 3961 ex
1242 3907 1375 3970 luto,
1400 3907 1515 3977 ipse
1535 3921 1603 3961 ex
1630 3904 1848 3974 Virgine
1869 3906 2032 3962 homo

457 4013 630 4053 novus
667 3998 984 4070 procedens,
1016 3997 1376 4068 generationis
1402 3996 1616 4066 quidem
1639 3996 1847 4052 ratione
1873 3996 2032 4052 dissi-

452 4088 610 4154 milis,
635 4087 752 4144 aliis
781 4103 908 4144 vero
928 4088 1176 4146 omnibus
1203 4088 1404 4158 absque
1431 4095 1654 4158 peccato
1697 4087 1883 4143 similis
1928 4103 2030 4143 no-

451 4179 550 4238 stri
572 4178 756 4245 (Hebr.
788 4196 861 4247 tv,
886 4179 996 4252 15),
1026 4188 1202 4248 natus,
1231 4181 1424 4251 pannis
1450 4180 1740 4247 involutus,
1764 4181 1902 4236 lacte
1929 4197 2030 4236 nu-

2124 1907 2294 1961 heret.
2348 1904 2482 1961 Mori
2527 1905 2797 1972 sustinuit,
2827 1913 2888 1960 ut
2914 1905 3372 1960 immortalitatem
3402 1906 3691 1960 mortalitas

2122 1997 2416 2053 exhiberet.

2262 2087 2515 2143 Ambrosii
2541 2088 2850 2143 sanctissimi
2877 2088 3102 2158 episcopi
3127 2086 3554 2142 Mediolanensis.

2193 2179 2252 2234 Si
2306 2180 2436 2235 mihi
2477 2194 2584 2236 non
2639 2180 2885 2246 credunt,
2917 2180 3138 2236 credant
3166 2179 3430 2252 Apostolo
3459 2181 3646 2235 dicenti
3675 2198 3687 2232 :

2123 2270 2405 2344 Postquam
2450 2289 2565 2328 vero
2604 2275 2737 2328 venit
2773 2273 3038 2346 plenitudo
3079 2274 3344 2344 temporis,
3384 2273 3527 2327 misit
3564 2271 3691 2327 Deus

2125 2362 2321 2418 Filium
2341 2380 2488 2418 suum
2509 2366 2704 2436 factum
2730 2381 2795 2419 ea:
2813 2365 3046 2431 muliere,
3071 2367 3266 2437 factum
3286 2363 3382 2419 sub
3404 2364 3514 2434 lege
3559 2362 3690 2433 (Gal.

2125 2469 2197 2520 tv,
2228 2453 2304 2524 4).
2335 2452 2550 2521 Filium,
2598 2454 2790 2524 inquit,
2841 2472 3006 2520 suum,
3038 2469 3145 2510 non
3185 2470 3350 2509 unum
3389 2470 3457 2508 ex
3503 2453 3690 2516 multis,

2127 2558 2237 2598 non
2265 2559 2622 2612 communem,
2646 2545 2742 2601 sed
2768 2561 2943 2600 suum.
2970 2543 3134 2602 Suum
3155 2560 3276 2601 cum
3297 2545 3450 2608 dicit,
3488 2558 3690 2613 genera-

2128 2635 2292 2690 tionis
2314 2643 2531 2690 :eternae
2551 2636 2934 2706 proprietatem
2954 2634 3287 2705 signiﬁcavit.
3341 2633 3497 2690 Hunc
3521 2642 3690 2705 postea

2133 2727 2324 2795 factum
2360 2743 2426 2780 ea:
2443 2727 2656 2782 muliere
2677 2727 2923 2790 astruxit,
2954 2734 3014 2782 ut
3032 2727 3236 2784 factura
3256 2741 3368 2780 non
3387 2725 3690 2789 Divinitatis,

2132 2813 2227 2870 sed
2275 2815 2655 2885 assumptionis
2707 2815 2952 2886 corporis
3003 2815 3383 2870 ascriberetur.
3406 2813 3623 2868 Factum
3642 2831 3693 2869 ea

2131 2905 2345 2959 muliere
2369 2920 2470 2976 per
2492 2906 2668 2961 carnis
2687 2905 3104 2976 susceptionem,
3137 2909 3334 2979 factum
3357 2905 3451 2960 sub
3471 2906 3579 2976 lege
3613 2920 3694 2975 per

2134 2997 2526 3053 observantiam
2572 2997 2723 3067 legis.
2773 2995 3064 3054 Generatio
3117 3005 3298 3074 autem
3346 2997 3437 3054 illa
3479 2996 3696 3054 caelestis

2137 3097 2262 3145 ante
2289 3089 2479 3160 legem,
2504 3089 2605 3144 ista
2633 3097 2758 3160 post
2774 3089 2964 3159 legem.

2779 3179 3028 3253 Ejusdem
3035 3220 3049 3236 .

2202 3271 2409 3327 Sileant
2448 3271 2609 3342 igitur
2659 3271 2846 3327 inanes
2890 3271 2958 3327 de
2995 3271 3331 3328 sermonibus
3369 3273 3696 3342 qumstiones,

2135 3366 2387 3436 quoniam
2409 3379 2631 3435 regnum
2651 3365 2765 3431 Dei,
2791 3365 2928 3420 sicut
2953 3365 3208 3435 scriptum
3229 3373 3330 3432 est,
3364 3381 3472 3420 non
3510 3366 3560 3420 in
3587 3380 3696 3435 per-

2135 3459 2387 3514 suasione
2409 3455 2558 3512 verbi
2585 3464 2686 3521 est,
2739 3455 2834 3511 sed
2861 3456 2915 3510 in
2943 3456 3248 3511 ostensione
3275 3456 3488 3511 virtutis
3517 3455 3558 3526 (Ι
3589 3454 3698 3510 Cor.

2135 3565 2192 3613 n,
2239 3547 2316 3619 4).
2363 3546 2651 3603 Servemus
2704 3546 3029 3602 locutionem
3072 3545 3374 3601 Divinitatis
3419 3556 3474 3601 et
3514 3548 3699 3601 carnis.

2139 3639 2284 3694 Unus
2304 3639 2357 3692 in
2385 3646 2613 3707 utroque
2640 3636 2876 3706 loquitur
2902 3635 3083 3702 Filius,
3108 3636 3231 3704 quia
3260 3637 3312 3690 in
3334 3635 3526 3690 eodem
3565 3645 3700 3691 utra-

2134 3746 2239 3801 que
2258 3739 2448 3785 natura
2475 3737 2576 3796 est,
2606 3737 2662 3785 et
2688 3744 2796 3784 non
2823 3729 2878 3784 in
2903 3743 3012 3784 uno
3030 3743 3242 3799 semper
3269 3728 3508 3798 loquitur
3527 3728 3697 3783 modo.

2133 3821 2354 3876 Intende
2391 3823 2446 3876 in
2483 3837 2550 3877 eo
2577 3837 2719 3876 nunc
2745 3821 2968 3891 gloriam
2991 3821 3105 3888 Dei,
3147 3836 3290 3876 nunc
3329 3822 3565 3876 hominis
3592 3837 3703 3892 pss-

2134 3913 2350 3969 siones:
2382 3913 2506 3981 quia
2529 3911 2682 3980 quasi
2707 3911 2848 3967 Deus
2891 3911 3128 3980 loquitur
3173 3925 3293 3982 quae
3338 3920 3463 3967 sunt
3510 3912 3699 3979 divina,

2134 4004 2258 4073 quia
2300 4003 2534 4058 Verbum
2576 4009 2685 4068 est;
2734 4002 2886 4072 quasi
2933 4002 3097 4057 homo
3134 4016 3254 4072 quae
3293 4009 3416 4056 sunt
3453 4003 3700 4070 humana,

2134 4096 2260 4166 quia
2289 4105 2313 4134 °
2345 4096 2399 4150 in
2431 4111 2550 4150 mea
2592 4095 2890 4151 substantia
2936 4095 3292 4165 loquebatur:
3325 4095 3428 4150 Hic
3457 4108 3541 4150 est
3565 4097 3700 4167 panis

2133 4186 2269 4241 vivus
2309 4186 2397 4258 qui
2439 4185 2502 4240 de
2538 4186 2661 4241 caelo
2709 4184 2973 4240 descendit
3001 4185 3180 4257 (Joan.
3203 4202 3276 4254 vt,
3301 4185 3412 4258 51).
3443 4185 3610 4242 Panis
3628 4187 3702 4242 hic

1617 4292 2158 4356 CASTIGATIONES
2196 4298 2286 4355 ET
2313 4299 2539 4358 ΝΟΤιΕ.

453 4395 574 4456 rum
593 4380 906 4452 pontiﬁcum
929 4397 1063 4456 pag.
1095 4383 1179 4450 7t,
1206 4385 1296 4440 ubi
1343 4393 1398 4441 et
1439 4384 1699 4455 integram
1747 4387 2030 4456 epistolam

453 4449 613 4527 Julio'
623 4467 904 4522 perperam
925 4449 1239 4527 ascriptam,
1262 4471 1330 4515 ex
1359 4449 1580 4526 antiquo
1601 4449 1893 4527 exemplari
1915 4457 2027 4512 An-

453 4520 664 4598 glicani)
692 4520 899 4598 erutam
917 4521 981 4577 G.
1005 4520 1298 4598 L."r_e_ci_tat,
1322 4533 1378 4598 et
1403 4520 1507 4582 hoc
1526 4528 1700 4598 ipsum
1719 4520 2030 4598 excerptum

455 4591 897 4665 eidem_epistolze
918 4606 986 4647 ex
1005 4593 1476 4665 triplici‘versione
1503 4591 1733 4665 subjicit.
1765 4591 2030 4652 Caeterum

454 4659 597 4738 idem
625 4659 1138 4738 fragmentunrltrlio
1159 4662 1291 4719 falso
1321 4665 1577 4720 tributtun
1599 4659 1800 4738 repetit
1820 4666 2028 4723 Merca-

453 4737 543 4784 tor
569 4730 724 4800 inl‘ra,
749 4745 869 4800 pag.
892 4729 1015 4785 259.
1038 4730 1309 4790 (ἓΑιιΑΝο.

2134 4389 2375 4517 Bontitici
2405 4407 2512 4447 non
2531 4399 2740 4475 tantum
2761 4393 3160 4477 abrogare,_sed
3186 4403 3242 4451 et
3258 4395 3529 4477 hzereticis
3550 4395 3705 4450 ascri-

2173 4475 2265 4516 ere
2293 4477 2401 4516 non
2420 4462 2741 4517 dubitemus.
2771 4463 2942 4517 Ouam
2971 4466 3186 4517 quidem
3214 4473 3539 4517 sententiam
3559 4481 3705 4517 excu-

2173 4475 2265 4516 ere
2293 4462 2942 4535 nondubitemus.Quatn
2971 4466 3186 4535 quidem
3214 4467 3539 4520 sententiam
3559 4481 3706 4520 excu-

2136 4533 2223 4602 titi
2247 4531 2547 4602 refellitque
2593 4535 2676 4588 vir
2725 4534 2952 4600 doctus,
2987 4531 3061 4590 'ac
3111 4534 3328 4590 demum
3383 4535 3700 4590 concludit:

2141 4620 2160 4654 ι
2203 4601 2349 4677 [Stud
2385 4601 2534 4657 certe
2553 4601 2913 4677 fragmentum
2941 4620 3062 4660 cum
3097 4604 3331 4677 Cyrinus
3352 4613 3415 4677 et
3445 4604 3703 4677 Ephesius

2134 4671 2371 4753 synodus
2399 4671 2732 4753 sanctissimo
2759 4688 2897 4744 papa
2918 4671 3236 4753 etimartjire
3272 4673 3456 4753 Felice
3483 4671 3594 4753 non
3632 4676 3704 4753 in-

2134 4741 2347 4812 dignum
2390 4741 2695 4812 judicarint,
2745 4741 2906 4812 atque
2934 4752 2993 4798 ut
3029 4741 3268 4812 ejusdem
3292 4744 3486 4798 deinde
3513 4745 3704 4798 Marius

529 4809 555 4897 τ
592 4799 922 4897 colliga-ft
1090 4803 1241 4897 nemo
1262 4804 1515 4860 naturalis
1535 4816 1823 4880 assumptus
1843 4826 1876 4863 a
1894 4807 2024 4866 Deo.
2056 4805 2109 4868 D
2132 4799 2414 4892 Mercator,
2433 4801 2749 4897 Vincentius
2753 4799 3345 4897 Lirinensis,'livpatius
3358 4812 3705 4897 Ephesiorum

455 4866 595 4933 Bal.,
626 4871 790 4925 Aliter
809 4888 941 4926 vero.
972 4872 1244 4928 GALLAND.

527 4939 556 5020 ιζ
594 4937 720 5020 beg.
754 4939 1076 5020 dlaaimum;
1099 4945 1175 5020 sic
1194 4945 1338 4999 enim
1367 4945 1419 4999 in
1445 4945 1729 5020 [ﬁgmenti
1759 4949 1916 5020 hujus
1944 4949 2029 5005 in-

454 5009 747 5088 scriptione
769 5010 1119 5088 legitur_inte_r
1144 5013 1278 5070 Acta
1305 5016 1517 5088 concilii
1532 5009 1813 5088 Ephesini,
1828 5009 1944 5076 'act.
1974 5020 2026 5084 l,

455 5078 577 5149 pag.
613 5078 770 5147 1055,
794 5088 922 5135 tom.
954 5081 1019 5135 lll
1062 5081 1227 5139 Conc.
1271 5085 1397 5139 edit.
1457 5078 1601 5142 Ven.-
1635 5078 1812 5143 Labb:
1845 5078 2034 5144 Exstat

457 5151 617 5224 etiam
645 5150 786 5224 apud
805 5149 1080 5224 Cyrillum,
1104 5152 1331 5224 Apolog.
1355 5155 1608 5212 adversus
1622 5157 1943 5224 Orientales,
1967 5159 2035 5214 ad

458 5169 617 5204 etiam
645 5169 785 5221 apuu
805 5169 1080 5274 ulyrttlum,
1104 5169 1331 5278 Αροιοξ.
1355 5169 1608 5212 adversus
1622 5169 1943 5224 Ut'tentales,
1967 5169 2035 5214 ad

458 5217 984 5309 gnatae-31:52:.
1015 5237 1136 5309 ρεε·
1163 5222 1264 5309 ξέῖ
1303 5267 1317 5290 ν
1349 5227 1623 5309 είγεὲηιετ
1640 5225 1774 5309 ουρ·
1799 5228 2035 5309 citadel“

455 5287 712 5376 Patris
739 5297 869 5376 tom.
1008 5287 1127 5376 pag.
1164 5293 1286 5376 171i,
1303 5287 1406 5376 sed
1433 5297 1632 5376 absque
1660 5287 1896 5376 episco'pi
1923 5313 2024 5376 no-

458 5366 603 5412 mine
631 5366 715 5413 cui
744 5375 807 5415 ea
837 5366 1060 5431 epistola
1091 5366 1495 5419 inscribebatur.
1546 5366 1808 5421 Observat
1844 5366 2027 5422 autem

461 5425 706 5507 Lati-datus
747 5429 1174 5507 Qoustantiusin
1212 5432 1386 5507 Epist;
1414 5433 1636 5507 Roman.
1659 5435 1872 5507 pontiﬁ,
1902 5451 2023 5507 pag.

463 5492 586 5577 g9l,
616 5512 747 5577 non_
755 5498 989 5577 defuisse
1014 5503 1105 5570 qui
1133 5492 1508 5577 sancto‘Felici
1537 5492 1688 5577 papa.)
1709 5513 1780 5577 ret
1806 5492 2030 5577 martyri

464 5562 770 5647 hujusmodi
797 5562 1150 5647 fragmentum
1167 5562 1567 5647 Aadjudicarunl.
1609 5562 1757 5641 'Quin
1799 5585 1854 5647 et
1892 5562 2024 5647 v.'c.

465 5631 785 5700 Lequienius
827 5631 906 5692 in'
920 5640 1128 5696 dissert.
1163 5641 1203 5714 2
1237 5631 1499 5714 Damam,
1533 5631 1678 5700 nuni.
1713 5647 1742 5698 7
1769 5645 1898 5700 nihil
1920 5645 2032 5714 jam

464 5715 745 5777 superesse
789 5718 992 5778 censet,
1039 5726 1134 5769 cur
1157 5711 1293 5773 idem
1323 5712 1676 5787 fragmentum
1696 5724 1880 5784 sancto
1905 5711 2032 5776 huic

2129 4881 2411 4952 episcopus
2431 4881 2627 4953 aliique
2647 4883 2895 4938 catholici
2916 4881 3248 4948 admiserint,
3273 4881 3437 4953 quam
3457 4884 3549 4939 diu
3572 4883 3705 4938 aliud

2133 4966 2240 5006 non
2286 4952 2570 5022 constabit,
2616 4953 2863 5022 religioni
2891 4953 3045 5010 nobis
3071 4963 3155 5010 est
3182 4952 3309 5009 hinc
3337 4954 3467 5009 illud
3494 4955 3705 5010 submo-

2131 5035 2278 5076 vere.
2317 5038 2336 5072 ι
2363 5019 2633 5076 GALLAND.

2208 5101 2231 5165 ξε
2273 5089 2610 5165 'l‘_ra_nslative
2649 5092 2791 5148 istud
2818 5093 3018 5165 dictum
3044 5102 3128 5150 est
3153 5109 3254 5165 pro
3281 5094 3594 5150 concubitu.
3625 5092 3708 5148 Sic

2136 5160 2276 5234 enim
2297 5160 2549 5234 Salomon
2577 5161 2705 5233 Sap.
2737 5179 2811 5219 vn
2830 5163 2904 5218 ait
2931 5180 2991 5234 se
3009 5160 3352 5234 coagulatum
3373 5179 3493 5220 esse
3512 5165 3569 5218 in
3593 5179 3708 5218 san-

2137 5231 2297 5298 guine
2321 5246 2386 5286 ex
2407 5232 2611 5287 semine
2633 5231 2866 5290 hominis
2885 5242 2940 5289 et
2965 5231 3365 5290 delectamento
3392 5236 3562 5288 somni
3597 5248 3710 5287 con-

2131 5301 2380 5354 veniente.
2410 5299 2606 5355 Bawz.

2201 5366 2230 5443 εξ
2267 5369 2346 5424 Ita
2366 5377 2547 5443 vetera
2567 5373 2894 5443 exemplaria
2909 5373 3226 5428 Vaticanum
3247 5383 3303 5430 et
3321 5372 3708 5436 Colbertinum,

2133 5439 2233 5516 nisi
2262 5440 2639 5516 quodquoque
2671 5439 2861 5516 legunt
2906 5445 3284 5516 pro_quodque.
3318 5444 3710 5516 iBellovacense

2332 5509 2427 5564 Dei
2447 5509 2640 5584 quoque
2660 5509 2849 5580 Filius,
2864 5509 2967 5568 etc.
2992 5509 3120 5581 Qua:
3135 5509 3296 5570 lectio
3316 5515 3460 5571 bona
3485 5529 3593 5569 non
3615 5521 3709 5569 est.

2212 5660 2234 5689 ⁸
2274 5649 2534 5719 Colbert.,
2565 5653 2617 5707 in
2642 5653 2772 5728 ejus.
2805 5651 3004 5720 Bswl.
