3904 6272
212 248 317 308 873
1034 246 1416 305 COLLECTIO
1458 246 1672 304 PRIMA
1713 240 2228 304 EXCERPTORUM
2270 240 2605 299 NESTORII.
3383 246 3488 305 874

207 377 335 418 caro
364 367 467 425 est,
497 367 637 419 sncut
670 361 783 431 ipse
808 360 942 416 dixit
968 380 979 415 :
1014 359 1116 417 Hic
1144 365 1293 434 panis
1334 380 1481 436 quem
1500 380 1592 436 ego
1636 359 1789 427 dabo,
1821 362 1868 422 Α
1899 368 1993 415 aut
2018 366 2144 429 post
2171 357 2618 413 resurrectionem
2646 368 2713 410 ex
2742 353 2970 412 mortuis
2999 356 3343 428 adoptionem
3369 378 3490 419 me-

205 469 328 506 caro
348 468 466 507 mea
483 460 558 506 est
588 451 772 523 (Ibid.,
800 450 906 522 52).
928 450 1027 507 Hic
1053 461 1137 508 est
1162 452 1255 522 qui
1284 453 1581 521 descendit,
1604 453 1693 509 hic
1711 458 1794 509 est
1896 452 2069 507 ruisse
2083 451 2210 508 dicit
2226 451 2380 521 juxta
2402 463 2660 520 paganos,
2686 448 2778 517 qui
2805 447 2833 486 δ
2856 451 3486 521 naperpapotinducunt,

204 561 353 615 quem
391 542 551 598 Pater
597 544 937 614 sancti/ienuit
982 554 1030 598 et
1068 545 1207 598 misit
1262 546 1315 599 in
1369 545 1506 600 hunc
1546 545 1796 601 mundum
1898 545 2183 604 anathema
2232 544 2319 599 sit.
2353 540 2623 610 Quidquid
2669 541 2814 597 enim
2861 542 3033 596 oritur
3061 550 3153 597 aut
3181 544 3377 599 crescit
3398 553 3491 601 aut

209 635 391 705 (Joan.
418 653 471 702 x,
495 635 605 704 56).
625 634 693 691 Et
720 638 834 707 ipsa
866 638 1045 692 littera
1067 638 1223 693 docet
1250 654 1350 695 nos
1371 638 1797 697 sanctiﬁcatione

205 742 313 782 non
343 726 687 783 Divinitatem
716 729 945 797 eguisse,
973 729 1068 784 sed
1097 744 1335 785 carnem.

490 817 725 891 Gregorii
742 821 955 893 majoris
977 823 1202 894 episcopi
1224 820 1278 875 Ν
1282 824 1507 878 azianzi.

274 909 394 966 Non
414 910 684 981 decipiant
711 913 956 971 homines
977 930 1077 971 nec
1102 916 1457 986 decipiantur,
1515 916 1795 973 hominem

203 1012 481 1059 carentem
535 1020 697 1061 sensu
744 1007 1115 1077 existimantes
1170 1009 1528 1077 Dominicum,
1586 1016 1646 1064 ut
1694 1010 1798 1080 ipsi

203 1095 371 1160 aiunt,
402 1095 584 1165 ,immo
630 1112 762 1153 vero
791 1098 1075 1154 Dominum
1100 1109 1343 1155 nostrum
1370 1110 1425 1156 et
1456 1101 1643 1157 Deum.
1679 1101 1796 1157 Non

202 1186 348 1240 enim
369 1185 642 1243 hominem
663 1202 695 1242 a
719 1188 928 1245 Deitate
948 1206 1291 1261 separamus;
1316 1192 1412 1248 sed
1451 1208 1615 1247 unum
1646 1207 1797 1246 eum-

199 1276 433 1347 demque
449 1277 811 1348 aﬂirmamus;
835 1289 993 1337 antea
1014 1283 1232 1352 quidem
1254 1300 1364 1341 non
1386 1286 1681 1351 hominem,
1703 1285 1798 1339 sed

204 1368 376 1424 Deum
396 1379 452 1425 et
479 1370 647 1426 ﬁlium
671 1372 952 1429 dumtaxat
976 1384 1032 1430 et
1061 1384 1187 1431 ante
1213 1379 1407 1433 saecula
1428 1377 1546 1434 sine
1569 1394 1799 1448 corpore

200 1468 260 1514 et
300 1461 550 1518 omnibus
589 1466 982 1536 corporalibus,
1030 1477 1218 1539 postea
1262 1485 1392 1525 vero
1439 1480 1496 1525 et
1523 1471 1798 1526 hominem

201 1560 538 1623 assumptum
582 1569 683 1624 pro
704 1556 876 1612 salute
918 1568 1122 1626 nostra,
1148 1559 1456 1629 passibilem
1484 1575 1667 1629 carne,
1699 1562 1798 1615 im-

200 1642 512 1712 passibilem
555 1645 782 1712 Deitate,
844 1651 1387 1720 comprehensibilem
1426 1668 1676 1725 corpore,
1710 1655 1795 1708 in-

198 1736 747 1805 comprehensibilem
776 1740 1004 1809 Deitate,
1037 1743 1286 1799 eumdem
1309 1752 1584 1800 terrenum
1609 1754 1663 1801 et
1684 1762 1795 1803 cce-
1826 1760 1875 1821 Β

200 1825 415 1895 lestem,
444 1827 714 1884 visibilem
765 1840 821 1885 et
868 1832 1276 1904 intelligibilem,
1301 1836 1603 1906 capabilem
1625 1844 1680 1892 et
1706 1840 1798 1907 qui

199 1918 326 1987 capi
371 1935 480 1975 non
526 1930 731 1992 posset,
794 1932 851 1978 ut
890 1925 1188 1995 perfectum
1215 1928 1509 1995 hominem,
1551 1932 1800 1987 eumdem

200 2010 369 2064 etiam
412 2011 601 2077 Deum,
647 2023 705 2069 ut
731 2015 893 2072 homo
923 2025 1067 2073 totus
1088 2030 1452 2090 repararetur,
1485 2024 1577 2091 qui
1606 2024 1801 2079 cecidit

205 2100 263 2154 in
304 2110 609 2171 peccatum.
645 2105 701 2161 Si
727 2108 847 2175 quis
874 2107 1097 2163 Mariam
1124 2127 1231 2166 non
1261 2113 1535 2169 existimet
1560 2114 1799 2171 Theoto-

200 2208 332 2260 con,
366 2197 553 2266 procul
582 2206 666 2255 est
704 2215 733 2253 a
788 2200 1100 2259 Divinitate.
1148 2204 1206 2260 Si
1252 2206 1372 2276 quis
1400 2222 1498 2277 per
1526 2208 1802 2278 Virginem

200 2294 479 2358 tamquam
518 2306 615 2361 per
638 2291 870 2349 ﬁstulam
900 2298 1286 2354 transcurrisse
1332 2315 1398 2356 ac
1441 2316 1551 2357 non
1581 2302 1635 2357 in
1683 2303 1803 2373 ipsa

198 2380 494 2438 formatum
546 2384 727 2441 divina
765 2387 925 2443 simul
978 2388 1325 2461 humanaque
1359 2394 1591 2460 ratione,
1622 2395 1801 2451 divina

198 2476 424 2544 quidem
462 2479 608 2549 quod
656 2482 861 2550 absque
881 2482 1021 2549 viro,
1050 2485 1287 2540 humana
1325 2502 1457 2543 vero
1486 2488 1631 2557 quod
1652 2504 1806 2544 more

198 2576 422 2636 partus;
446 2569 491 2624 si
511 2570 633 2639 quis
654 2570 942 2627 formatum
963 2573 1093 2630 dicit
1111 2576 1407 2643 hominem,
1430 2586 1618 2649 postea
1633 2578 1804 2636 Deum

201 2656 463 2725 induisse,
496 2657 845 2716 detestandus
872 2670 973 2716 est.
1005 2661 1189 2733 Neque
1228 2666 1369 2720 enim
1396 2670 1675 2737 generatio
1707 2670 1805 2727 Dei

202 2747 326 2804 haec
347 2758 449 2815 est,
482 2750 577 2805 sed
605 2753 971 2820 generationis
1000 2753 1141 2823 fuga.
1168 2754 1225 2810 Si
1245 2758 1366 2825 quis
1388 2758 1525 2814 duos
1553 2759 1691 2816 ﬁlios
1718 2762 1802 2816 in-

199 2836 375 2906 ducit,
431 2857 595 2896 unum
637 2842 856 2911 quidem
884 2860 952 2900 ex
981 2846 1093 2902 Deo
1117 2846 1298 2913 Patre,
1324 2850 1553 2906 alterum
1578 2869 1705 2910 vero
1735 2872 1803 2912 ex

201 2936 402 2997 matre,
427 2946 491 2986 ac
521 2947 631 2987 non
662 2950 826 2989 unum
858 2936 1238 3008 eamdemque,
1272 2942 1486 2996 excidat
1512 2945 1803 3017 adoptione

197 3034 325 3089 qum
367 3032 451 3076 est
494 3030 643 3079 recte
689 3026 1038 3083 credentibus
1088 3032 1371 3100 promissa.
1400 3032 1627 3091 Gemina
1656 3041 1801 3095 enim

199 3120 397 3168 natura
428 3114 572 3170 Deus
600 3124 655 3171 et
679 3116 865 3186 homo,
893 3122 1020 3191 quia
1061 3132 1117 3178 et
1143 3125 1321 3200 anima
1350 3136 1403 3182 et
1430 3145 1642 3201 corpus.
1676 3132 1798 3189 Filii
1825 3134 1872 3199 C

198 3218 336 3258 vero
357 3221 465 3260 non
487 3206 614 3274 duo,
641 3222 743 3263 nec
771 3209 889 3265 Dei.
919 3210 1107 3283 Neque
1134 3215 1280 3277 enim
1308 3217 1396 3273 hic
1424 3220 1531 3275 duo
1552 3222 1799 3281 homines

199 3304 350 3361 sunt,
376 3296 501 3352 licet
526 3296 725 3354 Paulus
747 3301 819 3355 ita
841 3303 986 3371 quod
1011 3312 1093 3360 est
1122 3306 1260 3361 intra
1289 3309 1562 3367 hominem
1581 3324 1635 3369 et
1655 3318 1801 3385 quod

198 3396 286 3443 est
317 3398 469 3445 extra
498 3392 784 3462 appellarit
811 3394 878 3465 (Il
904 3394 1025 3451 Cor.
1058 3414 1129 3465 IV,
1160 3399 1269 3470 16).
1301 3400 1368 3455 Et
1397 3404 1443 3457 si
1463 3412 1545 3460 est
1565 3406 1801 3465 breviter

197 3479 505 3547 dicendum,
539 3482 685 3538 aliud
712 3485 933 3554 quidem
963 3496 1018 3541 et
1064 3489 1210 3544 aliud
1235 3506 1303 3546 ex
1327 3494 1522 3561 quibus
1549 3495 1801 3555 Salvator

200 3572 409 3643 (neque
436 3574 581 3628 enim
603 3575 744 3631 idem
772 3586 856 3632 est
876 3579 1086 3635 visibile
1111 3590 1165 3636 et
1193 3583 1489 3653 invisibile,
1533 3603 1635 3644 nec
1659 3597 1796 3646 tem«

198 3664 486 3734 porarium
529 3666 703 3723 simile
750 3676 833 3723 est
862 3670 912 3724 ei
932 3671 1077 3740 quod
1105 3680 1188 3728 est
1213 3684 1337 3730 ante
1367 3681 1655 3750 tempora),
1689 3698 1799 3738 non

199 3756 344 3811 alius
374 3772 501 3814 vero
545 3767 601 3814 et
630 3759 784 3828 alius,
839 3762 997 3817 absit.
1040 3764 1174 3819 Nam
1200 3775 1427 3838 utraque
1454 3771 1507 3824 in
1537 3774 1799 3830 commix-

202 3848 353 3904 tione
380 3858 523 3915 sunt,
544 3850 686 3906 Deus
710 3851 1019 3909 incarnatus
1041 3863 1096 3910 et
1116 3857 1277 3913 homo
1300 3859 1511 3917 Deitate
1532 3872 1793 3933 sacratus,

198 3941 290 3996 vel
315 3956 532 4011 quoquo
553 3943 715 3999 modo
743 3946 865 4015 quis
893 3947 1125 4002 voluerit
1154 3952 1453 4009 nominare.
1486 3954 1586 4011 Aio
1616 3963 1797 4013 autem

200 4033 352 4089 aliud
379 4042 434 4088 et
452 4034 614 4101 aliud,
647 4044 834 4091 contra
863 4053 1023 4107 quam
1055 4049 1138 4095 est
1166 4043 1219 4096 in
1249 4042 1529 4101 Trinitate.
1555 4048 1630 4103 lbi
1652 4050 1797 4104 enim

201 4127 344 4182 alius
372 4135 427 4181 et
455 4126 592 4182 alius
630 4136 731 4193 est,
773 4145 841 4185 ne
889 4131 1214 4189 substantias
1242 4136 1653 4206 confundamus,
1688 4158 1794 4197 non

202 4218 350 4274 aliud
376 4235 504 4275 vero
528 4227 582 4276 et
606 4220 771 4276 aliud.
797 4220 974 4277 Unum
1002 4225 1144 4279 enim
1167 4226 1416 4297 idemque
1444 4232 1545 4284 tria
1588 4242 1712 4287 sunt
1741 4243 1797 4289 et

203 4311 401 4366 similia
426 4312 656 4368 Deitate.
681 4311 737 4367 Si
761 4316 881 4383 quis
902 4322 1174 4386 tamquam
1200 4318 1253 4373 in
1274 4322 1539 4390 prepheta
1565 4339 1661 4393 per
1680 4339 1801 4393 gra-

206 4404 338 4458 tiam
378 4413 661 4474 operatum
699 4405 846 4473 dicit,
890 4423 955 4463 ac
998 4424 1103 4464 non
1144 4425 1243 4479 per
1283 4412 1633 4468 substantiam
1658 4431 1792 4471 cou-

1898 645 2324 702 consummatur,
2355 650 2464 691 non
2493 642 2577 690 est
2604 634 2765 701 Deus,
2798 634 2901 690 etsi
2928 642 3150 705 propter
3182 635 3489 693 incremen-

1902 738 2015 786 tum
2044 730 2187 801 quod
2213 729 2471 801 paulatim
2504 726 2561 782 ﬁt
2588 728 2662 782 ita
2688 727 2914 783 dicatur.

1902 844 2086 900 Basilii
2164 844 2477 899 sanctissimi
2534 844 2760 925 episcopi
2818 841 3072 898 Cwsareaz
3145 840 3495 914 Cappadocia

2588 930 2789 984 pnmw.

1974 1005 2158 1076 Neque
2204 1013 2413 1061 tantum
2460 1005 2654 1061 caelum
2683 1014 2738 1059 et
2775 1013 2919 1060 terra
2939 1012 2995 1060 et
3010 1019 3287 1074 aequorum
3314 1016 3335 1044 ε
3366 1005 3492 1061 lati-

1902 1099 2052 1165 tudo,
2076 1108 2132 1156 et
2158 1114 2278 1169 qua:
2304 1099 2358 1153 in
2380 1099 2531 1168 aquis
2555 1098 2762 1163 vivunt,
2780 1112 2880 1153 nec
2907 1098 3185 1153 terrestria
3213 1098 3490 1165 animalia,

1902 1207 2004 1248 nec
2024 1192 2213 1258 stellae,
2244 1206 2344 1247 nec
2381 1206 2492 1257 aer,
2523 1206 2621 1247 nec
2647 1193 2795 1247 hora:
2823 1197 3148 1263 temporum,
3179 1198 3233 1246 et
3252 1191 3493 1246 elemen-

1904 1292 2081 1339 torum
2110 1284 2258 1339 varia
2284 1283 2602 1353 diversaque
2623 1284 2910 1351 ordinatio,
2934 1283 3149 1338 virtutis
3174 1282 3339 1352 ipsius
3358 1282 3497 1338 emi-

1903 1375 2142 1429 nentiam
2207 1375 2440 1445 probare
2486 1384 2710 1445 possunt
2766 1384 3025 1444 quantum
3078 1374 3223 1445 quod
3257 1374 3499 1445 potuerit

1902 1466 2062 1531 Deus,
2090 1467 2183 1536 qui
2212 1467 2332 1537 capi
2380 1482 2490 1521 non
2537 1473 2737 1537 potest,
2789 1468 2993 1537 absque
3038 1467 3223 1522 carnis
3242 1464 3497 1536 passione

1901 1560 2158 1628 conjungi
2209 1575 2333 1615 cum
2372 1566 2567 1622 morte,
2602 1566 2659 1613 ut
2688 1558 2844 1614 nobis
2867 1559 3120 1628 passione
3166 1574 3263 1613 sua
3293 1558 3495 1627 impas-

1902 1652 2214 1708 sibilitatem
2233 1652 2480 1708 donaret.

2188 1760 2421 1834 Gregorii
2442 1764 2754 1817 sanctissimi
2774 1764 2999 1833 episcopi
3022 1760 3200 1819 Nusas.

1976 1881 2110 1947 Hoc,
2127 1883 2316 1951 inquit,
2341 1885 2523 1938 sentite
2550 1892 2598 1936 et
2619 1883 2681 1937 de
2702 1884 2861 1947 vobis,
2885 1882 3021 1954 quod
3040 1884 3194 1935 etiam
3214 1882 3273 1935 in
3291 1881 3498 1941 Christo

1900 1974 2042 2030 Filio
2074 1976 2201 2042 Dei;
2232 1978 2317 2048 qui
2357 1994 2472 2030 cum
2500 1987 2631 2031 esset
2676 1978 2731 2030 in
2772 1978 2941 2047 forma
2982 1974 3097 2041 Dei,
3132 1992 3233 2029 non
3256 1978 3497 2047 rapinam

1902 2070 2186 2126 arbitratus
2208 2082 2283 2126 est
2320 2081 2378 2125 ut
2418 2081 2549 2126 esset
2589 2072 2799 2142 aqualis
2847 2070 2977 2136 Deo,
3019 2069 3109 2123 sed
3129 2086 3184 2123 se
3210 2071 3499 2127 exinanirit

1904 2166 2125 2237 formam
2154 2166 2284 2220 servi
2307 2166 2567 2235 accipiens
2590 2162 2846 2235 (Philipp.
2875 2178 2930 2227 ιι,
2966 2159 3107 2231 5-7).
3133 2161 3270 2227 Quid
3298 2162 3351 2215 in
3381 2161 3497 2217 Deo

1903 2256 2045 2311 servi
2070 2254 2239 2311 forma
2272 2255 2595 2327 pauperius?
2625 2253 2763 2321 Quid
2793 2254 2847 2307 in
2879 2267 3005 2322 rege
3032 2253 3286 2307 humilius
3332 2267 3497 2322 quam

1904 2347 1972 2401 ad
2013 2348 2393 2418 participatum
2441 2354 2642 2401 nostra:
2687 2353 2894 2400 natura:
2916 2344 3275 2415 pauperrimae
3300 2344 3498 2397 volun-

1904 2439 2043 2495 tarie
2070 2439 2388 2494 devenisse?
2432 2437 2549 2492 Rex
2594 2436 2934 2505 regnantium
2958 2444 3013 2491 et
3042 2435 3299 2489 Dominus
3324 2434 3500 2489 domi-

1907 2532 2150 2587 nantium
2198 2530 2449 2586 servilem
2505 2528 2733 2584 tormam
2762 2528 3020 2583 induitur.
3053 2525 3227 2581 Judex
3256 2527 3498 2582 omnium

1904 2623 2306 2680 dominantibus
2336 2623 2597 2677 tributum
2621 2620 2645 2659 ἀ
2678 2630 2889 2693 penset,
2939 2629 2996 2675 at
3043 2621 3303 2678 Dominus
3347 2635 3499 2675 crea-

1905 2723 2038 2771 turae
2093 2714 2375 2771 deducitur
2427 2731 2482 2770 ιη
2536 2715 2867 2787 speluncam.
2919 2714 3019 2781 Qui
3044 2715 3223 2769 omnia
3252 2728 3500 2784 compre-

1905 2806 2109 2873 hendit,
2134 2807 2399 2863 cmnaculi
2426 2822 2537 2863 non
2564 2807 2770 2863 invenit
2799 2807 2998 2870 locum,
3028 2806 3125 2862 sed
3154 2807 3207 2861 in
3236 2806 3500 2877 praesepio

1904 2908 2180 2955 mutorum
2209 2900 2522 2955 animalium
2544 2899 2845 2970 projicitur.
2876 2898 3103 2953 Mundus
3152 2907 3207 2954 et
3255 2899 3499 2954 sincerus

1905 2991 2153 3045 humanae
2182 2999 2389 3047 natur-te
2418 2992 2623 3062 patitur
2665 2991 2899 3057 sordem,
2935 3000 2990 3046 et
3010 3007 3108 3061 per
3137 3006 3351 3046 omnem
3400 3007 3499 3046 no-

1905 3091 2074 3138 stram
2097 3084 2349 3153 gradiens
2373 3094 2771 3156 paupertatem,
2790 3100 2958 3155 usque
2979 3084 3048 3139 ad
3068 3086 3497 3153 experimentum

1902 3177 2148 3247 pervenit
2176 3178 2386 3233 mortis.
2420 3177 2625 3233 Videtis
2660 3178 2880 3233 modum
2906 3178 3223 3233 voluntariae
3266 3193 3499 3249 pauper—

1904 3268 2050 3323 tatis.
2084 3268 2205 3323 Vita
2227 3278 2459 3325 mortem
2487 3277 2703 3339 gustare
2722 3271 2991 3340 dignatur,
3028 3270 3195 3339 judex
3216 3270 3501 3325 adducitur

1902 3364 1955 3417 in
1974 3362 2254 3433 judicium,
2287 3364 2410 3418 vitae
2449 3364 2689 3419 omnium
2723 3364 2982 3419 Dominus
3010 3364 3156 3419 subit
3184 3361 3499 3431 suffragium

1896 3455 2205 3526 judicantis,
2232 3456 2347 3511 Rex
2381 3457 2684 3513 caelestium
2725 3457 3121 3527 principatuum
3151 3470 3344 3510 manus
3381 3469 3501 3509 car-

1902 3548 2118 3606 niﬁcum
2138 3567 2247 3607 non
2267 3551 2497 3622 repellit.
2514 3551 2595 3606 Ad
2612 3552 2742 3615 haec,
2768 3551 2957 3619 inquit,
2990 3549 3297 3619 exemplum
3320 3546 3499 3602 humi-

1898 3641 2065 3698 litatis
2102 3643 2282 3717 videat
2318 3642 2556 3699 modum.

2216 3757 2368 3811 Attici
2388 3758 2613 3828 episcopi
2645 3755 3177 3827 Constantinopoleos.

1972 3868 2144 3925 Hodie
2179 3868 2421 3926 Christus
2443 3871 2700 3925 Dominus
2744 3870 3043 3925 clementia:
3087 3870 3495 3939 generationem

1900 3962 2156 4031 suscepit.
2186 3962 2319 4016 Nam
2350 3962 2542 4016 divina:
2571 3962 2845 4029 dignitatis
2880 3962 2990 4029 jam
3021 3970 3181 4016 antea
3207 3962 3490 4024 habuerat,

1900 4061 1955 4108 et
1976 4054 2172 4122 adjecit
2201 4070 2365 4123 porro
2388 4054 2703 4109 clementire.
2740 4055 2974 4110 Verbum
2999 4055 3322 4121 exinanitur,
3348 4058 3495 4125 quod

1901 4154 2093 4201 natura
2113 4156 2137 4184 ε
2164 4146 2548 4201 inexinanibile
2574 4154 2672 4200 est.
2693 4146 2762 4201 Se
2784 4148 2925 4200 enim
2950 4147 3244 4201 exinanivit
3262 4146 3493 4203 formam

1899 4238 2039 4292 servi
2071 4238 2345 4308 accipiens
2377 4237 2566 4309 (Ibid.,
2604 4239 2677 4307 7).
2707 4238 3057 4293 Incarnanilis
3101 4240 3153 4293 in
3206 4255 3369 4294 carne
3409 4240 3489 4295 tit.

1898 4327 2031 4381 Nam
2074 4327 2291 4383 Verbum
2321 4346 2441 4383 caro
2465 4332 2658 4401 factum
2686 4338 2763 4384 est
2793 4328 2972 4401 (Joan.
3002 4347 3038 4397 ι,
3074 4330 3182 4398 14).
3218 4330 3321 4398 Qui
3374 4340 3489 4387 tra~

1898 4422 2033 4476 etari
2054 4437 2161 4476 non
2192 4430 2370 4492 potest
2390 4430 2615 4493 propter
2636 4423 3033 4494 incorporalem
3056 4433 3325 4491 naturam,
3356 4441 3489 4481 eon-

201 4496 451 4564 junclum
477 4506 533 4553 et
557 4505 897 4564 concretum;
922 4498 1098 4555 inanis
1129 4502 1199 4555 sit
1226 4502 1419 4557 divinm
1440 4507 1792 4575 operationis,
1822 4516 1875 4577 ι)
1903 4522 2177 4567 trectatur.
2228 4512 2330 4579 Qui
2353 4513 2563 4567 initium
2592 4531 2700 4569 non
2731 4515 2913 4577 habet,
2946 4514 3004 4569 ﬁt
3032 4516 3150 4577 sub,
3170 4517 3323 4572 initio
3377 4534 3491 4573 cor-

205 4588 375 4644 immo
403 4589 593 4659 plenus
622 4590 877 4645 adversae.
906 4590 964 4646 Si
981 4592 1101 4662 quis
1120 4610 1229 4649 non
1250 4595 1440 4651 adorat
1459 4598 1791 4666 cruciﬁXum,

208 4681 496 4737 anathema
543 4684 613 4737 sit
660 4692 715 4738 et
759 4684 901 4739 inter
948 4694 975 4723 ⁸
1006 4686 1350 4743 Theoctonos
1376 4702 1706 4747 numeretur.
1738 4693 1796 4747 Si

206 4771 333 4841 quis
368 4786 437 4828 ex
486 4772 740 4843 operibus
774 4784 1204 4833 consummatum
1254 4787 1347 4835 aut
1382 4790 1506 4852 post
1531 4783 1799 4854 baptisma

1906 4607 2094 4678 porali.
2123 4606 2399 4662 Perfectus
2420 4609 2633 4672 crescit,
2662 4608 2979 4664 invertibilis
3007 4609 3235 4680 proﬁcit,
3265 4611 3413 4665 dives
3436 4612 3492 4665 in

1904 4698 2181 4753 caenaculo
2222 4696 2297 4751 ﬁt.
2322 4696 2423 4764 Qui
2445 4700 2854 4768 comprehendit
2880 4700 3107 4756 nubibus
3128 4702 3341 4766 coelum,
3366 4712 3495 4771 p'an-

1906 4788 1989 4843 nis
2004 4788 2314 4843 involvitur.
2348 4788 2465 4845 Rex
2494 4791 2710 4860 ponitur
2730 4791 2784 4845 in
2811 4792 3092 4861 praesepio.

1391 4942 1938 5001 CASTIGATIONES
1976 4946 2065 5000 ET
2104 4945 2329 5001 NOTAE.

284 5064 314 5093 ιι
347 5052 408 5109 ld
443 5061 527 5113 est
554 5053 650 5126 Dei
680 5055 1067 5119 interfectores,
1100 5064 1157 5109 ut
1187 5055 1418 5126 explicat
1447 5064 1599 5111 vetus
1629 5055 1795 5109 inter-

210 5140 337 5198 pres
351 5126 569 5198 concilii
593 5125 867 5198 Ephesini.
892 5126 1086 5181 BALUZ.

283 5195 312 5235 δ
350 5195 426 5250 lta
449 5196 621 5251 codex
640 5195 1057 5251 ’Bellovacensis.
1084 5195 1374 5251 Vaticanus
1404 5196 1559 5249 habet
1610 5204 1791 5251 llAPE-

214 5277 479 5325 resumo.
533 5267 697 5321 Vetus
738 5268 911 5321 versio
940 5268 1165 5337 concilii
1192 5266 1466 5337 Ephesini,
1505 5283 1792 5337 parengra-

214 5338 381 5415 phtos,
405 5337 468 5415 id
482 5348 563 5415 est
590 5339 880 5415 inscriptos.
909 5336 1363 5415 TextusCrzecus,
1390 5336 1755 5415 παρέγράπτας
1778 5356 1790 5390 :

214 5406 357 5478 quod
405 5406 659 5479 Peltanus
704 5406 865 5463 vertit
923 5409 1268 5479 ascriptitios;
1320 5406 1477 5463 velus'
1528 5406 1795 5479 interpres

216 5479 406 5549 synodi
425 5478 897 5549 Chalcedonensis,
930 5478 1097 5549 ﬁctos.
1132 5478 1329 5532 BALUZ.

289 5560 311 5589 ε
350 5548 513 5616 Infra,
544 5550 781 5604 altitudo.
811 5548 941 5603 Enn.
1036 5605 1043 5613 ,

287 5618 313 5658 ἀ
351 5620 663 5692 Legendum
684 5620 895 5692 videtur
924 5630 1124 5691 pensat,
1153 5630 1221 5675 et.
1247 5620 1447 5692 Banuz.

289 5702 313 5730 ε
352 5690 451 5750 εἰς’
477 5691 880 5748 emendavimus
925 5690 1145 5761 pravam
1198 5691 1448 5746 editionis
1498 5690 1801 5745 Baluzianze

218 5767 523 5841 lectionem,
564 5762 894 5818 exinanibile.
941 5762 1038 5816 Vel
1075 5764 1119 5817 si
1148 5763 1335 5830 mavis,
1381 5763 1545 5833 legas,
1576 5779 1673 5833 per
1712 5776 1799 5817 me

499 5860 769 5917 Ρηιιυι..
817 5854 1100 5915 XLVIII.

1900 5057 2043 5123 licet,
2104 5075 2207 5110 non
2256 5056 2589 5110 exinauibile.
2643 5056 2973 5111 Alterutrum
3027 5068 3173 5112 certe
3218 5062 3489 5123 scripserit

1901 5126 2185 5180 Mercator.
2220 5125 2460 5181 Priorem
2490 5136 2667 5180 tamen
2697 5142 2881 5182 vocem
2931 5128 3248 5184 crediderim
3295 5125 3360 5185 ab
3410 5135 3486 5187 in~

1903 5206 2139 5264 terprcte
2161 5197 2445 5261 redditam,
2480 5197 2928 5264 quemadmodum
2969 5216 3093 5252 mox
3126 5203 3285 5254 vertit
3314 5204 3486 5257 incar-

1902 5265 2107 5321 nabilis.
2144 5267 2311 5333 Hujus
2358 5266 2639 5333 fragmenti
2684 5265 2869 5321 Grzeca
2918 5278 3128 5323 exstant
3178 5271 3315 5326 inter
3355 5274 3489 5330 Acta

1900 5338 2113 5419 council“
2142 5336 2414 5419 Ephesiui,
2443 5345 2547 5390 act.
2565 5336 2621 5419 _l_.
2649 5353 2769 5407 pag.
2793 5336 2946 5419 i‘Oﬁﬁ,
2972 5348 3101 5419 tom.
3126 5342 3244 5419 cit.,
3269 5352 3321 5398 et
3342 5347 3489 5419 apud

1902 5407 2157 5480 Cyrillum
2188 5407 2240 5461 in
2265 5408 2769 5480 Apolog._adversus
2790 5407 3108 5477 Orientales,
3133 5412 3198 5466 ad
3213 5407 3486 5470 anathem.

1906 5424 2157 5480 uyrnmm
2188 5426 2240 5461 ιιι
2265 5424 2488 5529 Aponog.
2516 5424 2769 5463 adversus
2790 5424 3108 5477 urientales,
3133 5424 3486 5470 auanathem.

1906 5478 1958 5543 4,
1986 5478 2135 5544 ibid.,
2161 5492 2281 5601 ρεὶῗ..
2343 5478 2465 5530 578.
2496 5476 2787 5547 Utrohique
2803 5494 2930 5559 vero
2950 5481 3192 5549 legimus,
3225 5487 3490 5551 ἀκένωτος,

1907 5549 2153 5601 ἄσαρκος.
2261 5564 2304 5601 lS
2348 5556 2523 5601 autem
2566 5550 2768 5601 scrinto
2816 5561 2919 5601 iam
2966 5553 3200 5601 traditis-
3247 5557 3490 5601 Ωηίῐηηιὶ-

1907 5548 2304 5625 ἄσαρκος-,ημβ
2348 5556 2523 5625 autem
2566 5550 2795 5625 scripto_
2809 5548 2919 5625 jam
2966 5548 3201 5617 traditis,
3247 5548 3490 5611 animati;

1910 5618 2042 5695 verti
2072 5619 2367 5695 reddidisse
2396 5618 2750 5695 Mercatorcm
2778 5621 3164 5695 iueainanibile,
3190 5626 3344 5691 infra,
3368 5641 3489 5695 pag.

1906 5688 2028 5753 259,
2072 5690 2163 5745 ubi
2217 5706 2402 5747 rursus
2459 5690 2811 5752 fragmentum
2865 5692 3005 5749 istud
3042 5697 3315 5751 recitatur.
3334 5688 3490 5752 ora-

1906 5778 2043 5816 LAND

3142 5867 3222 5924 ΞΗ
