3960 6272
437 305 542 364 875

1037 419 1205 476 Iconii
1234 421 1479 490 episcopi.

506 515 643 584 Nam
672 515 795 586 quia
834 512 978 576 idem
997 521 1081 568 est
1108 522 1165 568 et
1203 512 1320 570 Rex
1341 523 1396 578 et
1431 514 1591 578 Deus,
1627 520 1681 568 et
1729 512 2031 568 mortalita-

433 619 543 667 tem
572 615 794 680 propter
823 605 1067 676 corporis
1097 605 1556 676 dispensationem
1581 607 1832 674 gustavit,
1887 604 2029 660 dona

433 711 562 760 sunt
590 708 905 771 argumenta
928 700 1190 771 mysterii.
1217 699 1419 758 Aurum
1449 699 1702 765 oll‘erunt,
1733 706 2030 769 agnoscunt

435 797 582 852 enim
625 810 828 864 regem.
880 783 1122 860 Oderunt
1167 795 1308 862 thus,
1339 793 1481 849 Deus
1503 803 1585 848 est
1614 793 1758 848 enim
1785 791 1869 848 cui
1899 791 2030 848 ol‘l'c-

434 900 580 946 runt.
609 873 880 957 Adjiciunt
907 888 1070 942 etiam
1096 889 1388 966 myrrham,
1413 895 1638 957 propter
1657 901 1776 942 eam
1806 899 1924 954 quae
1949 892 2032 939 est

435 983 492 1048 in
515 983 770 1055 mysterio
801 983 1187 1050 mortalitatem
1211 981 1499 1052 passionis.

1092 1073 1345 1146 Ejusdem

506 1168 642 1234 Nam
662 1167 763 1223 nisi
784 1168 876 1235 ille
902 1166 1092 1235 fuisset
1112 1166 1402 1234 carnaliter
1432 1173 1768 1236 procreatus,
1803 1171 1860 1228 tu
1875 1180 2028 1219 num-

432 1275 596 1332 quam
617 1258 814 1328 fuisses
835 1259 1154 1332 spiritaliter
1175 1266 1457 1324 recreatus
1476 1276 1496 1326 ;,
1524 1266 1580 1324 et
1603 1257 1706 1324 nisi
1738 1257 1825 1324 ille
1869 1256 2030 1318 susti-

431 1351 645 1420 nuisset
688 1350 923 1416 formam
972 1351 1246 1418 servilem,
1279 1365 1578 1419 numquam
1622 1360 1680 1416 tu
1725 1349 2030 1420 adoptionis

431 1460 584 1514 esses
615 1445 852 1514 gloriam
870 1450 1217 1512 consecutus.
1247 1442 1371 1507 Ideo
1414 1444 1469 1508 in
1498 1451 1696 1506 terram
1719 1442 1953 1499 cmlestis
1977 1441 2026 1506 ιθ,

429 1548 495 1608 ui
521 1548 580 1608 tu
607 1548 852 1608 terrenus
881 1539 1160 1612 recipiaris
1190 1539 1244 1594 in
1276 1538 1490 1602 coelum.
1541 1537 1666 1592 Ideo
1701 1534 1942 1600 Christus
1971 1552 2029 1592 se

431 1634 714 1688 evacuavit
764 1641 824 1687 ut
872 1649 972 1688 nos
1015 1648 1206 1688 omnes
1235 1648 1301 1687 ex
1332 1631 1499 1702 ipsius
1528 1631 1860 1702 plenitudine
1888 1631 2029 1687 acci-

426 1724 638 1795 piamus
663 1724 854 1796 (Ibid,
887 1724 994 1795 16).
1025 1725 1171 1782 Illius
1193 1740 1340 1779 mors
1368 1733 1461 1778 tua
1485 1725 1864 1778 immortalitas
1884 1723 2026 1778 facta

943 302 1139 362 MAR"
1178 298 1619 360 MERCATORIS
1659 301 2235 364 TRANSLATIONES
2279 306 2636 364 VARIORUM
2679 308 3215 368 OPUSCULORUM.

2057 427 2107 484 Α
2133 422 2289 493 byter
2330 429 2382 476 ct
2425 422 2763 493 dispensator
2808 431 3009 482 sanctae
3045 421 3298 481 Ecclesiae
3338 416 3734 492 Philadelphia:

3620 311 3736 365 R76

2135 514 2365 569 civitatis
2403 516 2630 572 asseruit
2659 517 2918 587 quosdam
2961 532 3030 572 ex
3072 509 3237 592 Lydia
3269 515 3524 570 oriundos
3551 513 3736 571 haere-

2134 609 2268 664 ticos
2288 608 2519 668 voluisse
2548 611 2763 684 quidem
2792 628 2948 667 suum
2976 625 3217 667 errorem
3244 608 3514 680 deponere
3537 651 3551 674 ,
3591 625 3734 665 con-

2131 702 2268 755 verti
2303 717 2426 757 vero
2457 701 2523 756 ad
2554 703 2794 759 veritatis
2822 704 3003 760 lumen
3028 710 3080 758 et
3113 702 3276 758 imbui
3305 702 3584 758 catholica:
3615 700 3734 758 Ec-

2132 797 2307 852 clesicc
2336 798 2437 867 piis
2465 798 2733 872 rectisque
2761 799 2994 853 voluisse
3015 797 3381 868 dogmatibus;
3413 794 3606 850 deinde
3629 810 3736 852 eos

2131 891 2222 962 qui
2253 891 2317 957 ad
2340 892 2619 956 veritatem
2649 890 2947 947 deducendi
2969 899 3120 945 erant
3140 889 3190 944 in
3213 887 3452 959 pejorem
3476 887 3735 948 inductos

2133 1000 2378 1040 errorem
2422 992 2476 1040 et
2505 995 2780 1056 tamquam
2809 1000 2874 1040 ex
2917 983 3070 1040 fovea
3105 984 3156 1039 in
3187 981 3593 1053 profundiorem
3639 980 3726 1035 fo-

2133 1091 2286 1140 veam
2325 1077 2600 1136 cecidisse.
2635 1077 2875 1132 Asseruit
2905 1091 3133 1146 namque
3163 1075 3453 1129 Antonium
3476 1079 3529 1130 et
3561 1072 3731 1130 Jaco-

2131 1168 2257 1224 bum
2296 1171 2558 1236 habentes
2604 1172 2820 1236 nomina
2863 1167 3296 1244 presbyterorum
3321 1167 3387 1222 de
3415 1165 3734 1230 Constanti-

2132 1262 2316 1332 nopoli
2333 1261 2670 1318 descendisse
2699 1279 2821 1318 cum
2844 1261 3087 1333 epistolis
3107 1258 3560 1315 commendatitiis
3583 1257 3735 1312 Ana-

2131 1357 2281 1420 stasii
2310 1357 2584 1434 cujusdam
2616 1367 2670 1411 et
2692 1355 2896 1420 Photii,
2908 1355 2997 1428 qui
3031 1363 3157 1410 tunc
3185 1355 3443 1426 temporis
3471 1354 3734 1410 hmretico

2133 1449 2380 1504 Nestorio
2427 1449 2799 1516 adhaerebant,
2819 1449 2910 1521 qui
2952 1458 3006 1502 et
3054 1447 3153 1520 ipsi
3194 1444 3411 1501 nomina
3451 1443 3735 1500 habebant

2133 1542 2604 1616 presbyterorum;
2636 1551 2690 1606 et
2719 1558 2841 1604 cum
2869 1542 3060 1603 deceat
3088 1541 3258 1610 magis
3287 1537 3642 1610 apostolicam
3674 1547 3735 1592 et

2133 1634 2495 1704 evangelicam
2529 1631 2652 1695 lidci
2688 1629 3033 1696 traditionem
3060 1675 3073 1697 ,
3106 1647 3270 1700 quam
3317 1627 3478 1693 etiam
3538 1625 3736 1683 Patres

2133 1737 2508 1801 exposuerunt
2550 1728 2640 1802 qui
2698 1727 2885 1782 Nicaea:
2915 1733 3319 1790 convenerunt,
3359 1719 3439 1779 eis
3484 1721 3735 1798 praeponi

429 1825 530 1872 est.
561 1817 774 1872 Domini
825 1819 1000 1887 passio
1049 1817 1192 1872 servi
1221 1816 1361 1872 facta
1405 1826 1487 1873 est
1507 1817 1754 1873 altitudo.
1785 1817 1866 1872 Tu
1894 1832 2024 1872 vero
2056 1817 2102 1879 Β
2129 1821 2221 1892 qui
2249 1821 2315 1880 ab
2346 1835 2530 1877 errore
2559 1826 2947 1880 convertuntur
2969 1819 3022 1880 in
3047 1817 3331 1878 veritatem
3361 1824 3420 1871 et
3457 1815 3549 1885 qui
3579 1831 3610 1870 e
3642 1823 3732 1876 te-

426 1912 749 1967 beneiicium
778 1913 831 1966 in
858 1913 1250 1982 blasphemiam
1275 1914 1438 1984 rapis.

731 2006 888 2059 Attici
916 2007 1146 2076 episcopi
1171 2004 1712 2078 Constantinopoleos.

505 2106 533 2134 ε
569 2095 846 2165 Siquidem
920 2095 1141 2151 dubium
1193 2096 1323 2151 facit
1391 2096 1668 2166 Unigeniti
1724 2099 2022 2154 incarnatio

428 2196 485 2244 et
505 2187 738 2256 Virginis
765 2197 954 2258 partus
989 2197 1044 2243 et
1072 2190 1383 2244 communio
1421 2191 1751 2258 passionum,
1793 2199 1850 2245 et
1883 2191 2023 2260 pati-

427 2279 634 2344 bulum,
668 2287 725 2334 et
753 2296 920 2346 mors,
952 2288 1006 2334 et
1035 2281 1234 2350 passio,
1267 2281 1313 2335 is
1355 2281 1614 2336 doceatur
1648 2289 1703 2336 et
1733 2283 1872 2337 sciat
1909 2284 2023 2338 tunc

429 2372 609 2426 omnia
631 2387 822 2427 causas
844 2372 1007 2428 Fuisse
1029 2373 1216 2428 salutis
1237 2373 1539 2439 mundanam,
1567 2374 1661 2429 sed
1684 2389 1751 2430 ne
1770 2375 1885 2430 huic
1903 2376 2022 2444 qui-

427 2466 552 2521 dem
577 2465 794 2537 indigna
823 2482 942 2522 esse
964 2467 1145 2522 divina
1185 2467 1494 2522 clementia.
1521 2465 1656 2522 Nam
1681 2469 1726 2523 si
1756 2478 1914 2539 turpe
1939 2478 2023 2524 est

426 2557 540 2614 Deo
584 2560 639 2614 in
690 2561 899 2629 virgine
941 2560 1204 2626 habitare,
1231 2561 1438 2630 turpius
1467 2562 1637 2615 etiam
1655 2563 1920 2631 virginem
1943 2561 2021 2616 fa-

427 2668 573 2709 cere.
606 2652 664 2708 Si
689 2669 821 2708 vero
845 2654 1110 2721 virginem
1139 2654 1340 2721 lingere
1361 2655 1752 2708 con-tumeliam
1773 2669 1892 2710 esse
1912 2670 2022 2709 non

426 2743 599 2809 duxit,
633 2759 734 2799 nec
787 2743 1032 2798 habitare
1061 2743 1118 2797 in
1142 2759 1208 2798 ea
1235 2744 1630 2814 turpitudinem
1650 2745 1928 2813 judicavit.
1956 2745 2023 2800 Et

424 2835 472 2889 si
495 2835 606 2904 pati
632 2834 833 2888 malum
853 2842 954 2900 est,
979 2835 1321 2904 passionibus
1347 2835 1579 2889 liberare
1607 2845 1869 2904 quantum
1901 2839 2022 2891 est?

423 2925 593 2994 Igitur
621 2933 677 2979 et
723 2933 968 2980 mortuus
998 2934 1081 2979 est
1108 2926 1432 2981 immortalis
1460 2935 1655 2990 morte,
1687 2934 1743 2981 et
1792 2936 2022 2983 mortem

423 3024 604 3072 morte
643 3016 936 3082 damnavit,
988 3025 1044 3072 et
1083 3019 1396 3084 resurrexit,
1425 3021 1880 3076 resurrectionem
1913 3023 2020 3077 lar-

423 3110 577 3179 giens
605 3110 779 3164 nobis.
814 3108 880 3163 Et
906 3110 1026 3165 haec
1043 3110 1226 3164 annua
1262 3111 1492 3166 sustirret
1521 3127 1632 3167 non
1679 3122 1874 3168 natura
1901 3115 2024 3169 Dei-

2130 1917 2312 1974 nebris
2341 1916 2394 1969 in
2422 1916 2600 1976 lucem
2625 1915 2852 1984 cupiunt
2873 1912 3157 1984 pervenire
3181 1952 3196 1976 ,
3230 1911 3490 1972 obtulisse
3539 1909 3734 1970 nescio
3829 1904 3832 1905 ⁷

2131 2026 2296 2082 quam
2319 2009 2755 2080 impiissimorutn
2783 2007 3096 2080 dogmatum
3138 2004 3534 2078 expositionem
3577 2011 3724 2062 tam-

2127 2118 2292 2173 quam
2319 2100 2510 2162 ordine
2537 2099 2768 2172 symboli
2795 2097 3174 2170 compositam,»
3207 2104 3264 2155 et
3291 2096 3342 2150 ei
3383 2095 3734 2156 subscribere

2127 2195 2248 2254 illos
2275 2195 2503 2260 miseros
2531 2192 2875 2262 compulisse,
2898 2203 2954 2250 et
2980 2191 3042 2252 in
3057 2192 3162 2250 hoc
3191 2205 3405 2250 omnem
3432 2189 3734 2260 impietatis

2127 2286 2425 2349 excessisse
2446 2300 2772 2346 mensuram.
2804 2273 2872 2346 Ει
2901 2290 2960 2344 ut.
2985 2285 3100 2338 haec
3127 2297 3250 2352 qua;
3275 2281 3416 2344 dicta
3445 2290 3568 2343 sunt
3599 2296 3733 2351 pos-

2125 2377 2234 2438 sint
2255 2375 2556 2442 evidentius
2584 2390 2876 2454 apparere,
2911 2373 3046 2430 intra
3070 2373 3302 2444 scriptus
3338 2380 3424 2434 est
3464 2371 3640 2434 etiam.
3665 2371 3734 2428 li-

2124 2469 2298 2532 bellus
2337 2469 2548 2532 oblatus
2589 2485 2618 2522 a
2665 2476 2965 2532 merueram
3007 2466 3322 2538 presbytero
3369 2463 3644 2528 Charisic,
3676 2471 3734 2518 et

2126 2561 2302 2636 impia:
2346 2561 2488 2624 illius
2529 2567 2583 2614 et
2624 2559 2869 2630 pessima:
2910 2556 3031 2611 ﬁdei
3061 2553 3328 2626 expositio
3366 2554 3432 2610 de
3472 2555 3733 2621 incarna-

2124 2652 2276 2716 tione
2299 2649 2559 2720 unigeniti
2591 2649 2710 2703 Filii
2752 2647 2847 2712 Dei
2873 2662 2993 2710 cum
3022 2645 3416 2718 subscriptione
3459 2645 3627 2708 etiam
3658 2643 3729 2698 il-

2127 2743 2307 2806 lorum
2335 2745 2426 2814 qui
2447 2743 2657 2814 decepti
2683 2749 2823 2800 sunt.

2663 2833 2892 2896 Libellus
2921 2831 3164 2894 Charisii.

2198 2927 2559 2994 Sanctissimae
2604 2936 2658 2988 et
2706 2928 2817 2989 Deo
2867 2927 3074 2986 dilecta:
3120 2924 3330 2998 synodo
3372 2921 3392 2963 ί
3435 2923 3729 2988 mundana:

2126 3039 2246 3094 qua:
2287 3023 2341 3076 in
2381 3021 2736 3092 Ephesiorum
2795 3020 3136 3090 metropolim
3188 3028 3520 3088 congregata
3563 3028 3654 3074 est
3695 3036 3730 3094 a

2126 3115 2370 3174 Charisio
2402 3114 2715 3185 presbytero
2742 3121 2799 3170 et
2836 3112 3214 3180 dispensatore
3253 3109 3507 3172 Ecclesite
3534 3108 3728 3173 Phila-

423 3201 575 3268 Iatis,
609 3199 704 3256 sed
733 3202 1106 3270 assumptione
1132 3200 1341 3267 carnis;
1375 3201 1594 3258 Deitate
1635 3205 1852 3273 quidem
1899 3221 2017 3262 ma—
2044 3210 2091 3275 C
2123 3209 2370 3280 delphite.
2402 3207 2497 3264 Est
2535 3205 2750 3278 quidem
2797 3205 3046 3266 omnibus
3085 3205 3416 3274 sapientibus
3450 3213 3728 3274 exoptan-

420 3307 559 3349 nens
589 3294 828 3349 intactus
868 3291 1024 3361 juxta
1053 3308 1211 3347 suam
1229 3301 1498 3360 naturam,
1527 3297 1708 3350 omnia
1739 3311 1870 3353 vero
1896 3313 2019 3368 per-

424 3385 605 3442 forens
631 3392 686 3440 et
712 3386 924 3455 patiens
946 3391 1010 3439 ut
1025 3385 1153 3440 vita;
1168 3394 1390 3440 aeterm
1409 3388 1568 3443 nobis
1591 3387 1698 3443 dux
1738 3397 1797 3444 et
1827 3398 2020 3447 auctor

427 3480 706 3534 existeret.

497 3570 533 3611 ὖ
556 3570 764 3627 ACTIO
794 3571 885 3627 DE
920 3569 1381 3627 GONFESSIONE
1414 3572 1717 3635 CHARISII'
1753 3575 1950 3631 PRES-

1078 3643 1352 3705 BYTERI,

501 3768 525 3796 ο
563 3755 728 3816 Juxta
770 3756 1136 3826 piissimarum
1169 3755 1773 3826 angustissimorumque
1822 3757 2020 3827 princi-

424 3866 556 3930 pum
578 3848 870 3911 Theodosii
899 3855 954 3903 et
985 3847 1343 3904 Valentiniani
1388 3857 1714 3916 congregata
1759 3848 2018 3918 Ephesio-

424 3958 552 4008 rum
590 3942 879 4012 metropoli
927 3955 1000 3996 ex.
1022 3940 1170 3996 omni
1211 3954 1381 4009 prope
1425 3941 1556 3996 orbe
1608 3949 1872 3996 terrarum
1921 3944 2020 4000 hac

425 4037 765 4100 sanctissima
820 4033 1027 4105 synodo
1073 4032 1597 4099 religiosissimorum
1639 4035 2019 4108 episcoporum

429 4129 671 4188 omnium
699 4134 1008 4188 sanctarum
1027 4123 1407 4192 Ecclesiarum,
1441 4133 1495 4180 et
1516 4136 1710 4196 agente
1734 4130 2018 4190 concilium

426 4229 483 4277 et
510 4221 836 4284 decernente
889 4227 948 4274 ut
989 4217 1141 4279 ﬁrma
1181 4227 1425 4272 maneret
1467 4218 1598 4274 ﬁdes
1647 4224 1892 4291 exposita
1925 4240 2021 4293 per

426 4311 690 4382 Spiritum
738 4318 983 4366 sanctum
1016 4324 1048 4362 a
1077 4309 1276 4370 sanctis
1306 4307 1552 4369 Patribus
1595 4315 1688 4386 qui
1722 4322 1849 4370 tunc
1884 4325 2020 4376 tein-

422 4401 575 4473 poris
617 4398 805 4454 Nicaeae
855 4407 1221 4454 convenerant
1273 4417 1498 4457 numero
1544 4405 1772 4459 trecenti
1831 4405 2018 4461 decem

425 4500 489 4554 et,
505 4499 652 4556 octo,
683 4498 736 4544 et
763 4490 1084 4560 disponente
1109 4507 1228 4561 qua:
1259 4493 1327 4548 ad
1356 4494 1495 4549 hanc
1523 4510 1636 4549 rem
1685 4497 2026 4565 pertinerent.

424 4584 856 4657 competentibus
878 4585 1069 4654 modis,
1085 4583 1359 4644 Charisius
1380 4589 1597 4658 quidam
1620 4593 1842 4652 nomine
1862 4611 2015 4652 ures-

2127 3301 2255 3362 dqu
2290 3302 2554 3366 honorem
2583 3298 2823 3359 debitum
2853 3306 2909 3358 et
2946 3288 3369 3362 convenientem,
3392 3296 3640 3372 patrihus
3671 3303 3730 3352 et

2123 3394 2357 3455 maxime
2375 3392 2704 3462 spiritalibus
2725 3399 2780 3445 et
2800 3389 3228 3461 praeceptoribus
3246 3403 3460 3460 semper
3481 3387 3722 3446 deferre.

2123 3485 2181 3544 Si
2209 3502 2343 3549 vero
2370 3484 2658 3554 contigerit
2705 3491 2762 3540 ut
2790 3483 2844 3540 hi
2875 3481 2968 3552 qui
2991 3481 3189 3542 docere
3217 3479 3488 3543 debeant,
3523 3495 3592 3534 ea
3641 3479 3727 3534 di-

2122 3579 2394 3640 scentibus
2415 3578 2482 3636 de
2510 3576 2613 3634 lide
2633 3576 2876 3650 garriant
2893 3589 3011 3650 qua:
3035 3589 3195 3634 aures
3215 3573 3455 3632 omnium
3479 3580 3729 3628 mentes-

2122 3688 2227 3744 que
2257 3671 2451 3729 laedere
2475 3669 2702 3740 possint,
2734 3682 2956 3728 necesse
2979 3674 3064 3722 est
3086 3665 3330 3722 ordinem
3353 3672 3721 3728 commutare,

2123 3771 2177 3826 et
2220 3778 2315 3820 eos
2353 3763 2446 3830 qui
2467 3775 2720 3831 perverse
2758 3759 2956 3814 docere
2995 3757 3334 3814 contendant
3369 3773 3400 3810 a
3443 3755 3730 3828 discipulis

2122 3858 2292 3930 magis
2319 3855 2586 3928 redargui.
2619 3853 2728 3909 Sed
2754 3852 3008 3922 quoniam
3040 3851 3180 3906 inter
3207 3866 3302 3908 eos
3333 3857 3414 3905 est
3439 3848 3731 3906 Nestorius

2121 3947 2505 4013 numerandus,
2542 3945 2694 4000 mala:
2730 3959 2840 4000 sua:
2865 3944 3138 4014 opinionis
3173 3942 3378 4000 fructus
3423 3941 3723 4012 decerpsit,

2123 4049 2176 4098 et
2204 4041 2298 4112 qui
2337 4039 2404 4094 de
2439 4038 2539 4093 ﬁde
2567 4035 2770 4098 Christi
2819 4037 3049 4108 pessime
3079 4036 3396 4094 exiStimans
3430 4041 3486 4090 et
3514 4033 3728 4092 docens

2122 4148 2263 4203 saepe
2291 4148 2412 4204 qum
2441 4147 2566 4186 eum
2604 4130 2801 4189 docere
2829 4145 2940 4184 non
2969 4128 3238 4191 convenit,
3282 4142 3504 4186 omnem
3528 4126 3726 4181 orbem

2123 4237 2281 4288 terra:
2313 4224 2690 4290 conturbavit;
2738 4223 2874 4280 adeo
2905 4231 2963 4278 ut
2989 4223 3152 4280 etiam
3181 4223 3254 4294 pii
3284 4222 3558 4294 principes
3597 4237 3730 4278 oe“-

2122 4335 2241 4377 sere
2273 4325 2534 4388 cogantur
2563 4317 2704 4370 hanc
2740 4323 2978 4372 vestram
3018 4315 3412 4374 sanctissimam
3449 4313 3728 4384 synodum

2122 4413 2440 4478 convenire,
2470 4419 2525 4465 et
2552 4418 2714 4465 recta:
2745 4409 2876 4464 lidei
2893 4409 3145 4478 dogmata
3179 4407 3502 4466 conﬁrmare
3530 4426 3540 4459 :
3570 4407 3729 4480 quod

2122 4505 2286 4560 etiam
2314 4519 2410 4559 sua
2438 4502 2728 4562 clementia
2752 4501 3010 4560 Dominus
3024 4501 3170 4556 Deus
3195 4499 3414 4559 indulsit
3441 4508 3502 4554 ut
3531 4500 3601 4554 ob
3625 4516 3728 4555 su-

2119 4596 2418 4670 pradictam
2441 4609 2659 4650 causam
2683 4607 2777 4650 vos
2790 4608 2978 4654 omnes
3001 4593 3123 4658 huc,
3151 4590 3339 4648 Patres
3365 4591 3724 4654 sanctissimi,

1603 4702 2146 4767 CASTIGATIUNE-S
2189 4710 2272 4765 ET
2311 4707 2540 4764 NOTAE.

498 4831 526 4860 ι
551 4820 774 4894 Excidit
819 4819 1048 4894 fortasse
1104 4820 1330 4894 libra-rio
1351 4833 1603 4894 Apgmen
1643 4820 2008 4894 ᾼιηψὴίιοεήίὶ,
2041 4831 2098 4891 D
2118 4824 2514 4894 exemplaribus
2545 4822 2767 4894 invenit.
2805 4820 3002 4875 Verum
3030 4821 3090 4894 io
3115 4819 3263 4894 Actis
3289 4819 3504 4874 emcilii
3535 4818 3729 4888 Ephe-

421 4893 569 4965 quod
597 4893 789 4965 legitur
818 4901 961 4965 tom._
993 4891 1082 4965 cit_.
1135 4903 1256 4957 pag.
1312 4888 1464 4954 1065,
1518 4890 1607 4943 ubi
1655 4888 2012 4960 fragmentum

421 4959 729 5033 Hujnsmodi
758 4962 1009 5033 occurrit.
1042 4959 1318 5033 Critian.

494 5030 522 5074 Β
561 5033 849 5102 lnterpres,
867 5032 914 5102 Vl.
942 5047 1014 5093 c.,
1048 5030 1252 5093 subdit,
1286 5030 1562 5099 descendit,
1588 5049 1705 5102 quae
1730 5050 1832 5088 vox
1859 5036 2012 5094 deest

420 5099 726 5188 inGrtpcis,
757 5119 798 5188 a_
829 5099 1124 5188 Mergatprp
1175 5110 1459 5188 propterea
1501 5099 1717 5188 omissa,
1752 5103 1842 5161 Sic
1864 5109 2008 5164 enim

418 5176 531 5302 iGbi:
588 5175 673 5236 διὰ
715 5180 863 5229 τοῦτο
892 5175 994 5248 γὰρ
1028 5175 1114 5227 ἐπὶ
1141 5181 1234 5244 γῆς
1273 5174 1304 5238 ὀί
1327 5174 1643 5252 ἓπουροὶνιος,
1675 5178 1759 5231 ἶνα
1789 5201 1835 5231 κ.
1867 5201 1918 5234 τ.
1956 5180 2003 5234 λ.

471 5263 696 5302 ALLAND.

471 5263 696 5307 ΑιιΑΝυ.

497 5329 520 5356 ε
563 5317 686 5382 Leg.
711 5317 755 5368 si
777 5314 1006 5388 quidem.
1033 5310 1490 5388 Graecenamque,
1515 5317 1552 5370 l.
1581 5333 1628 5372 c.
1660 5332 1784 5388 pag.
1823 5318 1960 5371 1'06?
1989 5339 2001 5374 :

416 5387 607 5448 Εῗτινα
631 5385 886 5460 hosptium,
921 5386 1010 5460 ubi
1042 5393 1193 5460 vetus
1216 5385 1497 5455 interpres,
1523 5391 1566 5441 si
1596 5385 1751 5460 quem
1790 5393 2008 5444 secernit

421 5477 454 5512 a
482 5461 646 5512 nobis.
681 5456 805 5529 Mox
847 5456 1219 5529 rescripsimus
1267 5461 1554 5513 communio
1602 5456 1698 5529 pro
1749 5461 2007 5517 mendoso

420 5531 731 5592 communia,
762 5528 941 5586 Baluz.
970 5526 1173 5591 Graece,
1200 5532 1281 5583 καὶ
1305 5533 1472 5584 παθῶν
1495 5526 1722 5588 κοινᾷινία
1743 5535 1825 5585 καὶ
1851 5555 2009 5588 σταυ-

419 5603 528 5730 ἓός.
566 5599 682 5653 Vet.
717 5598 935 5670 interp.,
968 5608 1018 5652 et
1045 5601 1342 5668 passionum
1366 5605 1758 5658 communicatio
1785 5613 1833 5654 et
1854 5618 2003 5658 crux.

472 5688 695 5728 ALLAND.

472 5688 695 5728 ALLAND.

492 5741 518 5778 ἀ
561 5741 874 5815 Hujusmodi
903 5742 1117 5815 titulum
1146 5742 1352 5815 addidit
1396 5741 1664 5809 Baluzius,
1698 5755 1756 5798 ut
1793 5748 1907 5815 ipse
1952 5747 2005 5799 in

421 5815 564 5873 natis
596 5810 906 5884 proﬁtetur;
938 5813 1146 5867 nullum
1169 5814 1313 5866 enim
1341 5814 1396 5868 in
1427 5815 1659 5882 antiquis
1688 5810 2005 5871 Mercatoris

2117 4898 2241 4961 sini,
2273 4892 2376 4949 act.
2409 4893 2461 4956 6,
2490 4906 2611 4963 pag.
2644 4892 2796 4958 19.02,
2832 4901 2960 4963 tom.
2994 4892 3360 4963 cit.,rubih._1‘c
3389 4898 3445 4944 et
3474 4905 3726 4958 sequen-

2116 4968 2192 5022 tia
2233 4961 2505 5032 leguntur,
2548 4965 2648 5016 ista
2687 4963 2854 5016 fertur
2893 4961 3172 5030 inscriptio
3221 4980 3231 5013 :
3277 4961 3547 5030 Incipiunt
3595 4974 3726 5016 acta

2115 5039 2427 5110 pertinentia
2463 5035 2531 5087 ad
2561 5034 2784 5110 Charisii
2817 5034 3147 5110 relationem,
3183 5032 3388 5110 quando
3419 5033 3463 5084 is
3495 5036 3730 5094 occessit

2113 5102 2185 5162 od
2216 5117 2452 5162 sanctam
2489 5105 2743 5176 synodum
2775 5104 3018 5158 adversus
3043 5102 3564 5167 Quortodcrimanos.

2185 5179 2370 5302 Ρεῑνέδ
2401 5174 2662 5248 presbyter
2686 5175 3050 5241 A‘exandriw,
3081 5185 3132 5228 et
3159 5177 3489 5230 notariorum
3529 5174 3729 5246 primi-

2185 5253 2276 5302 ius
2344 5251 2439 5302 imit
2472 5265 2487 5301 :

2110 5253 2276 5304 carius
2308 5251 2439 5302 dixit
2472 5265 2487 5301 :

2187 5321 2413 5385 Sancta,
2445 5329 2540 5372 etc.
2573 5317 2847 5372 GALLAND.

2190 5403 2212 5430 ⁶
2253 5391 2426 5448 Locus
2453 5391 2603 5443 hiatu
2632 5390 2858 5443 laborat.
2913 5385 3164 5444 Testatur
3190 5386 3446 5440 Helusius
3486 5385 3629 5440 infra
3666 5388 3727 5442 in

2115 5465 2277 5527 notis,
2313 5461 2796 5532 pneseferremss.
2833 5459 3048 5514 codices
3086 5461 3207 5532 jus,
3253 5457 3513 5532 mendose
3544 5458 3728 5512 dubio

2111 5530 2328 5604 procul:
2367 5532 2473 5587 Sed
2506 5531 2804 5604 proclivius
2852 5540 2982 5604 erat
3012 5530 3312 5604 rescribere
3352 5530 3727 5604 jussuquam

2104 5597 2294 5675 iuxta,
2345 5604 2425 5658 vel
2465 5597 2656 5675 saltem
2707 5601 2903 5656 addere
2950 5603 3226 5655 decretum.
3274 5597 3464 5658 Grieee
3512 5599 3730 5668 legitur

2112 5671 2235 5732 aurai
2259 5677 2543 5744 Θέσπισμα.
2587 5671 2863 5744 ﬂauam).

2187 5746 2208 5783 τ
2251 5746 2339 5801 Sic
2377 5746 2427 5800 in
2449 5741 2586 5800 ‘mss.
2631 5741 2863 5808 Justelll,
2911 5744 2964 5799 id
3005 5751 3122 5806 est,
3155 5741 3482 5796 commorsicat.-
3539 5747 3597 5794 ut
3625 5741 3731 5798 lia-

2111 5817 2237 5871 bent
2263 5815 2465 5881 (ἂι-ἄξαι,
2501 5815 2697 5888 συνόδῳ
2728 5819 3063 5894 οἰκουμινικῇ.
3109 5811 3382 5870 Esmun.
