3904 6272
159 303 272 362 877

985 292 1370 351 COLLECTIO
1400 290 1604 350 PRIMA
1653 290 2165 350 EXCERI’TORUM
2206 287 2544 352 NESTORII.

3337 304 3448 369 878

161 415 513 478 conveniatis.
558 413 724 492 Hujus
765 430 925 474 causa
969 429 1069 485 ego
1099 414 1167 472 ad
1214 423 1407 468 vestrm
1447 409 1747 467 sanctitatis
1775 411 1825 470 Α
1853 425 2036 467 errore
2066 413 2118 468 in
2147 415 2428 469 veritatem
2477 411 2746 469 desiderat
2777 415 3158 486 commigrare,
3190 435 3318 478 eum
3357 427 3446 483 di-

159 525 329 580 genua
360 509 671 580 provolutus
707 505 934 570 afﬁrmo,
969 507 1111 578 quod
1141 523 1251 566 non
1290 505 1465 560 solum
1503 505 1618 574 ipse
1645 500 1749 556 Nc—

158 604 373 667 storius,
406 617 591 656 verum
621 601 782 655 etiam
813 599 1100 669 impietatis
1124 599 1288 668 ipsius
1310 597 1577 667 particeps
1607 594 1750 648 Ana-

159 694 353 748 stasius
379 700 432 746 et
463 690 684 745 Photius
713 691 1008 761 presbyteri
1053 689 1294 744 eamdem
1332 689 1495 744 etiam
1544 688 1598 741 in
1632 685 1754 740 aliis

159 784 463 851 civitatibus
518 784 673 838 tidem
726 784 1021 856 pessimam
1065 781 1400 848 disseminari
1452 781 1747 850 cupientes,

155 875 354 935 Jacobo
378 876 587 931 cuidam
611 876 690 930 sui
714 876 872 935 simili
899 874 1136 936 favorem
1157 875 1524 946 praestiterunt
1547 880 1601 927 et
1621 887 1753 942 prte-

159 977 332 1033 stant,
377 966 443 1024 ad
490 966 742 1040 colloquii
790 967 1106 1028 societatem
1162 981 1286 1021 eum
1335 965 1651 1020 adhibentes
1696 969 1752 1018 et

158 1074 395 1122 mentae,
448 1073 607 1134 quem
653 1043 812 1112 etiam
844 1073 941 1130 per
989 1059 1195 1120 litteras
1241 1067 1514 1126 tamquam
1564 1056 1752 1112 ortho-

157 1151 359 1206 doxum
407 1151 803 1224 gloriosissimis
850 1151 1030 1223 Lydia:
1093 1152 1360 1222 episcopis
1406 1149 1752 1206 commenda-

153 1250 308 1308 runt;
341 1243 431 1314 qui
463 1243 587 1296 talia
619 1243 851 1298 admittit
891 1259 1008 1312 quae
1038 1246 1380 1299 sanctitatem
1402 1252 1674 1306 vestram,
1707 1243 1753 1296 si

157 1349 218 1388 ea
261 1336 596 1410 cognoverit,
630 1336 1045 1392 commovebunt
1069 1337 1244 1408 justas
1275 1338 1325 1391 in
1368 1353 1489 1391 eum
1534 1351 1752 1406 compc-

157 1433 440 1498 tentesque
464 1444 653 1508 poenas
683 1429 792 1484 haec
819 1429 978 1495 ferre,
1010 1447 1108 1485 nec
1137 1447 1240 1485 non
1275 1431 1511 1485 etiamin
1548 1445 1640 1484 eos
1661 1425 1756 1498 qui

155 1517 204 1572 ei
232 1517 644 1588 patrocinantur
665 1527 720 1574 et
760 1518 959 1574 favent.
990 1519 1123 1575 Nam
1173 1537 1293 1576 cum
1322 1519 1750 1590 Philadelphiam

155 1612 430 1675 civitatem
461 1612 641 1684 Lydiae
671 1615 1013 1670 adventasset
1036 1657 1050 1682 ,
1093 1616 1447 1687 simpliciores
1489 1615 1750 1684 quosdam

152 1707 384 1762 clericos
408 1707 620 1782 decepit
643 1727 662 1776 ;_
707 1716 761 1770 et
791 1709 878 1766 illa
915 1710 1017 1764 ﬁde
1046 1718 1226 1780 spreta
1256 1725 1417 1779 quam
1451 1708 1637 1773 Patres
1659 1706 1750 1761 Ni-

1856 517 2005 557 scere
2034 505 2286 559 convenit
2313 511 2367 560 et
2395 503 2640 560 conﬁteri
2669 507 2813 576 quod
2848 525 2859 560 :
2892 505 3175 567 Credimus
3202 513 3257 568 in
3282 530 3452 574 unum

1856 592 2024 647 Deum
2053 592 2265 650 Patrem
2288 597 2670 667 mtemum,qui
2696 613 2872 669 neque
2899 606 3090 670 postea
3113 606 3276 676 etrapit
3305 621 3448 675 esse,

1857 685 1950 740 sed
1974 693 2131 742 antea
2161 695 2216 744 et
2242 704 2456 760 semper
2485 698 2602 744 erat
2641 691 2809 756 Deus,
2843 701 3022 763 licetne
3048 705 3239 765 postea
3277 695 3454 760 factus

1856 785 1938 833 est
1965 776 2128 834 Pater
2154 781 2299 850 quod
2328 797 2541 854 semper
2565 789 2681 839 erat
2710 784 2852 840 Deus
2881 792 2935 842 et
2965 786 3142 843 Pater.
3169 789 3454 852 Credimus

1856 877 2034 926 autem
2065 883 2120 927 et
2160 875 2210 928 in
2243 891 2407 930 unum
2452 875 2645 932 Filium
2686 879 2782 934 Dei
2832 882 3164 952 unigenitmn
3205 901 3273 941 ex
3321 889 3452 945 sub.-

1855 964 2050 1019 stantia
2106 965 2308 1032 Patris,
2335 977 2392 1022 ut
2420 978 2568 1024 certe
2587 965 2809 1039 Filium,
2844 979 2898 1029 et
2927 990 2994 1029 ex
3022 977 3320 1034 substantia
3335 981 3455 1050 ejus

1856 1063 2008 1126 cujus
2039 1066 2122 1113 est
2150 1064 2204 1112 et
2226 1074 2346 1114 esse
2366 1062 2606 1117 creditur
2627 1063 2812 1120 Pilius.
2848 1064 2914 1118 Et
2943 1069 2998 1122 in
3033 1067 3292 1138 Spiritum
3327 1085 3453 1127 sarr-

1857 1141 2021 1217 ctum,
2048 1151 2139 1222 qui
2162 1159 2242 1207 est
2270 1169 2336 1208 ex
2365 1156 2461 1210 Dei
2503 1157 2800 1214 substantia
2834 1179 2846 1213 :
2879 1161 2972 1231 qui
3007 1177 3117 1218 non
3148 1171 3230 1219 est
3261 1163 3448 1235 Filius,

1857 1243 1951 1300 sed
1979 1245 2122 1301 Deus
2141 1262 2238 1316 per
2257 1247 2634 1320 substantiam,
2659 1262 2848 1323 utpote
2876 1255 3114 1324 ejusdem
3139 1258 3453 1317 substantiae

1857 1337 2008 1408 cujus
2039 1347 2119 1394 est
2149 1339 2288 1396 Deus
2318 1353 2373 1397 et
2402 1341 2579 1411 Pater,
2609 1360 2676 1398 ex
2705 1361 2812 1415 quo
2834 1353 2916 1403 est
2945 1361 3046 1419 per
3069 1352 3445 1408 substantiam.

1857 1428 1971 1484 Nos
1994 1433 2148 1497 enim,
2179 1433 2368 1503 inquit,
2404 1451 2507 1489 non
2549 1438 2787 1508 spiritum
2807 1425 2990 1496 mundi
3009 1445 3326 1516 accepimus,
3358 1445 3452 1501 sed

1854 1524 2091 1594 spiritum
2112 1526 2199 1596 qni
2225 1537 2302 1579 est
2340 1544 2408 1580 ea:
2433 1526 2544 1582 Deo
2569 1529 2622 1600 (1
2653 1528 2770 1585 εστ.
2806 1549 2861 1596 n,
2893 1533 3028 1604 l3);
3058 1537 3127 1590 ab
3160 1539 3309 1592 ornni
3339 1541 3454 1610 quis

1855 1615 1976 1669 dem
2003 1625 2248 1671 creatura
2281 1634 2403 1673 eum
2445 1635 2729 1690 separatis,
2774 1625 2885 1679 Deo
2909 1642 3040 1682 vero
3073 1629 3405 1700 conjungens
3431 1675 3446 1700 ,

1856 1721 1920 1760 ex
1959 1723 2065 1776 quo
2107 1715 2189 1762 est
2229 1723 2325 1778 per
2353 1711 2709 1768 substantiam
2749 1718 3017 1788 praecipua
3056 1722 3286 1790 quadam
3323 1741 3450 1801 pro-

151 1813 275 1850 caeae
315 1799 614 1865 ediderunt,
647 1797 769 1858 ﬁdei
800 1802 982 1856 altera:
1013 1803 1177 1858 immo
1208 1818 1334 1856 vero
1363 1802 1599 1872 perﬁdiae
1627 1803 1744 1856 sub-
1773 1801 1826 1863 Β
1850 1801 2072 1869 priaque
2117 1802 2329 1857 ratione
2380 1811 2576 1873 praeter
2623 1821 2840 1863 omnem
2887 1811 3048 1866 aliam
3101 1823 3402 1872 creaturam
3429 1829 3445 1887 ς

152 1892 392 1946 scribere
420 1893 705 1962 compulit:
728 1902 781 1948 et
807 1895 910 1952 hoc
938 1896 1011 1952 illi
1035 1895 1380 1964 simplicitate
1401 1913 1494 1951 sua
1525 1905 1549 1934 ι
1573 1898 1751 1953 lacere

151 1990 204 2036 et
247 1984 589 2044 subscribere
620 1987 723 2041 hoc
763 1987 923 2052 modo
959 2005 969 2040 ε
1019 1987 1158 2046 Huic
1202 2000 1355 2044 recta?
1380 1991 1503 2061 ﬁdei
1533 1994 1752 2046 assmtli-

148 2092 285 2128 mur.
316 2075 444 2142 Quae
486 2079 752 2148 expositio
775 2079 1042 2135 haeretica:
1074 2082 1419 2152 blasphemia:
1443 2084 1749 2152 plenissima

147 2163 361 2238 integra
392 2176 474 2224 est
501 2183 621 2224 cum
671 2169 1066 2242 subscriptione
1096 2187 1282 2227 eorum
1327 2174 1522 2242 quibus
1561 2177 1749 2237 subre-

147 2263 304 2326 ptum
335 2263 445 2321 est;
477 2264 531 2311 et
559 2274 740 2326 qumso
772 2267 828 2313 ttt
870 2277 933 2314 ea
965 2278 1148 2316 coram
1179 2271 1353 2316 vestra
1393 2265 1748 2318 sanctimonia

143 2345 462 2412 recitantur,
492 2355 550 2400 ut
581 2347 910 2418 intelligatur
938 2353 1213 2419 qttomodo
1245 2353 1318 2405 illi
1354 2362 1555 2407 rectam
1586 2353 1746 2408 ﬁdem

143 2444 362 2490 vertere
389 2440 565 2492 conati
597 2448 720 2504 sunt
746 2459 756 2493 :
781 2455 882 2495 nec
907 2457 1013 2494 non
1038 2442 1199 2495 etiam
1231 2444 1437 2499 litteras
1472 2461 1632 2514 supra
1673 2445 1749 2500 di-

142 2535 357 2584 ctorum
388 2529 405 2600 (
430 2531 644 2584 recitari
672 2531 926 2600 postulo)
959 2546 1056 2600 per
1076 2548 1210 2601 quas
1239 2532 1496 2588 Jacobum
1528 2536 1746 2604 quidem

143 2619 483 2687 hmreticum,
517 2624 607 2692 qui
637 2624 762 2678 talia
792 2639 950 2679 ausus
978 2635 1078 2690 est,
1113 2627 1474 2682 orthodoxum
1514 2644 1632 2684 esse
1663 2639 1746 2684 te-

137 2725 396 2788 stantur,
443 2731 528 2770 me
555 2731 682 2780 vero
725 2725 997 2785 tamquam
1035 2718 1344 2774 luereticum
1383 2722 1748 2777 conttttttnica-

138 2810 298 2870 tione
328 2820 380 2864 et
408 2810 705 2872 ministerio
736 2811 1121 2866 submoverunt
1144 2814 1360 2884 pietatis
1391 2814 1643 2884 dogmata
1666 2833 1747 2871 re-

141 2902 430 2962 tinentem,
465 2903 607 2964 sicut,
638 2902 691 2956 in
721 2903 947 2958 subditis
970 2906 1270 2973 apparebit.
1302 2905 1395 2961 llis
1438 2909 1636 2962 etenim
1666 2925 1747 2964 re-

141 2992 345 3054 citatis,
372 2994 626 3053 sanctitas
647 3001 824 3049 vestra
846 2995 1141 3064 comperiet
1169 2999 1344 3065 qualia
1385 3000 1490 3052 sint
1532 3015 1593 3054 ea
1623 3016 1744 3070 qua:

142 3082 217 3135 illi
242 3083 524 3147 adversum
554 3093 754 3139 rectam
782 3085 940 3139 ﬁdem
963 3088 1164 3141 scelera
1188 3091 1590 3158 commiserunt,
1623 3109 1743 3162 quae

142 3186 239 3240 per
270 3179 504 3236 vestram
535 3175 878 3228 sanctitatem
908 3178 1120 3245 penitus
1147 3178 1386 3234 destruet
1416 3181 1573 3237 Deus.

691 3265 916 3321 Charisii
949 3271 1219 3340 confessio.

214 3353 395 3409 Credo
427 3356 478 3408 in
510 3373 674 3409 unum
697 3357 862 3412 Deum
886 3358 1102 3415 Patrem
1126 3363 1569 3432 omnipotentem,
1586 3367 1745 3422 Crea-

141 3453 323 3510 torem
347 3447 603 3512 omnium,
641 3449 925 3504 visibilium
970 3457 1024 3505 et
1074 3453 1417 3510 invisibilium
1457 3457 1736 3514 factorem.

142 3535 209 3591 Et
239 3538 297 3592 in
326 3555 488 3594 unum
531 3541 814 3596 Dominum
855 3543 1036 3599 Jesum
1077 3545 1348 3603 Christum
1389 3549 1579 3606 Filium
1627 3553 1742 3623 ejus

145 3631 510 3699 unigenitum,
545 3633 710 3688 Deum
734 3635 801 3690 de
831 3636 962 3702 Deo,
1001 3639 1178 3694 lumen
1208 3641 1275 3696 de
1305 3643 1506 3699 lumine
1525 3687 1538 3711 ,
1572 3647 1740 3703 Deum

143 3736 335 3775 verum
361 3722 427 3777 de
458 3723 568 3778 Deo
597 3741 744 3791 vero,
771 3725 798 3764 δ
821 3728 1010 3784 similis
1037 3746 1157 3785 cum
1201 3731 1362 3790 Patre
1389 3737 1696 3794 substantiae
1724 3758 1735 3794 :

145 3813 234 3883 qui
282 3824 510 3885 propter
550 3834 648 3872 nos
697 3827 751 3873 et
798 3830 1037 3875 nostram
1083 3825 1309 3880 salutem
1357 3827 1632 3884 descendit
1672 3831 1739 3888 de

145 3907 296 3961 caelis
321 3949 334 3972 ,
380 3907 688 3964 incarnatus
718 3921 819 3976 est,
852 3921 1010 3968 natus
1049 3923 1132 3970 est
1174 3933 1239 3971 ex
1283 3929 1467 3974 sancta
1502 3922 1735 3991 Virgine,

144 3998 311 4053 homo
354 3999 525 4055 factus
555 4012 666 4069 est,
699 4004 987 4060 cruciﬁxus
1022 4015 1105 4062 est
1133 4025 1231 4079 pro
1260 4012 1416 4066 nobis
1438 4054 1451 4078 ,
1495 4025 1738 4072 mortuus

145 4099 240 4158 est,
277 4095 574 4148 resurrexit
604 4097 762 4150 tertia
784 4097 891 4161 die,
921 4100 1162 4155 ascendit
1193 4102 1242 4155 in
1273 4105 1458 4172 caelos,
1481 4115 1738 4163 venturus

141 4181 384 4251 judicare
408 4186 553 4241 vivos
596 4195 651 4241 et
697 4196 956 4245 mortuos.
1001 4191 1067 4244 Et
1113 4194 1164 4246 in
1214 4193 1469 4263 Spiritum
1496 4200 1739 4255 veritatis

147 4277 484 4344 paraclitum,
522 4289 546 4317 ο
569 4281 756 4335 similis
785 4283 1096 4339 substantiae
1135 4301 1256 4339 cum
1295 4285 1454 4344 Patre
1493 4299 1546 4345 et
1575 4291 1732 4349 Filio.

145 4365 209 4420 Et
236 4368 289 4421 in
324 4379 564 4425 sanctam
604 4371 898 4428 Ecclesiatn
929 4377 1286 4446 catholicam,
1320 4391 1375 4435 et
1404 4383 1454 4437 in
1491 4400 1734 4443 resurre-

145 4458 376 4513 ctionem
429 4472 802 4536 mortuorum,
829 4465 860 4502 ἀ
904 4474 958 4521 ct
995 4468 1048 4521 in
1095 4470 1258 4524 vitam
1301 4481 1576 4531 atternam.
1619 4476 1734 4548 Ego

1853 1905 2011 1960 quam
2044 1907 2150 1947 non
2183 1909 2248 1948 ex
2277 1897 2574 1951 substantia
2607 1899 2704 1954 sed
2740 1915 2805 1955 ex
2836 1917 2996 1958 causa
3043 1909 3376 1978 operationis
3417 1919 3449 1966 ει

1853 1981 1965 2038 Deo
1991 1986 2258 2040 credimus
2283 1987 2498 2042 factam.
2533 1989 2600 2044 Et
2630 2007 2806 2062 neque
2837 1993 3032 2050 Filium
3055 2006 3324 2072 putamus,
3349 2018 3447 2058 nc-

1851 2089 1963 2145 que
1991 2093 2090 2146 per
2119 2078 2312 2134 Filium
2347 2079 2370 2118 ί
2403 2080 2696 2139 essentiam
2727 2088 2952 2157 cepisse.
2991 2089 3323 2149 Conﬁtentur
3361 2112 3450 2152 au-

1851 2173 1960 2219 tem
1983 2167 2158 2238 ipsum
2185 2185 2284 2240 per
2310 2187 2368 2227 se
2400 2171 2619 2229 Patrem
2646 2178 2952 2246 perfectum
2985 2195 3082 2237 sua
3103 2200 3333 2254 persona
3351 2230 3364 2254 ,
3394 2193 3450 2244 et

1850 2255 2044 2312 Filium
2073 2261 2231 2315 simili
2263 2264 2443 2330 modo,
2478 2274 2531 2319 et
2555 2267 2684 2321 item
2713 2269 2973 2341 Spiritum
3003 2284 3270 2343 sanctum,
3297 2279 3447 2336 salva

1851 2361 2106 2407 manente
2133 2357 2288 2411 nobis
2316 2359 2529 2413 ratione
2548 2362 2792 2430 pietatis,
2829 2375 2887 2419 ut
2915 2365 3130 2422 Patrem
3162 2379 3217 2424 et
3252 2371 3450 2430 Filium

1851 2449 1904 2494 et
1946 2438 2202 2510 Spiritum
2237 2455 2488 2501 sanetum
2533 2466 2646 2504 non
2692 2460 2799 2508 tres
2843 2455 3081 2513 diversas
3120 2462 3448 2522 substantias

1850 2547 1969 2588 esse
1994 2535 2293 2603 credamus,
2312 2548 2337 2585 ε
2359 2538 2457 2594 sed
2476 2556 2637 2596 unam
2667 2546 3018 2618 eamdemque
3039 2551 3447 2611 similitudinem

1850 2622 2092 2679 Deitatis.
2113 2625 2262 2684 Scire
2285 2637 2463 2685 autem
2486 2635 2738 2688 convenit
2766 2637 2927 2692 etiam
2954 2640 3020 2695 de
3041 2641 3449 2712 dispensatione

1849 2729 2016 2785 quam
2041 2733 2144 2786 pro
2166 2725 2348 2774 nostra
2381 2722 2553 2778 salute
2581 2725 2634 2779 in
2662 2723 2892 2783 Domino
2932 2728 3148 2788 Christo
3188 2735 3446 2794 Dominus

1849 2804 1990 2861 Deus
2036 2807 2307 2878 irhpl'evit,
2345 2813 2492 2880 quod
2521 2813 2662 2869 Deus
2689 2815 2924 2874 Verbum
2964 2821 3237 2879 hominem
3275 2828 3448 2897 perfe-

1848 2904 1991 2950 ctum
2019 2903 2307 2970 assumpsit
2335 2917 2400 2957 ex
2416 2905 2620 2960 semine
2650 2907 2922 2964 Abraham
2944 2920 2999 2966 et
3019 2928 3086 2967 ex
3103 2914 3268 2971 David
3289 2926 3446 2987 juxta

1846 2989 2282 3057 prredicationem
2305 3004 2620 3051 sanctarum
2643 2997 3060 3072 Scripturarum,
3096 3008 3216 3076 ejus
3240 3018 3446 3067 natura:

1847 3080 1997 3150 cujus
2026 3091 2080 3136 et
2120 3084 2196 3137 illi
2241 3085 2452 3140 fuerant
2476 3105 2543 3143 ex
2572 3105 2804 3160 quorum
2841 3097 3049 3152 semine
3079 3109 3226 3167 erat,
3269 3103 3445 3157 homi-

1768 3171 1820 3238 ε
1844 3187 1975 3227 nem
1995 3181 2189 3229 natura
2211 3174 2531 3247 perlectum,
2548 3195 2614 3236 ex
2640 3185 2821 3239 anima
2851 3189 3103 3245 rationali
3128 3199 3182 3247 et
3209 3194 3445 3251 humana

1848 3278 2012 3318 came
2041 3268 2425 3337 compositum;
2465 3287 2627 3341 quem
2673 3276 2946 3333 hominem
3001 3291 3200 3337 nostrae
3239 3294 3444 3342 natura

1847 3357 2190 3413 consimilem
2223 3361 2454 3432 Spiritus
2494 3369 2670 3422 sancti
2695 3369 2894 3427 virtute
2930 3373 2988 3428 in
3020 3377 3179 3431 vulva
3209 3378 3445 3450 Virginis

1848 3447 2029 3504 ﬁctum
2055 3454 2254 3523 factum
2271 3472 2336 3510 ea:
2363 3458 2594 3525 muliere,
2620 3464 2820 3533 factum
2842 3466 2936 3519 sub
2965 3466 3074 3539 lege
3097 3469 3248 3540 (Gut.
3274 3447 3342 3540 tv,
3359 3472 3439 3548 ε),

1845 3552 1905 3597 ut
1932 3561 2120 3603 omnes
2154 3551 2386 3606 redimat
2421 3569 2452 3608 a
2505 3555 2637 3623 legis
2667 3559 2955 3627 servitute,
2989 3575 3313 3621 consecutos
3344 3569 3438 3624 ad-

1845 3639 2128 3708 optionem
2151 3657 2269 3712 quae
2309 3654 2390 3700 est
2420 3647 2548 3702 oliui
2596 3654 2942 3722 repromissa,
2985 3656 3441 3720 imestimabilitcr

1844 3731 1944 3790 Sibi
1970 3737 2268 3807 conjunxit,
2295 3749 2349 3795 et
2377 3753 2616 3800 mortem
2651 3748 2867 3816 quidem
2898 3755 3134 3822 experiri
3163 3769 3314 3812 more
3337 3758 3441 3814 ho-

1842 3829 2044 3885 minum
2088 3832 2241 3900 fecit,
2284 3837 2563 3892 suscitavit
2592 3854 2720 3894 vero
2750 3856 2779 3894 a
2808 3845 3057 3909 mortuis,
3095 3854 3150 3900 et
3179 3849 3357 3902 evexit
3387 3851 3441 3904 in

1843 3923 2033 3989 cretes,
2069 3933 2130 3977 et‘
2170 3926 2358 3980 sedere
2402 3926 2529 3981 fecit
2569 3929 2635 3981 ad
2678 3929 2956 3986 dexteram
2987 3935 3101 3988 Dei.
3137 3932 3288 3991 Unde
3315 3954 3438 3994 cum

1842 4013 1911 4066 sit
1939 4031 2102 4085 supra
2130 4031 2331 4069 omnem
2351 4018 2700 4088 principatum
2721 4031 2774 4074 et
2789 4033 3092 4092 potestatem
3115 4036 3174 4080 et‘
3193 4028 3434 4083 domina-

1843 4105 2048 4172 tionem,
2073 4117 2126 4160 et
2139 4121 2304 4178 supra
2331 4123 2480 4163 omne
2509 4127 2693 4166 nomen
2716 4117 3109 4186 nominandum,
3130 4137 3232 4175 non
3255 4125 3309 4176 in
3339 4124 3434 4178 hoc

1843 4209 2039 4252 tantum
2069 4203 2276 4265 sreculo,
2310 4203 2400 4255 sed
2428 4205 2585 4257 etiam
2615 4207 2666 4258 in
2695 4208 2866 4277 furum
2893 4208 3117 4280 (Ephes.
3143 4229 3178 4278 ι,
3211 4212 3270 4266 21
3295 4215 3334 4284 ),
3365 4216 3433 4272 ab

1841 4290 1987 4345 omni
2013 4299 2257 4345 creatura
2281 4294 2492 4361 accepit
2525 4297 2934 4352 venerationem
2951 4301 2999 4354 ei
3040 4302 3332 4361 tribuente.
3367 4304 3434 4361 Et

1839 4396 2018 4450 neque
2050 4381 2184 4435 d'uos
2227 4382 2452 4438 dicimus
2502 4384 2640 4441 ﬁlios
2678 4402 2854 4457 neque
2900 4390 3167 4459 dominos,
3201 4409 3433 4466 quorum

1839 4487 1977 4527 unus
2006 4472 2172 4528 Filius
2197 4488 2294 4544 per
2314 4475 2678 4533 substantiam
2702 4479 2843 4535 Deus
2859 4479 3096 4539 Verbum
3125 4487 3433 4557 unigenitus

145 4549 419 4608 Charisius
447 4556 620 4610 obtuli
645 4558 902 4626 libellum,
929 4562 1065 4616 sicut
1106 4579 1266 4620 suum
1296 4567 1498 4624 dictum
1527 4579 1636 4637 est,
1681 4580 1736 4628 et
1762 4563 1816 4624 ι)
1840 4566 2004 4620 Filius
2027 4564 2224 4629 Patris,
2257 4568 2349 4622 cui
2373 4568 2474 4622 iste
2504 4569 2854 4639 conjunctae,
2882 4583 2940 4629 et
2964 4576 3169 4632 habens
3192 4576 3432 4636 ﬁlietatis

145 4645 431 4717 subscripsi
455 4664 615 4702 mantt
638 4662 779 4705 mea.

441 4735 820 4795 SYMBOLUM‘
859 4752 882 4780 ε
922 4739 1432 4804 NESTORIANUM.

212 4829 466 4899 Quisquis
494 4833 581 4886 vel
611 4850 752 4890 nunc
797 4838 1030 4904 primum
1075 4839 1376 4895 instituitur
1407 4845 1734 4901 ecclesiasti-

146 4934 328 4974 corum
356 4922 670 4991 dogmati“.
696 4928 951 4994 scientia,
985 4930 1077 4984 vet
1102 4946 1168 4985 ex
1202 4933 1448 5002 quolth
1478 4936 1738 4995 haeretica

1839 4658 2238 4730 participatum,
2271 4660 2438 4714 etiam
2457 4660 2553 4714 lilii
2577 4664 2938 4733 appellatione
2958 4672 3347 4735 communicat,
3373 4681 3432 4727 et

1841 4749 2100 4806 Dominus
2122 4767 2219 4822 per
2246 4752 2604 4807 substantiam
2635 4763 2719 4809 est
2746 4755 2886 4811 Deus
2912 4757 3178 4825 Verbum,
3212 4763 3304 4815 cui!
3325 4762 3429 4816 iste

1839 4843 2158 4912 coniunctus
2184 4843 2378 4898 honori
2407 4846 2786 4906 communicat.
2819 4845 2886 4900 Et
2923 4858 3213 4919 propterea
3251 4867 3429 4922 neque

1841 4940 1976 4994 datos
2013 4936 2249 4992 dicimus
2271 4936 2418 4990 ﬁlios
2438 4950 2616 5005 neque
2655 4936 2792 4993 duos
2821 4936 3100 5007 dctninos;
3132 4942 3259 5010 quia
3305 4959 3426 4998 cum

1313 5048 1868 5116 CASTIGATIONES
1903 5051 1990 5114 ΕΤ
2028 5050 2254 5110 NOTAE.

213 5134 236 5212 ς
265 5124 588 5212 “begeudsm
615 5132 842 5212 videtur,
867 5135 1486 5212 tecet-eetsnhcripscre.
1514 5143 1723 5212 Graece,

146 5199 224 5291 7εαί
261 5196 322 5255 δὴ
368 5196 911 5291 τεὶὶέπιι.ιιιξτιιοιινὶκωσέιιξ,³
934 5209 1003 5268 ὦς
1031 5196 1729 5291 ᾇζιιλούςτςέρςηκαθυπογρᾲἰ

144 5265 350 5359 ηραντεῖ
386 5268 506 5323 νει.
529 5273 803 5359 interpres:
828 5295 840 5328 :
868 5265 934 5329 Et
1192 5265 1727 5359 Ιιοὲξιέίςξινέξῦἶιῗᾶ-

146 5338 304 5412 stores
321 5342 568 5408 fecerunt,
587 5338 1026 5401 wb'scribcnmin
1050 5351 1185 5404 hunc
1199 5338 1425 5407 modum.
1444 5338 1730 5412 Gaetulae.

215 5407 242 5499 bl
275 5407 498 5499 petitoris
518 5414 811 5499 Mercator“
825 5419 878 5499 in
926 5435 1028 5499 suo
1068 5424 1364 5499 exemplari
1409 5407 1724 5499 inuicti—eno».

144 5472 252 5567 seti
267 5480 325 5567 tu
356 5472 504 5567 λιφε
529 5487 748 5567 emicuit.
772 5472 1046 5558 Ephesini',
1075 5472 1374 5567 ’έὸῶζτεὶῖἠῄ
1407 5472 1724 5567 saginas;

146 5557 288 5669 tacete
311 5551 506 5619 legitur!
520 5555 798 5628 spondam
817 5551 1000 5638 haupt,
1029 5551 1526 5623 ὸοηωὸοιαηιῖάιθιῖ
1550 5551 1721 5625 Patri:

177 5636 416 5669 'ALLAID-

177 5636 416 5678 ‘IALLAND.

221 5691 352 5790 flii
376 5697 543 5790 “ait!
579 5699 954 5790 ,ίίεξάεπιωλοιίε
1198 5751 1210 5774 ν
1227 5708 1520 5790 ames»
1566 5719 1732 5790 me

150 5767 232 5823 vi
261 5767 386 5838 τεῷ,
438 5769 593 5824 PM
611 5782 661 5826 et
707 5772 855 5828 Παῦε
887 5767 1394 5835 conuiuarum
1418 5767 1423 5768 ί
1444 5767 1719 5840 ϐλιέρξεέιῦξ

1914 5145 1941 5185 d
1979 5147 2056 5200 ita
2079 5144 2574 5202 eodexVaticanue.
2594 5143 2886 5212 Bellevac.,
2900 5158 2952 5202 et
2970 5151 3142 5204 vitam.
3170 5143 3308 5207 Vide
3325 5168 3426 5208 an-

1843 5219 2047 5290 tiquam
2056 5219 2387 5290 versionem
2398 5216 2612 5290 concilii
2635 5215 2911 5285 Ephesiui,
2933 5234 3052 5289 pag.
3080 5220 3200 5277 551.
3220 5224 3423 5280 Banuz.

1916 5286 1939 5326 ἀ
1981 5290 2026 5342 A
2054 5287 2346 5363 Theodoro
2373 5286 2753 5363 Mopsuesteao
2781 5286 3175 5363 compositum,
3207 5304 3266 5350 ut
3295 5295 3428 5363 legi-

1839 5369 2111 5447 mr‘supra
2141 5357 2214 5447 M‘
2238 5366 2293 5412 et
2322 5357 2736 5447 iiilcollectione;
2831 5369 2886 5444 et
2910 5357 3193 5447 ’fé-‘concilii
3229 5357 3424 5435 quinti.

1842 5431 1971 5485 Vide
2003 5428 2318 5483 Facundum
2345 5429 2436 5483 lib.
2467 5443 2523 5482 ut
2552 5444 2671 5498 cap.
2704 5430 2738 5484 ἢ
2761 5440 2816 5486 ει
2843 5430 2890 5484 5.
2939 5431 3137 5492 Bawz.

1912 5501 1930 5582 ξ
1969 5499 2180 5582 βακε,
2219 5499 2254 5553 l.
2281 5515 2353 5564 c.,
2386 5513 2532 5582 pag._
2556 5500 2720 5582 l208,
2766 5503 2990 5582 legimus
3015 5540 3034 5569 ,ι
3060 5513 3154 5566 τὴν
3179 5507 3426 5582 ὕπαρξιν,

1836 5572 2243 5634 subsistendum,
2274 5585 2343 5624 ex
2372 5580 2478 5625 vet.
2520 5573 2836 5642 interprete.
2879 5573 3151 5634 GALLAMI.

1909 5656 1940 5693 ε
1973 5643 2158 5718 Grmca
2183 5649 2308 5718 sunt
2340 5661 2351 5694 :
2377 5643 2522 5718 una
2551 5648 2765 5718 μίανὲτῇ
2775 5648 3046 5707 ταυτότητι
3075 5659 3165 5711 τῆς
3194 5653 3427 5718 θεότητος

1835 5716 2222 5791 γνῳριζομὲνην.
2252 5711 2370 5791 γει.
2404 5711 2622 5791 interi»,
2657 5711 2766 5770 Sed
2794 5732 2950 5772 unam
2993 5711 3286 5780 idonva

1840 5783 1960 5840 iam;
1988 5783 2386 5855 (ignoscendum.
2411 5783 2664 5841 Cautum
