3960 6272
471 244 582 310 070

975 239 1174 302 MAR"
1209 238 1652 302 MERCATORIS
1701 234 2271 300 TRANSLATIONES
2308 240 2672 302 VARIORUM
2709 239 3247 306 OPUSCULORUM.

3650 249 3767 312 880

468 367 544 425 sit
567 362 885 422 manifestus
907 362 952 420 is
978 364 1073 434 qui
1112 369 1195 419 est
1221 377 1321 434 per
1339 359 1697 418 substantiam
1715 357 1975 414 Dominus
2004 365 2059 414 et
2085 362 2135 422 Α
2162 358 2653 418 ecclesiasticorum
2668 361 2982 432 dogmatum
3009 361 3274 430 assertio;
3297 368 3355 419 et
3377 361 3621 436 quisquis
3632 381 3765 424 eon-

468 456 658 524 Filius,
691 455 1105 528 inseparabilem
1131 454 1339 511 habens
1358 468 1482 509 cum
1502 467 1570 509 eo
1583 449 2020 521 conjunctionem
2040 466 2055 516 ;

467 551 558 608 hic
582 565 800 623 quoque
825 549 919 621 qui
946 564 1046 620 pro
1068 555 1254 605 nostra
1282 545 1459 603 salute
1480 552 1791 616 assumptus
1819 551 2062 610 est,con-

466 641 729 712 refertur,
759 641 815 697 id
842 649 944 708 est,
975 642 1396 718 συναναφέριτσι,
1427 639 1827 710 nuncupatione
1853 637 1975 693 Filii
2003 644 2061 693 et

463 735 700 804 Domini,
731 751 842 792 non
881 733 1335 806 quemadmodum
1382 733 1749 804 unusquisque
1784 739 2052 799 nostrum,

465 829 559 900 qui
589 845 686 900 per
715 845 776 885 se
802 829 977 899 ipsum
1007 827 1144 883 ﬁlius
1179 833 1262 882 est
1292 825 1472 898 (unde
1502 834 1558 883 et
1585 827 1740 882 multi
1781 824 1876 880 ﬁlii
1900 825 2056 895 juxta

461 926 684 983 beatum
723 923 922 979 dicitur
946 920 1176 977 Paulum
1215 918 1376 996 [ϐαι.
1405 937 1462 977 m
1486 960 1503 987 ,
1534 919 1667 992 26],
1697 920 1795 975 sed
1833 919 1979 976 solus
2011 921 2057 975 is

461 1017 668 1074 habens
689 1015 1017 1086 praecipuam
1045 1013 1489 1083 conjunctionem
1517 1011 1584 1066 ad
1604 1011 1775 1067 Deum
1800 1010 2052 1078 Verbum,

461 1105 701 1168 ﬁlietatis
733 1105 1228 1175 dominationisque
1256 1104 1560 1176 particeps,
1606 1101 1794 1158 adimit
1837 1102 2056 1173 quidem

461 1200 776 1274 Opinionem
803 1199 1035 1256 duorum
1069 1197 1304 1254 ﬁliorum
1343 1204 1400 1254 et
1426 1196 1802 1262 dominorum,
1852 1197 2058 1267 praebet

457 1311 591 1352 vero
615 1294 774 1351 nobis
809 1293 1258 1364 coniunctionem
1289 1291 1356 1347 ad
1378 1292 1547 1347 Deum
1569 1290 1808 1346 Verbum
1837 1305 2055 1346 omnem

458 1389 663 1444 habere
684 1387 754 1443 de
781 1400 848 1442 eo
892 1384 1053 1442 ﬁdem
1081 1393 1138 1441 et
1161 1384 1505 1456 opinionem;
1541 1399 1642 1455 pro
1667 1383 1861 1454 quibus
1881 1391 1936 1438 et
1962 1397 2057 1438 ve-

458 1480 831 1547 nerationem,
864 1489 892 1518 ι
933 1485 1125 1550 utpote
1173 1477 1270 1534 Dei
1307 1477 1518 1544 relatio,
1560 1478 1630 1533 ab
1671 1477 1818 1533 omni
1860 1476 2057 1532 acciuit

461 1579 730 1629 creatura.

531 1660 710 1718 Unum
760 1661 923 1730 igitur
967 1659 1196 1716 dicimus
1234 1658 1429 1714 Filium
1457 1666 1513 1714 et
1537 1658 1825 1715 Dominum
1871 1658 2054 1714 Jesum

2161 457 2244 506 tra
2279 452 2393 509 hmc
2422 452 2641 520 credat,
2683 455 2970 511 anathema
2999 455 3088 512 sit.
3127 453 3384 528 Quisquis
3419 471 3525 512 non
3561 459 3764 531 accipit

2158 543 2450 600 salutarem
2472 547 2884 616 pmnitentiam,
2911 547 3201 604 anathema
3242 547 3333 603 sit.
3366 547 3470 616 Qui
3501 559 3754 607 sanctum

2158 636 2302 694 diem
2324 637 2546 695 Pascha:
2571 655 2679 696 non
2700 639 2827 697 facit
2849 638 3006 712 juxta
3033 655 3242 698 morem
3269 640 3548 698 catholicae
3567 640 3763 701 Eccle-

2158 731 2280 798 siae,
2312 733 2604 789 anathema
2629 734 2722 791 sit.

2230 823 2258 862 δ
2297 824 2500 882 Budius
2529 825 2701 883 Vinici
2721 823 3138 896 Philadelpheus
3159 825 3763 886 Tessarescaedecatites

2162 917 2358 986 agnovi
2387 933 2573 974 veram
2604 917 2762 974 ﬁdem
2791 918 3149 986 orthodoxize,
3181 927 3237 975 et
3264 919 3452 988 rogavi
3483 922 3763 978 sanctissi-

2158 1023 2307 1063 mum
2333 1010 2647 1081 episcopum
2670 1009 3102 1081 Theophanium,
3127 1019 3184 1066 et
3203 1012 3408 1069 accessi
3435 1013 3505 1068 ad
3531 1015 3762 1071 sanctis-

2157 1101 2349 1156 simam
2398 1109 2453 1158 et
2499 1102 2823 1159 catholicam
2863 1101 3164 1159 Ecclesiam
3194 1147 3209 1171 ,
3254 1113 3311 1160 et
3357 1108 3759 1166 anathematizo

2158 1211 2375 1251 omnem
2395 1196 2663 1264 haeresim,
2697 1205 2753 1252 et
2776 1196 3010 1252 maxime
3039 1195 3758 1271 Tessaresczedecatitarum,

2158 1285 2212 1340 in
2247 1301 2354 1356 qua
2402 1294 2528 1341 ante
2560 1287 2841 1353 errabam,
2878 1295 2935 1342 et
2971 1288 3210 1342 assentio
3252 1290 3628 1360 suprascripta:
3656 1306 3760 1347 ex-

2156 1379 2416 1449 positioni
2445 1388 2607 1435 rectae
2637 1379 2790 1445 ﬁdei,
2822 1379 3285 1435 anathematizans
3312 1391 3368 1436 et
3397 1395 3492 1437 eos
3519 1383 3614 1453 qui
3644 1399 3762 1440 non

2155 1473 2359 1531 faciunt
2380 1486 2624 1532 sanctum
2644 1476 2786 1532 diem
2816 1476 3037 1533 Pascha:
3057 1478 3213 1548 juxta
3234 1495 3445 1536 morem
3473 1481 3760 1538 catholica

2156 1575 2213 1622 et
2237 1567 2550 1637 apostolica:
2587 1566 2861 1623 Ecclesiae.
2895 1567 2962 1622 Et
2993 1568 3118 1638 juro
3154 1585 3254 1639 per
3281 1578 3524 1628 sanctam
3556 1579 3614 1628 et
3655 1573 3762 1630 ho-

2155 1658 2404 1714 mousion
2451 1657 2771 1712 Trinitatem
2810 1667 2866 1714 et
2912 1675 3010 1729 per
3050 1659 3347 1730 pietatem,
3391 1670 3447 1717 et
3468 1662 3758 1720 victoriam

457 1752 751 1820 Christum,
777 1767 875 1823 per
902 1766 1066 1822 quem
1094 1751 1278 1807 omnia
1301 1750 1442 1806 facta
1471 1758 1625 1817 sunt;
1655 1751 1906 1821 primitus
1926 1752 2047 1822 qui-
2079 1757 2129 1818 Β
2153 1749 2261 1804 DD.
2295 1749 2404 1804 NN.
2436 1749 2517 1804 Fl.
2548 1749 2838 1805 Theodosii
2869 1758 2924 1806 et
2956 1751 3035 1805 Fl.
3069 1751 3430 1809 Valentiniani
3471 1765 3764 1827 perpetuo-

457 1846 581 1903 dem
606 1846 776 1901 Deum
797 1844 1036 1900 Verbum
1061 1845 1439 1914 intelligentes,
1463 1845 1556 1914 qui
1581 1854 1664 1900 est
1683 1861 1781 1916 per
1801 1847 2052 1901 substan-

457 1941 589 1995 tiam
613 1938 782 1994 Filius
809 1938 906 1993 Dei
935 1946 991 1993 et
1011 1937 1301 2003 Dominus;
1322 1937 1516 1993 deinde
1546 1938 1862 1994 inducentes
1889 1940 2052 1994 etiam

458 2040 792 2104 assumptum
821 2030 990 2087 ﬁlium
1019 2031 1083 2087 de
1103 2030 1394 2098 Nazareth,
1416 2049 1564 2104 quem
1590 2034 1743 2086 unxit
1778 2031 1919 2088 Deus
1941 2035 2052 2104 spi-

457 2125 564 2178 ritu
605 2133 653 2178 et
700 2125 884 2178 virtute
916 2122 1064 2192 (Act.
1100 2139 1156 2187 x,
1198 2121 1323 2192 38),
1367 2122 1524 2193 quasi
1565 2122 1948 2192 conjunctione
1985 2122 2054 2178 ad

456 2213 628 2270 Deum
650 2213 884 2270 Verbum
913 2211 1151 2268 ﬁlietatis
1175 2212 1669 2284 dominationisque
1699 2215 2048 2285 participem;

457 2309 551 2380 qui
572 2308 736 2364 etiam
768 2306 1036 2363 secundus
1075 2306 1246 2360 Adam
1266 2306 1423 2376 juxta
1455 2308 1673 2362 beatum
1704 2307 1931 2363 Paulum
1949 2324 2051 2365 vo-

456 2407 612 2456 catur
642 2399 703 2472 (ι
732 2397 853 2454 Cor.
891 2415 979 2464 xv,
1013 2398 1126 2469 45),
1155 2399 1309 2468 quasi
1336 2399 1576 2468 ejusdem
1605 2401 1822 2471 quidem
1847 2409 2052 2458 natura:

455 2506 563 2564 qua
582 2490 774 2557 Adam,
789 2490 1170 2546 demonstrans
1191 2497 1372 2545 autem
1399 2491 1554 2546 nobis
1565 2499 1764 2546 statum
1790 2491 2048 2562 futurum,

455 2590 512 2638 et
539 2583 632 2654 qui
661 2589 868 2636 tantam
897 2582 965 2636 ab
992 2581 1085 2636 illo
1114 2580 1278 2636 habet
1307 2579 1684 2649 differentiam,
1709 2591 1910 2654 quanta
1931 2599 2052 2639 esse

453 2676 652 2734 debeat
676 2676 816 2731 inter
843 2690 968 2731 eum
993 2674 1084 2744 qui
1126 2673 1289 2730 futuri
1313 2681 1486 2730 status
1514 2691 1710 2731 arcana
1750 2675 1894 2732 bona
1922 2677 2050 2732 sub-

451 2769 803 2835 ministravit,
840 2776 895 2822 et
923 2769 1067 2822 inter
1095 2766 1243 2820 illum
1283 2767 1374 2836 qui
1405 2767 1753 2836 przesentium
1779 2767 2048 2823 malorum

453 2859 604 2915 dedit
628 2859 862 2913 initium.
895 2857 1069 2912 Simili
1099 2855 1262 2912 modo
1282 2856 1446 2912 etiam
1475 2856 1746 2913 secundus
1774 2857 1938 2914 homo
1952 2874 2050 2913 vo-

454 2959 610 3008 catur
640 2951 840 3022 (Ibid.,
872 2950 996 3020 47),
1020 2950 1176 3018 quasi
1210 2950 1302 3018 qui
1333 2950 1630 3006 secundum
1660 2958 1861 3006 statum
1892 2950 2048 3006 nobis

452 3046 769 3105 monstrarit
794 3090 808 3112 ,
864 3044 1123 3114 quoniam
1173 3042 1374 3114 prioris
1416 3050 1590 3098 status
1641 3044 1892 3114 princeps
1949 3043 2048 3099 fuit

2159 1857 2279 1897 rum
2313 1842 2699 1911 Augustorum.
2742 1841 2810 1894 Et
2842 1842 2887 1896 si
2923 1843 3050 1912 quid
3091 1859 3156 1898 ex
3199 1845 3283 1900 his
3332 1847 3759 1917 labefactavero,

2156 1935 2448 2005 subjacebo
2479 1936 2656 2004 legum
2685 1935 2986 1990 severitati.
3023 1935 3090 1990 Et
3109 1938 3351 1993 recitatae
3379 1941 3514 1994 mihi
3549 1943 3763 2012 exposi-

2154 2028 2290 2084 tioni
2336 2028 2627 2098 subscripsi
2667 2043 2765 2098 per
2793 2039 2813 2067 ο
2848 2027 3076 2100 Esycum
3116 2029 3549 2102 Philadelphium
3577 2036 3758 2090 curia-

2155 2120 2259 2176 lem
2279 2163 2293 2185 ,
2324 2129 2611 2191 prepterea
2639 2118 2782 2190 quod
2810 2119 3021 2176 litteras
3051 2122 3337 2177 nescirem.

2224 2210 2439 2283 Esytius
2457 2210 2758 2281 Cerdanepi
2799 2209 3211 2282 Philadelpheus
3252 2214 3469 2269 curialis
3492 2213 3746 2270 Tessare-

2153 2305 2516 2362 saedecatites
2533 2305 2727 2373 agnovi
2739 2319 2921 2360 veram
2937 2303 3091 2360 ﬁdem
3105 2305 3462 2372 orthodoxiae,
3481 2315 3537 2362 et
3557 2323 3765 2378 rogans

2154 2399 2356 2455 accessi
2381 2398 2447 2453 ad
2471 2406 2716 2452 sanctam
2745 2397 3070 2453 catholicam
3098 2397 3392 2454 Ecclesiam
3418 2418 3432 2466 ;
3456 2407 3512 2457 et
3533 2405 3768 2459 anathe-

2153 2491 2354 2546 matizo
2384 2506 2601 2546 omnem
2624 2490 2893 2556 haeresim,
2920 2498 2976 2545 et
3004 2491 3240 2546 maxime
3264 2491 3768 2551 Tessaresaedeca-

2153 2585 2392 2653 titarum,
2443 2594 2499 2640 et
2539 2583 2776 2640 assentio
2806 2585 3186 2655 suprascripta
3223 2587 3550 2656 expositioni
3599 2596 3768 2644 recta:

2154 2677 2297 2743 ﬁdei,
2331 2677 2797 2732 anathematizans
2818 2684 2874 2731 et
2893 2691 2988 2733 eos
3015 2677 3106 2746 qui
3135 2692 3244 2732 non
3285 2677 3486 2733 faciunt
3513 2687 3768 2736 sanctum

2152 2769 2294 2825 diem
2318 2767 2538 2825 Pascha:
2557 2770 2711 2838 juxta
2743 2777 2988 2825 sanctam
3023 2779 3080 2824 et
3107 2771 3431 2826 catholicam
3459 2780 3518 2828 et
3539 2780 3768 2843 aposto-

2153 2863 2312 2918 licam
2339 2862 2657 2919 Ecclesiam.
2691 2863 2759 2918 Et
2794 2862 2921 2934 juro
2949 2878 3047 2935 per
3074 2871 3313 2919 sanctam
3342 2873 3396 2920 et
3433 2865 3769 2924 homousion

2152 2953 2495 3020 Trinitatem,
2510 2963 2564 3010 et
2584 2955 2840 3025 pietatem
2864 2963 2920 3010 et
2933 2955 3217 3012 victoriam
3239 2954 3442 3010 Christi
3460 2958 3767 3013 amantium

2149 3047 2453 3119 principum
2483 3047 2563 3101 Fl.
2599 3046 2889 3103 Theodosii
2937 3055 2992 3102 et
3019 3046 3098 3101 Fl.
3150 3046 3514 3102 Valentiniani
3557 3063 3767 3120 perpe-

451 3139 622 3196 Adam
641 3184 655 3206 ,
689 3138 831 3193 illius
860 3136 1105 3192 mortalis
1141 3144 1195 3190 et
1223 3134 1492 3206 passibilis
1521 3143 1576 3190 et
1606 3136 1846 3192 omnium
1891 3136 2047 3193 dolo-
2069 3141 2118 3205 C
2148 3147 2365 3195 tuorum
2393 3140 2778 3209 Augustorum.
2811 3139 2868 3195 Si
2889 3140 3016 3210 quid
3044 3148 3225 3195 autem
3255 3155 3322 3195 ex
3347 3139 3431 3197 his
3464 3140 3770 3197 labefacta-

449 3248 573 3290 rum
612 3229 940 3302 plenissimi,
975 3229 1028 3283 in
1075 3243 1183 3298 quo
1232 3227 1396 3282 etiam
1438 3227 1846 3284 similitudinem
1875 3229 2045 3300 ipsius

451 3322 776 3393 accepimus.
808 3319 1114 3376 Secundum
1142 3333 1273 3373 vero
1307 3317 1634 3374 monstravit
1673 3318 1831 3374 nobis
1861 3318 2045 3374 Domi-

451 3429 553 3469 nus
573 3412 747 3477 Jesus,
779 3412 870 3482 qui
899 3411 967 3466 de
989 3409 1141 3466 caelis
1171 3409 1225 3463 in
1257 3408 1496 3464 futurum
1525 3424 1821 3480 apparens,
1853 3425 2043 3466 omnes

450 3521 554 3564 nos
579 3506 636 3560 in
663 3504 1100 3560 communionem
1130 3515 1283 3556 suam
1311 3502 1572 3571 perducet
1613 3519 1627 3554 :
1662 3501 1876 3556 Primus
1903 3503 2042 3556 enim

448 3599 626 3664 homo,
657 3596 850 3668 inquit,
882 3605 957 3649 est
985 3611 1050 3649 ea:
1073 3604 1209 3648 terra
1233 3603 1460 3647 terrenus
1477 3636 1490 3659 ,
1513 3593 1770 3648 secundus
1802 3595 1952 3649 homo
1979 3594 2044 3660 de

450 3690 576 3746 caelo
605 3688 822 3744 caelestis
866 3683 1085 3756 (Ibid.)
1121 3683 1212 3737 :id
1249 3690 1360 3750 est,
1402 3683 1528 3738 inde
1555 3692 1815 3739 venturus
1855 3693 1913 3738 ut
1942 3701 2042 3741 nos

448 3799 639 3842 omnes
666 3782 736 3837 ad
755 3778 1161 3836 similitudinem
1182 3777 1262 3833 sui
1292 3777 1634 3848 perduceret.
1671 3777 1824 3834 Unde
1845 3777 2036 3834 infert:

447 3873 634 3940 Qualis
660 3881 907 3937 terrenus,
933 3870 1061 3924 tales
1081 3871 1238 3924 etiam
1269 3870 1492 3934 terreni;
1515 3879 1564 3924 et
1592 3871 1759 3942 qualis
1801 3871 2036 3939 caelestis,

446 3970 574 4024 tales
595 3969 751 4022 etiam
771 3965 1014 4020 caelestes.
1046 3963 1115 4017 Et
1141 3965 1274 4018 sicut
1293 3964 1612 4034 portavimus
1634 3965 1914 4036 imaginem
1936 3975 2038 4020 ter-

444 4063 578 4126 reni,
597 4069 856 4132 portemus
872 4067 920 4113 et
941 4058 1220 4128 imaginem
1247 4056 1464 4111 caelestis
1489 4057 1686 4128 (lbid.,
1711 4056 1799 4121 48,
1833 4057 2036 4128 49).1η

443 4169 510 4210 ee
532 4169 796 4224 apparens
821 4159 875 4206 et
905 4152 959 4205 in
990 4165 1056 4205 eo
1086 4149 1338 4205 omnibus
1363 4149 1746 4220 conspicienda
1777 4151 1869 4220 qui
1892 4150 2036 4218 judi-

443 4247 601 4302 eandi
631 4254 787 4307 sunt,
817 4245 1026 4300 occulta
1055 4251 1110 4298 et
1143 4242 1427 4300 invisibilis
1466 4244 1624 4300 faciet
1658 4243 1920 4313 judicium
1960 4247 2036 4302 di-

441 4339 568 4393 vina
617 4349 826 4394 natura.
882 4337 1133 4407 Tempora
1185 4339 1323 4391 enim
1377 4337 1686 4408 ignorantiw
1745 4337 2030 4409 despiciens

442 4430 602 4496 Deus,
627 4448 762 4484 nunc
783 4431 1058 4484 annuntiat
1087 4428 1378 4484 hominibus
1404 4440 1458 4483 ut
1481 4447 1657 4485 omnes
1678 4433 2030 4501 paenitentiam

2147 3248 2298 3296 vero,
2323 3231 2616 3302 subjacebo
2645 3232 2823 3301 legum
2853 3230 3152 3286 severitati.
3183 3229 3252 3284 Et
3272 3230 3562 3302 subscripsi
3592 3247 3768 3288 manu

2147 3340 2286 3380 mea.

2219 3415 2443 3472 Ruﬁnus
2465 3415 2878 3487 Philadelpheus
2913 3413 3512 3471 Tessarescaedecatites
3556 3429 3768 3486 agnovi

2147 3524 2332 3565 veram
2363 3507 2522 3564 ﬁdem
2554 3507 2913 3572 orthodoxiae,
2945 3515 3001 3563 et
3027 3521 3227 3577 rogans
3275 3506 3475 3562 accessi
3515 3505 3582 3561 ad
3632 3522 3769 3562 san-

2144 3613 2285 3660 ctam
2317 3611 2373 3658 et
2401 3602 2725 3658 catholicam
2754 3599 3074 3664 Ecclesiam,
3117 3599 3584 3655 anathematizans
3633 3617 3766 3656 om-

2144 3711 2268 3753 nem
2300 3697 2566 3761 haeresim,
2600 3703 2656 3751 et
2679 3696 2914 3750 maxime
2955 3692 3670 3761 Tessarescazdecatitarum,
3706 3703 3771 3750 et

2144 3789 2386 3844 assentio
2415 3803 2536 3843 cum
2578 3786 2726 3840 omni
2768 3785 2966 3840 familia
3001 3784 3380 3856 suprascripta:
3421 3785 3768 3856 expositioni

2139 3889 2304 3936 rectae
2328 3878 2471 3946 ﬁdei,
2497 3877 2959 3933 anathematizans
2987 3891 3082 3932 eos
3111 3876 3203 3946 qui
3236 3892 3344 3932 non
3379 3875 3587 3931 faciunt
3617 3893 3766 3933 sau-

2140 3981 2286 4028 ctum
2315 3972 2456 4027 diem
2496 3970 2716 4026 Paschaa
2750 3969 2904 4040 juxta
2943 3977 3184 4024 sanctam
3227 3975 3283 4022 et
3321 3966 3651 4042 catholicam
3702 3977 3770 4026 et

2139 4066 2495 4137 apostolicam
2523 4062 2842 4120 Ecclesiam.
2871 4060 2938 4116 Et
2974 4060 3099 4132 juro
3138 4075 3238 4132 per
3264 4067 3504 4116 sanctam
3548 4068 3609 4116 et
3649 4061 3770 4119 ho-

2138 4159 2387 4214 mousion
2418 4156 2758 4222 Trinitatem,
2810 4162 2866 4210 et
2911 4167 3011 4224 per
3053 4152 3315 4224 pietatem
3366 4158 3422 4206 et
3460 4151 3764 4210 victoriam

2135 4251 2338 4308 Christi
2363 4250 2656 4306 amantium
2691 4247 2992 4320 principum
3020 4244 3101 4300 Fl.
3135 4243 3424 4301 Theodosii
3457 4252 3513 4299 et
3540 4242 3766 4302 Valen-

2137 4347 2327 4402 tiniani
2359 4353 2744 4416 perpetuorum
2772 4342 3156 4412 Augustorum.
3187 4338 3244 4395 Si
3283 4338 3409 4408 quid
3450 4345 3639 4394 autem
3670 4341 3763 4396 la-

2133 4438 2495 4502 befactavero,
2519 4436 2812 4506 subjacebo
2833 4445 2955 4491 cum
2977 4432 3126 4490 omni
3147 4431 3344 4488 familia
3375 4431 3552 4502 legum
3582 4447 3762 4490 seve-

440 4533 620 4596 agant,
643 4541 702 4578 eo
722 4523 857 4595 quod
882 4524 1068 4581 statuit
1089 4523 1225 4577 diem
1253 4524 1308 4577 in
1341 4540 1442 4595 qua
1471 4524 1802 4595 judicaturus
1833 4535 1908 4579 est
1941 4543 2027 4580 or-
2053 4532 2109 4594 D
2132 4530 2298 4585 ritati.
2324 4529 2392 4583 Et
2418 4528 2646 4584 recitata
2675 4527 2805 4582 mihi
2851 4525 3191 4597 expositione
3237 4523 3509 4594 explicita,
3545 4520 3574 4561 δ
3606 4528 3759 4582 sub-

438 4616 551 4671 bem
570 4617 625 4671 in
654 4617 762 4670 viro
781 4631 930 4686 quem
951 4615 1158 4680 statuit,
1181 4614 1338 4684 ﬁdem
1358 4615 1593 4686 prtebens
1624 4615 1876 4681 omnibus,
1902 4635 2021 4673 sus-

439 4711 604 4766 citans
644 4727 759 4764 eum
805 4727 837 4762 ιι
865 4709 1080 4762 mortuis
1124 4706 1142 4780 (
1165 4707 1281 4762 Act.
1326 4722 1454 4774 xvu,
1487 4708 1580 4774 '50,
1615 4708 1744 4778 5i).
1776 4709 1902 4764 Haec
1942 4719 2027 4767 est

2130 4622 2321 4692 scripsi
2349 4635 2471 4676 meo
2502 4619 2725 4675 arbitrio
2755 4626 2812 4673 et
2838 4617 3134 4673 voluntate.

2201 4711 2472 4782 Eugenius
2517 4722 2541 4750 ο
2586 4709 3090 4782 Disphiladelpheus
3134 4705 3758 4767 Tessarescaedecatites

1612 4819 2152 4883 CASTIGATIONES
2192 4825 2279 4882 ET
2317 4822 2547 4881 NOTAE.

509 4927 536 4955 ι
575 4917 750 4972 Locus
779 4917 987 4984 integer
1005 4913 1189 4990 Graece
1213 4914 1287 4968 ita
1309 4911 1530 4990 eﬁertur
1547 4929 1560 4964 :
1580 4911 1733 4990 ’Υπὲρ
1754 4912 1821 4968 ὧν
1842 4914 1903 4975 δὴ
1933 4921 2021 4975 καὶ
2124 4921 2241 4990 pria
2263 4934 2378 4990 mea
2401 4929 2732 4990 manu,‘quae
2769 4913 2988 4990 quidem
3020 4913 3225 4990 librarii
3234 4912 3427 4990 potius
3451 4925 3617 4990 quam
3660 4913 3759 4968 in-

435 4995 526 5066 τήν
545 4981 915 5066 «pacaturum»,
934 4989 1018 5042 καί
1046 4985 1226 5066 [forte,
1244 4982 1411 5066 ξατάλ
1434 4981 1841 5066 ᾇναφοράνῃθεοῡ,
1874 4991 2020 5066 πᾳρᾶ

2155 4989 2376 5059 erpretis
2399 4981 2657 5066 incuria—-
2684 4981 3048 5066 prmtermissa
3099 4981 3443 5066 crediderim.
3497 4981 3756 5066 Iinrsus.

434 5063 606 5132 πάσης
627 5059 838 5132 δέχεται
866 5067 958 5132 τῆς
987 5053 1220 5132 aria-sng.
1244 5055 1365 5132 vet.
1388 5053 1600 5132 interp."
1624 5073 1634 5105 :
1672 5054 1846 5132 Quare
1863 5053 2019 5132 etiam

2157 5053 2246 5132 nte
2302 5059 2527 5132 verbum
2574 5053 2886 5132 subscripsi,
2916 5071 3016 5132 pro
3061 5056 3309 5132 explicita
3349 5053 3648 5123 legendum
3700 5067 3760 5110 et

433 5125 809 5195 adorationEm,
832 5129 894 5183 ob
915 5145 1030 5182 eam
1051 5144 1165 5200 qua:
1192 5129 1247 5180 in
1291 5125 1456 5200 Deum
1503 5127 1724 5200 refertur
1759 5127 2020 5184 habitudi-

433 5218 579 5266 nem,
612 5200 675 5254 ab
704 5203 943 5254 universa
972 5198 1206 5253 creatura
1247 5198 1480 5268 suscipit.
1502 5198 1797 5268 Curiano.

504 5271 531 5311 δ
570 5271 785 5337 Graece,
823 5269 1046 5332 ⁸Ρούδιος
1088 5272 1339 5334 Ἰκονικοῦ,
1387 5266 1590 5321 Radius
1641 5266 1856 5322 IconiCi.
1901 5271 2008 5337 AL,

432 5343 636 5405 Βούδιος
671 5344 929 5406 Ἰωνικοῦ,
979 5342 1172 5396 Badius
1214 5340 1411 5394 Junici.
1452 5337 1720 5394 Caeterum
1757 5347 1882 5394 ante
1913 5341 2012 5396 ista

429 5415 591 5469 verba
621 5415 841 5484 ponitur
861 5415 974 5468 haec
1003 5413 1311 5484 epigraphe,
1344 5411 1378 5464 l.
1405 5426 1483 5484 αὶ
1509 5425 1630 5481 pag.
1661 5409 1798 5464 mo
1830 5428 1841 5463 :
1874 5411 2013 5467 Sub-

428 5479 642 5554 scriptio
661 5502 837 5540 eorum
865 5487 951 5557 qui
973 5479 1168 5555 decepti
1189 5479 1421 5555 fuerant.
1445 5479 1718 5536 GALL’AND.

509 5563 531 5591 ε
569 5553 686 5615 αι’..
719 5556 1199 5615 διὰ⁶Ησυγίου.ρθν
1217 5554 1547 5615 Hesychium.
1573 5553 1662 5608 Sic
1691 5555 1818 5608 item
1852 5554 2012 5615 paulo

509 5570 531 5591 ε
569 5570 686 5620 ω’..
719 5570 802 5613 διὰ
822 5570 1547 5630 Ἡσυχιουφθνηεδῃοηηιηι.
1573 5570 1662 5608 me
1691 5570 1818 5608 item
1852 5570 2012 5625 paulo

427 5625 687 5755 %ost_leg.
711 5638 872 5698 prout
901 5630 954 5712 in
1003 5635 1172 5691 textu,
1199 5624 1486 5695 Hesychius
1534 5624 1870 5695 Cerdanepii,
1912 5641 2013 5696 pro

481 5705 644 5755 ωηολε
670 5696 975 5755 Cerdanem.
1005 5699 1277 5752 GALLAND.

481 5696 644 5810 brius
670 5696 975 5810 Cerdanefi.
993 5699 1277 5780 .GALLAND.
1523 5772 1530 5782 1

564 5767 785 5810 Additur
811 5785 861 5810 In
935 5777 1035 5810 nne
1081 5783 1195 5810 nant,
1237 5768 1381 5810 I9”,
1414 5773 1566 5810 nisum
1591 5790 1680 5810 um:
1710 5775 1846 5810 νηοὸ

559 5767 785 5823 Additur
811 5769 862 5820 in
894 5767 1054 5831 Actis,
1081 5783 1199 5836 pag.
1237 5768 1385 5830 l‘Zl'l,
1414 5772 1566 5842 οἰκείᾳ
1588 5790 1680 5839 μου
1707 5775 1867 5842 χειρὶ,
1894 5787 2014 5839 pro-

2119 5423 2254 5469 citer
2282 5423 2679 5482 Paitaaetpmus
2710 5428 2728 5464 :
2753 5423 2947 5480 quibus
2984 5423 3328 5466 consentiunt
3363 5423 3756 5479 manuscript:

2120 5485 2335 5540 codices
2357 5482 2696 5538 bibliothecis
2725 5479 2906 5549 Regia:
2932 5487 2988 5535 et
3029 5488 3214 5536 vetera
3253 5479 3586 5550 exemplaria
3636 5495 3760 5535 au-

2119 5556 2282 5682 :iitljiuae
2317 5553 2580 5610 versionis
2608 5552 2821 5636 concilii
2856 5551 3131 5634 Ephesini.
3160 5550 3231 5606 At
3251 5551 3308 5605 in
3337 5550 3554 5634 antiqua
3590 5566 3761 5632 ςυιι-

2211 5628 2229 5682 i
2267 5624 2721 5681 Chalcedonensrs
2760 5630 3205 5682 interpretatione
3238 5620 3429 5676 Latina
3468 5629 3522 5675 et
3549 5621 3657 5677 luc
3689 5632 3761 5679 et

2119 5131 2312 5256 ﬂlacita
2341 5138 2401 5184 ut
2429 5130 2482 5183 in
2527 5124 2782 5210 sequenti
2807 5124 3221 5196 subscriptione.
3256 5124 3443 5180 Graece
3488 5139 3757 5195 namque

2158 5202 2350 5256 abetur
2376 5201 2683 5256 utrobique.
2713 5202 2798 5253 καὶ
2826 5199 3086 5256 ἀρεσάσης
3115 5219 3216 5256 μοι.
3248 5193 3523 5251 Gn.me

2158 5202 2350 5273 abetur
2376 5193 2683 5268 utrobique,
2713 5202 2798 5273 nati
2826 5193 3086 5273 ᾲρεςρισὴς
3110 5219 3216 5273 μρι.
3248 5193 3523 5273 ϐλιμκυ.

2195 5282 2218 5310 ο
2240 5271 2318 5326 Ita
2347 5279 2530 5326 vetera
2566 5262 2894 5338 exemplaria
2924 5267 3076 5338 Marii
3109 5262 3426 5324 Mercatoris
3455 5274 3512 5321 et
3543 5265 3648 5338 hic
3685 5277 3754 5323 et

2126 5343 2433 5420 paulopost
2452 5336 2743 5420 Editiones'
2759 5337 2961 5420 Graecae
2981 5347 3037 5394 et
3064 5337 3267 5420 Latinae
3290 5338 3492 5420 habent
3511 5336 3758 5420 simpli:-

2333 5411 2679 5482 hiladelphius
2710 5409 2947 5482 :_quibus
2984 5410 3328 5466 consentiunt
3363 5409 3756 5482 manuscripti

2211 5628 2229 5682 i
2267 5624 2721 5681 Chalcedonensis
2760 5620 3429 5694 interpretatione,Latina
3468 5629 3522 5694 et
3549 5621 3657 5677 hic
3689 5632 3762 5679 et

2117 5697 2281 5823 paulo
2307 5705 2431 5767 post
2450 5695 2645 5778 legitur
2663 5692 3336 5776 secundg'Phtladelptzia:
3363 5693 3517 5772 quod
3539 5700 3757 5748 osten~

2154 5777 2195 5822 tt
2225 5776 2380 5823 istam
2408 5767 2694 5822 lectionem
2731 5764 2884 5821 Mam
2926 5764 3239 5819 Mercatoris
3263 5777 3380 5818 esse
3409 5771 3752 5823 antiquam.

2173 5777 2195 5822 t
2225 5762 2380 5824 istam
2408 5762 2694 5822 lectionem
2731 5764 2884 5821 Marii
2926 5762 3239 5819 Mercatoris
3263 5777 3380 5818 esse
3409 5762 3752 5830 antiquam.
