3904 6272
117 368 213 423 881

973 357 1354 415 COLLECTIO
1392 358 1603 415 PRIMA
1644 360 2167 420 EXCERPTORUM
2208 361 2539 418 NESTURII.

3298 369 3406 425 882

117 479 314 548 agnovi
352 492 474 531 cum
505 474 651 529 omni
680 473 878 527 familia
919 486 1104 527 veram
1141 470 1302 526 fidem
1353 472 1704 539 orthodoxia,
1734 476 1786 535 Α
1812 487 2010 543 rogans
2031 474 2426 531 sanctissimum
2440 476 3188 549 episcopum'l‘heOphanium,
3204 482 3409 536 accessi

116 580 171 627 et
194 569 377 640 rogavi
417 566 814 623 sanctissimum
860 566 1175 636 episcopum
1204 563 1631 635 Theophanium,
1660 573 1716 620 et

117 662 320 720 accessi
350 660 419 716 ad
438 660 834 718 sanctissimam
858 667 914 715 et
938 657 1259 716 catholicam
1293 657 1622 725 Ecclesiam;
1662 666 1718 713 et

117 752 517 809 anathematizo
544 767 761 807 omnem
800 751 1069 816 haeresim,
1098 758 1155 806 et
1199 749 1434 805 maxime
1462 750 1716 806 Tessare-

116 844 599 912 scadecatitarum,
625 852 682 900 et
701 859 797 901 eos
814 844 909 914 qui
936 859 1044 899 non
1075 842 1278 898 faciunt
1303 850 1549 897 sanctum
1576 842 1719 897 diem

116 939 340 995 Pascha
363 938 522 1009 juxta
569 946 811 995 sanctam
844 945 901 993 et
936 936 1256 993 catholicam
1286 942 1342 991 et
1368 934 1719 1005 apostolicam

116 1030 434 1086 Ecclesiam.
458 1028 527 1084 Et
547 1029 784 1085 assentio
803 1044 925 1085 cum
951 1028 1099 1084 omni
1125 1027 1327 1083 familia
1343 1027 1721 1098 suprascripta

117 1123 445 1193 expositioni
489 1132 652 1179 recta
680 1121 824 1179 fidei.
865 1123 936 1179 Et
959 1123 1084 1194 juro
1112 1138 1212 1195 per
1248 1130 1493 1180 sanctam
1522 1130 1579 1178 et
1617 1123 1720 1178 ho-

116 1216 371 1272 mousion
400 1215 739 1284 Trinitatem,
765 1226 821 1272 et
840 1217 1101 1288 pietatem
1121 1224 1178 1273 et
1202 1216 1485 1273 victoriam
1522 1214 1725 1271 Christi

118 1309 420 1364 amantium
475 1310 779 1380 principum
826 1309 907 1365 Fl.
954 1309 1245 1366 Theodosii
1283 1318 1341 1366 et
1376 1308 1457 1364 Fl.
1485 1308 1725 1364 Valenti-

119 1402 266 1456 niani
289 1409 677 1472 perpetuorum
708 1402 1088 1473 Augustorum.
1105 1402 1163 1459 Si
1193 1403 1325 1474 quid
1345 1412 1526 1459 autem
1546 1418 1613 1458 ex
1640 1403 1724 1457 his

118 1492 540 1560 labefactavero,
566 1493 856 1563 subjacebo
881 1511 1004 1551 cum
1025 1495 1172 1551 omni
1201 1494 1402 1550 familia
1431 1496 1609 1564 legum
1637 1509 1724 1549 se-

118 1583 361 1639 veritati.
380 1583 631 1641 Recitata
660 1585 792 1641 mihi
813 1595 869 1641 et
888 1586 1085 1657 placita
1115 1586 1473 1658 expositione,
1496 1585 1726 1641 subscri-

120 1678 203 1747 psi
230 1692 399 1733 manu
422 1692 562 1733 mea.

186 1766 480 1825 Faustinus
500 1768 671 1825 laicus
693 1769 1197 1842 Disphiladelpheus
1230 1771 1725 1828 Tessarescadeca-

1818 565 1884 620 ad
1910 567 2230 623 catholicam
2259 567 2570 635 Ecclesiam,
2589 571 3045 626 anathematizans
3065 588 3282 633 omnem
3300 574 3405 628 ha-

1817 659 1979 714 resim
2001 668 2057 715 et
2076 661 2311 716 maxime
2338 661 3021 719 Tessarescadecatitarum
3037 704 3052 729 ,
3072 665 3126 719 in
3145 679 3254 734 qua
3283 672 3409 720 ante

1819 752 2085 819 errabam,
2110 762 2166 808 et
2184 768 2280 808 eos
2303 754 2395 823 qui
2422 771 2529 810 non
2550 754 2751 810 faciunt
2771 766 3014 813 sanctum
3036 756 3177 812 diem
3193 758 3413 815 Pascha

1814 841 1969 912 juxta
1991 858 2199 899 morem
2220 845 2664 901 orthodoxorum.
2698 846 2765 901 Et
2793 848 3017 904 recitata
3044 850 3175 904 mihi
3195 853 3415 921 exposi-

1820 933 1988 1001 tione,
2016 933 2192 1004 juravi
2215 951 2315 1006 per
2333 938 2639 993 venerabile
2659 937 3033 1007 jusjurandum
3062 940 3416 997 sanctissima

1824 1025 2118 1094 Trinitatis,
2144 1035 2200 1082 et
2221 1044 2319 1097 per
2339 1028 2620 1084 victoriam
2642 1040 2697 1085 et
2716 1032 2943 1087 salutem
2964 1032 3305 1088 dominorum
3330 1032 3410 1089 Fl.

1824 1118 2113 1177 Theodosii
2144 1127 2199 1176 et
2238 1120 2317 1175 Fl.
2343 1121 2703 1178 Valentiniani
2738 1132 3122 1195 perpetuorum
3148 1128 3417 1197 Augusto-

1826 1226 1974 1279 rum,
2014 1212 2143 1267 nihil
2180 1228 2267 1268 me
2313 1228 2379 1269 ex
2417 1216 2789 1286 suprascriptis
2834 1216 3301 1274 labelactaturum.
3348 1218 3419 1275 Et

1826 1304 1988 1360 credo
2009 1322 2131 1361 cum
2152 1307 2298 1362 omni
2313 1306 2533 1375 familia,
2554 1317 2609 1365 et
2632 1310 2849 1380 placent
2866 1311 2997 1366 mihi
3019 1315 3198 1367 omnia
3227 1328 3420 1383 supra-

1824 1397 2039 1467 scripta.
2064 1397 2453 1471 Polychronius
2482 1409 2755 1456 mutuatus
2780 1416 2899 1456 sum
2928 1402 3416 1476 manum(Esycii).
3446 1422 3456 1459 ι

1895 1489 2207 1547 Eustathius
2227 1491 2465 1547 Marcelli
2498 1504 2519 1531 ο
2546 1491 2959 1565 Philadelpheus
2987 1495 3197 1551 aurifex
3223 1496 3419 1551 Tessa-

1824 1582 2348 1641 rescadecatitarum
2371 1628 2385 1652 ,
2426 1588 2623 1656 agnovi
2671 1588 3081 1657 orthodoxiam;
3132 1598 3184 1645 et
3222 1604 3423 1659 rogans

1824 1679 2226 1734 sanctissimum
2255 1677 2665 1750 Theophanium
2690 1680 3001 1751 episcopum
3019 1724 3033 1747 ,
3067 1683 3267 1738 accessi
3295 1698 3420 1738 meo

1826 1770 2050 1825 arbitrio
2078 1777 2133 1825 et
2159 1770 2439 1827 voluntate
2468 1772 2537 1827 ad
2564 1773 2957 1827 sanctissimam
2995 1774 3090 1829 Dei
3120 1783 3174 1829 et
3194 1776 3422 1831 catholi-

117 1860 217 1915 tita
244 1863 445 1931 agnovi
470 1878 651 1918 veram
678 1862 836 1919 fidem
872 1866 1225 1932 orthodoxia,
1250 1874 1306 1922 et
1333 1866 1519 1935 rogavi
1557 1881 1718 1920 sanc-
1749 1876 1796 1935 Β
1825 1878 1946 1918 cam
1966 1870 2023 1919 et
2042 1862 2467 1920 orthodoxorum
2487 1863 2804 1929 Ecclesiam,
2830 1866 3287 1922 anathematizans
3306 1882 3423 1921 om-

118 1953 421 2010 ctissinmm
469 1957 782 2029 episcopum
829 1957 1261 2029 The0phanium,
1312 1969 1366 2016 et
1413 1961 1613 2016 accessi
1659 1959 1727 2014 ad

117 2048 516 2103 sanctissimam
539 2058 595 2103 et
623 2050 949 2105 catholicam
976 2050 1307 2117 Ecclesiam;
1329 2060 1385 2107 et
1412 2052 1728 2107 anathema-

118 2137 228 2192 tizo
250 2153 468 2194 onmem
492 2139 761 2207 haresim,
789 2150 846 2196 et
864 2142 1099 2197 maxime
1128 2142 1728 2199 Tessarescadecatita—

119 2245 239 2284 rum
266 2269 283 2294 ,
313 2230 365 2285 in
387 2246 493 2301 qua
520 2240 646 2288 ante
668 2235 937 2289 errabam.
967 2234 1035 2289 Et
1072 2236 1310 2291 assentio
1347 2236 1728 2307 suprascripta

118 2325 454 2392 expositioni
484 2335 646 2381 recta
667 2326 811 2393 ﬁdei,
838 2329 1301 2385 anathematizans
1330 2330 1491 2384 etiam
1516 2345 1612 2385 eos
1637 2330 1727 2398 qui

116 2428 229 2469 non
254 2414 459 2472 faciunt
477 2427 724 2474 sanctum
738 2417 880 2475 diem
897 2418 1117 2475 Pascha
1132 2420 1285 2490 juxta
1300 2437 1508 2478 morem
1529 2429 1731 2477 sancta

117 2507 407 2564 catholica
444 2508 718 2566 Ecclesia.
746 2510 813 2565 Et
833 2511 958 2581 juro
987 2528 1087 2583 per
1121 2522 1365 2568 sanctam
1406 2514 1732 2569 homousion

119 2594 467 2665 Trinitatem,
500 2609 556 2654 et
592 2616 691 2670 per
717 2602 978 2671 pietatem
1024 2612 1080 2658 et
1108 2604 1391 2658 victoriam
1429 2605 1732 2674 principum

117 2687 205 2749 Fl-
246 2689 537 2746 Theodosii
559 2702 613 2747 et
634 2692 713 2746 Fl.
738 2692 1101 2748 Valentiniani
1131 2703 1518 2765 perpetuorum
1548 2695 1731 2765 Augu-

114 2789 358 2836 storum.
384 2781 441 2837 Si
467 2782 597 2852 quid
616 2793 796 2840 autem
818 2800 886 2840 ex
906 2786 990 2841 his
1010 2786 1427 2851 labefactavero,
1445 2786 1733 2856 subjacebo

118 2870 311 2939 legum
375 2874 669 2928 severitati.
740 2874 809 2929 Et
864 2876 1091 2930 recitata
1150 2876 1278 2931 mihi
1346 2877 1684 2948 expositione
1715 2916 1730 2941 ,

126 2964 340 3019 accessi
397 2981 519 3021 cum
586 2967 734 3021 omni
796 2967 999 3022 familia
1024 3010 1039 3035 ,
1099 2977 1154 3023 et
1218 2970 1507 3040 subscripsi
1569 2986 1734 3026 manu

126 3071 248 3111 mea
258 3096 271 3109 .

196 3149 475 3206 Damalius
515 3158 570 3206 et
594 3152 900 3209 Alexander
927 3169 1024 3225 per
1050 3170 1269 3211 manum
1298 3166 1325 3195 ι
1356 3157 1609 3228 Euprepii
1639 3158 1733 3214 filii

1830 1970 1955 2011 nem
1983 1956 2251 2020 haresim,
2284 1965 2339 2011 et
2367 1957 2599 2012 maxime
2635 1956 3337 2025 Tessarescadecatitarum,
3370 1966 3429 2013 et

1830 2064 1926 2104 eos
1954 2049 2046 2117 qui
2068 2064 2178 2104 non
2206 2048 2407 2104 faciunt
2435 2058 2679 2104 sanctum
2708 2049 2849 2105 diem
2880 2048 3097 2104 Pascha
3122 2049 3273 2118 juxta
3303 2066 3426 2105 mo--

1830 2156 1945 2196 rem
1966 2140 2413 2196 orthodoxorum.
2430 2140 2497 2195 Et
2512 2142 2691 2211 juravi
2708 2157 2805 2213 per
2822 2150 3062 2197 sanctam
3085 2141 3421 2209 Trinitatem,

1831 2242 1886 2287 et
1906 2247 2005 2302 per
2022 2234 2283 2302 pietatem
2303 2232 2503 2289 Christi
2526 2235 2819 2290 amantium
2842 2235 3142 2306 principum
3163 2234 3243 2293 Fl.
3259 2234 3430 2290 Theo-

1831 2323 1969 2379 dosii
1990 2332 2045 2379 et
2063 2323 2144 2378 Fl.
2179 2324 2541 2380 Valentiniani
2567 2334 2953 2396 perpetuorum
2968 2326 3349 2394 Augustorum,
3382 2327 3430 2381 si

1831 2416 1961 2485 quid
1999 2432 2067 2471 ex
2107 2418 2484 2488 suprascriptis
2531 2418 2926 2474 labefactavero
2951 2462 2965 2485 ,
3010 2418 3289 2488 subjacere
3340 2436 3432 2477 me

1834 2509 2011 2577 legum
2037 2511 2330 2565 severitati.
2356 2510 2423 2563 Et
2444 2511 2736 2579 subscripsi
2765 2527 2929 2565 manu
2948 2527 3087 2566 mea.

1907 2600 1936 2639 ἀ
1976 2600 2227 2673 Eutytius
2256 2602 2758 2672 Disphiladelpheus
2794 2604 2989 2672 agnovi
3019 2602 3429 2677 orthodoxiam;

1834 2702 1889 2748 et
1908 2707 2108 2762 rogans
2128 2694 2524 2748 sanctissimum
2553 2694 2865 2764 episcopum
2892 2694 3316 2765 Theophanium,
3342 2711 3433 2751 ac-

1836 2785 1975 2839 cessi
2010 2800 2133 2839 meo
2163 2785 2386 2840 arbitrio
2417 2794 2472 2839 et
2498 2786 2777 2840 voluntate
2806 2785 2874 2840 ad
2911 2786 3304 2841 sanctissimam
3336 2786 3435 2843 Dei

1835 2884 1890 2930 et
1918 2877 2241 2932 catholicam
2270 2885 2326 2931 et
2346 2877 2702 2933 orthodoxam
2730 2877 3047 2942 Ecclesiam,
3073 2879 3431 2933 anathemati-

1835 2981 1967 3021 zans
1994 2982 2211 3021 omnem
2235 2968 2482 3023 haresim
2502 3010 2516 3033 ,
2548 2978 2604 3023 et
2631 2970 2866 3024 maxime
2892 2970 3434 3025 Tessarescadecati-

1835 3067 2034 3127 tarum,
2068 3066 2123 3114 et
2150 3074 2245 3115 eos
2272 3060 2364 3129 qui
2394 3075 2503 3115 non
2532 3060 2734 3115 faciunt
2769 3070 3015 3117 sanctum
3044 3062 3184 3117 diem
3214 3060 3434 3117 Pascha

1831 3153 1985 3223 juxta
2014 3170 2221 3209 morem
2270 3154 2715 3210 orthodoxorum.
2747 3153 2815 3209 Et
2842 3154 3019 3223 juravi
3066 3170 3164 3225 per
3191 3162 3434 3209 sanctam

126 3239 403 3297 Theodori
457 3243 881 3298 reverentissimi
926 3244 1139 3301 diaconi
1181 3249 1497 3315 agnovimus
1543 3251 1731 3305 ortho-
1755 3251 1801 3315 (ς
1836 3244 2175 3313 Trinitatem,
2199 3256 2255 3301 et
2280 3261 2376 3316 per
2403 3246 2660 3316 pietatem
2680 3244 2880 3300 Christi
2910 3247 3203 3300 amantium
3231 3246 3432 3316 princi-

125 3332 367 3400 doxiam,
392 3342 448 3389 et
465 3336 774 3404 rogavimus
792 3337 1192 3393 sanctissimum
1213 3340 1524 3410 episcopum
1556 3341 1734 3397 Theo-

128 3424 411 3495 phanium,
458 3434 514 3482 et
555 3428 882 3484 accessimus
924 3428 992 3484 ad
1038 3430 1363 3487 catholicam
1414 3431 1732 3500 Ecclesiam,

132 3517 659 3573 anatliematizantes
700 3535 916 3575 omnem
945 3521 1211 3589 haresim,
1243 3530 1299 3576 et
1326 3523 1558 3578 maxime
1604 3523 1736 3579 Tes-

128 3610 736 3678 sarescadecatitarum,
781 3613 836 3666 in
883 3626 991 3681 qua
1019 3622 1149 3669 ante
1173 3614 1517 3679 errabamus,
1550 3622 1606 3669 et
1643 3631 1739 3672 eos

131 3704 219 3773 qui
242 3718 359 3759 non
388 3703 593 3759 faciunt
620 3713 870 3760 sanctum
915 3705 1059 3760 diem
1108 3703 1324 3761 Pascha
1346 3706 1501 3776 juxta
1529 3722 1737 3762 morem

134 3795 583 3852 orthodoxorum.
620 3797 685 3851 Et
705 3798 931 3853 recitata
959 3797 1117 3852 nobis
1145 3798 1503 3868 expositione,
1530 3798 1738 3867 juravi-

132 3904 247 3945 mus
268 3904 373 3959 per
399 3890 709 3945 venerabile
724 3889 1102 3960 jusjurandum
1130 3891 1481 3947 sanctissima
1506 3891 1740 3947 Trinita-

134 3981 218 4047 tis,
235 3989 295 4036 et
316 3996 413 4051 per
433 3981 714 4036 victoriam
739 3990 794 4037 et
816 3982 1046 4036 salutem
1068 3980 1410 4037 dominorum
1431 3991 1739 4038 nostrorum

136 4071 210 4127 Fl.
242 4071 535 4128 Theodosii
558 4081 612 4127 et
636 4071 716 4126 Fl.
750 4071 1113 4127 Valentiniani
1145 4080 1529 4142 perpetuorum
1560 4072 1742 4140 Augu—

139 4174 345 4222 storum
377 4166 507 4220 nihil
547 4181 612 4221 ex
653 4165 1033 4235 suprascriptis
1067 4165 1504 4222 labefactaturos.
1528 4164 1598 4219 Et
1624 4180 1742 4221 cre-

141 4254 331 4310 dentes
364 4271 487 4311 cum
514 4256 730 4311 familiis
758 4255 959 4311 nostris
987 4255 1416 4326 subscripsimus.

208 4347 290 4403 Fl.
345 4348 769 4421 Nymphidianus
824 4348 1325 4420 DiSphiladelpheus
1390 4349 1744 4405 scholasticus

147 4440 396 4495 omnibus
424 4439 765 4509 dogmatibus
792 4448 847 4495 et
875 4441 1115 4496 moribus
1147 4440 1745 4497 Tessarescadecatita-

145 4546 282 4598 rum,
318 4533 410 4602 qui
431 4548 538 4587 non
569 4533 860 4588 admittunt
893 4533 1146 4602 dogmata
1176 4534 1621 4599 orthodoxorum,
1652 4550 1743 4590 re-

1836 3354 1966 3408 pum
2006 3337 2085 3392 Fl.
2132 3337 2423 3395 Theodosii
2467 3346 2521 3391 et
2549 3336 2629 3391 Fl.
2667 3337 3024 3392 Valentiniani
3052 3346 3437 3407 perpetuorum

1839 3430 2231 3498 Augustorum,
2276 3430 2323 3483 si
2370 3428 2498 3498 quid
2529 3443 2595 3483 ex
2624 3428 2707 3482 his
2735 3429 3112 3498 suprascriptis
3140 3426 3434 3482 labefacta-

1837 3536 1987 3587 vero,
2020 3520 2302 3590 subjacere
2330 3536 2417 3575 me
2459 3521 2638 3588 legum
2689 3520 2982 3574 severitati.
3035 3518 3102 3572 Et
3146 3519 3439 3588 subscripsi

1838 3628 2001 3667 manu
2024 3628 2163 3668 mea.

1911 3704 2248 3760 Stratonicus
2275 3703 2489 3760 Emonii
2518 3704 2933 3775 Philadelpheus
2954 3702 3441 3759 Tessaresaedeca-

1838 3800 1966 3858 tites
2008 3800 2205 3869 agnovi
2244 3799 2657 3866 orthodoxiam;
2703 3807 2759 3854 et
2810 3813 3010 3867 rogans
3042 3798 3441 3852 sanctissimum

1840 3892 2154 3961 episcopum
2182 3891 2613 3960 Theophanium,
2638 3890 2841 3945 accessi
2864 3889 2931 3943 ad
2950 3896 3190 3943 sanctam
3220 3887 3317 3941 Dei
3344 3901 3440 3941 ca-

1841 3982 2096 4037 tholicam
2143 3989 2197 4035 et
2237 3982 2595 4051 apostolicam
2632 3980 2950 4045 Ecclesiam,
2979 3978 3442 4034 anathematizans

1842 4086 2057 4127 omnem
2080 4070 2347 4135 haresim,
2375 4077 2429 4124 et
2456 4070 2689 4124 maxime
2727 4067 3439 4136 Tessareseadecatitarum,

1842 4171 1898 4218 et
1924 4178 2020 4218 eos
2065 4163 2157 4231 qui
2186 4178 2293 4217 non
2333 4161 2536 4216 faciunt
2565 4170 2811 4217 sanctum
2841 4161 2983 4216 diem
3032 4160 3250 4215 Pascha
3286 4159 3443 4228 juxta

1843 4270 2052 4311 morem
2082 4254 2529 4310 orthodoxorum.
2553 4254 2621 4309 Et
2649 4254 2826 4324 juravi
2854 4269 2952 4324 per
2979 4261 3222 4309 sanctam
3262 4253 3442 4308 Trini-

1845 4358 2031 4415 tatem,
2064 4358 2119 4403 et
2146 4364 2244 4418 per
2273 4349 2533 4418 pietatem
2559 4347 2757 4402 Christi
2805 4348 3099 4402 amantium
3138 4347 3444 4417 principum

1847 4441 1925 4496 Fl.
1962 4439 2251 4495 Theodosii
2280 4448 2335 4494 et
2363 4438 2440 4494 Fl.
2467 4439 2827 4494 Valentiniani
2855 4448 3238 4510 perpetuorum
3255 4439 3440 4508 Augu-

1846 4543 2053 4590 storum
2072 4573 2086 4597 ,
2129 4532 2174 4587 si
2207 4532 2335 4601 quid
2362 4530 2431 4586 de
2459 4532 2835 4602 suprascriptis
2871 4531 3284 4596 labefactavero,
3316 4531 3444 4586 sub«

149 4623 354 4689 nuntio,
388 4632 443 4678 et
465 4625 725 4693 proﬁteor
744 4625 1142 4680 communicare
1173 4623 1297 4680 fidei
1318 4624 1744 4681 orthodoxorum
1769 4638 1822 4698 ι)
1842 4627 2025 4697 jacere
2054 4642 2141 4681 me
2170 4626 2348 4694 legum
2378 4626 2676 4681 severitati.
2718 4624 2786 4679 Et
2824 4625 3115 4695 subscripsi
3143 4640 3242 4694 per
3268 4639 3441 4693 nepo-

148 4709 200 4766 in
218 4713 470 4768 omnibus
497 4722 553 4769 et
582 4729 704 4769 eam
732 4713 1039 4770 admittere.

214 4802 608 4877 Polychronius
636 4804 850 4861 Tatiani
870 4813 925 4862 et
954 4803 1366 4877 Philadelpheus
1399 4823 1497 4879 per
1517 4823 1735 4864 manum

150 4893 221 4951 Fl.
254 4896 416 4970 Esyci
436 4897 463 4937 δ
484 4897 809 4955 Cerdaliheli
830 4897 1199 4970 Philadelphei
1226 4900 1463 4968 curialis,
1489 4911 1737 4973 propter-

152 5003 212 5045 ea
248 4991 399 5061 quod
435 4991 582 5047 tarde
627 4991 939 5056 scriberem,
996 4992 1192 5063 agnovi
1239 4993 1653 5061 orthodoxiam;
1684 5001 1741 5050 et

1849 4727 1956 4773 tem
1977 4732 2158 4772 meum
2187 4716 2571 4785 Alexandrum,
2612 4726 2902 4789 propterea
2930 4715 3075 4786 quod
3102 4716 3309 4771 litteras
3341 4731 3441 4771 ne-

1843 4812 2055 4868 scirem.

1916 4904 2289 4961 Theodoretus
2309 4913 2363 4959 et
2382 4903 2688 4960 Alexander
2711 4910 2765 4956 et
2808 4910 2830 4938 °
2860 4898 3273 4969 Philadelpheus
3310 4899 3441 4954 sub-

1845 4996 2156 5066 scripsimus
2184 5011 2282 5065 per
2304 5011 2468 5051 unum
2488 5011 2556 5049 ex
2583 4993 2738 5048 nobis
2778 4989 3159 5057 Alexandrum,
3188 4998 3244 5045 et
3277 5004 3443 5059 agno—

1324 5105 1874 5165 CASTIGATIONES
1916 5109 2001 5164 ET
2039 5109 2268 5165 NOTIE.

152 5194 280 5269 Vide
310 5206 459 5254 tomo
506 5198 684 5269 prirno
720 5213 874 5269 nova
914 5198 1249 5269 collectionis
1276 5196 1639 5269 Conciliorum
1682 5214 1734 5269 p.

156 5268 285 5341 n57
312 5277 366 5324 et
392 5266 559 5341 seqq.
584 5268 710 5325 Hac
739 5266 1111 5341 Philadelphia
1140 5268 1239 5341 fuit
1284 5269 1339 5341 in
1369 5268 1554 5341 Lydia.
1588 5266 1740 5325 Alte-

154 5339 285 5423 rius,
295 5354 420 5423 qua
438 5339 535 5395 fuit
534 5340 603 5423 in
625 5340 841 5407 Arabia,
863 5338 1108 5397 meminit
1130 5338 1444 5395 Ammianus
1471 5338 1740 5396 Marcelli-

158 5425 251 5467 nus
271 5412 365 5466 lib.
390 5426 499 5466 nv.
533 5410 730 5467 BALUZ.

224 5491 251 5520 ι
278 5482 429 5537 Hanc
456 5482 747 5538 lectionem
783 5480 1353 5554 confirmantgcodjces
1389 5482 1741 5554 manuscripti

156 5553 384 5636 antiqua
401 5554 668 5636 versionis
684 5553 900 5636 concilii
928 5551 1200 5636 Ephesini:
1230 5551 1431 5636 verum
1457 5554 1511 5636 in
1541 5551 1742 5636 Cracis

159 5620 550 5709 exemplaribus
589 5633 646 5680 et
689 5625 745 5681 in
799 5620 1029 5681 concilio
1067 5620 1496 5681 Chalcedonensi
1546 5626 1742 5694 legitur

159 5690 410 5751 latravit.
442 5696 641 5751 waz.

225 5713 706 5825 gfﬁg'egi'i‘éiiio
737 5774 977 5823 veterum
1007 5765 1391 5835 exemplarium
1421 5765 1575 5822 Marii
1599 5765 1741 5823 Mer-

163 5839 375 5899 moris.
404 5838 569 5896 Vetus
589 5838 765 5896 versio
787 5836 997 5895 concilii
1025 5834 1278 5909 Ephesini
1303 5835 1510 5894 Cerdali
1539 5838 1743 5911 simpli-

1845 5208 1997 5254 crter.
2030 5198 2088 5253 In
2109 5197 2558 5263 Chalcedonensi,
2583 5207 2632 5251 et
2650 5196 2916 5249 Daniheli.
2944 5194 3221 5251 Editiones
3244 5196 3446 5251 habent

1845 5269 2175 5325 Cerdanem'i.
2209 5270 2407 5323 BALUZ.

1920 5352 1941 5379 ε
1982 5341 2041 5395 In
2069 5336 2260 5412 Grac_o
2278 5348 2359 5412 est
2378 5342 2471 5412 vita}
2486 5338 2819 5412 φιλαδέλφῳ,
2851 5336 3295 5412 quodauditores
3326 5352 3447 5412 ver-

1844 5420 2026 5467 terunt
2069 5429 2159 5481 per
2194 5410 2611 5480 Philadelphum.
2648 5406 2785 5481 Male
2818 5409 3101 5481 concilium
3151 5406 3449 5481 Chalcedo-

1845 5498 2010 5538 nense
2039 5478 2127 5536 hic
2155 5496 2371 5549 quoque
2395 5478 2557 5535 habet
2584 5480 2824 5533 secunda:
2854 5478 3258 5549 Philadelphia,
3280 5478 3445 5533 item-

1850 5568 1955 5623 que
1980 5555 2032 5623 in
2054 5547 2664 5623 subscriptione}uliani
2690 5550 2826 5623 infra
2856 5564 2977 5618 pag.
3006 5547 3125 5602 199.
3159 5550 3359 5605 Βλιυῑ.

1923 5622 1949 5661 ἀ
1980 5622 2072 5677 Gr.
2132 5618 2412 5693 Ερτύχιος,
2446 5618 3015 5693 Eutychii.GA_LLANn.

1923 5646 1949 5661 “
1980 5646 2072 5677 Uf-
2132 5646 2260 5678 ιντυ
2314 5646 2412 5687 ιος,
2446 5646 2706 5693 nmyCIm.
2739 5646 3015 5674 UALLAL‘U.

1922 5706 1945 5732 υ
1972 5693 2105 5765 Leg.
2152 5646 2560 5765 Phiédelphus,
2604 5700 2663 5747 ut
2709 5692 2762 5747 in
2806 5690 2927 5747 Act.
2978 5690 3072 5748 cit.
3119 5705 3244 5763 pag.
3286 5688 3452 5765 Hi7,

1843 5764 2154 5843 Φιλάδελφος.
2186 5761 2457 5823 ϐλιιλήυ.
