3960 6272
469 316 576 371 887

979 318 1171 375 MAR"
1208 316 1646 375 MERCATORIS
1684 315 2254 375 TRANSLATIONES
2295 317 2653 375 VARIORUM
2693 321 3217 380 OPUSCULORUI.

3639 324 3748 387 888

468 433 777 486 transierit?
805 433 922 487 Non
951 433 1061 488 dixi
1087 437 1348 490 transierit
1367 449 1464 504 pro
1501 448 1566 488 eo
1594 429 1739 500 q'uod
1769 439 1850 485 est
1875 439 2052 486 natus.
2083 441 2136 498 Α
2161 441 2440 501 naturam;
2482 443 2532 489 et
2569 434 2815 489 habitavit
2852 438 2908 489 in
2940 436 3106 502 nobis,
3165 446 3216 491 et
3260 438 3478 497 vidimus
3525 441 3745 513 gloriam

468 518 657 591 Neque
700 525 843 578 enim
895 534 1003 579 tam
1048 527 1158 582 cito
1209 541 1453 580 meorum
1494 529 1709 593 egomet
1752 522 2060 578 obliviscor.

473 605 754 668 Transisse
776 615 943 670 Deum
963 633 1060 687 per
1080 617 1352 686 Virginem
1373 617 1710 694 Χριστοτόκον
1733 631 1763 670 a
1784 613 2060 685 Scriptura

467 704 766 774 perdoctus
805 725 954 776 sum;
989 719 1012 747 ι
1040 718 1246 777 natum,
1281 727 1387 766 non
1417 709 1641 764 edoctus
1676 725 1813 764 sum.

549 795 681 850 Item
701 810 819 868 post
837 800 963 853 alia.
989 801 1264 871 Nusquam
1294 801 1473 857 divina
1499 801 1774 871 Scriptura
1804 800 1972 855 Deum
1993 815 2061 856 ex

469 886 694 956 Virgine
731 892 1055 964 Χριστοτὸκῳ
1094 894 1286 948 asserit
1325 903 1528 961 natum,
1562 893 1656 948 sed
1683 892 1865 948 Jesum
1903 890 2059 947 Chri-

473 988 640 1044 stum,
681 979 893 1047 Filium,
940 983 1246 1038 Dominum.
1290 984 1416 1040 Haec
1459 1000 1647 1040 omnes
1684 984 2057 1039 conﬁteamnr.

473 1070 604 1138 Qum
626 1074 768 1128 enim
795 1075 978 1130 docuit
1004 1077 1184 1133 divina
1212 1078 1488 1148 Scriptura
1508 1079 1600 1149 qui
1633 1095 1740 1134 non
1765 1078 1944 1132 statim
1972 1093 2062 1133 ac-

471 1163 622 1233 cipit,
655 1165 819 1219 miser
844 1175 926 1221 est
954 1185 967 1223 :
1013 1168 1201 1242 Surge,
1235 1179 1284 1224 et
1313 1172 1487 1241 accipe
1525 1187 1738 1240 puerum
1767 1181 1816 1223 et
1844 1179 2061 1224 matrem

467 1257 582 1328 ejus
614 1257 828 1328 (Matth.
861 1277 915 1328 ιι,
952 1261 1062 1332 15).
1098 1261 1223 1318 Haec
1265 1263 1582 1332 angelorum
1611 1279 1715 1318 vox
1759 1271 1859 1329 est,
1897 1262 2061 1318 immo

473 1357 584 1404 tua.
617 1350 864 1409 Fortasse
894 1357 1297 1423 generationem
1327 1358 1494 1428 ipsius
1522 1356 1550 1395 δ
1580 1365 1804 1412 noverat
1832 1358 2060 1412 archan-

470 1439 623 1508 gelus
656 1460 667 1494 :
711 1442 881 1516 Surge
917 1455 966 1500 et
1006 1449 1179 1518 accipe
1217 1465 1428 1519 puerum
1467 1458 1518 1502 et
1544 1459 1760 1503 matrem
1787 1451 1917 1520 ejus.
1945 1448 2062 1505 Non

474 1531 610 1588 dixit
637 1554 648 1588 :
683 1535 870 1610 Surge,
895 1548 945 1593 et
971 1542 1147 1611 accipe
1167 1540 1331 1595 Deum
1359 1552 1408 1596 et
1437 1553 1652 1596 matrem
1679 1543 1807 1613 ejus.

825 1671 1078 1743 Ejusdem
1115 1691 1180 1728 ea:
1216 1678 1550 1746 quaternione
1590 1694 1696 1732 xix.

544 1801 681 1869 Quid
705 1803 866 1873 igitur
891 1805 1234 1864 dicebamus?
1265 1808 1351 1864 Ne
1374 1813 1553 1865 timeas
1582 1813 1812 1883 accipere
1832 1812 2061 1868 Mariam
2089 1828 2139 1891 Β

409 1907 419 1920 ··
474 1897 747 1966 conjugem
781 1906 952 1964 luant;
989 1901 1126 1971 quod
1156 1903 1292 1956 enim
1320 1903 1374 1956 in
1404 1921 1465 1956 ea
1487 1913 1668 1958 natum
1689 1915 1765 1959 est
1792 1907 1929 1975 (sive
1960 1923 2058 1961 na-

469 1994 585 2041 tum
615 1988 729 2042 sive
764 1987 963 2044 factum
993 1991 1304 2060 dixerimus,
1338 1996 1519 2050 sensui
1548 1997 1678 2051 nihil
1699 1999 1901 2068 nocet),
1926 2003 2062 2072 quod

468 2081 606 2132 enim
645 2081 700 2133 in
725 2099 786 2135 ea
816 2093 995 2137 natum
1025 2094 1119 2152 est,
1143 2103 1209 2141 ea:
1239 2088 1441 2158 Spiritu
1472 2099 1654 2144 sancto
1676 2101 1754 2144 est
1782 2091 1994 2162 (Matth.
2021 2111 2057 2160 ι,

468 2173 582 2244 20).
616 2175 673 2230 Si
711 2177 1005 2234 dixerimus
1048 2182 1192 2249 quod
1235 2182 1376 2241 Deus
1411 2183 1642 2240 Verbum
1669 2196 1851 2241 natum
1897 2199 1979 2244 est
2009 2191 2062 2244 in

461 2255 652 2324 carne.
681 2267 776 2324 Est
797 2271 939 2324 enim
971 2272 1114 2327 aliud
1142 2273 1302 2328 simul
1331 2291 1450 2331 esse
1473 2293 1595 2332 cum
1617 2288 1891 2346 nascente,
1917 2281 2064 2338 aliud

469 2358 799 2424 nasci.Quod
817 2364 955 2417 enim
974 2365 1029 2416 in
1049 2381 1111 2418 ea
1132 2375 1312 2420 natum
1328 2377 1421 2433 est,
1446 2386 1511 2422 ex
1527 2369 1727 2440 Spiritu
1749 2383 1930 2428 sancto
1949 2384 2061 2440 est;

469 2451 574 2506 hoc
586 2462 685 2519 est,
703 2452 935 2524 Spiritus
951 2465 1169 2512 sanctus
1183 2461 1387 2514 creavit
1408 2461 1460 2515 id
1475 2462 1618 2531 quod
1641 2473 1724 2519 est
1740 2465 1793 2518 in
1809 2481 1892 2519 ea.
1909 2465 2064 2521 Vide-

469 2551 592 2597 runt
608 2543 768 2612 igitur
780 2545 1184 2618 Patres,utpotc
1199 2550 1432 2606 scientes
1444 2561 1750 2609 sanctarum
1767 2553 2064 2627 Scriptura-

468 2651 606 2703 rum,
625 2638 769 2706 quod
789 2639 834 2693 si
849 2654 971 2694 eum
1001 2641 1094 2710 qui
1123 2641 1430 2698 incarnatus
1452 2652 1535 2698 est
1548 2654 1731 2700 natum
1745 2645 2058 2714 dixerimus,

469 2727 770 2784 invenietur
792 2730 934 2786 Deus
955 2731 1189 2787 Verbum
1217 2742 1463 2788 creatura
1493 2733 1724 2805 Spiritus
1752 2738 1944 2804 sancti,
1970 2748 2065 2792 aut

467 2820 604 2876 duos
619 2831 800 2893 patres
820 2824 1041 2880 habens.
1059 2824 1117 2880 Si
1138 2842 1266 2882 vero
1282 2827 1477 2882 factum
1494 2828 1804 2894 dixerimus,
1823 2829 2062 2884 invenie-

471 2923 554 2966 tur
575 2914 718 2969 Deus
732 2915 969 2971 Verbum
997 2929 1018 2956 ε
1042 2927 1292 2973 creatura
1313 2918 1543 2988 Spiritus
1562 2921 1755 2975 sancti.
1773 2920 2062 2990 Fugientes

471 3004 634 3071 igitur
661 3008 1028 3075 generationis
1056 3009 1370 3074 dictionem,
1402 3010 1654 3065 dixerunt
1681 3011 1753 3066 ita
1794 3031 1805 3066 :
1847 3011 1947 3077 Qui
1973 3014 2063 3068 de-

466 3097 667 3150 scendit
687 3108 896 3170 pr0pter
917 3109 1150 3154 nostram
1167 3101 1387 3156 salutem
1405 3111 1456 3156 et
1474 3103 1776 3158 incarnatus
1796 3115 1890 3159 est.
1924 3104 2064 3172 Quid

468 3196 549 3242 cst
585 3189 937 3247 incarnatus?
971 3208 1078 3246 non
1107 3207 1399 3249 conversus
1427 3209 1458 3248 a
1488 3194 1696 3251 Deitate
1724 3196 1778 3251 in
1817 3213 2055 3253 carnem.
2087 3209 2133 3272 ε

471 3279 626 3346 Quod
641 3281 891 3337 dixerunt
905 3285 1208 3338 incarnatus
1223 3302 1288 3339 ex
1305 3284 1504 3354 Spiritu
1525 3295 1725 3353 sancto,
1744 3288 1914 3342 secuti
1935 3298 2061 3344 sunt

471 3373 878 3442 evangelistam.
909 3375 1042 3429 Nam
1067 3391 1190 3430 cum
1219 3377 1552 3445 evangelista
1574 3380 1810 3436 venisset
1839 3380 1892 3434 in
1917 3383 2060 3436 ἐναν-

467 3468 744 3544 θρώπησιν,
773 3467 906 3537 fugit
925 3469 1329 3538 generationem
1351 3470 1418 3525 de
1440 3471 1618 3527 Verbo
1645 3472 1842 3537 dicere,
1858 3474 2062 3528 etdixit

469 3557 916 3615 incarnationem.
952 3561 1087 3616 Audi
1112 3563 1200 3616 ubi
1235 3581 1247 3616 :
1273 3562 1344 3616 Et
1373 3562 1595 3618 Verbum
1617 3581 1738 3620 caro
1771 3569 1966 3638 factum
1987 3579 2062 3623 est

470 3648 525 3720 (1
531 3667 652 3704 oan.
694 3667 731 3717 ι,
763 3650 874 3719 ib).
904 3651 1023 3706 Non
1051 3652 1187 3707 dixit
1202 3643 1436 3708 Verbum
1469 3669 1566 3722 per
1590 3670 1807 3710 carnem
1835 3655 2055 3712 factum.

469 3741 572 3797 Ubi
602 3743 746 3798 enim
786 3751 878 3797 aut
915 3745 1144 3814 apostoli
1188 3753 1279 3800 aut
1315 3747 1659 3815 evangelista:
1701 3747 1819 3801 Filii
1857 3748 2061 3802 faciunt

466 3836 820 3900 mentionem,
860 3851 968 3891 non
992 3835 1177 3891 dicunt
1218 3846 1404 3891 natum
1435 3853 1502 3892 ex
1544 3839 1786 3893 muliere.
1827 3838 2060 3896 Adverte

465 3942 650 3998 quaeso
679 3927 770 3983 ubi
798 3927 982 3983 dicunt
1011 3943 1208 3983 nomen
1245 3927 1394 3993 Filii;
1424 3938 1480 3984 et
1501 3929 1647 3997 quod
1674 3939 1855 3983 natum
1885 3938 1968 3985 est
1991 3945 2056 3986 ex

464 4023 710 4089 muliere,
743 4025 929 4081 dicunt
957 4033 1172 4090 natum;
1205 4025 1293 4080 ubi
1321 4039 1452 4080 vero
1479 4023 1640 4078 Verbi
1663 4022 1867 4079 faciunt
1907 4039 2058 4078 men-

464 4113 690 4183 tionem,
719 4132 878 4172 nemo
907 4115 1070 4170 audet
1099 4115 1280 4170 dicere
1307 4115 1712 4184 generationem
1749 4130 1843 4185 per
1871 4116 2059 4169 huma-

464 4207 710 4264 nitatem.
741 4208 767 4245 ἀ
800 4209 937 4264 Audi
989 4209 1205 4263 beatum
1233 4207 1496 4262 Joannem
1525 4207 1909 4274 evangelistam
1935 4222 2057 4261 cum

465 4300 702 4355 venisset
737 4301 803 4356 ad
844 4302 1076 4356 Verbum
1104 4308 1158 4356 et
1189 4302 1560 4376 ἐνανθρώπησιν
1587 4297 1735 4367 ejus;
1767 4297 1892 4353 audi
1929 4298 2059 4366 quid

467 4390 612 4445 dicat
644 4410 656 4446 :
700 4392 918 4447 Verbum
965 4410 1086 4448 caro
1133 4395 1328 4464 factum
1366 4402 1461 4456 est,
1495 4391 1598 4445 hoc
1633 4398 1735 4457 est,
1769 4390 2060 4459 assumpsit

467 4496 714 4548 carnem;
743 4493 791 4536 et
816 4483 1064 4538 habitarit
1090 4486 1143 4538 in
1167 4485 1334 4547 nobis,
1358 4483 1460 4537 hoc
1488 4490 1590 4546 est,
1619 4489 1860 4536 nostram
1883 4480 2055 4536 induit

2165 527 2326 597 ipsius
2355 524 2491 581 Filii.
2526 527 2641 582 Non
2672 527 2806 582 dixit
2837 547 2848 581 :
2890 527 3124 586 Vidimus
3157 534 3542 602 generationem
3571 534 3742 592 Verbi.

2667 661 2750 718 Ea:
2785 666 3120 736 quaternione
3157 682 3244 721 xv.

2234 798 2312 852 Ita
2339 798 2498 856 etiam
2529 797 2800 856 Christum
2824 801 3120 856 secundum
3139 817 3358 859 carnem
3378 815 3602 878 propter
3621 823 3750 866 con-

2157 891 2494 961 iunctionem
2512 907 2676 962 quam
2698 893 3002 949 habetcum
3022 894 3133 950 Deo
3152 894 3351 965 Verbo,
3375 897 3544 955 Deum
3572 905 3746 959 nomi-

2165 999 2373 1050 namus,
2402 983 2636 1040 scientes
2673 999 2792 1041 esse
2832 985 3104 1042 hominem
3143 986 3237 1056 qui
3275 999 3518 1059 apparet.
3555 1002 3580 1030 ⁶
3616 994 3748 1051 Audi

2166 1084 2390 1145 utraque
2428 1075 2654 1132 Paulum
2691 1078 3071 1149 praedicantem
3109 1097 3122 1133 :
3167 1079 3256 1136 Ea:
3293 1081 3512 1150 Iudaeis,
3557 1087 3746 1157 inquit,

2164 1165 2422 1221 Christum
2449 1168 2732 1223 secundum
2766 1187 2992 1236 carnem,
3017 1173 3103 1243 qui
3131 1182 3208 1228 est
3225 1190 3386 1246 supra
3415 1193 3591 1234 omnes
3616 1178 3747 1238 Deus

2165 1255 2342 1328 (Rom.
2365 1275 2441 1325 ix,
2468 1257 2541 1330 5).
2569 1258 2723 1316 Prius
2750 1261 3024 1318 hominem
3052 1263 3364 1333 conﬁtetur.
3394 1268 3592 1326 deinde
3621 1288 3748 1328 con-

2159 1350 2441 1420 junctione
2476 1353 2545 1408 ad
2571 1353 2740 1409 Deum
2767 1354 2897 1410 dicit
2926 1357 3093 1413 Deum
3118 1373 3240 1413 eum
3278 1362 3369 1429 qui
3409 1374 3658 1434 apparet,
3684 1383 3749 1424 ne

2163 1443 2284 1512 quis
2303 1440 2766 1500 Christianitatem
2792 1446 3026 1503 hominis
3055 1455 3206 1518 putet
3227 1465 3346 1506 esse
3370 1453 3674 1511 cultricem.

2523 1572 2774 1644 Ejusdem
2791 1593 2856 1630 ex
2877 1581 3210 1649 quaternione
3231 1597 3390 1638 xxvn.

2235 1705 2344 1763 Sed
2369 1707 2821 1778 quemadmodum
2847 1711 3155 1770 dicebamus
3175 1716 3345 1772 Deum
3370 1721 3616 1778 omnium
3637 1727 3751 1796 cpi-

2167 1798 2323 1854 ficem
2355 1808 2411 1855 et
2440 1801 2607 1856 Deum
2640 1801 2827 1860 Mosen
2861 1824 2872 1858 :
2907 1805 3075 1861 Deum
3107 1812 3264 1877 enim,
3307 1813 3498 1883 inquit,
3535 1821 3683 1887 posui
3711 1832 3754 1876 te

2166 1889 2378 1946 Pharao
2410 1891 2604 1962 (Exod.
2633 1909 2728 1958 vn,
2755 1895 2842 1966 1);
2875 1907 2930 1952 ει
2961 1898 3124 1953 lilium
3155 1901 3269 1968 Dei,
3293 1903 3464 1961 Filius
3485 1912 3647 1976 enim,
3672 1912 3751 1967 in-

2165 1983 2299 2052 quit,
2324 1985 2693 2056 primogenitus
2722 1987 2848 2041 mihi
2873 1987 3043 2044 Israel
3057 2008 3076 2055 ;
3103 2001 3157 2046 et
3186 1997 3644 2061 quemadmodum
3672 2003 3750 2058 di-

2165 2077 2337 2132 cimus
2363 2077 2622 2133 christum
2663 2077 2792 2134 Saul
2829 2098 2840 2133 :
2889 2079 3013 2136 Non
3054 2085 3208 2151 enim,
3253 2086 3442 2156 inquit,
3494 2092 3753 2162 imponam

2165 2185 2377 2224 manum
2404 2187 2570 2224 meam
2605 2189 2760 2244 super
2786 2174 2974 2244 ipsum,
3006 2177 3142 2247 quod
3179 2177 3197 2216 τ
3240 2180 3461 2236 christus
3496 2182 3750 2244 Dominus

2165 2270 2244 2315 est
2276 2260 2319 2332 (Ι
2342 2260 2470 2333 Reg.
2503 2279 2650 2329 xxiv,
2687 2264 2770 2334 7);
2811 2265 3058 2321 similiter
3083 2277 3138 2322 et
3165 2267 3363 2342 Cyrum
3395 2291 3407 2325 :
3445 2273 3578 2330 Hcce
3609 2279 3751 2346 dicit,

2165 2357 2364 2425 inquit,
2406 2356 2660 2414 Dominus
2701 2361 2894 2416 christo
2936 2380 3048 2417 meo
3086 2363 3220 2436 Cyro
3265 2365 3400 2438 (Isa.
3432 2387 3558 2437 va,
3583 2374 3672 2444 1);
3703 2385 3755 2430 ει

2167 2448 2521 2522 Babylonium
2559 2462 2805 2508 sanctum
2837 2473 2848 2508 :
2881 2453 2996 2528 Ego
3045 2459 3213 2523 enim,
3267 2460 3467 2531 inquit,
3511 2467 3753 2535 praecipio

2165 2541 2294 2612 ipsis
2315 2544 2676 2614 sanctiﬁcatis,
2699 2555 2749 2598 et
2793 2563 2886 2618 ego
2927 2548 3057 2603 duco
3095 2551 3232 2620 ipsos
3256 2550 3390 2622 (lsa.
3419 2570 3529 2620 xm,
3563 2556 3653 2626 3);
3685 2558 3753 2611 ita

2165 2635 2394 2691 dicimus
2423 2645 2478 2692 et
2505 2637 2789 2692 Dominum
2815 2638 3089 2696 Christum
3118 2651 3173 2697 et
3201 2643 3370 2698 Deum
3396 2654 3453 2700 et
3479 2645 3672 2702 Filium
3699 2657 3752 2703 et

2166 2738 2442 2796 sanctum;
2493 2731 2588 2786 sed
2631 2733 2941 2788 communio
2981 2734 3200 2803 quidem
3231 2746 3256 2784 ε
3288 2738 3529 2792 omnium
3567 2740 3756 2796 shuilis

2165 2829 2269 2890 est,
2297 2822 2528 2892 dignitas
2557 2840 2688 2880 vero
2725 2842 2832 2880 non
2868 2826 3078 2882 eadem.

2550 2935 2800 3010 Ejusdem
2821 2956 2886 2993 ea:
2906 2943 3244 3010 quaternione
3271 2958 3360 2998 xv.

2241 3047 2358 3103 Hoc
2397 3058 2568 3104 autem
2591 3053 2775 3105 sentite
2804 3053 2860 3105 in
2901 3052 3040 3107 vobis
3061 3055 3197 3126 quod
3215 3065 3264 3110 et
3292 3057 3346 3110 in
3377 3055 3581 3114 Christo
3613 3058 3754 3128 Iesu,

2167 3146 2387 3216 quicum
2410 3145 2464 3198 in
2487 3147 2657 3215 forma
2678 3144 2776 3198 Dei
2797 3156 2945 3212 esset,
2970 3164 3025 3200 se
3052 3149 3340 3202 exinanivit
3369 3152 3589 3221 formam
3629 3154 3755 3207 servi

2168 3235 2424 3305 accipiens
2449 3233 2704 3306 (Philipp.
2734 3253 2789 3302 ιι,
2825 3234 2962 3306 5-7).
2993 3237 3107 3290 Non
3138 3238 3305 3292 dicit:
3333 3238 3448 3295 Hoc
3486 3245 3674 3297 sentite
3705 3244 3758 3296 in

2164 3323 2305 3378 vobis
2334 3325 2470 3396 quod
2489 3335 2538 3378 et
2558 3327 2610 3380 in
2631 3325 2745 3380 Deo
2775 3326 2962 3395 Verbo,
2993 3329 3130 3400 quod
3151 3347 3264 3383 cum
3284 3332 3337 3384 in
3368 3334 3534 3404 fama
3557 3332 3660 3388 Dei
3680 3351 3758 3388 es-

2165 3425 2262 3480 set,
2310 3418 2531 3487 formam
2570 3419 2701 3470 servi
2743 3419 2957 3489 accepit.
3004 3417 3110 3474 Sed
3145 3435 3269 3475 cum
3303 3421 3446 3476 dicat
3485 3420 3756 3478 Christum

2166 3509 2320 3577 quasi
2358 3509 2584 3564 duarum
2625 3519 2937 3566 naturarum
2975 3514 3410 3584 appellationem,
3451 3518 3565 3572 sine
3618 3521 3758 3589 peri-

2169 3602 2290 3656 culo
2320 3617 2441 3657 eum
2467 3610 2520 3656 et
2544 3601 2770 3657 formam
2795 3604 2934 3659 servi
2964 3619 3125 3674 quam
3153 3607 3361 3677 accepit
3389 3617 3443 3662 et
3468 3608 3640 3664 Deum
3670 3627 3763 3668 no-

2169 3694 2412 3758 minavit,
2445 3709 2567 3747 cum
2600 3709 2663 3749 ea
2701 3694 2817 3750 sine
2845 3706 3070 3765 peccato
3105 3697 3314 3754 dicatur
3345 3699 3414 3755 de
3442 3709 3758 3758 naturarum

2169 3785 2366 3856 duplici
2397 3795 2454 3840 et
2488 3787 2777 3857 separabili
2811 3789 3040 3844 ratione.

2526 3905 2775 3978 Ejusdem
2811 3926 2877 3963 ea:
2912 3911 3247 3981 quaternione
3274 3927 3382 3965 xvi.

2241 4019 2310 4074 Ut
2332 4023 2385 4074 in
2415 4023 2642 4088 nomine,
2669 4022 2860 4091 inquit,
2883 4022 3007 4077 Jssu
3037 4041 3188 4078 omne
3218 4042 3351 4096 genu
3387 4027 3629 4090 ﬂectatur
3660 4042 3759 4082 ca:-

2163 4117 2366 4169 lestium
2405 4125 2452 4168 et
2483 4124 2803 4170 terrenarum
2830 4127 2880 4169 et
2916 4118 3258 4188 infernarum,
3291 4127 3341 4171 et
3371 4119 3536 4172 omnis
3574 4119 3758 4189 lingua

2163 4207 2470 4276 conﬁteatur
2508 4208 2630 4278 quia
2661 4206 2916 4261 Dominus
2945 4207 3096 4262 Iesus
3125 4208 3358 4263 Christus
3385 4211 3441 4264 in
3473 4209 3647 4281 gloria
3683 4219 3762 4265 est

2161 4301 2260 4354 Dei
2285 4299 2463 4354 Patris
2486 4298 2779 4370 (Ibid.,10,
2806 4301 2915 4371 11).
2941 4300 3170 4372 Propter
3198 4303 3345 4356 illum
3374 4303 3465 4372 qui
3494 4304 3756 4373 portavit,

2162 4406 2285 4446 eum
2304 4392 2395 4460 qui
2417 4398 2663 4461 portatus
2691 4400 2774 4446 est
2802 4392 2956 4457 colo;
2991 4402 3214 4462 propter
3240 4393 3560 4448 invisibilem
3588 4409 3757 4448 vene-

2160 4501 2253 4540 ror
2283 4499 2406 4540 eum
2434 4485 2527 4554 qui
2565 4494 2789 4556 apparet
2825 4504 2839 4539 :
2873 4501 3163 4554 numquam
3201 4485 3269 4540 ab
3311 4501 3377 4542 eo
3409 4486 3498 4554 qui
3531 4495 3759 4556 apparet

1643 4637 2189 4696 CASTIGATIONES
2231 4638 2320 4696 ΕΤ
2356 4637 2588 4696 NOTAE.

465 4765 575 4818 πῶς
605 4759 662 4813 τὸ
693 4757 968 4831 Προσῆλθεν
1003 4755 1234 4811 ἐνοήσατε
1257 4768 1270 4814 ς
1417 4749 1614 4826 εἴρηταί
1633 4772 1724 4831 μοι
1749 4751 1808 4831 16
1829 4751 2057 4831 ppoaﬁl-
2085 4749 2140 4810 Β
2164 4753 2340 4831 suapte:
2367 4753 2583 4831 'loa'tuvnc
2613 4749 2640 4806 ὃ
2681 4750 3046 4831 εὖᾳηελιςτής
3083 4749 3236 4831 “Odia.
3265 4754 3334 4810 εἰς
3363 4750 3449 4806 τὸν
3465 4752 3646 4831 ’ῥόδινον
3677 4756 3762 4809 καὶ

465 4831 546 4883 οεν
594 4831 706 4884 ἀντὶ
734 4819 842 4884 ’τοῦ
871 4825 1140 4891 Ἐγεννήθη,
1171 4831 1274 4876 etc.
1309 4819 1547 4875 Habetur
1587 4819 1727 4891 apud
1757 4819 2056 4883 Ballizium,

463 4914 624 4969 quem
655 4899 896 4972 sequitur
918 4891 1277 4972 Callandi‘usuz
1312 4892 1419 4972 Sed
1457 4908 1611 4962 porro
1641 4893 1872 4960 suspicor
1901 4891 2056 4972 plau-

463 4964 578 5023 s'um
623 4964 877 5041 quomodo
907 4969 1000 5041 hoc
1038 4965 1174 5037 quod
1214 4964 1322 5017 dixi
1370 4979 1682 5017 TRANSIERIT
1733 4964 2050 5031 acceperitis.

463 5039 590 5094 Non
621 5038 751 5103 dixi,
778 5047 882 5093 etc.
909 5038 1062 5092 Ευιτ.
1351 5103 1379 5107 Α
1426 5105 1453 5107 μ
1551 5103 1583 5107 _,
1943 5102 1959 5107 λ.

536 5122 561 5148 ⁸
609 5110 878 5170 Baluzius.
922 5120 975 5163 et
1016 5115 1138 5177 post
1180 5123 1300 5160 eum
1341 5103 1674 5177 Gallandius,
1719 5113 1900 5156 natum
1942 5103 2051 5173 [ve-

463 5199 522 5236 ro
565 5179 732 5236 Deum
752 5198 817 5234 ex
866 5183 980 5251 ipsa
1018 5171 1296 5248 numquam
1351 5172 1550 5246 didici].
1600 5171 1891 5244 Nusquam,
1943 5171 2047 5226 etc.

467 5251 760 5378 Ευιξτίίϋεῐη
789 5319 1073 5377 clarissimi
1103 5318 1224 5385 viri,
1249 5325 1500 5370 noverant
1521 5314 1838 5384 archangeli,
1858 5327 2055 5367 conso-

463 5395 679 5448 nantius
726 5391 942 5458 Greco,
971 5392 1048 5446 Τά
1077 5393 1208 5446 κατὰ
1243 5396 1330 5449 τὴν
1359 5390 1591 5461 γέννησιν
1616 5385 1802 5462 ᾔδεσαν
1839 5385 1883 5439 οἱ
1912 5387 2053 5460 ἀρχ-

463 5466 681 5541 ἇιγμῇοι.
713 5463 867 5541 Epn'.
999 5534 1010 5541 _
1183 5538 1191 5541 _
1249 5531 1280 5541 κ
1337 5529 1352 5541 “
1378 5530 1390 5541 ο

540 5525 663 5588 alta
692 5536 852 5588 etiam
889 5534 1216 5604 paulopost.
1243 5529 1356 5604 _Sed
1378 5530 1428 5582 in
1460 5530 1563 5583 hoc
1600 5527 1718 5582 loco
1747 5526 1920 5581 codex
1941 5525 2050 5580 Va-

461 5603 674 5660 ticanus
699 5605 861 5659 habet
891 5599 988 5658 aut
1022 5599 1210 5658 Filius.
1242 5602 1438 5654 Bswz.

535 5673 561 5712 ἀ
592 5674 761 5744 Supra
786 5677 986 5730 laudati
1015 5673 1243 5749 codices,
1259 5671 1420 5749 _Audi_,
1447 5669 1624 5749 beatus
1637 5667 1874 5749 :loannes
1895 5684 2048 5749 evan-

461 5747 646 5819 gelista
671 5739 1033 5819 icunrvenisset
1061 5748 1120 5819 in
1145 5742 1368 5797 Verbum
1401 5739 1491 5812 let]
1514 5742 1893 5819 ἐνανθηὼπησιν
1914 5739 2045 5819 ejus,

459 5809 586 5875 audi
616 5816 737 5887 quid
759 5816 915 5882 dicat,
947 5824 1051 5870 etc.
1082 5813 1328 5869 Graecum
1357 5809 1883 5880 exemplarfuxooi'
1913 5809 2052 5883 ὁμα-

2165 4817 2256 4882 ns;
2284 4824 2660 4896 ένανθρὼπησιν
2696 4817 2873 4896 aii-Eoi"),
2908 4818 3141 4896 ἄκουσον.
3155 4817 3238 4876 οἷά
3259 4843 3430 4896 ⁸φησιν.
3464 4817 3621 4876 Ευὴο

2237 4901 2261 4929 ο
2284 4890 2362 4946 Ita
2391 4888 2491 4947 nbs
2531 4890 2934 4946 emendavimus
2961 4906 3064 4960 ope
3102 4888 3284 4945 Graeci
3312 4899 3492 4945 textus
3521 4900 3575 4946 et
3616 4894 3762 4948 anti-

2162 4977 2280 5032 qua:
2309 4962 2574 5032 versionis
2599 4961 2813 5032 concilii
2844 4960 3099 5030 Ephesini
3134 4977 3304 5032 :nam
3334 4962 3386 5016 in
3423 4963 3760 5032 exemplari-

2161 5031 2260 5103 bus
2279 5031 2443 5103 (Marii
2472 5031 2789 5103 Mercatoris
2819 5032 3013 5099 legitur
3050 5031 3410 5103 auditumque.
3442 5031 3499 5086 In
3523 5033 3762 5088 concilio

2159 5100 2605 5167 Chalcedonensi,
2647 5101 2782 5154 Audi
2822 5103 3013 5167 itaque.
3055 5101 3189 5156 Vide
3235 5100 3433 5157 novam
3475 5103 3762 5160 collectio-

2161 5188 2284 5228 nem
2313 5171 2681 5228 Conciliorum
2705 5188 2758 5228 ι).
2789 5171 2943 5226 1145.
2980 5171 3179 5226 Βλιυι.

2236 5241 2255 5280 τ
2281 5242 2409 5312 Leg.
2435 5245 2654 5298 christus
2676 5241 2908 5306 Domini,
2933 5251 2990 5296 ut
3011 5241 3378 5312 habentVulg.
3394 5251 3450 5298 et
3470 5241 3634 5298 LXX.
3653 5244 3763 5301 Ne—

2198 5315 2461 5386 ueialiter
2502 5329 2651 5386 sane
2672 5312 2815 5386 Acta
2847 5313 3062 5386 concilii
3103 5312 3376 5386 Ephesini,
3407 5323 3512 5370 act.
3549 5315 3599 5379 1,
3627 5330 3758 5386 pag.

2198 5330 2263 5368 ue
2303 5329 2461 5370 aliter
2502 5329 2630 5369 sane
2672 5329 2804 5368 acta
2847 5329 3062 5368 concnn
3103 5329 3376 5382 npnesim,
3407 5329 3512 5370 aet.

2158 5329 2316 5449 $067,
2350 5385 2439 5441 ubi
2465 5387 2580 5440 btec
2606 5381 2926 5439 Nestoriana
2957 5384 3227 5451 leguntur.
3252 5382 3530 5439 GALLAND.

2232 5466 2256 5503 ε
2288 5454 2545 5522 Quamvis
2575 5454 2860 5523 legendum
2900 5454 2988 5508 hic
3027 5469 3145 5508 esse
3186 5455 3452 5508 nominum
3492 5468 3765 5512 moneant

2157 5534 2338 5580 textus
2375 5524 2593 5581 Graecus
2635 5524 2969 5596 etantiqua
2995 5524 3172 5596 versio
3193 5525 3424 5596 concilii
3467 5525 3757 5596 Ephesini,

2158 5597 2289 5650 nihil
2319 5605 2528 5651 mutare
2570 5594 2858 5661 voluimus,
2883 5594 3007 5661 quia
3049 5594 3161 5648 haec
3192 5593 3354 5649 lectio
3385 5593 3646 5652 constans
3679 5608 3769 5653 est

2158 5667 2214 5736 in
2236 5667 2444 5723 duobus
2465 5665 2864 5736 exemplaribus
2889 5664 3042 5718 Marii
3062 5664 3376 5736 Mercatoris
3405 5674 3460 5720 et
3485 5667 3539 5722 in
3565 5667 3768 5724 Codice

2156 5735 2372 5794 Juliano
2428 5734 2692 5796 versionis
2739 5736 2973 5807 antiqua:
3009 5735 3222 5790 concilii
3269 5734 3761 5797 Chalcedoncnsw.

2158 5807 2360 5864 ΒΑιυῑ.
