3904 6272
139 350 244 410 889

988 343 1368 400 COLLEC'I‘IO
1407 340 1617 397 PRIMA
1659 335 2171 392 EXCERPTORUM
2211 334 2548 391 NESTORII.

3288 329 3393 390 8.90

138 467 279 522 Dens
297 450 594 532 Separatur.
612 457 738 514 Ideo
758 473 859 514 nec
879 472 979 527 ego
1001 458 1263 514 honorem
1277 471 1488 526 separo.
1515 454 1718 523 Separo
1745 448 1799 510 Δ
1822 449 1901 503 vit
1923 457 2171 505 mortem.
2197 449 2377 504 Adoro
2401 463 2532 503 vero
2565 461 2690 502 eum
2716 462 2840 504 cum
2868 445 3096 512 Deitate,
3136 443 3293 514 quasi
3317 443 3400 500 di-

139 565 374 621 naturas,
405 553 502 609 sed
531 567 690 607 unam
717 549 855 606 facio
878 550 1298 606 venerationem.

322 666 567 740 Ejusdem
585 661 1008 735 ex’quaternione
1038 678 1167 726 xvn,
1199 661 1262 716 de
1285 661 1540 731 dogmate.

215 785 344 839 Erat
371 781 588 851 quidem
621 779 762 834 Deus
788 777 1024 833 Verbum
1052 785 1107 832 et
1144 782 1270 831 ante
1302 773 1726 830 incarnationem

143 877 309 932 Filius
345 882 402 929 et
435 873 577 928 Deus
614 887 736 926 cum
773 869 955 925 Patre.
987 869 1225 940 Sumpsit
1252 884 1382 923 vero
1424 865 1728 921 novissimis

144 967 477 1038 temporibus
497 965 639 1022 servi
660 963 908 1019 formam.
927 964 1033 1019 Sed
1053 979 1173 1019 cum
1195 964 1265 1018 sit
1283 971 1339 1018 et
1361 969 1518 1017 antea
1542 960 1726 1026 Filius,

145 1070 203 1117 et
234 1061 308 1115 ita
331 1067 554 1114 vocetur
571 1065 694 1128 post
725 1056 1167 1126 assumptionem,
1193 1071 1298 1112 non
1321 1062 1502 1126 potest
1540 1053 1724 1108 vocari

145 1152 348 1209 divisus
378 1150 576 1215 Filius,
609 1164 676 1205 ne
704 1149 838 1204 duos
867 1147 1005 1204 filios
1037 1149 1440 1204 constituamus.
1475 1147 1581 1203 Sed
1607 1146 1734 1215 quia

145 1245 225 1300 illi
257 1242 574 1312 coniunctus
603 1249 686 1297 est
713 1241 805 1311 qui
834 1249 950 1296 erat
977 1257 1007 1294 a
1036 1240 1300 1312 principio
1337 1239 1522 1306 Filius,
1562 1249 1587 1276 ι
1617 1238 1736 1307 qui-

146 1350 258 1406 que
284 1335 384 1406 ipsi
412 1335 730 1404 conjunctus
752 1343 852 1400 est,
889 1349 997 1393 non
1026 1341 1206 1404 potest
1237 1333 1532 1388 secundum
1560 1331 1737 1400 digni-

148 1436 320 1482 tatem
340 1427 595 1493 ﬁlietatis,
619 1427 725 1491 aio,
745 1443 852 1482 non
873 1425 1167 1482 secundum
1188 1433 1424 1480 naturas.
1447 1423 1738 1495 Propterea

149 1518 296 1574 Deus
324 1518 555 1574 Verbum
597 1518 906 1574 nominatur
946 1515 1212 1584 Christus,
1256 1517 1381 1586 quia
1420 1517 1586 1571 habet
1611 1530 1741 1571 con-

149 1607 486 1680 iunctionem
515 1624 637 1664 cum
663 1606 879 1664 Christo
906 1616 1242 1680 perpetuam.

521 1739 773 1813 Ejusdem
820 1759 886 1796 ex
921 1743 1258 1813 quaternisue
1294 1757 1384 1795 xv.

233 1853 263 1893 δ
300 1851 636 1908 lnconfusam
680 1853 838 1923 igitur
871 1868 1146 1909 servemus
1176 1861 1487 1908 naturarum
1515 1851 1743 1922 conjun-
1776 1831 1822 1892 Β

156 1946 431 2008 etionem,
473 1942 826 2000 conﬁteantur
865 1955 886 1983 ε
926 1945 980 1999 in
1022 1945 1239 2000 homine
1277 1944 1464 2008 Deum,
1513 1945 1749 2000 colamus

155 2036 396 2107 quadam
429 2035 608 2091 divina
650 2037 1031 2106 conjunctione
1070 2054 1191 2093 cum
1235 2037 1346 2092 Deo
1391 2037 1751 2108 omnipotenti

159 2129 563 2185 coadorandum
592 2130 888 2185 hominem.

564 2220 804 2292 Ejusdem
825 2240 892 2278 ea:
919 2225 1254 2295 quateruione
1285 2240 1355 2280 v1.

235 2336 587 2393 Considerate
607 2345 662 2391 et
689 2336 818 2405 quid
845 2336 928 2391 bis
947 2336 1207 2392 continuo
1237 2335 1496 2392 inferatur
1521 2357 1532 2390 :
1564 2336 1632 2391 Ut
1657 2340 1754 2393 mi-

159 2431 407 2490 sericors.
434 2428 624 2497 inquit,
656 2428 805 2498 ﬁeret
831 2437 880 2482 et
905 2427 1076 2498 ﬁdelis
1106 2430 1341 2500 pontifex
1361 2428 1430 2481 ad
1450 2427 1636 2496 Deum,
1671 2431 1758 2502 qui

161 2521 223 2574 in
256 2537 316 2574 eo
341 2518 477 2591 quod
512 2535 694 2588 passus
728 2527 801 2573 est
837 2520 948 2588 ipse
976 2527 1218 2583 tentatus,
1259 2529 1438 2589 potens
1467 2529 1544 2572 est
1568 2520 1645 2573 illi
1673 2523 1757 2592 qui

165 2618 400 2664 tentatur
437 2608 684 2662 auxiliari
714 2607 874 2679 (Heb.
910 2624 968 2678 ιι,
1003 2607 1090 2674 l7,
1117 2608 1226 2678 18).
1260 2607 1400 2678 Ergo
1439 2611 1532 2678 qui
1570 2626 1760 2681 passus

164 2708 276 2765 est,
308 2698 550 2770 pontifex
589 2699 911 2754 misericors.
959 2697 1215 2754 Passibile
1255 2709 1433 2755 autem
1478 2703 1754 2774 templum,

164 2807 285 2846 non
313 2791 555 2848 viviﬁcus
583 2792 769 2863 templi
797 2791 913 2861 ejus
931 2793 1076 2862 quod
1104 2807 1317 2863 passum
1345 2803 1426 2849 est
1454 2794 1595 2850 Deus

536 2930 786 3003 Ejusdem
819 2949 884 2986 ea:
912 2933 1246 3003 quaternioue
1273 2949 1398 2987 xvu.

247 3043 321 3100 Ut
347 3044 544 3109 sciatis,
576 3046 761 3117 inquit,
790 3053 989 3116 quanta
1023 3054 1141 3101 erat
1167 3046 1475 3116 coniunctio
1507 3048 1764 3103 Divinita-

168 3139 264 3205 tis,
295 3154 415 3194 cmn
435 3140 598 3194 etiam
627 3137 682 3192 in
721 3137 925 3194 infante
952 3155 1080 3194 caro
1109 3140 1382 3196 Dominica
1425 3150 1757 3197 cerneretur.

169 3230 310 3287 Erat
329 3233 470 3287 enim
501 3231 642 3287 idem
663 3231 836 3288 infans
863 3240 919 3288 et
946 3232 1163 3288 infantis
1184 3233 1458 3290 Dominus.
1485 3234 1768 3292 Laudastis
1793 3213 1842 3278 θ

170 3337 402 3389 vocem;
433 3323 527 3378 sed
556 3323 723 3378 nolite
764 3339 885 3379 eam
913 3340 1103 3394 parum
1131 3326 1345 3381 curiose
1385 3326 1620 3382 laudare.
1648 3328 1768 3383 Dixi

172 3415 325 3472 enim
347 3415 493 3486 quod
520 3416 663 3472 idem
689 3426 807 3474 erat
835 3417 1011 3475 infans
1040 3428 1095 3474 et
1122 3420 1396 3476 habitator
1423 3421 1658 3476 infantis.

604 3551 851 3625 Ejusdem
875 3571 940 3609 ea:
963 3555 1300 3626 quaternioue
1323 3572 1340 3610 ι

251 3667 581 3724 Communes
608 3669 752 3724 enim
773 3678 900 3725 sunt
920 3670 1196 3726 Trinitatis
1217 3671 1560 3742 operationes
1581 3680 1636 3727 et
1657 3679 1773 3728 tan-

178 3769 301 3815 tum
341 3761 653 3816 substantiis
695 3762 1013 3818 dividendae.
1051 3763 1320 3832 Unigeniti
1351 3780 1478 3820 vero
1516 3765 1773 3835 praeclara

179 3853 357 3923 gloria
388 3853 675 3922 aliquando
708 3853 855 3909 Patri
894 3856 1198 3922 assignatur
1228 3874 1240 3909 :
1273 3854 1372 3910 Est
1391 3858 1546 3922 enim,
1581 3856 1772 3926 inquit,

181 3945 352 3999 Pater
392 3961 531 3998 meus
577 3947 662 4017 qui
704 3946 961 4017 clariﬁcat
998 3963 1078 4000 me
1122 3945 1309 4017 (Joan.
1348 3964 1454 4013 vm,
1497 3947 1628 4019 54);
1675 3948 1776 4002 ali-

183 4037 408 4109 quando
447 4037 688 4108 Spiritui,
729 4037 958 4109 Spiritus
983 4040 1139 4103 enim,
1183 4038 1372 4106 inquit,
1407 4041 1635 4094 veritatis
1671 4039 1781 4093 cla-

184 4127 420 4200 riﬁeabit
462 4145 543 4182 me
577 4127 759 4200 (Joan.
792 4144 897 4193 xvi,
930 4126 1037 4198 14),
1081 4127 1370 4197 aliquando
1397 4126 1596 4183 Christi
1622 4137 1779 4199 pote—

185 4219 339 4278 stati.

554 4312 805 4386 Ejusdem
848 4328 913 4367 ea:
949 4312 1288 4384 quaternione
1337 4325 1445 4364 xvi.

265 4426 366 4484 Hic
389 4435 472 4482 est
499 4426 592 4496 qui
619 4425 779 4481 dicit:
819 4423 974 4490 Deus,
1008 4422 1146 4477 Deus
1174 4439 1336 4486 meus,
1365 4431 1421 4475 ut
1447 4421 1571 4494 quid
1597 4438 1677 4476 me
1700 4421 1788 4477 de-

193 4519 446 4593 reliquisti
476 4516 690 4588 (Matth.
719 4533 882 4583 xxvu,
909 4514 1039 4586 ιδῃ
1066 4514 1162 4570 llic
1190 4521 1275 4569 est
1302 4513 1396 4584 qui
1424 4513 1588 4568 tridui
1608 4522 1790 4582 gusta-

1819 541 1957 596 vina:
1985 542 2320 598 auctoritatis
2347 549 2804 610 cooperatorem.‘

1893 632 1964 688 Et
2000 643 2114 705 post
2145 635 2270 688 alia.
2307 633 2536 702 Propter
2566 632 2715 687 illum
2742 630 2835 700 qui
2859 629 3122 702 portavit,
3149 644 3273 686 eum
3307 625 3404 701 qui

1823 734 2069 799 portatus
2090 734 2174 781 est
2209 726 2348 791 colo,
2372 733 2427 779 et
2448 731 2670 794 propter
2688 721 2959 778 occultum
2984 734 3218 775 veneror
3239 733 3410 790 appa-

1824 827 2054 875 rentem.
2083 816 2384 886 Numquam
2403 816 2470 870 ab
2494 830 2559 870 eo
2581 815 2674 884 qui
2693 821 2917 884 apparet
2943 811 3084 867 Deus
3105 818 3404 882 separatur.

1791 933 1796 939 ’
1825 911 1953 968 Ideo
1984 926 2085 966 nec
2105 925 2204 980 ego
2234 910 2301 964 ab
2330 924 2396 964 eo
2423 909 2686 963 honorem
2711 921 2923 976 separo.
2942 904 3147 975 Separo
3169 911 3410 970 naturas,

1829 1003 1925 1058 sed
1952 1018 2114 1057 unam
2142 999 2279 1056 facio
2305 999 2728 1054 venerationem.
2761 996 2879 1051 Non
2911 1003 2995 1052 est
3020 996 3163 1051 Deus
3185 995 3298 1065 ipse
3316 1009 3416 1065 per

1832 1111 1911 1162 se,
1942 1095 2034 1164 qui
2061 1101 2144 1149 est
2173 1091 2328 1148 fictus
2356 1107 2424 1146 ex
2463 1089 2697 1161 Spiritu;
2729 1105 2838 1144 non
2868 1088 3010 1143 Deus
3043 1088 3159 1157 ipse
3198 1101 3298 1158 per
3333 1100 3413 1153 se,

1834 1189 1925 1259 qui
1953 1196 2034 1243 est
2070 1187 2312 1256 sepultus
2355 1186 2412 1239 in
2450 1191 2823 1239 monumento.
2865 1182 2998 1237 Nam
3044 1181 3090 1236 si
3133 1181 3207 1236 ita
3251 1187 3414 1245 esset,

1837 1295 2079 1337 essemus
2099 1286 2248 1334 certe
2269 1277 2549 1332 hominum
2569 1284 3012 1344 mortuorumque
3036 1273 3288 1329 cultores.
3313 1271 3420 1328 Sed

1837 1373 1962 1444 quia
1992 1373 2047 1426 in
2075 1376 2349 1440 assumpto
2386 1369 2527 1425 Deus
2565 1374 2666 1432 est,
2711 1382 2778 1422 ex
2819 1381 2885 1420 eo
2913 1365 3005 1435 qui
3045 1364 3334 1434 assumpsit
3376 1364 3422 1419 is

1840 1463 1933 1534 qui
1959 1469 2262 1533 assumptus
2285 1468 2386 1527 est,
2415 1459 2569 1528 quasi
2601 1457 2894 1512 assumenti
2920 1455 3254 1525 conjunctus,
3283 1471 3424 1510 nun-

1842 1562 2069 1626 eupatur
2095 1553 2255 1608 Deus.

1845 1693 2096 1766 Ejusdem
2133 1708 2197 1746 ea:
2233 1689 2566 1766 quaternisue
2615 1684 2761 1766 tertio
2799 1683 2850 1766 in
2892 1682 3174 1748 haereticis,
3217 1696 3328 1734 cum
3364 1694 3429 1733 ae
3506 1747 3520 1764 ν

2412 1757 2613 1828 Spiritu
2654 1754 2842 1808 diceret

1922 1897 2202 1966 Quomodo
2237 1896 2380 1950 enim
2427 1893 2496 1950 sit
2540 1906 2748 1955 servus,
2779 1889 2964 1960 inquit,
2995 1887 3087 1956 qui
3133 1901 3255 1941 cum
3295 1884 3432 1940 Filio

1851 1999 2109 2063 operatur
2132 1998 2186 2045 et
2214 1987 2374 2042 Patre
2390 1987 2412 2041 ?
2427 1984 2495 2040 Et
2515 1985 2560 2039 si
2581 1984 2700 2053 quis
2728 1980 2968 2051 requirat
2995 1993 3160 2048 opera
3181 1977 3431 2048 Spiritus,

1853 2083 2091 2140 inveniet
2109 2097 2174 2138 ea
2203 2097 2312 2136 non
2339 2077 2593 2135 distantia
2615 2074 2868 2146 operibus
2893 2070 3068 2127 Patris
3087 2078 3141 2126 et
3166 2069 3304 2136 Filii,
3330 2085 3438 2124 non

1851 2177 1976 2247 quia
2002 2191 2106 2230 una
2145 2173 2329 2229 Deitas
2357 2169 2646 2232 dividatur,
2687 2165 2783 2222 sed
2811 2164 2938 2235 quia
2962 2162 3144 2219 divina
3163 2159 3440 2231 Scriptura

1854 2283 1920 2324 ea
1949 2281 2069 2338 quae
2107 2272 2231 2320 sunt
2267 2263 2424 2318 unius
2451 2258 2664 2316 virtutis
2689 2254 2715 2294 δ
2745 2255 2964 2324 singulis
2992 2251 3304 2309 substantiis
3329 2249 3410 2304 dis

1853 2360 2072 2433 pertiat,
2109 2367 2167 2413 ut
2197 2355 2475 2412 Trinitatis
2507 2349 2802 2408 similitudo
2842 2364 2910 2404 ex
2948 2346 3281 2417 temporibus
3310 2358 3441 2414 ope-

1856 2469 1976 2509 rum
1998 2451 2243 2521 cmperit.
2263 2449 2404 2503 Deus
2434 2445 2656 2501 Verbum
2679 2445 2872 2515 factum
2892 2448 2969 2495 est
2988 2455 3111 2493 caro
3129 2446 3180 2492 et
3199 2436 3448 2490 habitavit

1857 2546 1913 2598 in
1942 2542 2087 2597 nobis
2117 2541 2296 2611 (Joan.
2321 2555 2358 2604 ι,
2385 2537 2496 2605 ll).
2520 2534 2814 2590 Considere
2834 2531 2938 2586 sibi
2960 2529 3086 2585 fecit
3110 2533 3444 2595 assumptum

1860 2636 2135 2692 hominem
2174 2631 2332 2686 Pater
2369 2628 2583 2701 (Ephes.
2613 2645 2670 2691 ιι,
2703 2625 2780 2697 6).
2811 2623 2959 2678 Dixit
2993 2623 3139 2678 enim
3183 2619 3438 2679 Dominus

1861 2727 2088 2783 Domino
2123 2742 2254 2791 meo,
2282 2723 2400 2778 sede
2441 2721 2511 2775 ad
2553 2719 2820 2774 dexteram
2853 2732 3018 2770 meum
3059 2712 3174 2784 (Ps.
3219 2726 3326 2775 cxx,
3365 2708 3444 2778 1).

1862 2817 1993 2889 Ejus
2018 2817 2110 2887 qui
2140 2821 2446 2883 assumptus
2473 2820 2555 2866 est
2585 2810 2812 2880 gloriam
2838 2803 3152 2862 clarificavit
3172 2800 3402 2872 Spiritus
3433 2816 3446 2850 :

1867 2907 2087 2985 Quando
2116 2908 2253 2960 enim
2283 2905 2473 2958 venerit
2504 2901 2732 2973 Spiritus
2760 2897 3008 2962 veritatis,
3040 2897 3152 2967 ipse
3180 2909 3258 2947 me
3288 2890 3450 2946 clari-

1865 3000 2041 3073 ﬁcabit
2072 2998 2248 3070 (Joan.
2281 3012 2390 3062 xvr,
2416 2993 2524 3062 14).

2260 3152 2504 3225 Ejusdem
2532 3167 2596 3205 ea:
2623 3148 2961 3223 quaternione
2990 3163 3060 3203 vt.

1943 3311 2078 3368 Cum
2105 3311 2172 3365 de
2199 3309 2416 3364 Christo
2445 3306 2649 3360 diceret
2676 3301 2821 3373 quod
2860 3301 3053 3354 missus
3081 3306 3223 3352 esset
3255 3295 3461 3350 denun-

1872 3409 2010 3463 tiare
2035 3403 2261 3474 captivis
2288 3398 2660 3456 remissionem
2692 3393 2842 3466 (Luc.
2881 3409 2952 3455 iv,
2986 3390 3099 3460 18),
3131 3389 3284 3459 quasi
3319 3387 3463 3456 Apo—

1872 3501 2044 3556 stolus
2073 3495 2275 3552 addidit
2294 3495 2397 3548 hoc
2422 3492 2583 3547 etiam
2613 3498 2668 3544 et
2694 3487 2831 3542 dixit
2855 3504 2867 3538 :
2895 3485 2998 3538 Hic
3045 3486 3130 3555 qui
3177 3480 3346 3552 ﬁdelis
3383 3481 3462 3551 [a-

1877 3604 1986 3649 ctus
2020 3599 2094 3646 est
2125 3589 2360 3661 pontifex
2389 3584 2574 3656 (Hebr.
2606 3599 2661 3646 ιι,
2687 3581 2798 3648 1⁵7).
2833 3578 3029 3633 Factus
3057 3585 3141 3632 est
3179 3575 3322 3630 eni’m
3350 3572 3461 3636 hic,

1876 3702 1983 3741 non
2010 3691 2271 3755 perpetuo
2301 3687 2460 3734 antea
2481 3676 2675 3731 fuerat.
2699 3673 2799 3728 Hic
2816 3673 2911 3742 qui
2932 3669 3190 3741 paulatim
3213 3669 3264 3722 in
3285 3666 3466 3737 ponti-

1877 3778 1991 3832 ficis
2019 3773 2264 3846 profecit,
2296 3769 2569 3832 haeretice,
2598 3766 2933 3834 dignitatem.
2975 3760 3108 3815 Audi
3139 3773 3329 3813 vocem
3369 3755 3467 3810 tibi

1876 3871 1982 3926 hoc
2010 3866 2310 3922 evidentius
2346 3862 2738 3917 declamantem
2777 3875 2788 3909 :
2825 3855 2925 3920 Qui
2953 3856 3007 3908 in
3038 3852 3234 3916 diebus,
3275 3849 3467 3918 inquit.

1879 3960 2050 4015 carnis
2079 3973 2186 4011 sua:
2218 3970 2390 4025 preces
2424 3950 2921 4022 supplicationesque
2949 3943 3019 3996 ad
3051 3959 3164 3996 eum
3187 3941 3273 4012 qui
3301 3944 3473 4008 posset

1878 4051 2027 4105 illum
2054 4048 2251 4101 salvum
2280 4061 2311 4097 ιι
2332 4052 2496 4097 morte
2524 4043 2713 4112 facere,
2741 4053 2855 4090 cum
2883 4035 3108 4088 clamore
3127 4030 3296 4086 valido
3318 4037 3368 4082 et
3394 4027 3474 4081 la-

1884 4145 2074 4217 crymis
2105 4142 2362 4210 offerens;
2399 4146 2448 4191 et
2477 4134 2751 4190 exauditus
2783 4148 2875 4202 pro
2905 4145 2999 4182 sua
3036 4125 3332 4188 reverentia,
3364 4122 3477 4193 qui-

1885 4238 2001 4292 dem
2023 4251 2139 4287 cum
2177 4240 2309 4285 esset
2338 4227 2528 4291 Filius,
2563 4224 2744 4279 didicit
2783 4239 2848 4276 ex
2887 4220 2992 4274 illis
3034 4233 3149 4290 qua:
3192 4230 3373 4286 passus
3402 4220 3479 4267 est

1891 4327 2256 4389 obedientiam;
2287 4332 2338 4376 et
2365 4327 2771 4381 consummatus,
2811 4317 2980 4386 factus
3013 4321 3090 4366 est
3121 4310 3354 4366 omnibus
3384 4307 3478 4362 ob—

1893 4414 2286 4490 temperantibus
2315 4413 2414 4468 sibi
2435 4427 2591 4465 causa
2613 4407 2796 4462 salutis
2819 4415 3027 4459 (eterna
3050 4399 3240 4490 (Hebr.
3261 4415 3314 4463 v,
3341 4395 3479 4465 7-9).

1893 4487 2311 4568 Consummatur
2337 4514 2518 4560 autem
2549 4501 2600 4556 id
2628 4498 2773 4570 quod
2819 4495 3075 4568 paulatim
3108 4489 3336 4564 prolicit,
3375 4487 3485 4543 bre-

1372 4625 1834 4684 CASTIGATION
1841 4628 1922 4684 ES
1963 4624 2052 4680 ET
2093 4619 2300 4677 NOTAE

278 4734 304 4763 ⁸
331 4724 447 4780 Non
477 4723 642 4778 habet
667 4721 831 4777 verba
863 4723 1048 4793 quique
1068 4721 1168 4793 ipsi
1189 4719 1492 4793 conjunctus
1518 4727 1596 4793 est
1625 4717 1787 4793 Ba_l_u-

201 4798 338 4862 zius,
363 4795 453 4866 qui
475 4793 693 4866 moxad
716 4788 904 4866 vocem
925 4788 1157 4866 ﬁlieta‘tis
1179 4788 1630 4866 subdit_notulam
1656 4807 1668 4843 :
1694 4789 1793 4866 llic

202 4859 359 4923 locus
381 4859 469 4920 est
494 4865 733 4920 mutilus.
769 4862 903 4917 Vide
925 4859 1218 4931 antiquam
1245 4859 1548 4915 versionem
1577 4860 1794 4915 concilii

206 4938 488 5009 Ephesini,
510 4949 653 5009 _pag.
843 4932 998 5009 Eutr.

279 5010 306 5046 ἰ)
340 5000 485 5062 Alius
509 5000 741 5060 Nes'torii
766 5005 916 5060 locus
936 5004 1060 5058 huic
1089 5002 1278 5057 similis
1304 5007 1481 5055 exstat
1501 5001 1555 5054 in
1583 5000 1797 5057 actione

248 5081 398 5134 uinta
439 5077 654 5134 concilii
693 5075 1073 5129 Lateranensis
1111 5072 1209 5126 sub
1248 5071 1482 5125 Martino
1512 5086 1672 5140 papa,
1705 5070 1800 5124 ubi

209 5141 409 5222 dicitur
425 5156 668 5218 sumptus
689 5163 753 5222 es:
775 5145 905 5222 libro
927 5143 1148 5222 secundo
1170 5159 1315 5214 quem
1335 5141 1801 5222 scripsitlgpiphaz-

213 5224 331 5275 nius
361 5211 618 5290 Myeseos,
647 5225 700 5290 et
725 5217 781 5270 in
803 5215 1016 5290 actione
1033 5211 1412 5290 item’quarta“
1414 5211 1630 5266 concilii
1659 5211 1800 5290 sexti

169 5295 176 5302 ’
212 5282 554 5354 ωουιιιθῖιίοἰ,
573 5288 662 5342 ubi
682 5295 893 5342 veteres
921 5285 1186 5341 editiones
1225 5292 1350 5354 ante
1375 5282 1674 5354 Romanam
1699 5282 1798 5354 ha-

214 5363 347 5417 bent
377 5352 714 5432 Epiphanius
732 5357 958 5432 yseus.
995 5355 1119 5432 Haec
1148 5354 1307 5408 lectio
1331 5352 1804 5432 initiumnsumpsit

217 5434 276 5488 in
302 5421 538 5488 editione
567 5421 813 5490 Merlini:
828 5427 920 5497 qui
948 5442 1071 5482 cum
1099 5425 1152 5478 in
1176 5424 1344 5478 veteri
1375 5423 1511 5497 libro
1545 5421 1798 5497 Bellova-

218 5503 397 5560 censis
417 5501 673 5557 Ecclesite
691 5514 798 5568 quo
829 5493 893 5560 is,
923 5505 980 5551 ut
1000 5511 1142 5568 reor,
1166 5496 1434 5557 utebatur,
1459 5493 1677 5568 legisset
1696 5493 1804 5563 epi-

223 5577 343 5649 fans
371 5590 487 5649 mq;
526 5563 726 5649 escas;
745 5576 1060 5635 careretqne
1087 5567 1273 5649 Graeco
1309 5563 1804 5649 textu.._lectionem

221 5632 619 5703 'consarc'inavit
655 5632 814 5710 quam
844 5632 1054 5710 veteres
1094 5635 1658 5710 editione_s_exhibent.
1693 5632 1804 5688 Ro-

223 5718 373 5797 mani
407 5731 504 5786 pro
539 5705 1280 5797 quem—lseri‘psitglzlipiphaniu‘s.
1315 5705 1525 5797 yseus
1550 5717 1811 5797 geposue-

256 5796 355 5843 unt
379 5773 524 5864 quem
550 5773 1140 5864 inscripsit:praclaram
1166 5773 1633 5864 initiationem.‘Ex;
1659 5782 1812 5830 textu

227 5845 611 5936 porro'Graeeo
636 5845 850 5912 concilii
885 5850 1023 5912 sexti
1061 5847 1334 5908 emendari
1377 5854 1556 5919 potest
1594 5845 1812 5902 Grzecus

1816 4725 1870 4785 D
1893 4724 2073 4773 textus
2094 4712 2322 4785 concilii
2337 4706 2734 4785 Lateranensis.
2767 4705 2966 4785 Bé‘Ll‘lZ.

1975 4769 2003 4826 ἕ
2020 4769 2113 4840 Sic
2135 4779 2536 4839 emendavimus
2566 4789 2786 4848 pravam
2810 4773 2997 4848 (Balus.
3021 4769 3148 4848 edit.
3178 4769 3485 4848 lectionem,

1899 4863 1954 4914 in
2311 4849 2429 4916 GL,
2471 4849 2507 4902 l.
2549 4836 2623 4912 6.,
2670 4847 2757 4904 τὸν
2801 4846 2851 4899 ἓν
2881 4843 3129 4918 ἀνθρώπῳ
3156 4854 3302 4896 Utor.
3342 4836 3488 4892 GAL-

1904 4945 2061 4985 LAND.

1976 4978 2151 5061 ir(in,
2195 4993 2300 5050 καθ’
2335 4994 2550 5050 ἑκάστην
2595 4986 2900 5061 ῥπόστασιν,
2933 4981 3151 5054 singulis
3175 4978 3490 5061 _hypostamsi-

1906 5073 2016 5123 bus.
2043 5046 2151 5122 Sic,
2170 5046 2484 5135 pineam
2512 5046 2567 5114 in
2595 5058 2660 5113 iis
2696 5072 2816 5126 quae
2855 5046 2921 5110 ex
2952 5046 3288 5135 quaternione
3315 5066 3332 5104 ι
3361 5046 3492 5135 affe-

1907 5117 2138 5198 ἓιῖιὶιίιῖιίξ
2161 5117 2322 5190 ἕέιέιίι
2359 5131 2646 5194 Mercator,
2680 5117 2732 5182 et
2769 5117 2976 5198 tantum'
3007 5122 3328 5198 substantiis.
3371 5117 3490 5198 CL,

2209 5205 2553 5265 ὑποστάσεσι,
2585 5190 2642 5252 et
2662 5198 2786 5252 solis
2817 5195 3180 5268 subsistentiis.
3211 5190 3498 5261 Repetitur

1908 5263 2178 5337 nemost;
2218 5292 2246 5329 a
2276 5273 2497 5345 Cyrillo,
2531 5263 2691 5335 infra,
2759 5285 2788 5323 a
2828 5265 2996 5333 ,sta.
3028 5264 3215 5319 amca
3243 5275 3374 5317 vero
3400 5275 3497 5314 ex~

1909 5359 2057 5393 ςιςιηι
2099 5357 2230 5393 ιοιιι.
2264 5345 2329 5393 ιιι
2358 5342 2524 5393 Cone.
2557 5355 2677 5393 nae.
2904 5337 3030 5390 Mox
3073 5335 3127 5390 in
3154 5341 3326 5393 textu,
3374 5343 3497 5393 pag.

1909 5335 2057 5406 stant
2099 5357 2230 5402 tom.
2264 5335 2338 5398 ιιι
2358 5335 2524 5396 Cone.
2557 5355 2677 5410 pag.
2719 5335 2876 5393 1581.
2904 5337 3030 5390 Mox
3073 5335 3131 5410 in
3154 5341 3326 5410 textu,
3369 5343 3497 5410 pag.

2105 5421 2187 5475 καί
2215 5438 2300 5489 μοι
2330 5415 2514 5489 auertat
2541 5403 2600 5468 1:6
2626 5403 2804 5489 ξμοιοςδ
2847 5410 2959 5478 (τῆς
2988 5405 3217 5489 τρεᾲδος)
3243 5406 3294 5458 ἔκ
3321 5409 3421 5458 τῶν
3450 5403 3500 5455 ἓν

1911 5475 2077 5567 {mete
2106 5475 2291 5567 καιρςῖιν
2313 5486 2603 5560 ἀρξάμενον.
2621 5475 2746 5567 yet.
2774 5475 3031 5562 interpr.,'
3051 5475 3164 5531 Hoc
3181 5487 3502 5567 verum‘esse,

1912 5551 1991 5616 εἶτ’
2006 5563 2068 5614 iis
2097 5551 2587 5626 ope't'ibus'spe'ctare
2615 5552 2751 5626 licet,
2779 5567 2892 5626 quas
2919 5551 2972 5603 in
2999 5558 3222 5620 tempore
3249 5552 3370 5626 sunt
3390 5557 3505 5596 sus-

1915 5641 2080 5704 cepta.
2114 5621 2392 5704 Caeterum
2409 5641 2516 5678 vox
2535 5621 2822 5704 ρπὁστασές
2846 5621 3156 5704 ab_auctore
3172 5625 3506 5704 nostropas-

1912 5682 2022 5758 ἐίῆι
2034 5682 2275 5755 redditur
2295 5697 2601 5759 substantia,
2630 5710 2750 5766 quae
2773 5682 3064 5765 Cyrilliano
3095 5682 3512 5766 interpreti’ple-

1911 5760 2769 5842 rumquedicitursubsisteutia,et
2783 5760 3185 5842 nonnumquam
3197 5760 3510 5842 {typasta‘stjla

1913 5827 2068 5911 Quod
2087 5842 2305 5914 quidem
2328 5839 2492 5897 semel
2514 5839 2602 5895 hic
2623 5827 2901 5895 monuisse
2921 5827 3169 5892 sufficiat.
3194 5827 3476 5886 smmi.
