3924 6282
153 287 254 350 89⁸1

947 274 1326 336 COLLECTIO
1363 272 1681 334 SECUNDA
1720 266 2238 331 EXCERPTORUM
2278 264 2618 327 NESTORII.

3321 275 3425 334 898

159 386 3402 431 —W——_————'——_'—_'__

1176 495 1773 575 COLLECTIO
1852 493 2204 568 SECUN
2211 494 2390 581 DA,

1293 632 1441 695 Cujus
1463 632 1544 683 hic
1563 644 1692 695 apuu
1716 628 2041 682 Mercator-em
2064 628 2239 680 titulus
2262 641 2275 676 :

156 755 242 819 De
266 753 526 817 diuersis
560 752 847 817 Nestorii
882 748 1062 813 libris
1097 745 1190 809 vel
1236 742 1609 807 tractatibus
1646 741 1973 819 Excerpita
2014 734 2092 819 ab
2130 736 2415 816 episcopo
2455 736 2698 817 Cyrillo
2746 736 3059 818 capitula,
3093 756 3177 800 ea:
3211 737 3425 804 Graco

1170 846 1208 888 a
1234 823 1437 899 nobis,
1466 818 1750 889 Nestorii
1782 817 2172 883 in'Latinum
2197 833 2395 879 uersa.

225 1106 270 1159 l.
320 1105 393 1159 De
418 1104 591 1158 codice
617 1101 882 1173 confecto,
911 1096 1249 1170 quaternione
1274 1106 1420 1147 xxvr.
1454 1087 1601 1143 Inter
1628 1099 1736 1139 ειε-
1764 1080 1821 1144 A
1842 1078 2041 1173 Ehnsti
2101 1080 2358 1149 potentia:
2409 1080 2743 1151 assignatur,
2796 1083 2939 1138 sicut
2984 1083 3243 1154 scriptum
3303 1092 3385 1141 est
3416 1102 3430 1137 :

156 1212 258 1255 tera
285 1215 302 1251 :
334 1196 559 1267 Oportet
589 1207 747 1248 nosse
768 1206 899 1256 nos;
929 1188 1094 1245 modo
1123 1187 1265 1243 enim
1291 1184 1448 1239 venio
1470 1181 1525 1235 in
1552 1192 1737 1234 recor-

155 1291 421 1347 dationem
448 1286 662 1343 concilii
692 1283 890 1341 Nicaeni
910 1323 925 1349 ,
956 1281 1104 1352 quod
1133 1292 1396 1349 nusquam
1436 1288 1626 1331 ausum
1655 1279 1740 1328 est

154 1384 331 1439 dicere
355 1381 479 1451 quia
512 1380 745 1436 Verbum
768 1378 910 1433 Dens
939 1384 1123 1431 natum
1164 1382 1249 1429 est
1286 1387 1353 1427 ex
1382 1368 1590 1439 virgine
1621 1366 1738 1421 Ma-

154 1476 262 1540 ria;
294 1474 367 1529 ait
395 1473 537 1529 enim
567 1490 580 1525 :
610 1471 876 1526 Credimus
902 1471 957 1523 in
986 1484 1145 1522 unum
1172 1466 1384 1520 Patrem
1411 1463 1739 1532 omnipoten-

156 1579 271 1631 tem,
300 1577 351 1623 et
377 1569 429 1621 in
455 1583 613 1620 unum
655 1564 929 1620 Dominum
948 1561 1126 1616 Jesum
1153 1557 1433 1614 Christum.
1467 1553 1743 1609 Attendite

153 1660 273 1731 quia
304 1660 455 1732 prius
475 1674 593 1715 enm
614 1653 1193 1728 posuissetChristum,
1222 1650 1366 1720 quod
1396 1648 1625 1703 duarum
1646 1660 1743 1700 na-

157 1763 394 1809 turarum
415 1751 850 1821 coniunctionem
880 1748 1233 1811 demonstrat,
1272 1760 1377 1799 non
1407 1742 1659 1798 dixerunt
1687 1740 1740 1794 in

154 1862 317 1902 unum
349 1846 512 1902 Deum
546 1844 777 1901 Verbum
799 1885 815 1910 ,
847 1843 941 1899 sed
983 1847 1308 1912 acceperunt
1336 1851 1532 1893 nomen
1551 1876 1566 1902 ,
1597 1833 1744 1905 quod

153 1940 480 2011 signiﬁcaret
508 1948 828 2008 utrumque,
859 1946 918 1991 nt
947 1952 1052 1992 non
1080 1930 1588 1994 snbdeseendendo,
1619 1943 1744 1985 cum

154 2033 305 2089 audis
330 2042 590 2095 mortem,
624 2031 729 2086 ulla
760 2031 997 2085 novitate
1027 2027 1288 2090 tnrbcris,
1320 2033 1377 2081 et
1420 2039 1543 2080 cum
1565 2022 1743 2079 cruci-

156 2126 319 2181 fixum
350 2135 404 2181 et
433 2124 734 2196 sepultum,
783 2132 1053 2193 tamquam
1086 2120 1293 2176 Deitate
1331 2118 1431 2174 ista
1473 2116 1741 2188 patiente,

156 2233 263 2274 non
309 2216 610 2273 vnlncreris
659 2215 862 2270 auditu.
911 2213 1111 2269 Deinde
1155 2212 1451 2276 videamus,
1493 2208 1622 2278 quid
1669 2208 1746 2264 illi

154 2308 482 2381 subjungant
513 2327 525 2364 τ
577 2308 845 2363 Credimus
877 2316 926 2361 et
972 2308 1025 2359 in
1072 2320 1231 2359 unum
1259 2302 1539 2358 Dominum
1566 2300 1745 2356 Iesum

154 2400 415 2457 Christum
436 2402 775 2473 unigenitum,
798 2400 882 2469 qui
912 2398 975 2452 de
998 2395 1105 2451 Deo
1138 2395 1298 2449 Patre
1317 2404 1467 2448 natus
1495 2402 1592 2456 est,
1616 2408 1745 2445 con-

1840 1168 2104 1225 Exeuntes
2132 1170 2489 1242 prwdicabant
2527 1171 2752 1228 Verbum
2771 1173 2957 1247 ubique
2996 1174 3224 1231 Domino
3247 1192 3437 1248 coope-

1842 1272 2022 1325 rante,
2072 1271 2123 1316 et
2179 1263 2405 1318 Verbum
2453 1265 2832 1334 conﬁrmante,
2875 1267 3302 1331 consequentibus
3349 1283 3435 1322 eos

1840 1354 2005 1425 signis

1917 1444 1969 1501 5.
1995 1445 2131 1500 Item
2150 1448 2203 1500 in
2221 1448 2557 1518 quaternione
2569 1458 2748 1502 octavo
2770 1447 2832 1503 de
2846 1448 2996 1504 dictis
3023 1449 3279 1521 Epistula:
3298 1448 3441 1520 Apo-

1842 1538 1963 1593 stoli
1985 1538 2055 1591 ad
2084 1536 2356 1594 IIebrceos.
2389 1538 2635 1609 Apostoli
2650 1540 2794 1594 enim
2809 1556 3006 1596 nomen
3030 1542 3084 1596 in
3106 1541 3321 1597 Christo
3338 1557 3437 1596 au-

1843 1629 2075 1695 dientes,
2131 1629 2300 1685 Deum
2332 1629 2570 1686 Verbum
2604 1630 2745 1685 male
2780 1631 3109 1700 intelligunt,
3134 1632 3439 1703 apostolum

1846 1737 1982 1778 esse.
2016 1721 2145 1778 Item
2168 1723 2409 1792 legentes
2436 1722 2707 1794 pontiﬁcis
2748 1724 3091 1791 vocabulum,
3123 1720 3303 1781 Deum’
3320 1739 3442 1781 esse

1847 1812 2208 1883 imaginantur
2254 1814 2583 1885 pontificem,
2624 1816 2760 1871 inira
2801 1816 3102 1883 dementia;
3136 1819 3255 1887 quis
3296 1821 3441 1876 enim

1848 1908 2077 1978 apostoli
2099 1908 2335 1963 oﬂicinm
2364 1908 2604 1974 audiens,
2630 1924 2738 1964 non
2767 1909 2950 1963 statim
2971 1910 3150 1965 videat
3169 1911 3439 1967 hominem

1848 1999 2389 2068 demonstrari?Quis
2414 2001 2608 2056 summi
2636 2001 2934 2057 sacerdotis
2969 2018 3168 2058 nomen
3196 2005 3437 2073 audiens,

1848 2093 2151 2150 Divinitatis
2179 2104 2424 2149 naturam
2453 2094 2829 2150 adsacerdotis
2865 2094 3224 2151 ministerium
3254 2100 3444 2153 vocet?

1849 2187 1906 2242 Si
1928 2187 2071 2242 enim
2087 2187 2230 2243 Deus
2250 2187 2494 2258 pontifex
2522 2194 2624 2251 est,
2649 2188 2770 2257 quis
2781 2188 2885 2243 erit
2912 2188 3003 2257 qui
3018 2188 3196 2245 ofﬁcio
3209 2190 3325 2259 ejus
3346 2191 3443 2246 de-

1848 2278 1973 2334 beat
2014 2278 2153 2334 coli?
2177 2278 2234 2333 Si
2274 2279 2417 2335 Deus
2456 2280 2736 2335 oblaturus
2765 2287 2849 2335 est
2876 2282 3140 2338 sacrificia
3170 2290 3444 2353 tamquam

1849 2370 2114 2441 pontifex,
2149 2371 2326 2426 nullus
2354 2372 2457 2426 erit
2485 2372 2571 2426 cui
2601 2371 2900 2427 offerantur
2928 2372 3104 2439 Deus;
3129 2374 3258 2443 quid
3301 2376 3444 2430 enim

150 2461 552 2551 substantivumv
568 2491 718 2546 Patri
738 2531 752 2554 ,
784 2492 869 2561 qui
891 2499 1100 2561 propter
1131 2504 1225 2542 nos
1254 2485 1547 2547 descendit,
1583 2494 1634 2538 et
1661 2485 1747 2537 in-

1858 2461 2071 2530 dignum
2096 2462 2207 2531 jam
2240 2462 2529 2518 Divinitate
2551 2470 2660 2530 εει,
2686 2464 2731 2518 si
2764 2471 3038 2533 tamquam
3068 2464 3291 2522 inferior
3310 2467 3445 2523 olfe-

151 2598 403 2643 carnatus
431 2596 506 2642 est
536 2586 598 2640 de
620 2583 822 2654 Spiritu
842 2593 1042 2638 sancto.
1066 2580 1183 2635 Non
1206 2580 1476 2644 dixerunt,
1508 2576 1633 2646 quia
1655 2590 1750 2629 na-

151 2689 247 2737 tus
268 2688 354 2736 est
379 2678 447 2734 de
467 2676 668 2749 Spiritu
689 2684 896 2730 sancto.
920 2672 1082 2729 Vides
1108 2669 1558 2742 quemadmodum
1580 2669 1749 2723 inter-

151 2781 444 2844 pretentur
470 2768 967 2834 subdescendemlo,
999 2767 1121 2835 quia
1153 2765 1436 2830 dixerunt,
1475 2762 1749 2819 hominem

152 2866 379 2922 factum.
423 2863 602 2930 llunc,
634 2861 915 2932 inquiunt,
964 2860 1192 2916 dicimus
1239 2858 1609 2924 incarnatum,
1641 2872 1749 2911 non

153 2957 573 3013 mutabilitatem
616 2955 670 3009 in
717 2968 881 3009 carne
924 2950 1250 3021 suscipiente
1296 2949 1475 3005 divina
1527 2956 1748 3013 natura,

155 3049 253 3107 sed
283 3048 760 3113 inhabitationem,
791 3060 952 3115 quam
993 3044 1160 3113 gessit
1186 3043 1240 3098 in
1279 3042 1499 3098 homine
1527 3041 1752 3097 demon-

157 3149 412 3198 strantes.

224 3232 283 3287 2.
328 3232 395 3286 Et
423 3240 537 3303 post
560 3231 829 3302 aliquanta
859 3229 911 3283 in
938 3226 1134 3282 eodem.
1161 3224 1277 3282 Hoc
1297 3224 1547 3291 retinete,
1562 3224 1748 3296 inquit,

159 3322 415 3394 quoniam
445 3320 920 3392 praetermittentes
939 3317 1120 3373 dicere
1147 3334 1159 3369 :
1187 3315 1454 3369 Credimus
1488 3316 1544 3368 in
1584 3313 1753 3369 Deum

170 3412 393 3468 Verbum
418 3409 612 3466 Filium
634 3412 746 3481 ejus
774 3410 1095 3481 unigenitum
1118 3424 1135 3472 ;
1156 3406 1408 3462 dixerunt
1441 3424 1452 3458 :
1487 3404 1753 3459 Credimus

159 3506 211 3559 in
241 3521 405 3558 unum
436 3501 717 3558 Dominum
746 3500 925 3555 Jesum
965 3498 1229 3554 Christum
1278 3496 1754 3551 consubstantivum

160 3596 332 3665 Patri,
361 3597 525 3651 Deum
547 3613 720 3651 rerum
743 3595 805 3650 de
834 3594 945 3649 Deo
967 3610 1105 3655 vero,
1132 3609 1223 3663 per
1240 3609 1387 3664 quem
1414 3592 1587 3645 omnia
1613 3592 1754 3662 facta

161 3700 295 3757 sunt,
329 3693 417 3763 qui
447 3699 658 3763 propter
686 3706 778 3743 nos
808 3689 1038 3742 homines
1067 3695 1116 3740 et
1156 3694 1390 3739 nostram
1418 3682 1636 3738 salutem
1662 3681 1753 3734 de-

160 3784 378 3849 scendit,
410 3793 562 3854 atque
583 3784 889 3836 incarnatus
919 3788 995 3833 est
1022 3778 1085 3832 de
1114 3776 1317 3849 Spiritu
1340 3784 1523 3830 sancto
1544 3791 1609 3829 ea:
1630 3771 1750 3827 Ma-

1853 2561 1939 2608 rat
1963 2554 2223 2609 sacriﬁcia
2253 2556 2551 2625 superiori?
3411 2594 3416 2599 ρ

1923 2644 1993 2699 Et
2040 2644 2347 2718 subjungit:
2386 2645 2535 2702 Unde
2581 2646 2743 2716 igitur
2788 2648 2867 2703 eis
2914 2648 3055 2704 Deus
3094 2652 3446 2721 appellandus

1852 2737 2097 2810 pontifex
2127 2738 2272 2794 visus
2297 2746 2408 2803 est,
2451 2738 2542 2808 qui
2585 2738 2805 2808 [Baluz.
2834 2740 2996 2812 quia]
3028 2741 3323 2809 sacriﬁcio,
3356 2760 3446 2799 se-

1853 2832 2088 2887 cundum
2117 2832 2413 2887 sacerdotii
2443 2832 2632 2897 ritum,
2676 2831 2743 2886 ad
2766 2842 3083 2902 provectum
3122 2850 3278 2889 suum
3326 2852 3446 2892 om-

1854 2923 1984 2978 nino
2004 2938 2112 2977 non
2142 2922 2374 2991 indiget;
2408 2933 2682 2992 perpetuae
2710 2922 2909 2992 quippe
2938 2939 3220 2993 possessor
3247 2932 3331 2981 est
3358 2925 3448 2980 Di-

1850 3013 2094 3069 vinitatis
2118 3030 2130 3066 :
2158 3010 2241 3067 Ea:
2262 3011 2552 3067 hominibus
2577 3029 2757 3083 nempe
2787 3012 2978 3068 electus
3002 3023 3155 3087 atque
3180 3025 3448 3089 susceptus

1854 3107 2094 3177 pontifex
2130 3121 2226 3176 pro
2266 3104 2559 3159 hominibus
2585 3105 2918 3159 constituitur
2944 3106 3085 3177 apud
3124 3106 3312 3174 Deum,
3337 3117 3444 3164 etc.

1854 3197 2015 3268 (Heb.
2047 3214 2099 3264 ν,
2135 3197 2213 3268 1).

1925 3289 1977 3343 6.
2009 3289 2081 3344 Et
2102 3289 2408 3362 subjungit:
2437 3287 2562 3343 Non
2583 3290 2814 3361 angelos,
2858 3288 3060 3358 inquit,
3086 3289 3446 3361 apprehendit,

1854 3381 1945 3436 sed
1984 3397 2157 3436 semen
2198 3380 2423 3436 Abraha:
2458 3379 2637 3453 (Heb.
2669 3396 2736 3447 ιι,
2771 3379 2905 3451 16).
2936 3378 3208 3450 Numquid
3262 3396 3448 3439 semen

1855 3474 2084 3529 Abrahae
2113 3482 2195 3529 est
2222 3475 2437 3530 Deitas?
2468 3474 2662 3529 Audite
2690 3484 3117 3544 consequentem
3157 3475 3322 3530 etiam
3350 3490 3448 3533 vo-

1856 3581 2017 3621 cem:
2054 3566 2203 3621 Unde
2250 3565 2421 3622 debuit
2453 3584 2545 3638 per
2587 3568 2765 3621 omnia
2806 3569 3057 3639 fratribus
3104 3568 3291 3623 similis
3332 3570 3449 3639 ﬁeri

1857 3657 2054 3728 (Ibid.,
2082 3657 2195 3728 l7).
2226 3658 2497 3728 Numquid
2527 3657 2763 3712 Deitati?
2785 3655 2933 3723 Quos
2961 3658 3105 3712 enim
3147 3658 3288 3714 Deus
3310 3657 3448 3713 Ver-

1852 3750 1980 3806 bum
2009 3751 2212 3806 habere
2240 3750 2415 3821 potuit
2440 3751 2635 3806 fratres
2655 3749 2857 3805 similes
2885 3750 3006 3805 sui?
3036 3749 3265 3820 Respice
3286 3751 3448 3805 etiam

162 3877 238 3930 ria
274 3842 520 3946 Virgine,
550 3884 600 3929 et
624 3874 775 3928 homo
817 3874 984 3943 [actus
1016 3879 1111 3924 est.
1150 3842 1422 3936 Nusquam
1463 3865 1747 3930 dixerunt,

1858 3844 1997 3915 quod
2026 3844 2109 3899 his
2128 3844 2283 3899 dictis
2311 3844 2617 3913 adjungitur
2649 3862 2661 3895 :
2699 3842 2767 3897 Ut
2810 3844 3102 3899 misericors
3135 3844 3282 3914 ﬁeret
3300 3853 3349 3897 et
3377 3846 3447 3914 ﬁ-

162 3977 311 4021 natus
337 3976 436 4020 est.
459 3964 586 4031 Cur,
620 3964 907 4036 putamus?
937 3960 1009 4017 Ut
1034 3976 1140 4016 non
1162 3960 1296 4015 duas
1324 3958 1635 4013 nativitates
1663 3956 1747 4010 in-

164 4059 511 4115 troducerent
538 4057 784 4113 Deitatis.

229 4155 279 4209 5.
325 4153 462 4209 Item
500 4154 555 4208 in
597 4153 776 4209 eodem
817 4160 931 4222 post
963 4150 1253 4223 aliquanta.
1298 4146 1498 4203 Volens
1548 4145 1750 4215 liquido

165 4248 559 4314 demonstrare,
577 4246 722 4317 quod
743 4260 865 4301 cum
886 4243 1006 4298 Filii
1034 4257 1227 4297 nomen
1249 4240 1485 4312 ponitur,
1512 4254 1620 4293 non
1643 4253 1754 4293 om-

168 4340 384 4396 nimodo
414 4340 637 4395 verbum
668 4336 796 4392 illud
825 4334 1122 4405 signiﬁcet,
1154 4332 1299 4403 quod
1329 4331 1473 4386 Deus
1509 4338 1626 4395 est,
1658 4327 1753 4384 sed

168 4440 439 4503 tamquam
485 4444 771 4486 commune
820 4442 1013 4482 nomen
1066 4423 1458 4479 introducatur.
1491 4420 1583 4477 Sic
1609 4420 1753 4476 enim

166 4525 439 4598 Scriptura
468 4524 599 4580 dicit
635 4541 648 4576 :
681 4522 827 4577 Misit
858 4520 995 4575 Deus
1028 4517 1224 4573 Filium
1267 4533 1417 4571 suum
1465 4517 1659 4587 factum
1690 4530 1754 4567 ex

168 4618 394 4681 muliere,
430 4618 625 4688 factum
646 4612 737 4667 sub
761 4612 869 4683 lege
892 4608 1035 4681 (Gal.
1070 4625 1139 4674 Iv,
1169 4606 1245 4677 4).
1265 4606 1365 4662 Hic
1384 4604 1599 4675 quidem
1621 4604 1755 4659 duas

166 4709 499 4765 demonstrat
523 4714 774 4771 naturas;
806 4702 951 4774 quod
977 4709 1157 4756 autem
1180 4706 1386 4753 tantum
1408 4697 1550 4753 circa
1580 4695 1755 4751 homi-

169 4818 285 4858 nem
335 4800 582 4870 contigit,
616 4805 799 4854 narrat
825 4814 837 4849 :
862 4794 1017 4864 exige
1055 4800 1203 4848 certe
1223 4806 1252 4845 a
1274 4790 1615 4847 contentioso
1635 4788 1757 4859 quis

169 4895 263 4951 sub
282 4894 402 4963 lege
431 4893 500 4947 sit
527 4892 719 4954 factus,
751 4887 987 4944 Verbum
1016 4885 1192 4941 Deus?
1222 4896 1581 4953 nequaquam.

236 4985 287 5039 4.
333 4983 467 5039 Item
494 5000 560 5038 ea:
587 4982 761 5036 codice
788 4980 973 5046 altero,
994 4980 1049 5032 in
1069 4977 1409 5049 quaternione
1446 4975 1637 5045 primo,
1662 4989 1757 5027 cu-

166 5079 248 5150 jus
273 5079 483 5132 initium
508 5076 612 5129 tale
632 5083 707 5129 est
731 5090 745 5127 :
771 5072 958 5126 Adhuc
979 5070 1131 5125 vobis
1158 5068 1324 5122 multa
1350 5066 1525 5121 habeo
1554 5064 1751 5119 dicere.

172 5169 217 5224 Ε
222 5181 239 5225 ι
260 5180 376 5242 post
399 5171 688 5241 aliquanta.
702 5166 814 5222 lllie
834 5162 1105 5233 Unigeniti
1126 5159 1444 5231 glorificatio
1469 5155 1755 5226 aliquando

1853 3937 1982 3992 delis
2003 3940 2243 4009 pontifex
2266 3938 2337 3991 ad
2357 3936 2553 4001 Deum,
2581 3938 2636 3989 in
2673 3953 2734 3989 eo
2761 3937 2899 3990 enim
2926 3937 2982 3990 in
3023 3952 3122 4006 quo
3162 3952 3343 4006 passus
3371 3944 3449 3989 est

1851 4038 1903 4083 et
1927 4031 2039 4101 ipse
2073 4037 2332 4095 tentatus,
2357 4038 2525 4100 potest
2546 4038 2595 4082 et
2630 4029 2710 4082 his
2740 4028 2826 4099 qui
2867 4036 3135 4082 tentantur
3188 4028 3445 4083 auailium

1854 4123 1992 4193 ferre
2021 4118 2221 4191 (Ibid.,
2247 4120 2358 4192 18).
2390 4120 2493 4187 Qui
2524 4120 2685 4189 igitur
2712 4135 2904 4190 passus
2931 4126 3032 4184 est,
3058 4119 3147 4174 ille
3166 4126 3249 4175 est
3268 4120 3450 4191 ponti-

1853 4212 1943 4267 fex
1968 4212 2307 4277 misericors;
2335 4211 2589 4283 passibile
2617 4219 2794 4267 autem
2820 4211 3076 4281 templum
3099 4219 3199 4278 est,
3220 4227 3328 4267 non
3356 4212 3447 4269 hic

1854 4307 1947 4376 qui
1971 4306 2089 4377 ejus
2108 4304 2409 4362 viviﬁcator
2430 4314 2542 4371 est,
2575 4306 2735 4361 Deus.
2769 4304 2965 4361 Semen
2996 4304 3224 4361 Abrahae
3253 4305 3298 4360 is
3330 4314 3444 4372 est,

1853 4399 1946 4469 qui
1995 4398 2105 4453 heri
2126 4407 2230 4464 est,
2264 4407 2313 4452 et
2351 4398 2504 4452 hodie
2529 4396 2687 4468 (ﬂeb.
2724 4413 2836 4460 xm,
2863 4396 2941 4467 8),
2974 4396 3268 4453 secundum
3295 4396 3448 4453 Pauli

1856 4490 2088 4561 apostoli
2116 4505 2338 4555 vocem;
2368 4505 2476 4545 non
2506 4488 2596 4543 ille
2623 4489 2716 4558 qui
2744 4487 2879 4565 dixit
2910 4506 2922 4541 :
2954 4488 3245 4561 Antequam
3276 4488 3448 4544 Abra-

1857 4585 1976 4637 ham
2004 4591 2154 4649 esset,
2197 4599 2290 4653 ego
2319 4597 2433 4636 sum
2465 4581 2650 4653 (Joan.
2683 4596 2793 4647 vm,
2827 4577 2953 4650 58).
2987 4579 3188 4636 Similis
3213 4580 3301 4636 hic
3336 4580 3448 4636 fra-

1854 4676 2027 4730 tribus
2054 4690 2153 4745 per
2194 4674 2407 4739 omnia,
2440 4673 2531 4742 qui
2561 4673 2809 4727 humame
2856 4672 3050 4727 animae
3098 4673 3451 4742 corporisque

1856 4768 2095 4838 suscepit
2123 4767 2516 4822 fraternitatem
2558 4764 2755 4839 (Hebr.
2784 4781 2847 4832 ιι,
2882 4762 3020 4833 17),
3074 4779 3183 4819 non
3222 4763 3310 4817 ille
3355 4762 3448 4832 qui

1856 4863 1991 4918 dixit
2009 4880 2021 4915 :
2043 4858 2143 4926 Qui
2159 4879 2240 4916 me
2262 4861 2415 4927 videt,
2430 4860 2565 4915 videt
2580 4869 2631 4914 et
2643 4858 2859 4913 Patrem
2875 4874 3044 4912 meum
3056 4858 3238 4928 (Joan.
3251 4854 3444 4927 xsv,9).

1933 4955 1979 5006 7.
2026 4952 2157 5007 Item
2181 4954 2235 5006 in
2269 4953 2609 5025 quaternione
2630 4950 2828 5003 decimo
2863 4964 3021 5013 nono,
3046 4964 3163 5001 cum
3188 4948 3323 5001 velut
3353 4945 3450 5000 ad-

1857 5062 2028 5101 versus
2060 5045 2237 5099 Arium
2268 5045 2479 5098 diceret.
2508 5041 2576 5094 Et
2614 5041 2700 5110 isti
2726 5039 2972 5109 quidem,
2999 5038 3214 5095 tametsi
3243 5037 3451 5107 majore

1858 5147 2082 5211 paterna
2113 5139 2322 5193 Deitate
2345 5136 2577 5191 Verbum
2600 5134 2766 5189 Deum
2790 5132 3055 5187 minorem
3076 5131 3324 5195 delirent,
3338 5147 3450 5186 non

171 5222 384 5333 quidem
428 5222 575 5315 Patri
628 5222 1106 5329 deputaturisicut
1127 5222 1230 5308 Vest
1269 5251 1393 5306 illud
1427 5269 1439 5304 :
1480 5222 1641 5303 Pater
1680 5257 1756 5301 est
1779 5230 1836 5291 Ῑ)
1861 5242 2038 5288 tamen
2071 5231 2339 5286 ηονθηυιη
2369 5228 2621 5283 {Menum
2648 5224 2715 5331 lli
2736 5233 2916 5280 amem
2941 5238 3066 5279 eum
3086 5223 3250 5279 etiam
3278 5222 3449 5278 beata?

174 5371 342 5420 meus,
384 5355 469 5426 qui
510 5369 589 5407 me
616 5350 874 5424 gloriﬁcat
902 5345 1099 5419 (Ioan.
1149 5361 1271 5410 vm,
1305 5341 1440 5412 54);
1465 5338 1752 5410 aliquando

174 5462 300 5503 vero
327 5446 549 5519 Spiritui
579 5445 903 5515 deputatur;
933 5442 1008 5496 ait
1032 5440 1175 5496 enim
1202 5456 1214 5492 :
1246 5437 1473 5509 Spiritus
1512 5434 1748 5488 veritatis

173 5541 350 5613 quime
368 5537 681 5612 gloriﬁcabit
703 5534 753 5609 (1
763 5552 883 5590 oau.
910 5549 1019 5599 xvx,
1045 5532 1168 5602 15);
1194 5542 1598 5597 nonnumquam
1622 5540 1750 5581 vero

1865 5327 2044 5382 Maria:
2074 5324 2364 5381 secundum
2394 5329 2447 5376 et
2476 5319 2834 5391 posteriorem
2856 5331 2976 5372 esse
3000 5317 3370 5387 pronuntiant,
3394 5324 3451 5370 et

1862 5420 2211 5493 temporalem
2229 5426 2457 5472 matrem
2473 5414 2664 5485 Opiﬁce
2686 5413 2949 5483 majorem
2962 5411 3250 5467 Divinitate
3273 5411 3453 5466 consi-

1859 5524 2026 5588 gnant
2039 5525 2087 5582 0;
2101 5513 2397 5586 quinimmo
2413 5525 2513 5567 nec
2525 5517 2754 5565 matrem
2770 5504 2969 5563 Christi
2981 5520 3100 5563 esse
3113 5504 3417 5562 concedunt
3432 5521 3450 5574 ;

1342 5664 1507 5721 CAS'l
1520 5659 1882 5721 IGATIONES
1922 5659 2008 5716 ET
2047 5655 2276 5714 NOTE.

245 5810 274 5845 ⁸
296 5803 481 5862 Codex
508 5805 570 5859 Β.
602 5805 750 5874 legit,
784 5803 958 5875 opifici
981 5812 1265 5871 temporum
1295 5799 1551 5853 divinitati
1592 5800 1921 5871 consignant.
1956 5791 2115 5847 Eun.
