3924 6282
129 280 223 346 9M

913 279 1295 342 COLLECTIO
1333 281 1654 341 SECUNDA
1697 281 2207 341 EXCERPTOHUM
2246 280 2590 345 NESTORII.

3243 300 3254 307 ‘
3305 278 3420 344 902

129 419 221 461 nes
244 400 564 458 vocabulum
592 401 1049 472 perhorrescunt,
1081 401 1351 457 cruciﬁxus
1389 399 1542 456 carui
1582 414 1713 454 con-
1739 408 1793 466 Α
1819 411 1930 456 cate
1957 420 2021 457 ea:
2048 421 2108 458 eo
2137 419 2342 470 omnes,
2384 403 2480 458 hoc
2505 409 2584 460 est
2608 401 2748 457 enim
2787 415 2972 472 corpus
3011 414 3180 454 meum
3211 399 3254 471 (l
3287 399 3410 456 Cor.

123 498 381 568 junctum,
408 512 516 549 non
540 503 720 549 autem
747 511 1089 566 compassum
1109 496 1345 550 scientes
1373 493 1569 558 Deum;
1595 491 1715 547 ideo

127 599 179 646 et
200 589 364 659 inde:
391 596 653 642 venturus
674 596 758 642 est
799 589 900 643 iste
940 588 1036 658 qui
1067 587 1288 642 visibilis
1320 587 1500 656 paruit
1522 603 1554 651 ξ-
1581 601 1716 655 φω-

129 685 268 738 niam
296 681 655 750 omnipotenti
693 681 1042 751 coniungitur
1069 681 1284 736 Deitati.

198 775 282 828 ﬂ.
327 774 460 830 Item
492 783 612 844 post
641 774 806 828 multa
833 775 1046 832 ibidem.
1091 774 1207 828 Non
1250 773 1474 828 Deitatis
1505 770 1713 846 [Balnea

128 863 362 935 Deitas],
403 866 600 936 inquit,
643 864 904 920 Iacobum
932 866 1120 920 habuit
1163 864 1382 920 fratrem
1407 905 1421 930 ,
1475 879 1580 918 nec
1623 864 1720 920 Dei

131 957 290 1014 Verbi
317 965 552 1012 mortem
577 972 681 1012 nos
709 957 1086 1018 annuntiamns
1105 998 1119 1022 ,
1145 971 1268 1014 cum
1295 955 1576 1010 Dominico
1595 971 1719 1009 cor.-

129 1066 258 1120 pore
308 1058 364 1106 et
391 1050 658 1117 sanguine
692 1050 997 1120 pascitur:
1037 1060 1064 1087 ἰ
1102 1049 1286 1106 divina
1329 1056 1522 1102 natura
1551 1047 1719 1102 sacri-

131 1139 304 1196 ﬁcium
327 1141 571 1210 suscipit,
605 1157 714 1196 non
745 1142 860 1210 ipsa
890 1141 944 1194 in
964 1140 1229 1196 sacriiicio
1258 1140 1581 1194 immolatur.

198 1233 286 1288 15.
330 1232 468 1287 Item
495 1242 722 1287 tractatu
745 1233 1124 1287 alioadrersus
1134 1234 1363 1287 Attianos
1383 1233 1727 1303 quaternisue

129 1329 341 1382 decimo.
384 1327 514 1393 Quis
547 1343 688 1381 nunc
717 1327 1063 1394 benignitatis
1094 1335 1201 1380 tam
1233 1326 1553 1386 immensum
1581 1325 1724 1394 aspi-

127 1423 228 1477 ciat
261 1422 481 1491 pelagus
499 1459 513 1482 ,
560 1427 808 1474 naturam
833 1435 956 1474 cum
986 1435 1085 1474 suo
1110 1416 1303 1488 opilice
1331 1417 1724 1484 dominanteml

134 1521 185 1566 et
217 1511 563 1581 conjunctam
591 1510 796 1564 homini
826 1509 1119 1571 Deitatem,
1166 1507 1299 1562 nihil
1323 1509 1438 1562 sine
1467 1509 1571 1562 hoc
1596 1507 1724 1580 [Ba-

126 1608 226 1658 tuz.
263 1602 385 1674 hac]
409 1604 722 1672 jubentem,
761 1602 965 1655 nullum
1003 1602 1207 1671 absque
1235 1601 1339 1655 isto
1366 1600 1718 1669 iudicantem,

125 1712 244 1749 cum
270 1711 335 1750 eo
363 1695 609 1749 vivorum
631 1709 816 1748 curam
850 1694 905 1747 in
933 1709 1140 1748 summa
1169 1693 1504 1763 providentia
1525 1706 1724 1759 geren-

124 1797 256 1855 tem,
285 1796 340 1850 et
372 1803 498 1848 cum
514 1787 640 1856 ipso
663 1793 908 1846 mortuos
924 1785 1273 1846 suscitantem
1300 1783 1364 1838 η

193 1879 281 1932 Η.
329 1880 466 1944 Item~
490 1879 721 1950 ejusdem
762 1880 820 1936 in
847 1889 1074 1934 tractatu
1119 1880 1230 1940 aiio
1255 1879 1468 1943 codicis,
1505 1887 1715 1949 quater-

122 1978 278 2034 itione
304 1979 513 2048 quinto,
551 1977 619 2031 de
659 1975 952 2046 Scriptum
981 1984 1180 2030 sancte
1217 1973 1362 2038 loco,
1391 1971 1575 2026 ubiait
1597 1987 1616 2025 :
1657 1970 1718 2026 Si

124 2069 430 2132 recordatus,
454 2072 618 2142 {ueris
635 2069 776 2140 quod
802 2068 958 2128 habet
982 2071 1146 2140 frater
1167 2079 1279 2126 tutu
1311 2067 1509 2138 aliquid
1537 2067 1720 2123 mitter—

120 2177 238 2225 ﬂtm
257 2171 310 2220 te
336 2160 552 2231 (Matth.
586 2177 639 2226 ν,
663 2160 775 2230 93).
805 2158 905 2223 Qui
939 2160 1240 2225 manducet,
1261 2159 1456 2226 inquit,
1485 2171 1712 2212 carnem.

121 2251 448 2316 histrioniam
494 2252 562 2308 de
603 2268 766 2312 carne
810 2267 970 2316 esse,
1007 2251 1158 2319 quod
1178 2252 1377 2309 dictum
1415 2256 1534 2304 est:
1569 2249 1719 2308 Sicut

121 2346 264 2398 misit
292 2362 371 2399 me
403 2347 539 2398 vivus
564 2343 723 2396 Pater
746 2343 928 2414 (Joan.
957 2360 1028 2408 γι,
1065 2341 1181 2410 55),
1216 2342 1307 2412 qui
1329 2341 1552 2399 visibilis
1576 2355 1714 2399 sum.

118 2438 234 2496 Sed
261 2436 402 2498 forte
432 2452 600 2508 prave
629 2437 959 2504 interpretor
997 2435 1198 2494 dictum
1226 2453 1236 2485 :
1270 2447 1399 2500 ergo
1427 2432 1494 2487 de
1523 2447 1716 2487 conse-

118 2531 410 2602 quentibus
449 2530 749 2582 audiamus.
794 2527 942 2588 Sicut
985 2541 1064 2582 me
1101 2527 1242 2586 misit
1274 2527 1412 2582 vivus
1460 2524 1642 2588 Pater,
1671 2531 1720 2577 et

115 2642 220 2695 ego
243 2625 354 2678 vivo
380 2640 471 2693 per
511 2621 725 2678 Putrem
761 2618 950 2689 (Ibid.,
977 2635 1023 2672 υ.
1053 2616 1173 2686 58);
1209 2618 1296 2671 ille
1328 2617 1413 2672 hic
1454 2615 1718 2672 Deitatem

112 2715 408 2783 intelligit,
439 2727 542 2783 ego
573 2711 848 2776 hominem
874 2710 1018 2769 dico.
1058 2708 1346 2770 Videamus
1373 2707 1496 2777 quis
1520 2714 1603 2761 est
1629 2721 1719 2762 sa.

115 2822 221 2860 nus
257 2806 468 2876 [Batuz.
503 2802 735 2874 scaevus]
769 2805 1070 2872 interpres:
1115 2802 1267 2857 Sicut
1299 2803 1438 2858 misit
1471 2817 1551 2856 me
1584 2803 1720 2856 vivus

118 2897 320 2962 Pater;
353 2895 439 2956 hic
465 2896 600 2956 dicit
635 2895 920 2952 hereticus
968 2893 1312 2952 Divinitatem
1359 2891 1577 2952 missam
1599 2931 1616 2956 ,
1663 2907 1721 2944 se

118 2986 366 3058 proiitcri
397 2986 566 3050 Deum
596 2985 832 3048 Verbum
867 2984 1084 3040 dicere:
1129 2983 1276 3040 Sicut
1309 2984 1448 3040 misit
1475 2999 1558 3038 me
1582 2983 1719 3047 vivus

118 3080 304 3137 Peter.
349 3078 492 3147 Ergo
517 3087 573 3138 et
613 3079 718 3135 hoc
757 3077 1058 3136 secundum
1082 3077 1228 3146 ipsos
1272 3077 1346 3128 ita
1385 3076 1490 3130 erit
1519 3075 1719 3134 intelli-

1822 513 1893 562 χι,
1926 496 2037 568 23).
2081 497 2258 563 Quare
2285 513 2395 553 non
2423 496 2557 551 dixit
2583 513 2594 548 :
2627 494 2743 549 Hoc
2771 493 2978 566 [Italum
3009 492 3146 565 haec]
3176 500 3259 548 est
3286 493 3414 548 Dei-

1821 601 1908 647 tas
1929 607 2077 658 mea,
2111 608 2230 661 quae
2269 610 2368 664 pro
2396 591 2552 647 nobis
2579 589 2787 664 [Batuz.
2815 587 2987 657 vobis]
3011 587 3416 656 confringetur?

1819 683 1889 742 Et
1931 685 2129 739 iterum
2174 692 2449 754 sumptum
2487 682 2709 738 calicem
2747 681 3062 752 porrigens,
3104 695 3214 734 non
3240 679 3414 734 dixit:

1821 775 1950 836 Hth
1978 776 2166 832 Deitas
2191 766 2312 831 mea
2329 819 2345 844 ,
2373 791 2491 844 qua:
2518 791 2617 845 pro
2640 775 2795 830 vobis
2820 772 3122 829 eil'undetur
3159 772 3212 826 in
3235 771 3423 828 remis-

1822 869 2033 923 sionem
2061 879 2437 938 peccatorum;
2465 867 2559 922 sed
2587 868 2691 922 hoc
2725 867 2895 935 magis
2921 883 2932 918 :
2967 864 3070 920 Hic
3097 873 3176 919 est
3203 864 3421 936 sanguis
3470 920 3472 922 ,

1821 975 1985 1025 meus,
2009 960 2096 1031 qui
2125 971 2219 1028 pro
2252 959 2394 1018 nobis
2425 958 2720 1028 effundetur
2756 959 2812 1012 in
2849 958 3212 1012 remissionem
3236 972 3421 1028 pecca-

1825 1061 1993 1106 torum
2015 1050 2232 1123 (Mat-Ili.
2271 1067 2431 1114 xui,
2461 1049 2575 1120 98).
2618 1049 2820 1120 Separa
2865 1058 3146 1116 naturam,
3179 1049 3276 1104 sed
3301 1049 3422 1104 uni-

1823 1145 2030 1199 tionom
2059 1143 2362 1212 coniunge;
2393 1143 2587 1197 Filium
2610 1142 2708 1198 Dei
2726 1142 2997 1197 Christum
3021 1139 3301 1203 conﬁtere,
3325 1139 3423 1196 sed

1825 1235 2018 1291 Filium
2045 1235 2345 1306 duplicem,
2377 1235 2656 1290 hominem
2680 1243 2736 1289 et
2763 1236 2929 1290 Deum
2947 1276 2960 1299 ,
2994 1243 3054 1289 ut
3097 1235 3277 1304 passio
3297 1233 3422 1303 qui-

1823 1327 1948 1384 dem
1968 1328 2216 1386 humanm
2239 1328 2526 1398 deputetur
2548 1334 2779 1392 naturae;
2811 1328 3076 1397 passionis
3109 1343 3236 1382 vero
3266 1327 3425 1382 abso-

1824 1419 1986 1485 lutio,
2020 1436 2139 1489 qum
2166 1421 2220 1474 in
2250 1420 2470 1485 homine
2497 1421 2589 1489 qui
2618 1436 2807 1488 passus
2836 1428 2919 1475 est
2947 1420 3086 1475 facta
3116 1428 3229 1486 est,
3259 1419 3426 1475 solius

1826 1513 1894 1567 sit
1925 1513 2168 1572 Deitatis.

1899 1603 1984 1660 16.
2017 1606 2152 1662 Item
2177 1605 2303 1661 alibi
2326 1609 2381 1661 in
2403 1611 2738 1679 quaternione
2758 1623 2893 1661 nono
2915 1606 3159 1660 adversus
3185 1604 3420 1659 Iudaeos-

1825 1698 2171 1769 Separantes,
2201 1701 2387 1771 inquit,
2432 1700 2706 1771 propriam
2753 1707 3062 1753 naturarum
3110 1697 3426 1766 dignitatem

1751 1793 1806 1856 B
1828 1790 2226 1859 coniunctionis
2254 1791 2430 1851 unius.

1897 1883 1986 1937 17.
2019 1882 2152 1937 Item
2181 1901 2248 1938 ea:
2291 1885 2397 1938 alio
2447 1891 2671 1938 tractatu
2715 1886 2770 1938 in
2810 1883 3146 1956 quaternionc
3185 1883 3427 1953 vigesimo

1824 1977 2024 2047 quinto.
2058 1966 2356 2046 PrOpterea
2400 1977 2525 2032 volo
2567 1992 2664 2031 vos
2705 1984 2892 2030 cautos
2921 1973 3130 2041 favere,
3162 1974 3248 2029 vel
3277 1974 3430 2046 plau-

1823 2068 1971 2123 dere.
2007 2068 2208 2127 Divisio
2242 2085 2350 2128 nou
2379 2076 2461 2124 est
2499 2068 2812 2138 coniunctio
2843 2067 3086 2134 Deitatis,
3119 2080 3297 2135 neque
3323 2081 3429 2135 po.-

1823 2161 2025 2225 tentim,
2051 2175 2173 2213 cum
2195 2160 2361 2214 Filius
2379 2159 2627 2215 Christus
2654 2168 2756 2224 est,
2783 2160 2837 2212 iu
2858 2159 2942 2214 his
2970 2159 3162 2213 divisio
3184 2174 3292 2220 non
3313 2164 3428 2224 est;

1824 2251 1877 2304 in
1907 2252 2116 2306 Deitatc
2147 2269 2276 2308 vero
2306 2262 2361 2308 et
2389 2253 2722 2308 humanitate
2771 2252 2962 2307 divisio
3005 2259 3087 2307 est
3133 2250 3430 2306 secundum

1823 2344 1967 2411 quod
2011 2351 2092 2398 est
2138 2343 2411 2410 Christus;
2456 2344 2713 2399 lndivisus
2762 2352 2845 2398 est
2891 2343 3090 2409 Filius;
3135 2342 3431 2397 secundum

1825 2435 1969 2506 quod
1993 2444 2078 2490 est
2099 2435 2286 2501 Filius,
2307 2437 2564 2492 indivisus
2585 2444 2694 2501 est;
2719 2451 2830 2492 non
2851 2436 2994 2490 enim
3015 2435 3276 2490 habemus
3297 2434 3433 2490 duos

1824 2525 2070 2584 Cbristos
2099 2535 2153 2585 et
2178 2527 2314 2582 duos
2341 2527 2535 2592 Filios,
2578 2542 2755 2600 neque
2793 2535 2876 2583 est
2917 2525 3058 2595 apud
3097 2542 3197 2580 nos
3225 2526 3430 2596 primus

1824 2617 2069 2674 Christus
2089 2627 2144 2673 et
2168 2619 2463 2687 secundus;
2497 2634 2671 2688 neque
2697 2620 2834 2674 alter
2864 2628 2918 2674 et
2937 2619 3094 2685 alter,
3126 2634 3301 2688 neque
3329 2619 3430 2676 ite-

1824 2727 1946 2766 rum
1975 2713 2110 2768 alter
2138 2712 2323 2778 Filius,
2370 2721 2425 2767 et
2466 2712 2664 2767 iterum.
2701 2712 2837 2768 alter
2881 2711 3048 2768 Filius
3092 2729 3105 2785 :_
3148 2711 3244 2770 sed
3285 2711 3429 2766 idem

1827 2803 1962 2874 ipse,
1995 2803 2112 2874 ipse
2141 2803 2306 2858 Filius
2337 2809 2420 2858 est
2459 2804 2679 2874 duplex,
2725 2819 2836 2859 non
2874 2802 3153 2872 dignitate,
3193 2801 3291 2864 sed
3328 2817 3428 2862 ua-

1825 2902 1965 2950 tura.

1899 2985 1983 3039 18.
2015 2985 2146 3040 Item
2168 2993 2506 3058 quaternione
2529 3003 2672 3052 XXVI,
2700 2987 2852 3058 quasi
2882 2986 3128 3040 adversus
3153 2985 3426 3055 Apollina-

1827 3096 1952 3132 rem.
1984 3078 2325 3145 Reverentia,
2352 3083 2548 3153 inquit,
2580 3080 2805 3136 duarum
2840 3087 3174 3143 naturarum,
3208 3078 3231 3115 ἀ
3266 3096 3428 3136 unam

119 3173 398 3242 gendum:
429 3170 497 3224 Et
534 3188 626 3240 ego
657 3169 796 3226 Deut
828 3169 1033 3240 [Βδιω.
1068 3167 1188 3237 Deil
1227 3167 1452 3224 Verbum
1490 3168 1598 3224 viro
1629 3184 1719 3237 per
1744 3168 1792 3234 C
1828 3172 2162 3241 appellamus
2196 3173 2509 3240 dignitatem
2540 3172 2690 3241 ejus,
2715 3172 2806 3240 qui
2836 3180 3064 3239 utraque
3092 3170 3389 3237 conjunxit.

121 3266 358 3324 Patrem.
405 3263 536 3320 Post
565 3265 667 3320 hoc
695 3264 840 3320 enim
867 3263 1079 3320 videtur
1099 3263 1302 3318 dictum
1326 3279 1337 3314 :
1373 3260 1445 3316 Et
1471 3263 1554 3332 qui
1577 3278 1719 3316 man-

121 3361 277 3412 ducat
310 3375 419 3423 me,
460 3367 508 3410 et
540 3357 626 3410 ille
657 3358 791 3409 vivit.
825 3355 997 3421 Quem
1026 3370 1154 3423 ergo
1185 3353 1606 3415 manducamus?
1637 3352 1720 3408 Di:-

123 3451 423 3512 viaitatem.
455 3465 525 3508 an
554 3448 805 3506 carnem?

192 3541 280 3594 15.
329 3539 462 3596 Item
500 3543 553 3594 in
593 3542 931 3612 quaternione
970 3548 1114 3593 sexto
1155 3539 1386 3610 ejusdem
1413 3539 1470 3597 in
1503 3535 1716 3603 ludum,

123 3635 368 3690 adversus
399 3635 684 3690 timeticos.
730 3632 985 3688 Libenter
1013 3632 1194 3688 hicde~
1221 3631 1323 3687 illis
1351 3632 1616 3688 haereticis
1646 3631 1721 3682 in-

122 3739 408 3797 terrogans
453 3727 794 3796 requirebam
817 3767 830 3792 ,
863 3726 955 3794 qui
1003 3726 1228 3784 Deitatis
1275 3732 1330 3780 et
1372 3724 1721 3780 humanitatis

124 3830 380 3882 naturam
403 3820 462 3880 in
486 3835 648 3874 unam
685 3830 705 3858 ε
738 3817 1062 3876 sententiam
1095 3817 1374 3874 miscendo
1403 3825 1720 3886 contempe-

124 3922 259 3978 rant,
301 3913 424 3982 quis
453 3912 540 3974 illc
573 3912 676 3965 hnc
710 3912 829 3965 loco
859 3918 968 3974 est,
1014 3910 1105 3978 qui
1137 3909 1383 3978 proditur
1412 3917 1466 3962 et
1494 3909 1724 3968 traditur

122 4002 356 4057 Iudaeis?
388 4002 444 4057 Si
474 4003 614 4057 enim
653 4001 1002 4071 temperatio,
1044 4001 1126 4052 vel
1159 4000 1417 4052 admixtio
1448 4001 1725 4068 utriusque

125 4099 262 4157 facta
297 4106 399 4162 est,
431 4105 611 4152 utrum
640 4113 670 4150 a
702 4095 900 4151 Iudaeis
928 4103 1012 4150 est
1040 4094 1284 4149 tantum?
1308 4094 1387 4148 An
1421 4093 1561 4149 Deus
1590 4093 1725 4146 Ver-

127 4190 290 4250 bum?
323 4206 400 4250 an
427 4189 776 4247 nummitatis
816 4187 1044 4244 natura?
1086 4185 1217 4251 Quia
1247 4185 1456 4258 videtur
1483 4185 1728 4242 occisus?

129 4301 293 4354 cogor
325 4285 472 4344 enim
498 4283 841 4343 interioribus
863 4282 937 4338 uti
955 4280 1314 4342 sermonibus,
1348 4286 1406 4333 ut
1439 4277 1533 4332 ﬁat
1555 4279 1730 4332 omni-

129 4378 224 4432 bus
251 4378 404 4448 qnod
439 4378 635 4431 dicitur
674 4375 1033 4430 manifestum.
1075 4372 1138 4426 in
1153 4385 1340 4441 quem,
1371 4371 1519 4426 dicas
1545 4372 1727 4437 velim,

133 4487 194 4530 ea
221 4485 350 4540 qua;
374 4478 524 4538 gesta
566 4476 692 4529 sunt
715 4509 728 4532 ,
779 4466 1012 4522 cadunt?
1052 4463 1317 4532 Numquid
1361 4464 1412 4516 in
1449 4464 1548 4521 Dei
1572 4470 1730 4518 natu—

1896 3263 1983 3317 l9.
2018 3263 2151 3318 Item
2174 3264 2297 3318 alibi
2319 3282 2383 3318 ea:
2404 3265 2509 3318 alio
2542 3273 2789 3328 tractatu,
2813 3265 2866 3317 in
2890 3264 3232 3334 quaternione
3262 3279 3426 3328 xxx",

1822 3357 1962 3420 idem
1999 3357 2063 3412 de
2106 3354 2310 3414 Christo
2359 3357 2539 3429 inquit.
2589 3356 2666 3412 De
2712 3354 2926 3415 Christo
2958 3353 3162 3427 [Butam
3212 3371 3314 3410 om.
3349 3354 3427 3412 De

1824 3449 2064 3521 Christo]
2113 3450 2327 3505 tametsi
2379 3451 2621 3504 dicamus
2669 3449 2959 3517 templum,
3008 3447 3103 3502 sed
3151 3447 3430 3504 minimca

1826 3545 2036 3603 Deitate
2061 3543 2384 3615 separabile,
2417 3550 2471 3596 et
2500 3541 2846 3611 coniunctum
2877 3541 3008 3604 Deo,
3042 3546 3213 3595 totam
3255 3538 3429 3608 possi-

1828 3636 1961 3695 dens
1991 3637 2367 3707 operationem
2405 3635 2661 3698 divinam,
2706 3640 2760 3688 et
2801 3648 2944 3688 nunc
2970 3631 3286 3702 cooitiiicem
3311 3630 3426 3697 Dei,

1828 3737 1884 3784 et
1911 3729 2054 3798 quod
2084 3743 2207 3783 cum
2233 3743 2298 3782 eo
2328 3726 2566 3784 omnium
2597 3724 2921 3780 dominetur.

1897 3819 1986 3874 20.
2022 3819 2157 3874 Item
2184 3819 2320 3874 idem
2347 3819 2400 3872 in
2431 3824 2658 3871 tractatu
2689 3816 2812 3880 alio,
2855 3817 2909 3868 in
2938 3813 2993 3867 id
3021 3813 3156 3884 quod
3181 3815 3431 3883 scriptum

1829 3921 1906 3968 εει
1946 3929 1963 3966 .'
2006 3929 2051 3966 Si
2093 3927 2299 3965 HABERE
2329 3925 2538 3971 ALIQUID
2577 3921 2923 3961 RECOBDATUS
2952 3919 3140 3959 FUERIS
3165 3918 3432 3962 ADVERSUS

1831 4019 2081 4060 FRATREM
2110 4017 2277 4064 TUUM,
2301 4000 2453 4053 veluti
2473 4006 2658 4052 contra
2682 3997 2971 4050 Itazreticos.
3008 3993 3221 4056 Audite,
3243 3994 3430 4064 inquit,

1833 4095 1987 4154 dictis
2011 4093 2203 4148 intenti
2227 4109 2239 4144 :
2271 4090 2375 4158 Qui
2400 4089 2708 4154 manducat,
2735 4087 2828 4150 ait,
2861 4100 3077 4141 carnem
3099 4099 3294 4140 meam.
3321 4083 3434 4140 Me-

1834 4193 2038 4250 mento,
2063 4181 2317 4254 quoniam
2349 4181 2416 4236 de
2443 4194 2608 4234 carne
2638 4177 2883 4246 estquod
2923 4176 3136 4232 dicitur.
3166 4175 3437 4246 Numquid

1837 4292 1866 4330 a
1896 4292 1983 4331 me
2004 4275 2181 4330 carnis
2221 4288 2416 4327 nomen
2447 4270 2750 4341 appositum
2776 4276 2875 4332 est,
2909 4275 2966 4322 ut
2999 4283 3087 4322 me
3107 4268 3245 4322 male
3268 4268 3435 4322 inter-

1837 4369 2043 4444 pretari
2091 4365 2419 4438 querantur?
2467 4363 2570 4430 Qui
2614 4361 2920 4427 manducat,
2969 4361 3160 4428 inquit,
3215 4375 3437 4415 carnem

1838 4477 2034 4527 meam,
2068 4468 2124 4515 et
2165 4458 2300 4514 bibit
2345 4456 2660 4525 sanguinein
2705 4469 2907 4510 meum.
2936 4452 3206 4522 Numquid
3253 4453 3348 4522 qui
3377 4467 3433 4508 er

130 4579 238 4620 ram
260 4607 274 4628 ,
310 4577 476 4633 quam
500 4572 730 4632 utroque
758 4559 1090 4616 confundens
1108 4599 1122 4622 ,
1155 4566 1566 4627 contemperare
1587 4571 1726 4626 νινε-υ
1755 4558 1810 4620 D
1834 4553 1970 4611 bibit
1998 4551 2312 4620 sanguinem
2339 4563 2540 4612 meum,
2562 4547 2723 4600 inme
2743 4553 2945 4612 manet,
2980 4553 3034 4599 et
3055 4559 3155 4614 ego
3185 4545 3240 4598 in
3273 4545 3374 4599 eo?

134 4657 336 4710 sumis?
364 4654 504 4722 Ergo
537 4654 771 4706 Verbum
807 4652 950 4706 Deus
989 4649 1194 4722 [Βάκι.
1222 4648 1339 4719 Dei]
1369 4650 1722 4719 capessibilis,

137 4749 218 4803 cui
247 4746 384 4803 nihil
405 4759 696 4802 commune
723 4743 778 4797 in
804 4741 1079 4798 occisione
1108 4756 1230 4797 cum
1253 4749 1433 4794 carne.
1477 4738 1562 4794 An:
1581 4755 1610 4792 a
1638 4738 1726 4793 Ju—

137 4838 260 4893 dacis
290 4839 346 4892 in
375 4837 700 4893 occisionem
741 4835 932 4890 ductus
966 4834 1080 4890 est?
1113 4831 1184 4887 Ut
1209 4832 1337 4900 quid
1361 4832 1550 4894 etiam,
1585 4838 1723 4887 tem-

136 4930 340 5000 peratis
358 4929 474 4998 jam
503 4928 743 4995 utrisque
773 4925 1008 4989 naturis,
1041 4923 1336 4980 secundum
1366 4930 1452 4985 te.
1485 4922 1726 4990 Scriptu-

138 5040 250 5080 ram
292 5038 465 5093 nuper
493 5020 794 5076 audivimus
822 5019 891 5075 de
917 5018 1118 5074 virtute
1154 5016 1474 5073 sacramenti
1503 5030 1730 5072 narran-

139 5124 264 5181 tem,
297 5130 461 5184 qnam
482 5114 740 5183 Dominus
771 5110 987 5164 tradidit
1017 5108 1296 5178 discipulis
1321 5108 1465 5170 suis,
1505 5107 1694 5164 dicens
1713 5127 1734 5162 :-

142 5204 274 5271 Quia
301 5207 359 5260 in
384 5214 658 5278 (pinnoch
670 5201 992 5267 tradebatur,
1023 5202 1282 5271 accipiens
1300 5215 1506 5270 panem,
1533 5201 1731 5269 gratias

137 5315 314 5370 agens,
349 5299 504 5370 fregit
533 5295 800 5366 discipulis
820 5296 928 5352 suis
955 5293 1164 5351 dicens:
1194 5291 1428 5360 Accipite
1454 5291 1733 5346 etman

1909 4644 1995 4697 2i.
2033 4643 2166 4696 Item
2190 4658 2255 4694 ea:
2281 4641 2386 4693 alio
2437 4647 2697 4702 tractatu,
2749 4639 3088 4710 quaternione
3134 4652 3277 4688 χιιι.
3324 4633 3438 4689 Hoc

1837 4747 2018 4798 autem
2081 4735 2220 4799 dico,
2268 4741 2327 4786 ut
2374 4730 2650 4795 noveritis,
2701 4745 2864 4798 quam
2911 4725 3347 4798 superexccllens
3384 4731 3440 4777 ct

1837 4843 2048 4885 summa
2076 4825 2319 4897 quredam
2367 4822 2590 4876 Deitatis
2638 4818 2948 4886 conjunctio
2978 4816 3244 4874 existebat
3272 4814 3439 4870 etiam

1840 4923 1898 4976 in
1926 4919 2127 4974 infante
2148 4917 2287 4986 ipso,
2321 4929 2445 4970 cum
2473 4911 2750 4967 Dominica
2783 4924 2909 4963 caro
2933 4908 3282 4978 conspicitur.
3309 4905 3442 4959 Erat

1843 5014 1985 5067 enim
2016 5011 2133 5079 ipse
2164 5017 2220 5063 et
2249 5008 2440 5071 infans,
2475 5013 2530 5059 et
2560 5003 2776 5056 infantis
2805 5002 2970 5071 ipsius
2998 4999 3273 5058 Dominus.
3299 4997 3440 5052 Lau-

1841 5103 2009 5158 dastis
2030 5117 2238 5165 vocem,
2265 5100 2359 5155 sed
2379 5097 2675 5152 indiscusse
2705 5094 2832 5148 nolo
2861 5093 3104 5160 faveatis,
3131 5092 3240 5146 dixi
3262 5091 3436 5146 enim:

1840 5199 1959 5270 Ipse
1989 5205 2104 5252 erat
2125 5195 2327 5260 infans,
2353 5201 2407 5247 et
2436 5188 2654 5244 iniantis
2681 5187 2972 5242 habitator.

1915 5290 2050 5346 Item
2088 5306 2152 5343 ea:
2178 5288 2342 5342 altera
2375 5282 2578 5349 codice,
2611 5280 2944 5353 mutet-itione
2971 5295 3034 5346 ιι,
3077 5277 3233 5332 ueluti
3259 5280 3445 5330 contra

1313 5381 1868 5445 CASTIGATHJNES
1902 5385 1991 5438 ET
2031 5379 2261 5437 NOTE.

213 5499 236 5524 ἰ
269 5488 331 5541 Β.
366 5486 461 5540 Dei
487 5500 708 5554 namque
736 5489 944 5535 natura.

129 5553 131 5558 “
209 5558 238 5597 δ
262 5558 324 5611 Β.
349 5558 437 5613 hie
466 5549 644 5611 addit}
670 5554 800 5675 εὗρε
840 5569 1016 5608 omnes
1045 5553 1139 5608 has
1160 5567 1273 5625 qua:
1302 5549 1548 5606 omnibus
1568 5567 1599 5604 a
1623 5553 1740 5675 [or-

143 5631 343 5675 tissimn
372 5637 419 5675 ρῑ
449 5628 667 5675 benigno
743 5625 914 5675 omina
937 5622 1284 5675 gubernantur
1309 5622 1536 5675 lttcretici
1558 5621 1620 5674 de
1656 5623 1740 5675 ili-

143 5631 343 5684 tissimo
372 5637 419 5682 et
449 5628 667 5698 benigno
692 5621 914 5698 Domitio
936 5621 1284 5698 gubernantur
1309 5622 1536 5675 luci-elici
1558 5621 1742 5698 debili-

145 5710 256 5781 tunt
277 5710 426 5784 atque
451 5693 829 5754 εοηιῗειιιιπιρ-
849 5693 996 5750 Hanc
1018 5695 1308 5766 periconcn
1337 5700 1556 5748 revocat
1578 5693 1741 5747 Baiu-

144 5772 278 5833 zius.
311 5770 461 5826 Eon.

1920 5489 1943 5516 ο
1975 5474 2269 5531 Garnerius
2298 5478 2452 5542 putat
2480 5470 2764 5538 legendum
2794 5466 3140 5522 substantiam
3167 5484 3183 5519 :
3207 5465 3292 5521 sui
3320 5480 3448 5521 con—

1851 5549 2069 5593 ίοριιιιιειι
2101 5562 2206 5593 non
2235 5545 2338 5593 nisi
2368 5541 2529 5593 dnhie
2558 5540 2782 5593 assentit
2806 5539 3073 5593 Balnzins.
3107 5537 3261 5593 Enn.

1843 5549 2069 5622 jectura:
2099 5562 2206 5601 non
2235 5539 2339 5600 nisi
2368 5541 2529 5599 dubie
2558 5540 2782 5600 assentit
2806 5539 3073 5620 Baluzins.
3107 5539 3261 5594 Enn.

1847 5691 1891 5746 Ε
1920 5617 1945 5656 ἀ
1978 5618 2159 5674 Baluz.
2217 5613 2336 5674 Una
2379 5620 2589 5686 propter
2636 5611 2940 5683 dignitatem
2987 5627 3117 5682 ejus,
3166 5609 3285 5682 qui,
3333 5615 3442 5668 etc.

1893 5705 2004 5746 nn.

1893 5705 2004 5747 Dl‘l’.
