  <div class='ocr_page' id='page_1' title='image "/cluster/home/n/w/nwhite01/storage/ocr_20150623/48/hvd.32044015471535/459.png"; bbox 0 0 3982 6278; ppageno 0'>
   <div class='ocr_carea' id='block_1_1' title="bbox 508 339 617 398">
    <p class='ocr_par' dir='ltr' id='par_1_1' title="bbox 508 339 617 398">
     <span class='ocr_line' id='line_1_1' title="bbox 508 339 617 398; baseline 0.018 -2"><span class='ocrx_word' id='word_1_1' title='bbox 508 339 617 398; x_wconf 74' lang='grc'><strong>905</strong></span> 
     </span>
    </p>
   </div>
   <div class='ocr_carea' id='block_1_2' title="bbox 1022 306 3276 390">
    <p class='ocr_par' dir='ltr' id='par_1_2' title="bbox 1022 306 3276 390">
     <span class='ocr_line' id='line_1_2' title="bbox 1022 306 3276 390; baseline -0.013 0"><span class='ocrx_word' id='word_1_2' title='bbox 1022 328 1215 390; x_wconf 76' lang='lat' dir='ltr'><strong>MAR&quot;</strong></span> <span class='ocrx_word' id='word_1_3' title='bbox 1250 324 1690 388; x_wconf 78' lang='lat' dir='ltr'><strong>MERCATORIS</strong></span> <span class='ocrx_word' id='word_1_4' title='bbox 1728 315 2296 381; x_wconf 76' lang='lat' dir='ltr'><strong>TRANSLATIONES</strong></span> <span class='ocrx_word' id='word_1_5' title='bbox 2334 312 2706 375; x_wconf 78' lang='lat' dir='ltr'><strong>VARIOBUM</strong></span> <span class='ocrx_word' id='word_1_6' title='bbox 2745 306 3276 371; x_wconf 77' lang='lat' dir='ltr'><strong>OPUSCULORUM.</strong></span> 
     </span>
    </p>
   </div>
   <div class='ocr_carea' id='block_1_3' title="bbox 3680 305 3793 365">
    <p class='ocr_par' dir='ltr' id='par_1_3' title="bbox 3680 305 3793 365">
     <span class='ocr_line' id='line_1_3' title="bbox 3680 305 3793 365; baseline 0 0"><span class='ocrx_word' id='word_1_7' title='bbox 3680 305 3793 365; x_wconf 67' lang='grc' dir='ltr'><strong>θοι</strong></span> 
     </span>
    </p>
   </div>
   <div class='ocr_carea' id='block_1_4' title="bbox 511 418 3803 518">
    <p class='ocr_par' dir='ltr' id='par_1_4' title="bbox 511 418 3803 518">
     <span class='ocr_line' id='line_1_4' title="bbox 511 418 3803 518; baseline -0.011 -8"><span class='ocrx_word' id='word_1_8' title='bbox 511 454 736 510; x_wconf 77' lang='lat' dir='ltr'><strong>Ananos</strong></span> <span class='ocrx_word' id='word_1_9' title='bbox 755 456 805 506; x_wconf 81' lang='lat' dir='ltr'><strong>et</strong></span> <span class='ocrx_word' id='word_1_10' title='bbox 825 448 1252 505; x_wconf 78' lang='lat' dir='ltr'><strong>Macedonianos.</strong></span> <span class='ocrx_word' id='word_1_11' title='bbox 1279 446 1628 518; x_wconf 82' lang='lat' dir='ltr'><strong>Ampliorem,</strong></span> <span class='ocrx_word' id='word_1_12' title='bbox 1649 440 1835 513; x_wconf 86' lang='lat' dir='ltr'><strong>inquit,</strong></span> <span class='ocrx_word' id='word_1_13' title='bbox 1863 438 1917 494; x_wconf 92' lang='lat' dir='ltr'><strong>in</strong></span> <span class='ocrx_word' id='word_1_14' title='bbox 1944 435 2102 493; x_wconf 85' lang='lat' dir='ltr'><strong>Chri-</strong></span> <span class='ocrx_word' id='word_1_15' title='bbox 2125 439 2181 500; x_wconf 74' lang='grc' dir='ltr'><strong>Α</strong></span> <span class='ocrx_word' id='word_1_16' title='bbox 2205 434 2409 506; x_wconf 89' lang='lat' dir='ltr'><strong>Spiritu</strong></span> <span class='ocrx_word' id='word_1_17' title='bbox 2435 431 2535 487; x_wconf 85' lang='lat' dir='ltr'><strong>Dei</strong></span> <span class='ocrx_word' id='word_1_18' title='bbox 2553 429 2705 503; x_wconf 76' lang='lat' dir='ltr'><strong>ejicio</strong></span> <span class='ocrx_word' id='word_1_19' title='bbox 2731 426 2990 484; x_wconf 74' lang='grc' dir='ltr'><strong>άωηιθηία</strong></span> <span class='ocrx_word' id='word_1_20' title='bbox 3012 422 3164 518; x_wconf 71' lang='lat' dir='ltr'><strong>(Luc.</strong></span> <span class='ocrx_word' id='word_1_21' title='bbox 3188 438 3261 518; x_wconf 77' lang='lat' dir='ltr'><strong>xi,</strong></span> <span class='ocrx_word' id='word_1_22' title='bbox 3283 419 3398 493; x_wconf 80' lang='lat'><strong>20);</strong></span> <span class='ocrx_word' id='word_1_23' title='bbox 3532 418 3650 518; x_wconf 81' lang='lat' dir='ltr'><strong>ejus</strong></span> <span class='ocrx_word' id='word_1_24' title='bbox 3676 436 3803 518; x_wconf 83' lang='lat' dir='ltr'><strong>car-</strong></span> 
     </span>
    </p>
   </div>
   <div class='ocr_carea' id='block_1_5' title="bbox 513 528 2102 613">
    <p class='ocr_par' dir='ltr' id='par_1_5' title="bbox 513 528 2102 613">
     <span class='ocr_line' id='line_1_5' title="bbox 513 528 2102 613; baseline -0.013 -11"><span class='ocrx_word' id='word_1_25' title='bbox 513 552 658 602; x_wconf 79' lang='lat' dir='ltr'><strong>stum</strong></span> <span class='ocrx_word' id='word_1_26' title='bbox 677 542 921 613; x_wconf 92' lang='lat' dir='ltr'><strong>injuriam</strong></span> <span class='ocrx_word' id='word_1_27' title='bbox 951 541 1340 611; x_wconf 76' lang='lat' dir='ltr'><strong>excogitantes,</strong></span> <span class='ocrx_word' id='word_1_28' title='bbox 1363 537 1624 608; x_wconf 80' lang='lat' dir='ltr'><strong>Spiritum</strong></span> <span class='ocrx_word' id='word_1_29' title='bbox 1641 539 1886 589; x_wconf 90' lang='lat' dir='ltr'><strong>sanctum</strong></span> <span class='ocrx_word' id='word_1_30' title='bbox 1913 544 1942 584; x_wconf 88' lang='lat' dir='ltr'><strong>a</strong></span> <span class='ocrx_word' id='word_1_31' title='bbox 1963 528 2102 584; x_wconf 86' lang='lat' dir='ltr'><strong>divi-</strong></span> 
     </span>
    </p>
   </div>
   <div class='ocr_carea' id='block_1_6' title="bbox 513 624 2106 706">
    <p class='ocr_par' dir='ltr' id='par_1_6' title="bbox 513 624 2106 706">
     <span class='ocr_line' id='line_1_6' title="bbox 513 624 2106 706; baseline -0.011 -11"><span class='ocrx_word' id='word_1_32' title='bbox 513 655 584 695; x_wconf 86' lang='lat' dir='ltr'><strong>na</strong></span> <span class='ocrx_word' id='word_1_33' title='bbox 620 638 889 694; x_wconf 81' lang='lat' dir='ltr'><strong>dissecant</strong></span> <span class='ocrx_word' id='word_1_34' title='bbox 917 645 1137 701; x_wconf 89' lang='lat' dir='ltr'><strong>natura,</strong></span> <span class='ocrx_word' id='word_1_35' title='bbox 1169 636 1263 706; x_wconf 88' lang='lat' dir='ltr'><strong>qui</strong></span> <span class='ocrx_word' id='word_1_36' title='bbox 1287 634 1403 704; x_wconf 89' lang='lat' dir='ltr'><strong>ejus</strong></span> <span class='ocrx_word' id='word_1_37' title='bbox 1431 629 1818 688; x_wconf 73' lang='lat' dir='ltr'><strong>humanitatem</strong></span> <span class='ocrx_word' id='word_1_38' title='bbox 1858 624 2106 696; x_wconf 80' lang='lat' dir='ltr'><strong>ﬁguravit</strong></span> 
     </span>
    </p>
   </div>
   <div class='ocr_carea' id='block_1_7' title="bbox 513 717 2104 801">
    <p class='ocr_par' dir='ltr' id='par_1_7' title="bbox 513 717 2104 801">
     <span class='ocr_line' id='line_1_7' title="bbox 513 717 2104 801; baseline -0.012 -11"><span class='ocrx_word' id='word_1_39' title='bbox 513 735 573 790; x_wconf 91' lang='lat' dir='ltr'><strong>in</strong></span> <span class='ocrx_word' id='word_1_40' title='bbox 594 742 752 789; x_wconf 91' lang='lat' dir='ltr'><strong>utero</strong></span> <span class='ocrx_word' id='word_1_41' title='bbox 775 731 1010 801; x_wconf 73' lang='lat' dir='ltr'><strong>Virginis</strong></span> <span class='ocrx_word' id='word_1_42' title='bbox 1035 749 1048 784; x_wconf 88' lang='lat'><strong>:</strong></span> <span class='ocrx_word' id='word_1_43' title='bbox 1080 728 1232 794; x_wconf 85' lang='lat' dir='ltr'><strong><em>Quod</em></strong></span> <span class='ocrx_word' id='word_1_44' title='bbox 1269 730 1426 794; x_wconf 89' lang='lat' dir='ltr'><strong>enim,</strong></span> <span class='ocrx_word' id='word_1_45' title='bbox 1455 725 1629 796; x_wconf 85' lang='lat' dir='ltr'><strong>inquit</strong></span> <span class='ocrx_word' id='word_1_46' title='bbox 1655 722 1952 792; x_wconf 82' lang='lat' dir='ltr'><strong>Scriptura,</strong></span> <span class='ocrx_word' id='word_1_47' title='bbox 1981 717 2104 773; x_wconf 80' lang='lat' dir='ltr'><strong>inde</strong></span> 
     </span>
    </p>
   </div>
   <div class='ocr_carea' id='block_1_8' title="bbox 515 809 2104 894">
    <p class='ocr_par' dir='ltr' id='par_1_8' title="bbox 515 809 2104 894">
     <span class='ocr_line' id='line_1_8' title="bbox 515 809 2104 894; baseline -0.009 -15"><span class='ocrx_word' id='word_1_48' title='bbox 515 833 698 879; x_wconf 89' lang='lat' dir='ltr'><strong>natum</strong></span> <span class='ocrx_word' id='word_1_49' title='bbox 732 833 838 887; x_wconf 88' lang='lat' dir='ltr'><strong>est,</strong></span> <span class='ocrx_word' id='word_1_50' title='bbox 882 822 945 877; x_wconf 82' lang='lat' dir='ltr'><strong>de</strong></span> <span class='ocrx_word' id='word_1_51' title='bbox 975 821 1176 894; x_wconf 82' lang='lat' dir='ltr'><strong>Spiritu</strong></span> <span class='ocrx_word' id='word_1_52' title='bbox 1216 828 1395 875; x_wconf 86' lang='lat' dir='ltr'><strong>sancto</strong></span> <span class='ocrx_word' id='word_1_53' title='bbox 1423 826 1500 873; x_wconf 89' lang='lat' dir='ltr'><strong>est</strong></span> <span class='ocrx_word' id='word_1_54' title='bbox 1529 814 1753 888; x_wconf 78' lang='lat' dir='ltr'><strong>(Matth.</strong></span> <span class='ocrx_word' id='word_1_55' title='bbox 1779 829 1827 876; x_wconf 86' lang='grc' dir='ltr'><strong>ι,</strong></span> <span class='ocrx_word' id='word_1_56' title='bbox 1858 811 1982 882; x_wconf 82' lang='lat'><strong>20);</strong></span> <span class='ocrx_word' id='word_1_57' title='bbox 2011 809 2104 880; x_wconf 86' lang='lat' dir='ltr'><strong>qui</strong></span> 
     </span>
    </p>
   </div>
   <div class='ocr_carea' id='block_1_9' title="bbox 514 900 2102 982">
    <p class='ocr_par' dir='ltr' id='par_1_9' title="bbox 514 900 2102 982">
     <span class='ocr_line' id='line_1_9' title="bbox 514 900 2102 982; baseline -0.012 -11"><span class='ocrx_word' id='word_1_58' title='bbox 514 914 812 971; x_wconf 82' lang='lat' dir='ltr'><strong>secundum</strong></span> <span class='ocrx_word' id='word_1_59' title='bbox 843 912 1104 982; x_wconf 90' lang='lat' dir='ltr'><strong>justitiam</strong></span> <span class='ocrx_word' id='word_1_60' title='bbox 1143 910 1287 980; x_wconf 89' lang='lat' dir='ltr'><strong>quod</strong></span> <span class='ocrx_word' id='word_1_61' title='bbox 1328 910 1615 978; x_wconf 82' lang='lat' dir='ltr'><strong>figuratum</strong></span> <span class='ocrx_word' id='word_1_62' title='bbox 1640 911 1724 960; x_wconf 88' lang='lat' dir='ltr'><strong>est</strong></span> <span class='ocrx_word' id='word_1_63' title='bbox 1752 900 2102 958; x_wconf 76' lang='lat' dir='ltr'><strong>reformavit:</strong></span> 
     </span>
    </p>
   </div>
   <div class='ocr_carea' id='block_1_10' title="bbox 517 994 2108 1077">
    <p class='ocr_par' dir='ltr' id='par_1_10' title="bbox 517 994 2108 1077">
     <span class='ocr_line' id='line_1_10' title="bbox 517 994 2108 1077; baseline -0.009 -16"><span class='ocrx_word' id='word_1_64' title='bbox 517 1005 858 1077; x_wconf 71' lang='lat' dir='ltr'><strong>Manifestum</strong></span> <span class='ocrx_word' id='word_1_65' title='bbox 876 1005 1034 1071; x_wconf 86' lang='lat' dir='ltr'><strong>enim,</strong></span> <span class='ocrx_word' id='word_1_66' title='bbox 1067 1003 1257 1073; x_wconf 90' lang='lat' dir='ltr'><strong>inquit,</strong></span> <span class='ocrx_word' id='word_1_67' title='bbox 1297 1004 1354 1057; x_wconf 91' lang='lat' dir='ltr'><strong>in</strong></span> <span class='ocrx_word' id='word_1_68' title='bbox 1383 1018 1554 1067; x_wconf 88' lang='lat' dir='ltr'><strong>carne,</strong></span> <span class='ocrx_word' id='word_1_69' title='bbox 1578 999 1929 1071; x_wconf 85' lang='lat' dir='ltr'><strong>justificatum</strong></span> <span class='ocrx_word' id='word_1_70' title='bbox 1954 1003 2032 1048; x_wconf 91' lang='lat' dir='ltr'><strong>est</strong></span> <span class='ocrx_word' id='word_1_71' title='bbox 2051 994 2108 1047; x_wconf 91' lang='lat' dir='ltr'><strong>in</strong></span> 
     </span>
    </p>
   </div>
   <div class='ocr_carea' id='block_1_11' title="bbox 518 1086 2108 1170">
    <p class='ocr_par' dir='ltr' id='par_1_11' title="bbox 518 1086 2108 1170">
     <span class='ocr_line' id='line_1_11' title="bbox 518 1086 2108 1170; baseline -0.008 -16"><span class='ocrx_word' id='word_1_72' title='bbox 518 1098 720 1170; x_wconf 81' lang='lat' dir='ltr'><strong>Spiritu</strong></span> <span class='ocrx_word' id='word_1_73' title='bbox 749 1098 804 1170; x_wconf 86' lang='grc' dir='ltr'><strong>(Ι</strong></span> <span class='ocrx_word' id='word_1_74' title='bbox 836 1099 969 1153; x_wconf 85' lang='lat' dir='ltr'><strong>Tim.</strong></span> <span class='ocrx_word' id='word_1_75' title='bbox 994 1115 1078 1164; x_wconf 89' lang='grc' dir='ltr'><strong>ιιι,</strong></span> <span class='ocrx_word' id='word_1_76' title='bbox 1112 1095 1233 1167; x_wconf 87' lang='grc'><strong>16);</strong></span> <span class='ocrx_word' id='word_1_77' title='bbox 1257 1097 1348 1166; x_wconf 89' lang='lat' dir='ltr'><strong>qui</strong></span> <span class='ocrx_word' id='word_1_78' title='bbox 1372 1111 1497 1152; x_wconf 90' lang='lat' dir='ltr'><strong>eum</strong></span> <span class='ocrx_word' id='word_1_79' title='bbox 1523 1091 1820 1149; x_wconf 85' lang='lat' dir='ltr'><strong>terribilem</strong></span> <span class='ocrx_word' id='word_1_80' title='bbox 1847 1097 1902 1144; x_wconf 87' lang='lat' dir='ltr'><strong>et</strong></span> <span class='ocrx_word' id='word_1_81' title='bbox 1921 1086 2108 1144; x_wconf 91' lang='lat' dir='ltr'><strong>formi-</strong></span> 
     </span>
    </p>
   </div>
   <div class='ocr_carea' id='block_1_12' title="bbox 516 1179 2108 1257">
    <p class='ocr_par' dir='ltr' id='par_1_12' title="bbox 516 1179 2108 1257">
     <span class='ocr_line' id='line_1_12' title="bbox 516 1179 2108 1257; baseline -0.009 -12"><span class='ocrx_word' id='word_1_82' title='bbox 516 1189 751 1246; x_wconf 88' lang='lat' dir='ltr'><strong>dabilem</strong></span> <span class='ocrx_word' id='word_1_83' title='bbox 777 1190 1111 1246; x_wconf 63' lang='lat' dir='ltr'><strong>damonibus</strong></span> <span class='ocrx_word' id='word_1_84' title='bbox 1163 1187 1396 1244; x_wconf 82' lang='lat' dir='ltr'><strong>faciebat</strong></span> <span class='ocrx_word' id='word_1_85' title='bbox 1431 1205 1446 1241; x_wconf 89' lang='lat'><strong>:</strong></span> <span class='ocrx_word' id='word_1_86' title='bbox 1482 1185 1597 1257; x_wconf 85' lang='lat' dir='ltr'><strong>Ego</strong></span> <span class='ocrx_word' id='word_1_87' title='bbox 1623 1183 1778 1245; x_wconf 89' lang='lat' dir='ltr'><strong>enim,</strong></span> <span class='ocrx_word' id='word_1_88' title='bbox 1829 1179 2020 1248; x_wconf 87' lang='lat' dir='ltr'><strong>inquit,</strong></span> <span class='ocrx_word' id='word_1_89' title='bbox 2054 1179 2108 1230; x_wconf 87' lang='lat' dir='ltr'><strong>in</strong></span> 
     </span>
    </p>
   </div>
   <div class='ocr_carea' id='block_1_13' title="bbox 2207 513 3805 595">
    <p class='ocr_par' dir='ltr' id='par_1_13' title="bbox 2207 513 3805 595">
     <span class='ocr_line' id='line_1_13' title="bbox 2207 513 3805 595; baseline -0.007 -13"><span class='ocrx_word' id='word_1_90' title='bbox 2207 542 2331 582; x_wconf 89' lang='lat' dir='ltr'><strong>nem</strong></span> <span class='ocrx_word' id='word_1_91' title='bbox 2358 524 2619 595; x_wconf 84' lang='lat' dir='ltr'><strong>templum</strong></span> <span class='ocrx_word' id='word_1_92' title='bbox 2644 530 2730 578; x_wconf 87' lang='lat' dir='ltr'><strong>est</strong></span> <span class='ocrx_word' id='word_1_93' title='bbox 2755 521 3044 576; x_wconf 88' lang='lat' dir='ltr'><strong>fabricatus</strong></span> <span class='ocrx_word' id='word_1_94' title='bbox 3069 535 3082 570; x_wconf 91' lang='lat'><strong>:</strong></span> <span class='ocrx_word' id='word_1_95' title='bbox 3114 516 3239 571; x_wconf 83' lang='lat' dir='ltr'><strong><em>Vidi</em></strong></span> <span class='ocrx_word' id='word_1_96' title='bbox 3257 517 3394 570; x_wconf 87' lang='lat' dir='ltr'><strong>enim</strong></span> <span class='ocrx_word' id='word_1_97' title='bbox 3419 513 3696 586; x_wconf 76' lang='lat' dir='ltr'><strong>Spiritum,</strong></span> <span class='ocrx_word' id='word_1_98' title='bbox 3718 514 3805 571; x_wconf 89' lang='lat' dir='ltr'><strong>in-</strong></span> 
     </span>
    </p>
   </div>
   <div class='ocr_carea' id='block_1_14' title="bbox 2207 610 3806 691">
    <p class='ocr_par' dir='ltr' id='par_1_14' title="bbox 2207 610 3806 691">
     <span class='ocr_line' id='line_1_14' title="bbox 2207 610 3806 691; baseline -0.007 -15"><span class='ocrx_word' id='word_1_99' title='bbox 2207 621 2345 691; x_wconf 83' lang='lat' dir='ltr'><strong>quit,</strong></span> <span class='ocrx_word' id='word_1_100' title='bbox 2365 617 2758 674; x_wconf 71' lang='lat' dir='ltr'><strong>descendentem</strong></span> <span class='ocrx_word' id='word_1_101' title='bbox 2778 623 3045 687; x_wconf 79' lang='lat' dir='ltr'><strong>tamquam</strong></span> <span class='ocrx_word' id='word_1_102' title='bbox 3089 610 3380 666; x_wconf 78' lang='lat' dir='ltr'><strong>columbam</strong></span> <span class='ocrx_word' id='word_1_103' title='bbox 3416 617 3467 664; x_wconf 91' lang='lat' dir='ltr'><strong>et</strong></span> <span class='ocrx_word' id='word_1_104' title='bbox 3508 617 3806 665; x_wconf 69' lang='lat' dir='ltr'><strong>metientem</strong></span> 
     </span>
    </p>
   </div>
   <div class='ocr_carea' id='block_1_15' title="bbox 2208 702 3806 784">
    <p class='ocr_par' dir='ltr' id='par_1_15' title="bbox 2208 702 3806 784">
     <span class='ocr_line' id='line_1_15' title="bbox 2208 702 3806 784; baseline -0.006 -16"><span class='ocrx_word' id='word_1_105' title='bbox 2208 728 2361 784; x_wconf 90' lang='lat' dir='ltr'><strong>super</strong></span> <span class='ocrx_word' id='word_1_106' title='bbox 2387 726 2504 765; x_wconf 90' lang='lat' dir='ltr'><strong>eum</strong></span> <span class='ocrx_word' id='word_1_107' title='bbox 2525 707 2708 781; x_wconf 80' lang='lat' dir='ltr'><strong>(Joan.</strong></span> <span class='ocrx_word' id='word_1_108' title='bbox 2729 723 2777 774; x_wconf 86' lang='grc' dir='ltr'><strong>ι,</strong></span> <span class='ocrx_word' id='word_1_109' title='bbox 2801 705 2924 777; x_wconf 75' lang='grc'><strong>52);</strong></span> <span class='ocrx_word' id='word_1_110' title='bbox 2945 705 3039 774; x_wconf 88' lang='lat' dir='ltr'><strong>qui</strong></span> <span class='ocrx_word' id='word_1_111' title='bbox 3058 704 3110 759; x_wconf 90' lang='lat' dir='ltr'><strong>ei</strong></span> <span class='ocrx_word' id='word_1_112' title='bbox 3137 703 3188 758; x_wconf 89' lang='lat' dir='ltr'><strong>in</strong></span> <span class='ocrx_word' id='word_1_113' title='bbox 3209 702 3406 758; x_wconf 73' lang='lat' dir='ltr'><strong>cmlum</strong></span> <span class='ocrx_word' id='word_1_114' title='bbox 3433 702 3806 758; x_wconf 83' lang='lat' dir='ltr'><strong>ascensionem</strong></span> 
     </span>
    </p>
   </div>
   <div class='ocr_carea' id='block_1_16' title="bbox 2209 792 3808 870">
    <p class='ocr_par' dir='ltr' id='par_1_16' title="bbox 2209 792 3808 870">
     <span class='ocr_line' id='line_1_16' title="bbox 2209 792 3808 870; baseline -0.006 -12"><span class='ocrx_word' id='word_1_115' title='bbox 2209 801 2467 858; x_wconf 88' lang='lat' dir='ltr'><strong>donavit:</strong></span> <span class='ocrx_word' id='word_1_116' title='bbox 2490 799 2814 870; x_wconf 76' lang='lat' dir='ltr'><strong>Prwcipiens</strong></span> <span class='ocrx_word' id='word_1_117' title='bbox 2832 798 2992 861; x_wconf 88' lang='lat' dir='ltr'><strong>enim,</strong></span> <span class='ocrx_word' id='word_1_118' title='bbox 3025 794 3201 864; x_wconf 89' lang='lat' dir='ltr'><strong>inquit</strong></span> <span class='ocrx_word' id='word_1_119' title='bbox 3235 792 3532 864; x_wconf 79' lang='lat' dir='ltr'><strong>Scriptura,</strong></span> <span class='ocrx_word' id='word_1_120' title='bbox 3556 793 3808 864; x_wconf 74' lang='lat' dir='ltr'><strong>apostolis</strong></span> 
     </span>
    </p>
   </div>
   <div class='ocr_carea' id='block_1_17' title="bbox 2212 885 3807 967">
    <p class='ocr_par' dir='ltr' id='par_1_17' title="bbox 2212 885 3807 967">
     <span class='ocr_line' id='line_1_17' title="bbox 2212 885 3807 967; baseline -0.005 -18"><span class='ocrx_word' id='word_1_121' title='bbox 2212 911 2336 967; x_wconf 88' lang='lat' dir='ltr'><strong>quos</strong></span> <span class='ocrx_word' id='word_1_122' title='bbox 2362 893 2516 966; x_wconf 77' lang='lat' dir='ltr'><strong><em>elegit</em></strong></span> <span class='ocrx_word' id='word_1_123' title='bbox 2543 908 2635 964; x_wconf 88' lang='lat' dir='ltr'><strong>per</strong></span> <span class='ocrx_word' id='word_1_124' title='bbox 2662 890 2920 963; x_wconf 80' lang='lat' dir='ltr'><strong>Spiritum</strong></span> <span class='ocrx_word' id='word_1_125' title='bbox 2948 895 3185 944; x_wconf 86' lang='lat' dir='ltr'><strong>sanctum</strong></span> <span class='ocrx_word' id='word_1_126' title='bbox 3202 927 3216 952; x_wconf 89' lang='lat'><strong>,</strong></span> <span class='ocrx_word' id='word_1_127' title='bbox 3263 885 3491 942; x_wconf 81' lang='lat' dir='ltr'><strong>elevatus</strong></span> <span class='ocrx_word' id='word_1_128' title='bbox 3528 887 3585 940; x_wconf 87' lang='lat' dir='ltr'><strong>in</strong></span> <span class='ocrx_word' id='word_1_129' title='bbox 3613 885 3807 952; x_wconf 68' lang='grc' dir='ltr'><strong>ρωιαιι</strong></span> 
     </span>
    </p>
   </div>
   <div class='ocr_carea' id='block_1_18' title="bbox 2208 978 3808 1057">
    <p class='ocr_par' dir='ltr' id='par_1_18' title="bbox 2208 978 3808 1057">
     <span class='ocr_line' id='line_1_18' title="bbox 2208 978 3808 1057; baseline -0.004 -16"><span class='ocrx_word' id='word_1_130' title='bbox 2208 995 2285 1041; x_wconf 81' lang='lat' dir='ltr'><strong>est</strong></span> <span class='ocrx_word' id='word_1_131' title='bbox 2308 986 2444 1057; x_wconf 80' lang='lat' dir='ltr'><strong>(Act.</strong></span> <span class='ocrx_word' id='word_1_132' title='bbox 2468 1001 2514 1051; x_wconf 89' lang='grc' dir='ltr'><strong>ι,</strong></span> <span class='ocrx_word' id='word_1_133' title='bbox 2537 983 2616 1055; x_wconf 90' lang='lat'><strong>2).</strong></span> <span class='ocrx_word' id='word_1_134' title='bbox 2639 982 2758 1048; x_wconf 83' lang='lat' dir='ltr'><strong>llic,</strong></span> <span class='ocrx_word' id='word_1_135' title='bbox 2785 982 3022 1052; x_wconf 88' lang='lat' dir='ltr'><strong>inquam,</strong></span> <span class='ocrx_word' id='word_1_136' title='bbox 3037 978 3290 1051; x_wconf 89' lang='lat' dir='ltr'><strong>Spiritus,</strong></span> <span class='ocrx_word' id='word_1_137' title='bbox 3313 978 3408 1047; x_wconf 91' lang='lat' dir='ltr'><strong>qui</strong></span> <span class='ocrx_word' id='word_1_138' title='bbox 3426 986 3538 1032; x_wconf 90' lang='lat' dir='ltr'><strong>tam</strong></span> <span class='ocrx_word' id='word_1_139' title='bbox 3557 991 3808 1048; x_wconf 84' lang='lat' dir='ltr'><strong>magnam</strong></span> 
     </span>
    </p>
   </div>
   <div class='ocr_carea' id='block_1_19' title="bbox 2209 1073 3574 1149">
    <p class='ocr_par' dir='ltr' id='par_1_19' title="bbox 2209 1073 3574 1149">
     <span class='ocr_line' id='line_1_19' title="bbox 2209 1073 3574 1149; baseline -0.004 -15"><span class='ocrx_word' id='word_1_140' title='bbox 2209 1079 2436 1149; x_wconf 88' lang='lat' dir='ltr'><strong>gloriam</strong></span> <span class='ocrx_word' id='word_1_141' title='bbox 2465 1077 2708 1144; x_wconf 89' lang='lat' dir='ltr'><strong>donavit,</strong></span> <span class='ocrx_word' id='word_1_142' title='bbox 2739 1090 2862 1133; x_wconf 85' lang='lat' dir='ltr'><strong>esse</strong></span> <span class='ocrx_word' id='word_1_143' title='bbox 2890 1075 2958 1131; x_wconf 91' lang='lat' dir='ltr'><strong>ab</strong></span> <span class='ocrx_word' id='word_1_144' title='bbox 2984 1075 3070 1131; x_wconf 89' lang='lat' dir='ltr'><strong>his</strong></span> <span class='ocrx_word' id='word_1_145' title='bbox 3097 1073 3356 1130; x_wconf 89' lang='lat' dir='ltr'><strong>asseritur</strong></span> <span class='ocrx_word' id='word_1_146' title='bbox 3381 1088 3574 1129; x_wconf 86' lang='lat' dir='ltr'><strong>servus</strong></span> 
     </span>
    </p>
   </div>
   <div class='ocr_carea' id='block_1_20' title="bbox 523 1287 3799 1328">
    <p class='ocr_par' dir='ltr' id='par_1_20' title="bbox 523 1287 3799 1328">
     <span class='ocr_line' id='line_1_20' title="bbox 523 1287 3799 1328; baseline -0.005 -5"><span class='ocrx_word' id='word_1_147' title='bbox 523 1287 3799 1328; x_wconf 55' lang='grc' dir='ltr'><em>ΜΝ</em></span> 
     </span>
    </p>
   </div>
   <div class='ocr_carea' id='block_1_21' title="bbox 1575 1371 2728 1456">
    <p class='ocr_par' dir='ltr' id='par_1_21' title="bbox 1575 1371 2728 1456">
     <span class='ocr_line' id='line_1_21' title="bbox 1575 1371 2728 1456; baseline -0.01 -2"><span class='ocrx_word' id='word_1_148' title='bbox 1575 1375 2186 1454; x_wconf 85' lang='lat' dir='ltr'><strong>COLLECTIO</strong></span> <span class='ocrx_word' id='word_1_149' title='bbox 2260 1371 2728 1456; x_wconf 80' lang='lat' dir='ltr'><strong>TERTIA,</strong></span> 
     </span>
    </p>
   </div>
   <div class='ocr_carea' id='block_1_22' title="bbox 1322 1503 2984 1572">
    <p class='ocr_par' dir='ltr' id='par_1_22' title="bbox 1322 1503 2984 1572">
     <span class='ocr_line' id='line_1_22' title="bbox 1322 1503 2984 1572; baseline -0.011 1"><span class='ocrx_word' id='word_1_150' title='bbox 1322 1515 1792 1572; x_wconf 75' lang='lat' dir='ltr'><strong>EXCERPTORUM</strong></span> <span class='ocrx_word' id='word_1_151' title='bbox 1829 1511 1913 1565; x_wconf 80' lang='lat' dir='ltr'><strong>EX</strong></span> <span class='ocrx_word' id='word_1_152' title='bbox 1944 1508 2157 1561; x_wconf 79' lang='lat' dir='ltr'><strong>VARIIS</strong></span> <span class='ocrx_word' id='word_1_153' title='bbox 2190 1505 2488 1559; x_wconf 82' lang='lat' dir='ltr'><strong>NESTORll</strong></span> <span class='ocrx_word' id='word_1_154' title='bbox 2522 1503 2984 1565; x_wconf 75' lang='lat' dir='ltr'><strong>TRACTATIBUS,</strong></span> 
     </span>
    </p>
   </div>
   <div class='ocr_carea' id='block_1_23' title="bbox 1367 1589 2971 1682">
    <p class='ocr_par' dir='ltr' id='par_1_23' title="bbox 1367 1589 2971 1682">
     <span class='ocr_line' id='line_1_23' title="bbox 1367 1589 2971 1682; baseline -0.011 -14"><span class='ocrx_word' id='word_1_155' title='bbox 1367 1605 1446 1668; x_wconf 90' lang='lat' dir='ltr'><strong>S.</strong></span> <span class='ocrx_word' id='word_1_156' title='bbox 1482 1601 1732 1682; x_wconf 78' lang='lat' dir='ltr'><strong>Cyrillo</strong></span> <span class='ocrx_word' id='word_1_157' title='bbox 1766 1599 1838 1663; x_wconf 85' lang='lat' dir='ltr'><strong>in</strong></span> <span class='ocrx_word' id='word_1_158' title='bbox 1862 1597 2044 1660; x_wconf 81' lang='lat' dir='ltr'><strong>libris</strong></span> <span class='ocrx_word' id='word_1_159' title='bbox 2076 1592 2351 1675; x_wconf 87' lang='lat' dir='ltr'><strong>quinque</strong></span> <span class='ocrx_word' id='word_1_160' title='bbox 2380 1589 2971 1655; x_wconf 84' lang='lat' dir='ltr'><strong>Contradictionum</strong></span> 
     </span>
    </p>
   </div>
   <div class='ocr_carea' id='block_1_24' title="bbox 595 1820 3810 1930">
    <p class='ocr_par' dir='ltr' id='par_1_24' title="bbox 595 1820 3810 1930">
     <span class='ocr_line' id='line_1_24' title="bbox 595 1820 3810 1930; baseline -0.009 -22"><span class='ocrx_word' id='word_1_161' title='bbox 595 1855 671 1911; x_wconf 91' lang='lat' dir='ltr'><strong>De</strong></span> <span class='ocrx_word' id='word_1_162' title='bbox 694 1853 780 1930; x_wconf 77' lang='lat' dir='ltr'><strong>his</strong></span> <span class='ocrx_word' id='word_1_163' title='bbox 799 1850 1033 1930; x_wconf 75' lang='lat' dir='ltr'><strong>quinque</strong></span> <span class='ocrx_word' id='word_1_164' title='bbox 1053 1845 1225 1930; x_wconf 75' lang='lat' dir='ltr'><strong>sancti</strong></span> <span class='ocrx_word' id='word_1_165' title='bbox 1243 1842 1430 1930; x_wconf 44' lang='lat' dir='ltr'><strong>Clxrilli</strong></span> <span class='ocrx_word' id='word_1_166' title='bbox 1443 1833 2122 1930; x_wconf 53' lang='lat' dir='ltr'><strong>&#39;Contradictionumplibri&#39;s</strong></span> <span class='ocrx_word' id='word_1_167' title='bbox 2148 1835 2198 1897; x_wconf 82' lang='grc' dir='ltr'><strong>Β</strong></span> <span class='ocrx_word' id='word_1_168' title='bbox 2299 1838 2352 1885; x_wconf 72' lang='grc' dir='ltr'><strong>δ.</strong></span> <span class='ocrx_word' id='word_1_169' title='bbox 2392 1827 2534 1930; x_wconf 59' lang='lat' dir='ltr'><strong>niisit</strong></span> <span class='ocrx_word' id='word_1_170' title='bbox 2556 1825 2722 1930; x_wconf 67' lang='lat' dir='ltr'><strong>enim,</strong></span> <span class='ocrx_word' id='word_1_171' title='bbox 2747 1823 2944 1930; x_wconf 51' lang='lat' dir='ltr'><strong>inquit,</strong></span> <span class='ocrx_word' id='word_1_172' title='bbox 2967 1821 3110 1878; x_wconf 90' lang='lat' dir='ltr'><strong>Deus</strong></span> <span class='ocrx_word' id='word_1_173' title='bbox 3153 1820 3348 1930; x_wconf 63' lang='lat' dir='ltr'><strong>Filium</strong></span> <span class='ocrx_word' id='word_1_174' title='bbox 3388 1835 3545 1930; x_wconf 68' lang='lat' dir='ltr'><strong>suum</strong></span> <span class='ocrx_word' id='word_1_175' title='bbox 3563 1861 3580 1887; x_wconf 91' lang='lat'><strong>,</strong></span> <span class='ocrx_word' id='word_1_176' title='bbox 3616 1820 3810 1878; x_wconf 86' lang='lat' dir='ltr'><strong>factum</strong></span> 
     </span>
    </p>
   </div>
   <div class='ocr_carea' id='block_1_25' title="bbox 522 1904 2118 1988">
    <p class='ocr_par' dir='ltr' id='par_1_25' title="bbox 522 1904 2118 1988">
     <span class='ocr_line' id='line_1_25' title="bbox 522 1904 2118 1988; baseline -0.015 -6"><span class='ocrx_word' id='word_1_177' title='bbox 522 1904 804 1982; x_wconf 55' lang='lat' dir='ltr'><strong>ita—scribit</strong></span> <span class='ocrx_word' id='word_1_178' title='bbox 817 1904 1046 1975; x_wconf 51' lang='lat' dir='ltr'><strong>&#39;Photins</strong></span> <span class='ocrx_word' id='word_1_179' title='bbox 1068 1917 1218 1988; x_wconf 85' lang='lat' dir='ltr'><strong>(Cod.</strong></span> <span class='ocrx_word' id='word_1_180' title='bbox 1246 1904 1371 1988; x_wconf 69' lang='grc'><strong>169)</strong></span> <span class='ocrx_word' id='word_1_181' title='bbox 1395 1933 1406 1966; x_wconf 88' lang='lat'><strong>:</strong></span> <span class='ocrx_word' id='word_1_182' title='bbox 1435 1913 1722 1988; x_wconf 30' lang='lat' dir='ltr'><strong>Lecti-sunt</strong></span> <span class='ocrx_word' id='word_1_183' title='bbox 1742 1909 1912 1964; x_wconf 80' lang='lat' dir='ltr'><strong>sancti</strong></span> <span class='ocrx_word' id='word_1_184' title='bbox 1933 1904 2118 1978; x_wconf 80' lang='lat' dir='ltr'><strong>Cyrilli</strong></span> 
     </span>
    </p>
   </div>
   <div class='ocr_carea' id='block_1_26' title="bbox 522 1982 2118 2064">
    <p class='ocr_par' dir='ltr' id='par_1_26' title="bbox 522 1982 2118 2064">
     <span class='ocr_line' id='line_1_26' title="bbox 522 1982 2118 2064; baseline -0.015 -12"><span class='ocrx_word' id='word_1_185' title='bbox 522 1996 768 2051; x_wconf 69' lang='lat' dir='ltr'><strong>adversus</strong></span> <span class='ocrx_word' id='word_1_186' title='bbox 809 1990 862 2044; x_wconf 87' lang='grc' dir='ltr'><em>Ν</em></span> <span class='ocrx_word' id='word_1_187' title='bbox 866 1992 1040 2064; x_wconf 84' lang='lat' dir='ltr'><strong>estorii</strong></span> <span class='ocrx_word' id='word_1_188' title='bbox 1077 1982 1601 2064; x_wconf 55' lang='lat' dir='ltr'><strong>irtasphentiasutibri</strong></span> <span class='ocrx_word' id='word_1_189' title='bbox 1630 1983 1869 2064; x_wconf 74' lang='lat' dir='ltr'><strong>quinque,</strong></span> <span class='ocrx_word' id='word_1_190' title='bbox 1901 1993 2118 2064; x_wconf 61' lang='lat' dir='ltr'><strong>quer-um</strong></span> 
     </span>
    </p>
   </div>
   <div class='ocr_carea' id='block_1_27' title="bbox 523 2049 2118 2138">
    <p class='ocr_par' dir='ltr' id='par_1_27' title="bbox 523 2049 2118 2138">
     <span class='ocr_line' id='line_1_27' title="bbox 523 2049 2118 2138; baseline -0.014 -17"><span class='ocrx_word' id='word_1_191' title='bbox 523 2049 718 2138; x_wconf 74' lang='lat' dir='ltr'><strong>primus</strong></span> <span class='ocrx_word' id='word_1_192' title='bbox 767 2049 1391 2138; x_wconf 49' lang='lat' dir='ltr'><strong>quidenuculumniarum</strong></span> <span class='ocrx_word' id='word_1_193' title='bbox 1439 2049 1674 2137; x_wconf 72' lang='lat' dir='ltr'><strong>Nestorii</strong></span> <span class='ocrx_word' id='word_1_194' title='bbox 1723 2049 1896 2121; x_wconf 85' lang='lat' dir='ltr'><strong>capita</strong></span> <span class='ocrx_word' id='word_1_195' title='bbox 1943 2049 2118 2138; x_wconf 73' lang='lat' dir='ltr'><strong>decem</strong></span> 
     </span>
    </p>
   </div>
   <div class='ocr_carea' id='block_1_28' title="bbox 521 2126 2118 2208">
    <p class='ocr_par' dir='ltr' id='par_1_28' title="bbox 521 2126 2118 2208">
     <span class='ocr_line' id='line_1_28' title="bbox 521 2126 2118 2208; baseline -0.013 -17"><span class='ocrx_word' id='word_1_196' title='bbox 521 2126 744 2208; x_wconf 68' lang='lat' dir='ltr'><strong>refellit;</strong></span> <span class='ocrx_word' id='word_1_197' title='bbox 767 2126 898 2188; x_wconf 76' lang='lat' dir='ltr'><strong>alter</strong></span> <span class='ocrx_word' id='word_1_198' title='bbox 919 2131 1101 2208; x_wconf 71' lang='lat' dir='ltr'><strong>deinde</strong></span> <span class='ocrx_word' id='word_1_199' title='bbox 1120 2128 1364 2208; x_wconf 72' lang='lat' dir='ltr'><strong>tredecim</strong></span> <span class='ocrx_word' id='word_1_200' title='bbox 1382 2143 1408 2208; x_wconf 21' lang='lat' dir='ltr'><strong>;A</strong></span> <span class='ocrx_word' id='word_1_201' title='bbox 1422 2126 1603 2208; x_wconf 71' lang='lat' dir='ltr'><strong>tertius</strong></span> <span class='ocrx_word' id='word_1_202' title='bbox 1625 2139 1739 2177; x_wconf 81' lang='lat' dir='ltr'><strong>vero</strong></span> <span class='ocrx_word' id='word_1_203' title='bbox 1763 2137 1882 2186; x_wconf 73' lang='lat' dir='ltr'><strong>sex;</strong></span> <span class='ocrx_word' id='word_1_204' title='bbox 1904 2126 2118 2190; x_wconf 88' lang='lat' dir='ltr'><strong>quartus</strong></span> 
     </span>
    </p>
   </div>
   <div class='ocr_carea' id='block_1_29' title="bbox 525 2199 1642 2279">
    <p class='ocr_par' dir='ltr' id='par_1_29' title="bbox 525 2199 1642 2279">
     <span class='ocr_line' id='line_1_29' title="bbox 525 2199 1642 2279; baseline -0.012 -17"><span class='ocrx_word' id='word_1_205' title='bbox 525 2199 741 2279; x_wconf 74' lang='lat' dir='ltr'><strong>denique</strong></span> <span class='ocrx_word' id='word_1_206' title='bbox 767 2221 828 2260; x_wconf 89' lang='lat' dir='ltr'><strong>ac</strong></span> <span class='ocrx_word' id='word_1_207' title='bbox 858 2205 1066 2276; x_wconf 79' lang='lat' dir='ltr'><strong>quintus</strong></span> <span class='ocrx_word' id='word_1_208' title='bbox 1089 2199 1280 2271; x_wconf 79' lang='lat' dir='ltr'><strong>singuli</strong></span> <span class='ocrx_word' id='word_1_209' title='bbox 1301 2205 1513 2268; x_wconf 83' lang='lat' dir='ltr'><strong>septem,</strong></span> <span class='ocrx_word' id='word_1_210' title='bbox 1537 2203 1642 2250; x_wconf 88' lang='lat' dir='ltr'><strong>etc.</strong></span> 
     </span>
    </p>
   </div>
   <div class='ocr_carea' id='block_1_30' title="bbox 1161 2351 1499 2408">
    <p class='ocr_par' dir='ltr' id='par_1_30' title="bbox 1161 2351 1499 2408">
     <span class='ocr_line' id='line_1_30' title="bbox 1161 2351 1499 2408; baseline -0.009 -2"><span class='ocrx_word' id='word_1_211' title='bbox 1161 2353 1243 2408; x_wconf 75' lang='lat' dir='ltr'><strong>Ea:</strong></span> <span class='ocrx_word' id='word_1_212' title='bbox 1287 2351 1417 2406; x_wconf 84' lang='lat' dir='ltr'><strong>libro</strong></span> <span class='ocrx_word' id='word_1_213' title='bbox 1459 2367 1499 2406; x_wconf 92' lang='grc' dir='ltr'><strong>ι.</strong></span> 
     </span>
    </p>
   </div>
   <div class='ocr_carea' id='block_1_31' title="bbox 598 2494 2117 2582">
    <p class='ocr_par' dir='ltr' id='par_1_31' title="bbox 598 2494 2117 2582">
     <span class='ocr_line' id='line_1_31' title="bbox 598 2494 2117 2582; baseline -0.012 -16"><span class='ocrx_word' id='word_1_214' title='bbox 598 2513 648 2567; x_wconf 91' lang='grc'><strong>1.</strong></span> <span class='ocrx_word' id='word_1_215' title='bbox 691 2511 864 2582; x_wconf 79' lang='lat' dir='ltr'><strong>Saepe,</strong></span> <span class='ocrx_word' id='word_1_216' title='bbox 887 2509 1070 2581; x_wconf 83' lang='lat' dir='ltr'><strong>inquit,</strong></span> <span class='ocrx_word' id='word_1_217' title='bbox 1105 2507 1225 2561; x_wconf 88' lang='lat' dir='ltr'><strong>illos</strong></span> <span class='ocrx_word' id='word_1_218' title='bbox 1253 2503 1477 2573; x_wconf 80' lang='lat' dir='ltr'><strong>rogavi:</strong></span> <span class='ocrx_word' id='word_1_219' title='bbox 1514 2500 1648 2556; x_wconf 83' lang='lat' dir='ltr'><strong>Num</strong></span> <span class='ocrx_word' id='word_1_220' title='bbox 1685 2499 1953 2554; x_wconf 88' lang='lat' dir='ltr'><strong>Deitatem</strong></span> <span class='ocrx_word' id='word_1_221' title='bbox 1981 2494 2117 2549; x_wconf 90' lang='lat' dir='ltr'><strong>dici-</strong></span> 
     </span>
    </p>
   </div>
   <div class='ocr_carea' id='block_1_32' title="bbox 527 2587 2119 2668">
    <p class='ocr_par' dir='ltr' id='par_1_32' title="bbox 527 2587 2119 2668">
     <span class='ocr_line' id='line_1_32' title="bbox 527 2587 2119 2668; baseline -0.011 -7"><span class='ocrx_word' id='word_1_222' title='bbox 527 2605 599 2661; x_wconf 87' lang='lat' dir='ltr'><strong>tis</strong></span> <span class='ocrx_word' id='word_1_223' title='bbox 643 2619 714 2660; x_wconf 89' lang='lat' dir='ltr'><strong>ex</strong></span> <span class='ocrx_word' id='word_1_224' title='bbox 759 2609 944 2659; x_wconf 90' lang='lat' dir='ltr'><strong>sancta</strong></span> <span class='ocrx_word' id='word_1_225' title='bbox 988 2598 1210 2668; x_wconf 80' lang='lat' dir='ltr'><strong>Virgine</strong></span> <span class='ocrx_word' id='word_1_226' title='bbox 1257 2596 1473 2651; x_wconf 87' lang='lat' dir='ltr'><strong>natam?</strong></span> <span class='ocrx_word' id='word_1_227' title='bbox 1519 2593 1599 2648; x_wconf 85' lang='lat' dir='ltr'><strong>Ad</strong></span> <span class='ocrx_word' id='word_1_228' title='bbox 1629 2593 1743 2648; x_wconf 63' lang='lat' dir='ltr'><strong>hsce</strong></span> <span class='ocrx_word' id='word_1_229' title='bbox 1770 2591 1934 2646; x_wconf 88' lang='lat' dir='ltr'><strong>verba</strong></span> <span class='ocrx_word' id='word_1_230' title='bbox 1973 2587 2119 2643; x_wconf 89' lang='lat' dir='ltr'><strong>illico</strong></span> 
     </span>
    </p>
   </div>
   <div class='ocr_carea' id='block_1_33' title="bbox 529 2688 1223 2754">
    <p class='ocr_par' dir='ltr' id='par_1_33' title="bbox 529 2688 1223 2754">
     <span class='ocr_line' id='line_1_33' title="bbox 529 2688 1223 2754; baseline -0.02 1"><span class='ocrx_word' id='word_1_231' title='bbox 529 2697 798 2754; x_wconf 85' lang='lat' dir='ltr'><strong>resiliunt.</strong></span> <span class='ocrx_word' id='word_1_232' title='bbox 826 2704 926 2748; x_wconf 88' lang='lat' dir='ltr'><strong>etc.</strong></span> <span class='ocrx_word' id='word_1_233' title='bbox 969 2690 1140 2748; x_wconf 85' lang='lat' dir='ltr'><strong>Serm.</strong></span> <span class='ocrx_word' id='word_1_234' title='bbox 1172 2688 1223 2742; x_wconf 95' lang='lat'><strong>5.</strong></span> 
     </span>
    </p>
   </div>
   <div class='ocr_carea' id='block_1_34' title="bbox 595 2771 2118 2854">
    <p class='ocr_par' dir='ltr' id='par_1_34' title="bbox 595 2771 2118 2854">
     <span class='ocr_line' id='line_1_34' title="bbox 595 2771 2118 2854; baseline -0.01 -14"><span class='ocrx_word' id='word_1_235' title='bbox 595 2788 649 2840; x_wconf 94' lang='lat'><strong>2.</strong></span> <span class='ocrx_word' id='word_1_236' title='bbox 697 2787 827 2842; x_wconf 86' lang='lat' dir='ltr'><strong>Vide</strong></span> <span class='ocrx_word' id='word_1_237' title='bbox 845 2783 973 2854; x_wconf 91' lang='lat' dir='ltr'><strong>quid</strong></span> <span class='ocrx_word' id='word_1_238' title='bbox 1010 2787 1403 2850; x_wconf 86' lang='lat' dir='ltr'><strong>consequatur,</strong></span> <span class='ocrx_word' id='word_1_239' title='bbox 1435 2776 1705 2832; x_wconf 72' lang='lat' dir='ltr'><strong>haeretice.</strong></span> <span class='ocrx_word' id='word_1_240' title='bbox 1750 2774 1867 2828; x_wconf 81' lang='lat' dir='ltr'><strong>Non</strong></span> <span class='ocrx_word' id='word_1_241' title='bbox 1905 2771 2118 2827; x_wconf 79' lang='lat' dir='ltr'><strong>invideo</strong></span> 
     </span>
    </p>
   </div>
   <div class='ocr_carea' id='block_1_35' title="bbox 524 2863 2109 2942">
    <p class='ocr_par' dir='ltr' id='par_1_35' title="bbox 524 2863 2109 2942">
     <span class='ocr_line' id='line_1_35' title="bbox 524 2863 2109 2942; baseline -0.012 -6"><span class='ocrx_word' id='word_1_242' title='bbox 524 2880 666 2936; x_wconf 90' lang='lat' dir='ltr'><strong>hanc</strong></span> <span class='ocrx_word' id='word_1_243' title='bbox 691 2893 881 2934; x_wconf 87' lang='lat' dir='ltr'><strong>vocem</strong></span> <span class='ocrx_word' id='word_1_244' title='bbox 906 2875 1105 2931; x_wconf 88' lang='lat' dir='ltr'><strong>Christi</strong></span> <span class='ocrx_word' id='word_1_245' title='bbox 1141 2872 1387 2942; x_wconf 85' lang='lat' dir='ltr'><strong>genitrici</strong></span> <span class='ocrx_word' id='word_1_246' title='bbox 1427 2869 1663 2939; x_wconf 82' lang='lat' dir='ltr'><strong>Virgini,</strong></span> <span class='ocrx_word' id='word_1_247' title='bbox 1694 2879 1791 2924; x_wconf 84' lang='lat' dir='ltr'><strong>etc.</strong></span> <span class='ocrx_word' id='word_1_248' title='bbox 1835 2867 2005 2922; x_wconf 89' lang='lat' dir='ltr'><strong>Serm.</strong></span> <span class='ocrx_word' id='word_1_249' title='bbox 2051 2863 2109 2918; x_wconf 88' lang='lat'><strong>5.</strong></span> 
     </span>
    </p>
   </div>
   <div class='ocr_carea' id='block_1_36' title="bbox 599 2956 2117 3025">
    <p class='ocr_par' dir='ltr' id='par_1_36' title="bbox 599 2956 2117 3025">
     <span class='ocr_line' id='line_1_36' title="bbox 599 2956 2117 3025; baseline -0.008 -1"><span class='ocrx_word' id='word_1_250' title='bbox 599 2971 654 3025; x_wconf 91' lang='grc'><strong>5.</strong></span> <span class='ocrx_word' id='word_1_251' title='bbox 699 2969 786 3023; x_wconf 81' lang='lat' dir='ltr'><strong>Ita</strong></span> <span class='ocrx_word' id='word_1_252' title='bbox 813 2977 861 3022; x_wconf 88' lang='lat' dir='ltr'><strong>et</strong></span> <span class='ocrx_word' id='word_1_253' title='bbox 891 2965 1013 3021; x_wconf 85' lang='lat' dir='ltr'><strong>alibi</strong></span> <span class='ocrx_word' id='word_1_254' title='bbox 1058 2965 1184 3018; x_wconf 88' lang='lat' dir='ltr'><strong>dicit</strong></span> <span class='ocrx_word' id='word_1_255' title='bbox 1225 2963 1500 3018; x_wconf 91' lang='lat' dir='ltr'><strong>:Locutus</strong></span> <span class='ocrx_word' id='word_1_256' title='bbox 1542 2968 1626 3015; x_wconf 88' lang='lat' dir='ltr'><strong>est</strong></span> <span class='ocrx_word' id='word_1_257' title='bbox 1661 2959 1816 3014; x_wconf 90' lang='lat' dir='ltr'><strong>nobis</strong></span> <span class='ocrx_word' id='word_1_258' title='bbox 1860 2958 1914 3012; x_wconf 92' lang='lat' dir='ltr'><strong>in</strong></span> <span class='ocrx_word' id='word_1_259' title='bbox 1958 2956 2117 3023; x_wconf 86' lang='lat' dir='ltr'><strong>Filio,</strong></span> 
     </span>
    </p>
   </div>
   <div class='ocr_carea' id='block_1_37' title="bbox 529 3054 2117 3133">
    <p class='ocr_par' dir='ltr' id='par_1_37' title="bbox 529 3054 2117 3133">
     <span class='ocr_line' id='line_1_37' title="bbox 529 3054 2117 3133; baseline -0.008 -16"><span class='ocrx_word' id='word_1_260' title='bbox 529 3077 692 3133; x_wconf 88' lang='lat' dir='ltr'><strong>quem</strong></span> <span class='ocrx_word' id='word_1_261' title='bbox 737 3059 1018 3116; x_wconf 88' lang='lat' dir='ltr'><strong>constituit</strong></span> <span class='ocrx_word' id='word_1_262' title='bbox 1062 3055 1330 3111; x_wconf 74' lang='lat' dir='ltr'><strong>lueredem</strong></span> <span class='ocrx_word' id='word_1_263' title='bbox 1380 3054 1750 3108; x_wconf 87' lang='lat' dir='ltr'><strong>universorum</strong></span> <span class='ocrx_word' id='word_1_264' title='bbox 1775 3093 1788 3116; x_wconf 95' lang='lat'><strong>,</strong></span> <span class='ocrx_word' id='word_1_265' title='bbox 1826 3066 1923 3120; x_wconf 91' lang='lat' dir='ltr'><strong>per</strong></span> <span class='ocrx_word' id='word_1_266' title='bbox 1957 3064 2117 3119; x_wconf 87' lang='lat' dir='ltr'><strong>quem</strong></span> 
     </span>
    </p>
   </div>
   <div class='ocr_carea' id='block_1_38' title="bbox 526 3143 2114 3218">
    <p class='ocr_par' dir='ltr' id='par_1_38' title="bbox 526 3143 2114 3218">
     <span class='ocr_line' id='line_1_38' title="bbox 526 3143 2114 3218; baseline -0.008 -10"><span class='ocrx_word' id='word_1_267' title='bbox 526 3154 654 3210; x_wconf 82' lang='lat' dir='ltr'><strong>fecit</strong></span> <span class='ocrx_word' id='word_1_268' title='bbox 700 3160 755 3208; x_wconf 92' lang='lat' dir='ltr'><strong>ct</strong></span> <span class='ocrx_word' id='word_1_269' title='bbox 797 3150 1031 3208; x_wconf 81' lang='lat' dir='ltr'><strong>s:ecula:</strong></span> <span class='ocrx_word' id='word_1_270' title='bbox 1076 3148 1167 3218; x_wconf 87' lang='lat' dir='ltr'><strong>qui</strong></span> <span class='ocrx_word' id='word_1_271' title='bbox 1212 3162 1334 3202; x_wconf 91' lang='lat' dir='ltr'><strong>cum</strong></span> <span class='ocrx_word' id='word_1_272' title='bbox 1377 3145 1447 3201; x_wconf 91' lang='lat' dir='ltr'><strong>sit</strong></span> <span class='ocrx_word' id='word_1_273' title='bbox 1474 3144 1729 3216; x_wconf 91' lang='lat' dir='ltr'><strong>splendor</strong></span> <span class='ocrx_word' id='word_1_274' title='bbox 1761 3143 1984 3212; x_wconf 82' lang='lat' dir='ltr'><strong>gloriae,</strong></span> <span class='ocrx_word' id='word_1_275' title='bbox 2016 3151 2114 3195; x_wconf 87' lang='lat' dir='ltr'><strong>etc.</strong></span> 
     </span>
    </p>
   </div>
   <div class='ocr_carea' id='block_1_39' title="bbox 528 3245 795 3302">
    <p class='ocr_par' dir='ltr' id='par_1_39' title="bbox 528 3245 795 3302">
     <span class='ocr_line' id='line_1_39' title="bbox 528 3245 795 3302; baseline -0.015 0"><span class='ocrx_word' id='word_1_276' title='bbox 528 3246 699 3302; x_wconf 89' lang='lat' dir='ltr'><strong>Serm.</strong></span> <span class='ocrx_word' id='word_1_277' title='bbox 745 3245 795 3298; x_wconf 87' lang='lat'><strong>7.</strong></span> 
     </span>
    </p>
   </div>
   <div class='ocr_carea' id='block_1_40' title="bbox 599 3327 2116 3402">
    <p class='ocr_par' dir='ltr' id='par_1_40' title="bbox 599 3327 2116 3402">
     <span class='ocr_line' id='line_1_40' title="bbox 599 3327 2116 3402; baseline -0.007 -12"><span class='ocrx_word' id='word_1_278' title='bbox 599 3336 651 3390; x_wconf 75' lang='grc'><strong>4.</strong></span> <span class='ocrx_word' id='word_1_279' title='bbox 694 3336 752 3390; x_wconf 91' lang='lat' dir='ltr'><strong>Si</strong></span> <span class='ocrx_word' id='word_1_280' title='bbox 793 3335 936 3390; x_wconf 90' lang='lat' dir='ltr'><strong>Deus</strong></span> <span class='ocrx_word' id='word_1_281' title='bbox 979 3341 1062 3389; x_wconf 92' lang='lat' dir='ltr'><strong>est</strong></span> <span class='ocrx_word' id='word_1_282' title='bbox 1105 3330 1376 3398; x_wconf 88' lang='lat' dir='ltr'><strong>Christus,</strong></span> <span class='ocrx_word' id='word_1_283' title='bbox 1424 3331 1620 3402; x_wconf 89' lang='lat' dir='ltr'><strong>inquit,</strong></span> <span class='ocrx_word' id='word_1_284' title='bbox 1674 3337 1729 3384; x_wconf 94' lang='lat' dir='ltr'><strong>et</strong></span> <span class='ocrx_word' id='word_1_285' title='bbox 1769 3327 2012 3383; x_wconf 89' lang='lat' dir='ltr'><strong>Christus</strong></span> <span class='ocrx_word' id='word_1_286' title='bbox 2049 3341 2116 3381; x_wconf 92' lang='lat' dir='ltr'><strong>ex</strong></span> 
     </span>
    </p>
   </div>
   <div class='ocr_carea' id='block_1_41' title="bbox 527 3417 2116 3492">
    <p class='ocr_par' dir='ltr' id='par_1_41' title="bbox 527 3417 2116 3492">
     <span class='ocr_line' id='line_1_41' title="bbox 527 3417 2116 3492; baseline -0.006 -10"><span class='ocrx_word' id='word_1_287' title='bbox 527 3429 686 3484; x_wconf 85' lang='lat' dir='ltr'><strong>beata</strong></span> <span class='ocrx_word' id='word_1_288' title='bbox 724 3425 892 3481; x_wconf 84' lang='lat' dir='ltr'><strong>Maria</strong></span> <span class='ocrx_word' id='word_1_289' title='bbox 923 3433 1004 3480; x_wconf 89' lang='lat' dir='ltr'><strong>est</strong></span> <span class='ocrx_word' id='word_1_290' title='bbox 1028 3432 1180 3481; x_wconf 89' lang='lat' dir='ltr'><strong>ortus</strong></span> <span class='ocrx_word' id='word_1_291' title='bbox 1202 3465 1218 3492; x_wconf 96' lang='lat'><strong>,</strong></span> <span class='ocrx_word' id='word_1_292' title='bbox 1269 3440 1367 3479; x_wconf 89' lang='lat' dir='ltr'><strong>cur</strong></span> <span class='ocrx_word' id='word_1_293' title='bbox 1405 3422 1570 3492; x_wconf 88' lang='lat' dir='ltr'><strong>Virgo</strong></span> <span class='ocrx_word' id='word_1_294' title='bbox 1601 3437 1708 3476; x_wconf 89' lang='lat' dir='ltr'><strong>non</strong></span> <span class='ocrx_word' id='word_1_295' title='bbox 1749 3420 1820 3475; x_wconf 90' lang='lat' dir='ltr'><strong>sit</strong></span> <span class='ocrx_word' id='word_1_296' title='bbox 1841 3419 1937 3474; x_wconf 87' lang='lat' dir='ltr'><strong>Dei</strong></span> <span class='ocrx_word' id='word_1_297' title='bbox 1963 3417 2116 3488; x_wconf 84' lang='lat' dir='ltr'><strong>geni-</strong></span> 
     </span>
    </p>
   </div>
   <div class='ocr_carea' id='block_1_42' title="bbox 528 3514 1106 3574">
    <p class='ocr_par' dir='ltr' id='par_1_42' title="bbox 528 3514 1106 3574">
     <span class='ocr_line' id='line_1_42' title="bbox 528 3514 1106 3574; baseline -0.007 -2"><span class='ocrx_word' id='word_1_298' title='bbox 528 3519 679 3574; x_wconf 83' lang='lat' dir='ltr'><strong>trix?</strong></span> <span class='ocrx_word' id='word_1_299' title='bbox 700 3527 796 3572; x_wconf 88' lang='lat' dir='ltr'><strong>etc.</strong></span> <span class='ocrx_word' id='word_1_300' title='bbox 842 3518 1012 3571; x_wconf 87' lang='lat' dir='ltr'><strong>Serm.</strong></span> <span class='ocrx_word' id='word_1_301' title='bbox 1056 3514 1106 3568; x_wconf 82' lang='grc'><strong>5.</strong></span> 
     </span>
    </p>
   </div>
   <div class='ocr_carea' id='block_1_43' title="bbox 604 3601 2120 3676">
    <p class='ocr_par' dir='ltr' id='par_1_43' title="bbox 604 3601 2120 3676">
     <span class='ocr_line' id='line_1_43' title="bbox 604 3601 2120 3676; baseline -0.004 -14"><span class='ocrx_word' id='word_1_302' title='bbox 604 3608 655 3663; x_wconf 83' lang='lat'><strong>5.</strong></span> <span class='ocrx_word' id='word_1_303' title='bbox 696 3610 773 3664; x_wconf 89' lang='lat' dir='ltr'><strong>De</strong></span> <span class='ocrx_word' id='word_1_304' title='bbox 796 3609 957 3663; x_wconf 88' lang='lat' dir='ltr'><strong>beato</strong></span> <span class='ocrx_word' id='word_1_305' title='bbox 982 3605 1191 3662; x_wconf 80' lang='lat' dir='ltr'><strong>Joanne</strong></span> <span class='ocrx_word' id='word_1_306' title='bbox 1229 3605 1470 3675; x_wconf 89' lang='lat' dir='ltr'><strong>Baptista</strong></span> <span class='ocrx_word' id='word_1_307' title='bbox 1510 3603 1834 3676; x_wconf 70' lang='lat' dir='ltr'><strong>praedicatur</strong></span> <span class='ocrx_word' id='word_1_308' title='bbox 1863 3617 1892 3656; x_wconf 91' lang='lat' dir='ltr'><strong>a</strong></span> <span class='ocrx_word' id='word_1_309' title='bbox 1921 3601 2120 3658; x_wconf 88' lang='lat' dir='ltr'><strong>sanctis</strong></span> 
     </span>
    </p>
   </div>
   <div class='ocr_carea' id='block_1_44' title="bbox 529 3695 2120 3771">
    <p class='ocr_par' dir='ltr' id='par_1_44' title="bbox 529 3695 2120 3771">
     <span class='ocr_line' id='line_1_44' title="bbox 529 3695 2120 3771; baseline -0.006 -12"><span class='ocrx_word' id='word_1_310' title='bbox 529 3701 754 3771; x_wconf 81' lang='lat' dir='ltr'><strong>angelis,</strong></span> <span class='ocrx_word' id='word_1_311' title='bbox 784 3698 1112 3768; x_wconf 86' lang='lat' dir='ltr'><strong>implendum</strong></span> <span class='ocrx_word' id='word_1_312' title='bbox 1139 3713 1258 3752; x_wconf 89' lang='lat' dir='ltr'><strong>esse</strong></span> <span class='ocrx_word' id='word_1_313' title='bbox 1280 3697 1537 3751; x_wconf 82' lang='lat' dir='ltr'><strong>infantem</strong></span> <span class='ocrx_word' id='word_1_314' title='bbox 1559 3695 1762 3766; x_wconf 85' lang='lat' dir='ltr'><strong>Spiritu</strong></span> <span class='ocrx_word' id='word_1_315' title='bbox 1794 3695 2120 3763; x_wconf 88' lang='lat' dir='ltr'><strong>sancto,_ad-</strong></span> 
     </span>
    </p>
   </div>
   <div class='ocr_carea' id='block_1_45' title="bbox 528 3785 1725 3855">
    <p class='ocr_par' dir='ltr' id='par_1_45' title="bbox 528 3785 1725 3855">
     <span class='ocr_line' id='line_1_45' title="bbox 528 3785 1725 3855; baseline -0.009 -4"><span class='ocrx_word' id='word_1_316' title='bbox 528 3795 634 3851; x_wconf 89' lang='lat' dir='ltr'><strong>huc</strong></span> <span class='ocrx_word' id='word_1_317' title='bbox 655 3809 723 3849; x_wconf 91' lang='lat' dir='ltr'><strong>ex</strong></span> <span class='ocrx_word' id='word_1_318' title='bbox 761 3799 916 3847; x_wconf 89' lang='lat' dir='ltr'><strong>utero</strong></span> <span class='ocrx_word' id='word_1_319' title='bbox 948 3790 1134 3845; x_wconf 89' lang='lat' dir='ltr'><strong>matris</strong></span> <span class='ocrx_word' id='word_1_320' title='bbox 1161 3803 1290 3855; x_wconf 70' lang='lat' dir='ltr'><strong>sum,</strong></span> <span class='ocrx_word' id='word_1_321' title='bbox 1321 3797 1420 3842; x_wconf 86' lang='lat' dir='ltr'><strong>etc.</strong></span> <span class='ocrx_word' id='word_1_322' title='bbox 1463 3787 1632 3842; x_wconf 85' lang='lat' dir='ltr'><strong>Serm.</strong></span> <span class='ocrx_word' id='word_1_323' title='bbox 1675 3785 1725 3840; x_wconf 81' lang='lat'><strong>5&#39;.</strong></span> 
     </span>
    </p>
   </div>
   <div class='ocr_carea' id='block_1_46' title="bbox 603 3877 2114 3954">
    <p class='ocr_par' dir='ltr' id='par_1_46' title="bbox 603 3877 2114 3954">
     <span class='ocr_line' id='line_1_46' title="bbox 603 3877 2114 3954; baseline -0.005 -15"><span class='ocrx_word' id='word_1_324' title='bbox 603 3883 655 3939; x_wconf 98' lang='lat'><strong>6.</strong></span> <span class='ocrx_word' id='word_1_325' title='bbox 697 3882 918 3940; x_wconf 90' lang='lat' dir='ltr'><strong>Gaudeo</strong></span> <span class='ocrx_word' id='word_1_326' title='bbox 946 3881 1120 3949; x_wconf 91' lang='lat' dir='ltr'><strong>enim,</strong></span> <span class='ocrx_word' id='word_1_327' title='bbox 1140 3882 1333 3954; x_wconf 86' lang='lat' dir='ltr'><strong>inquit.</strong></span> <span class='ocrx_word' id='word_1_328' title='bbox 1363 3887 1598 3936; x_wconf 87' lang='lat' dir='ltr'><strong>vestrum</strong></span> <span class='ocrx_word' id='word_1_329' title='bbox 1627 3877 1892 3948; x_wconf 86' lang='lat' dir='ltr'><strong>aspiciens</strong></span> <span class='ocrx_word' id='word_1_330' title='bbox 1920 3877 2114 3943; x_wconf 83' lang='lat' dir='ltr'><strong>zelum,</strong></span> 
     </span>
    </p>
   </div>
   <div class='ocr_carea' id='block_1_47' title="bbox 529 3975 940 4033">
    <p class='ocr_par' dir='ltr' id='par_1_47' title="bbox 529 3975 940 4033">
     <span class='ocr_line' id='line_1_47' title="bbox 529 3975 940 4033; baseline -0.007 -1"><span class='ocrx_word' id='word_1_331' title='bbox 529 3987 631 4033; x_wconf 89' lang='lat' dir='ltr'><strong>etc.</strong></span> <span class='ocrx_word' id='word_1_332' title='bbox 675 3977 847 4033; x_wconf 87' lang='lat' dir='ltr'><strong>Serm.</strong></span> <span class='ocrx_word' id='word_1_333' title='bbox 889 3975 940 4030; x_wconf 87' lang='grc'><strong>5.</strong></span> 
     </span>
    </p>
   </div>
   <div class='ocr_carea' id='block_1_48' title="bbox 604 4063 2118 4136">
    <p class='ocr_par' dir='ltr' id='par_1_48' title="bbox 604 4063 2118 4136">
     <span class='ocr_line' id='line_1_48' title="bbox 604 4063 2118 4136; baseline -0.001 -16"><span class='ocrx_word' id='word_1_334' title='bbox 604 4068 652 4122; x_wconf 83' lang='lat'><strong>7.</strong></span> <span class='ocrx_word' id='word_1_335' title='bbox 696 4067 805 4123; x_wconf 83' lang='lat' dir='ltr'><strong>Nos</strong></span> <span class='ocrx_word' id='word_1_336' title='bbox 847 4075 1030 4122; x_wconf 87' lang='lat' dir='ltr'><strong>autem</strong></span> <span class='ocrx_word' id='word_1_337' title='bbox 1077 4071 1294 4136; x_wconf 89' lang='lat' dir='ltr'><strong>oportet</strong></span> <span class='ocrx_word' id='word_1_338' title='bbox 1344 4063 1484 4133; x_wconf 91' lang='lat' dir='ltr'><strong>quod</strong></span> <span class='ocrx_word' id='word_1_339' title='bbox 1534 4080 1678 4119; x_wconf 89' lang='lat' dir='ltr'><strong>nunc</strong></span> <span class='ocrx_word' id='word_1_340' title='bbox 1721 4063 1851 4118; x_wconf 89' lang='lat' dir='ltr'><strong>mihi</strong></span> <span class='ocrx_word' id='word_1_341' title='bbox 1891 4063 2036 4120; x_wconf 85' lang='lat' dir='ltr'><strong>venit</strong></span> <span class='ocrx_word' id='word_1_342' title='bbox 2064 4063 2118 4118; x_wconf 91' lang='lat' dir='ltr'><strong>in</strong></span> 
     </span>
    </p>
   </div>
   <div class='ocr_carea' id='block_1_49' title="bbox 529 4155 2119 4228">
    <p class='ocr_par' dir='ltr' id='par_1_49' title="bbox 529 4155 2119 4228">
     <span class='ocr_line' id='line_1_49' title="bbox 529 4155 2119 4228; baseline -0.005 -11"><span class='ocrx_word' id='word_1_343' title='bbox 529 4169 768 4217; x_wconf 89' lang='lat' dir='ltr'><strong>mentem</strong></span> <span class='ocrx_word' id='word_1_344' title='bbox 798 4159 1079 4215; x_wconf 87' lang='lat' dir='ltr'><strong>advertere</strong></span> <span class='ocrx_word' id='word_1_345' title='bbox 1103 4200 1117 4224; x_wconf 98' lang='lat'><strong>,</strong></span> <span class='ocrx_word' id='word_1_346' title='bbox 1169 4158 1332 4213; x_wconf 90' lang='lat' dir='ltr'><strong>etiam</strong></span> <span class='ocrx_word' id='word_1_347' title='bbox 1380 4155 1650 4211; x_wconf 66' lang='lat' dir='ltr'><strong>Nicaenam</strong></span> <span class='ocrx_word' id='word_1_348' title='bbox 1692 4156 1952 4228; x_wconf 87' lang='lat' dir='ltr'><strong>synodum</strong></span> <span class='ocrx_word' id='word_1_349' title='bbox 1993 4171 2119 4210; x_wconf 85' lang='lat' dir='ltr'><strong>nus-</strong></span> 
     </span>
    </p>
   </div>
   <div class='ocr_carea' id='block_1_50' title="bbox 529 4251 2114 4325">
    <p class='ocr_par' dir='ltr' id='par_1_50' title="bbox 529 4251 2114 4325">
     <span class='ocr_line' id='line_1_50' title="bbox 529 4251 2114 4325; baseline -0.005 -14"><span class='ocrx_word' id='word_1_350' title='bbox 529 4271 690 4325; x_wconf 86' lang='lat' dir='ltr'><strong>quam</strong></span> <span class='ocrx_word' id='word_1_351' title='bbox 739 4255 920 4311; x_wconf 87' lang='lat' dir='ltr'><strong>dicere</strong></span> <span class='ocrx_word' id='word_1_352' title='bbox 960 4270 1147 4310; x_wconf 90' lang='lat' dir='ltr'><strong>ausam</strong></span> <span class='ocrx_word' id='word_1_353' title='bbox 1192 4254 1361 4310; x_wconf 90' lang='lat' dir='ltr'><strong>Deum</strong></span> <span class='ocrx_word' id='word_1_354' title='bbox 1385 4269 1453 4309; x_wconf 90' lang='lat' dir='ltr'><strong>ex</strong></span> <span class='ocrx_word' id='word_1_355' title='bbox 1491 4251 1657 4307; x_wconf 87' lang='lat' dir='ltr'><strong>Maria</strong></span> <span class='ocrx_word' id='word_1_356' title='bbox 1702 4252 1962 4323; x_wconf 89' lang='lat' dir='ltr'><strong>genitum,</strong></span> <span class='ocrx_word' id='word_1_357' title='bbox 2014 4259 2114 4305; x_wconf 87' lang='lat' dir='ltr'><strong>etc.</strong></span> 
     </span>
    </p>
   </div>
   <div class='ocr_carea' id='block_1_51' title="bbox 531 4346 798 4401">
    <p class='ocr_par' dir='ltr' id='par_1_51' title="bbox 531 4346 798 4401">
     <span class='ocr_line' id='line_1_51' title="bbox 531 4346 798 4401; baseline -0.004 0"><span class='ocrx_word' id='word_1_358' title='bbox 531 4346 702 4401; x_wconf 88' lang='lat' dir='ltr'><strong>Serm.</strong></span> <span class='ocrx_word' id='word_1_359' title='bbox 746 4347 798 4400; x_wconf 88' lang='grc'><strong>5.</strong></span> 
     </span>
    </p>
   </div>
   <div class='ocr_carea' id='block_1_52' title="bbox 603 4433 2118 4506">
    <p class='ocr_par' dir='ltr' id='par_1_52' title="bbox 603 4433 2118 4506">
     <span class='ocr_line' id='line_1_52' title="bbox 603 4433 2118 4506; baseline 0 -18"><span class='ocrx_word' id='word_1_360' title='bbox 603 4435 654 4488; x_wconf 87' lang='grc'><strong>8.</strong></span> <span class='ocrx_word' id='word_1_361' title='bbox 699 4435 878 4491; x_wconf 89' lang='lat' dir='ltr'><strong>Secuti</strong></span> <span class='ocrx_word' id='word_1_362' title='bbox 907 4445 1032 4491; x_wconf 90' lang='lat' dir='ltr'><strong>sunt</strong></span> <span class='ocrx_word' id='word_1_363' title='bbox 1059 4436 1475 4506; x_wconf 83' lang='lat' dir='ltr'><strong>evangelistam;</strong></span> <span class='ocrx_word' id='word_1_364' title='bbox 1518 4451 1641 4490; x_wconf 86' lang='lat' dir='ltr'><strong>nam</strong></span> <span class='ocrx_word' id='word_1_365' title='bbox 1678 4433 2004 4504; x_wconf 87' lang='lat' dir='ltr'><strong>evangelista</strong></span> <span class='ocrx_word' id='word_1_366' title='bbox 2027 4433 2118 4488; x_wconf 90' lang='lat' dir='ltr'><strong>ubi</strong></span> 
     </span>
    </p>
   </div>
   <div class='ocr_carea' id='block_1_53' title="bbox 531 4525 2115 4596">
    <p class='ocr_par' dir='ltr' id='par_1_53' title="bbox 531 4525 2115 4596">
     <span class='ocr_line' id='line_1_53' title="bbox 531 4525 2115 4596; baseline -0.001 -15"><span class='ocrx_word' id='word_1_367' title='bbox 531 4526 599 4581; x_wconf 86' lang='lat' dir='ltr'><strong>ad</strong></span> <span class='ocrx_word' id='word_1_368' title='bbox 635 4526 955 4581; x_wconf 82' lang='lat' dir='ltr'><strong>narrandam</strong></span> <span class='ocrx_word' id='word_1_369' title='bbox 997 4527 1436 4582; x_wconf 90' lang='lat' dir='ltr'><strong>humanationem</strong></span> <span class='ocrx_word' id='word_1_370' title='bbox 1455 4526 1720 4596; x_wconf 86' lang='lat' dir='ltr'><strong>pervenit,</strong></span> <span class='ocrx_word' id='word_1_371' title='bbox 1751 4525 1930 4581; x_wconf 83' lang='lat' dir='ltr'><strong>dicere</strong></span> <span class='ocrx_word' id='word_1_372' title='bbox 1951 4540 2115 4594; x_wconf 90' lang='lat' dir='ltr'><strong>gene-</strong></span> 
     </span>
    </p>
   </div>
   <div class='ocr_carea' id='block_1_54' title="bbox 2219 1913 3504 1986">
    <p class='ocr_par' dir='ltr' id='par_1_54' title="bbox 2219 1913 3504 1986">
     <span class='ocr_line' id='line_1_54' title="bbox 2219 1913 3504 1986; baseline -0.008 -8"><span class='ocrx_word' id='word_1_373' title='bbox 2219 1937 2284 1978; x_wconf 87' lang='lat' dir='ltr'><strong>ex</strong></span> <span class='ocrx_word' id='word_1_374' title='bbox 2305 1920 2550 1986; x_wconf 88' lang='lat' dir='ltr'><strong>muliere,</strong></span> <span class='ocrx_word' id='word_1_375' title='bbox 2579 1916 2778 1974; x_wconf 90' lang='lat' dir='ltr'><strong>factum</strong></span> <span class='ocrx_word' id='word_1_376' title='bbox 2801 1916 2900 1972; x_wconf 89' lang='lat' dir='ltr'><strong>sub</strong></span> <span class='ocrx_word' id='word_1_377' title='bbox 2929 1915 3068 1984; x_wconf 86' lang='lat' dir='ltr'><strong>lege,</strong></span> <span class='ocrx_word' id='word_1_378' title='bbox 3095 1922 3192 1968; x_wconf 85' lang='lat' dir='ltr'><strong>etc.</strong></span> <span class='ocrx_word' id='word_1_379' title='bbox 3237 1913 3409 1968; x_wconf 87' lang='lat' dir='ltr'><strong>Serm.</strong></span> <span class='ocrx_word' id='word_1_380' title='bbox 3450 1914 3504 1968; x_wconf 95' lang='grc'><strong>5.</strong></span> 
     </span>
    </p>
   </div>
   <div class='ocr_carea' id='block_1_55' title="bbox 2289 2006 3810 2067">
    <p class='ocr_par' dir='ltr' id='par_1_55' title="bbox 2289 2006 3810 2067">
     <span class='ocr_line' id='line_1_55' title="bbox 2289 2006 3810 2067; baseline -0.002 -1"><span class='ocrx_word' id='word_1_381' title='bbox 2289 2011 2344 2067; x_wconf 78' lang='grc'><strong>4.</strong></span> <span class='ocrx_word' id='word_1_382' title='bbox 2384 2011 2491 2067; x_wconf 91' lang='lat' dir='ltr'><strong>Sed</strong></span> <span class='ocrx_word' id='word_1_383' title='bbox 2510 2009 2650 2066; x_wconf 88' lang='lat' dir='ltr'><strong>sicut</strong></span> <span class='ocrx_word' id='word_1_384' title='bbox 2678 2008 2906 2065; x_wconf 89' lang='lat' dir='ltr'><strong>dicimus</strong></span> <span class='ocrx_word' id='word_1_385' title='bbox 2929 2007 3098 2063; x_wconf 91' lang='lat' dir='ltr'><strong>Deum</strong></span> <span class='ocrx_word' id='word_1_386' title='bbox 3123 2006 3274 2061; x_wconf 89' lang='lat' dir='ltr'><strong>illum</strong></span> <span class='ocrx_word' id='word_1_387' title='bbox 3299 2007 3541 2062; x_wconf 90' lang='lat' dir='ltr'><strong>omnium</strong></span> <span class='ocrx_word' id='word_1_388' title='bbox 3560 2006 3810 2063; x_wconf 81' lang='lat' dir='ltr'><strong>condito-</strong></span> 
     </span>
    </p>
   </div>
   <div class='ocr_carea' id='block_1_56' title="bbox 2217 2098 3506 2172">
    <p class='ocr_par' dir='ltr' id='par_1_56' title="bbox 2217 2098 3506 2172">
     <span class='ocr_line' id='line_1_56' title="bbox 2217 2098 3506 2172; baseline -0.005 -11"><span class='ocrx_word' id='word_1_389' title='bbox 2217 2119 2352 2170; x_wconf 89' lang='lat' dir='ltr'><strong>rem,</strong></span> <span class='ocrx_word' id='word_1_390' title='bbox 2381 2111 2437 2159; x_wconf 90' lang='lat' dir='ltr'><strong>et</strong></span> <span class='ocrx_word' id='word_1_391' title='bbox 2463 2102 2631 2159; x_wconf 90' lang='lat' dir='ltr'><strong>Deum</strong></span> <span class='ocrx_word' id='word_1_392' title='bbox 2660 2101 2834 2172; x_wconf 89' lang='lat' dir='ltr'><strong>ipsum</strong></span> <span class='ocrx_word' id='word_1_393' title='bbox 2857 2098 3082 2166; x_wconf 76' lang='lat' dir='ltr'><strong>Mosam,</strong></span> <span class='ocrx_word' id='word_1_394' title='bbox 3113 2107 3212 2154; x_wconf 89' lang='lat' dir='ltr'><strong>etc.</strong></span> <span class='ocrx_word' id='word_1_395' title='bbox 3239 2098 3410 2155; x_wconf 88' lang='lat' dir='ltr'><strong>Serm.</strong></span> <span class='ocrx_word' id='word_1_396' title='bbox 3450 2099 3506 2154; x_wconf 91' lang='lat'><strong>2.</strong></span> 
     </span>
    </p>
   </div>
   <div class='ocr_carea' id='block_1_57' title="bbox 2293 2191 3808 2262">
    <p class='ocr_par' dir='ltr' id='par_1_57' title="bbox 2293 2191 3808 2262">
     <span class='ocr_line' id='line_1_57' title="bbox 2293 2191 3808 2262; baseline -0.002 -13"><span class='ocrx_word' id='word_1_397' title='bbox 2293 2194 2343 2251; x_wconf 71' lang='grc' dir='ltr'><strong>ὅ.</strong></span> <span class='ocrx_word' id='word_1_398' title='bbox 2384 2195 2480 2251; x_wconf 93' lang='lat' dir='ltr'><strong>Dic</strong></span> <span class='ocrx_word' id='word_1_399' title='bbox 2503 2195 2572 2250; x_wconf 91' lang='lat' dir='ltr'><strong>de</strong></span> <span class='ocrx_word' id='word_1_400' title='bbox 2591 2200 2901 2250; x_wconf 84' lang='lat' dir='ltr'><strong>assumente</strong></span> <span class='ocrx_word' id='word_1_401' title='bbox 2928 2192 3076 2262; x_wconf 90' lang='lat' dir='ltr'><strong>quod</strong></span> <span class='ocrx_word' id='word_1_402' title='bbox 3102 2191 3246 2248; x_wconf 90' lang='lat' dir='ltr'><strong>Deus</strong></span> <span class='ocrx_word' id='word_1_403' title='bbox 3274 2193 3364 2257; x_wconf 88' lang='lat' dir='ltr'><strong>sit,</strong></span> <span class='ocrx_word' id='word_1_404' title='bbox 3394 2201 3496 2246; x_wconf 86' lang='lat' dir='ltr'><strong>etc.</strong></span> <span class='ocrx_word' id='word_1_405' title='bbox 3539 2192 3718 2248; x_wconf 84' lang='lat' dir='ltr'><strong>Serm.</strong></span> <span class='ocrx_word' id='word_1_406' title='bbox 3755 2191 3808 2247; x_wconf 98' lang='lat'><strong>2.</strong></span> 
     </span>
    </p>
   </div>
   <div class='ocr_carea' id='block_1_58' title="bbox 2289 2281 3808 2354">
    <p class='ocr_par' dir='ltr' id='par_1_58' title="bbox 2289 2281 3808 2354">
     <span class='ocr_line' id='line_1_58' title="bbox 2289 2281 3808 2354; baseline -0.003 -10"><span class='ocrx_word' id='word_1_407' title='bbox 2289 2289 2343 2344; x_wconf 83' lang='lat'><strong>6.</strong></span> <span class='ocrx_word' id='word_1_408' title='bbox 2385 2289 2512 2345; x_wconf 84' lang='lat' dir='ltr'><strong>Ideo</strong></span> <span class='ocrx_word' id='word_1_409' title='bbox 2548 2287 2676 2343; x_wconf 89' lang='lat' dir='ltr'><strong>volo</strong></span> <span class='ocrx_word' id='word_1_410' title='bbox 2720 2301 2822 2343; x_wconf 89' lang='lat' dir='ltr'><strong>vos</strong></span> <span class='ocrx_word' id='word_1_411' title='bbox 2865 2292 3023 2341; x_wconf 88' lang='lat' dir='ltr'><strong>caute</strong></span> <span class='ocrx_word' id='word_1_412' title='bbox 3077 2281 3412 2354; x_wconf 83' lang='lat' dir='ltr'><strong>ﬁrmiterque</strong></span> <span class='ocrx_word' id='word_1_413' title='bbox 3451 2293 3643 2340; x_wconf 88' lang='lat' dir='ltr'><strong>tenere</strong></span> <span class='ocrx_word' id='word_1_414' title='bbox 3659 2325 3676 2352; x_wconf 93' lang='lat'><strong>,</strong></span> <span class='ocrx_word' id='word_1_415' title='bbox 3713 2294 3808 2339; x_wconf 85' lang='lat' dir='ltr'><strong>etc.</strong></span> 
     </span>
    </p>
   </div>
   <div class='ocr_carea' id='block_1_59' title="bbox 2224 2371 3005 2439">
    <p class='ocr_par' dir='ltr' id='par_1_59' title="bbox 2224 2371 3005 2439">
     <span class='ocr_line' id='line_1_59' title="bbox 2224 2371 3005 2439; baseline -0.013 0"><span class='ocrx_word' id='word_1_416' title='bbox 2224 2383 2395 2439; x_wconf 88' lang='lat' dir='ltr'><strong>Serm.</strong></span> <span class='ocrx_word' id='word_1_417' title='bbox 2427 2378 2482 2433; x_wconf 89' lang='lat'><strong>2.</strong></span> <span class='ocrx_word' id='word_1_418' title='bbox 3002 2371 3005 2374; x_wconf 79' lang='grc'><em>’</em></span> 
     </span>
    </p>
   </div>
   <div class='ocr_carea' id='block_1_60' title="bbox 2294 2470 3814 2544">
    <p class='ocr_par' dir='ltr' id='par_1_60' title="bbox 2294 2470 3814 2544">
     <span class='ocr_line' id='line_1_60' title="bbox 2294 2470 3814 2544; baseline -0.002 -14"><span class='ocrx_word' id='word_1_419' title='bbox 2294 2477 2346 2530; x_wconf 87' lang='lat'><strong>7.</strong></span> <span class='ocrx_word' id='word_1_420' title='bbox 2386 2474 2478 2530; x_wconf 82' lang='lat' dir='ltr'><strong>Illa</strong></span> <span class='ocrx_word' id='word_1_421' title='bbox 2540 2481 2688 2530; x_wconf 88' lang='lat' dir='ltr'><strong>certe</strong></span> <span class='ocrx_word' id='word_1_422' title='bbox 2729 2471 3004 2543; x_wconf 88' lang='lat' dir='ltr'><strong>Unigeniti</strong></span> <span class='ocrx_word' id='word_1_423' title='bbox 3043 2470 3364 2542; x_wconf 84' lang='lat' dir='ltr'><strong>gloriﬁcatio</strong></span> <span class='ocrx_word' id='word_1_424' title='bbox 3407 2486 3814 2544; x_wconf 88' lang='lat' dir='ltr'><strong>nonnumquam</strong></span> 
     </span>
    </p>
   </div>
   <div class='ocr_carea' id='block_1_61' title="bbox 2222 2563 3138 2632">
    <p class='ocr_par' dir='ltr' id='par_1_61' title="bbox 2222 2563 3138 2632">
     <span class='ocr_line' id='line_1_61' title="bbox 2222 2563 3138 2632; baseline -0.007 -9"><span class='ocrx_word' id='word_1_425' title='bbox 2222 2567 2369 2623; x_wconf 85' lang='lat' dir='ltr'><strong>Patri</strong></span> <span class='ocrx_word' id='word_1_426' title='bbox 2391 2566 2694 2632; x_wconf 87' lang='lat' dir='ltr'><strong>ascribitur,</strong></span> <span class='ocrx_word' id='word_1_427' title='bbox 2724 2576 2819 2620; x_wconf 88' lang='lat' dir='ltr'><strong>etc.</strong></span> <span class='ocrx_word' id='word_1_428' title='bbox 2849 2563 3018 2620; x_wconf 86' lang='lat' dir='ltr'><strong>Serm.</strong></span> <span class='ocrx_word' id='word_1_429' title='bbox 3053 2563 3138 2619; x_wconf 87' lang='grc'><strong>10.</strong></span> 
     </span>
    </p>
   </div>
   <div class='ocr_carea' id='block_1_62' title="bbox 2291 2655 3811 2729">
    <p class='ocr_par' dir='ltr' id='par_1_62' title="bbox 2291 2655 3811 2729">
     <span class='ocr_line' id='line_1_62' title="bbox 2291 2655 3811 2729; baseline -0.003 -14"><span class='ocrx_word' id='word_1_430' title='bbox 2291 2660 2344 2716; x_wconf 91' lang='lat'><strong>8.</strong></span> <span class='ocrx_word' id='word_1_431' title='bbox 2387 2659 2520 2714; x_wconf 89' lang='lat' dir='ltr'><strong>Erat</strong></span> <span class='ocrx_word' id='word_1_432' title='bbox 2556 2658 2773 2729; x_wconf 91' lang='lat' dir='ltr'><strong>quidem</strong></span> <span class='ocrx_word' id='word_1_433' title='bbox 2812 2657 2901 2712; x_wconf 91' lang='lat' dir='ltr'><strong>ille</strong></span> <span class='ocrx_word' id='word_1_434' title='bbox 2940 2657 3083 2712; x_wconf 89' lang='lat' dir='ltr'><strong>Deus</strong></span> <span class='ocrx_word' id='word_1_435' title='bbox 3126 2655 3362 2712; x_wconf 82' lang='lat' dir='ltr'><strong>Verbum</strong></span> <span class='ocrx_word' id='word_1_436' title='bbox 3386 2694 3402 2720; x_wconf 92' lang='lat'><strong>,</strong></span> <span class='ocrx_word' id='word_1_437' title='bbox 3451 2655 3618 2711; x_wconf 83' lang='lat' dir='ltr'><strong>etiam</strong></span> <span class='ocrx_word' id='word_1_438' title='bbox 3657 2661 3811 2710; x_wconf 85' lang='lat' dir='ltr'><strong>ante-</strong></span> 
     </span>
    </p>
   </div>
   <div class='ocr_carea' id='block_1_63' title="bbox 2221 2746 3810 2824">
    <p class='ocr_par' dir='ltr' id='par_1_63' title="bbox 2221 2746 3810 2824">
     <span class='ocr_line' id='line_1_63' title="bbox 2221 2746 3810 2824; baseline -0.003 -17"><span class='ocrx_word' id='word_1_439' title='bbox 2221 2768 2381 2824; x_wconf 89' lang='lat' dir='ltr'><strong>quam</strong></span> <span class='ocrx_word' id='word_1_440' title='bbox 2408 2752 2572 2807; x_wconf 89' lang='lat' dir='ltr'><strong>homo</strong></span> <span class='ocrx_word' id='word_1_441' title='bbox 2613 2749 2786 2815; x_wconf 81' lang='lat' dir='ltr'><strong>fieret,</strong></span> <span class='ocrx_word' id='word_1_442' title='bbox 2829 2746 2993 2803; x_wconf 87' lang='lat' dir='ltr'><strong>Filius</strong></span> <span class='ocrx_word' id='word_1_443' title='bbox 3037 2754 3095 2803; x_wconf 88' lang='lat' dir='ltr'><strong>et</strong></span> <span class='ocrx_word' id='word_1_444' title='bbox 3132 2747 3301 2812; x_wconf 85' lang='lat' dir='ltr'><strong>Deus,</strong></span> <span class='ocrx_word' id='word_1_445' title='bbox 3355 2755 3411 2802; x_wconf 89' lang='lat' dir='ltr'><strong>et</strong></span> <span class='ocrx_word' id='word_1_446' title='bbox 3461 2747 3810 2804; x_wconf 86' lang='lat' dir='ltr'><strong>consentiens</strong></span> 
     </span>
    </p>
   </div>
   <div class='ocr_carea' id='block_1_64' title="bbox 2221 2840 2790 2911">
    <p class='ocr_par' dir='ltr' id='par_1_64' title="bbox 2221 2840 2790 2911">
     <span class='ocr_line' id='line_1_64' title="bbox 2221 2840 2790 2911; baseline -0.009 -13"><span class='ocrx_word' id='word_1_447' title='bbox 2221 2842 2387 2911; x_wconf 86' lang='lat' dir='ltr'><strong>Patri,</strong></span> <span class='ocrx_word' id='word_1_448' title='bbox 2409 2853 2508 2898; x_wconf 91' lang='lat' dir='ltr'><strong>etc.</strong></span> <span class='ocrx_word' id='word_1_449' title='bbox 2535 2840 2706 2897; x_wconf 87' lang='lat' dir='ltr'><strong>Serm.</strong></span> <span class='ocrx_word' id='word_1_450' title='bbox 2735 2840 2790 2893; x_wconf 85' lang='lat'><strong>2.</strong></span> 
     </span>
    </p>
   </div>
   <div class='ocr_carea' id='block_1_65' title="bbox 2293 2930 3812 3004">
    <p class='ocr_par' dir='ltr' id='par_1_65' title="bbox 2293 2930 3812 3004">
     <span class='ocr_line' id='line_1_65' title="bbox 2293 2930 3812 3004; baseline -0.001 -15"><span class='ocrx_word' id='word_1_451' title='bbox 2293 2935 2346 2990; x_wconf 87' lang='grc'><strong>9.</strong></span> <span class='ocrx_word' id='word_1_452' title='bbox 2387 2932 2461 2991; x_wconf 73' lang='lat' dir='ltr'><strong>Ut</strong></span> <span class='ocrx_word' id='word_1_453' title='bbox 2488 2946 2618 3004; x_wconf 90' lang='lat' dir='ltr'><strong>ergo</strong></span> <span class='ocrx_word' id='word_1_454' title='bbox 2646 2933 3046 2989; x_wconf 86' lang='lat' dir='ltr'><strong>demonstretur</strong></span> <span class='ocrx_word' id='word_1_455' title='bbox 3080 2931 3210 3003; x_wconf 87' lang='lat' dir='ltr'><strong>ipsis</strong></span> <span class='ocrx_word' id='word_1_456' title='bbox 3238 2945 3457 3001; x_wconf 89' lang='lat' dir='ltr'><strong>quoque</strong></span> <span class='ocrx_word' id='word_1_457' title='bbox 3491 2930 3669 3002; x_wconf 88' lang='lat' dir='ltr'><strong>magis</strong></span> <span class='ocrx_word' id='word_1_458' title='bbox 3694 2931 3812 3002; x_wconf 86' lang='lat' dir='ltr'><strong>quis</strong></span> 
     </span>
    </p>
   </div>
   <div class='ocr_carea' id='block_1_66' title="bbox 2222 3023 3381 3092">
    <p class='ocr_par' dir='ltr' id='par_1_66' title="bbox 2222 3023 3381 3092">
     <span class='ocr_line' id='line_1_66' title="bbox 2222 3023 3381 3092; baseline -0.005 -9"><span class='ocrx_word' id='word_1_459' title='bbox 2222 3027 2311 3084; x_wconf 91' lang='lat' dir='ltr'><strong>hic</strong></span> <span class='ocrx_word' id='word_1_460' title='bbox 2339 3034 2423 3083; x_wconf 90' lang='lat' dir='ltr'><strong>est</strong></span> <span class='ocrx_word' id='word_1_461' title='bbox 2451 3026 2518 3082; x_wconf 89' lang='lat' dir='ltr'><strong>ab</strong></span> <span class='ocrx_word' id='word_1_462' title='bbox 2547 3025 2651 3081; x_wconf 90' lang='lat' dir='ltr'><strong>illis</strong></span> <span class='ocrx_word' id='word_1_463' title='bbox 2671 3025 2948 3092; x_wconf 88' lang='lat' dir='ltr'><strong>adoratus,</strong></span> <span class='ocrx_word' id='word_1_464' title='bbox 2972 3034 3071 3080; x_wconf 89' lang='lat' dir='ltr'><strong>etc.</strong></span> <span class='ocrx_word' id='word_1_465' title='bbox 3097 3023 3268 3080; x_wconf 90' lang='lat' dir='ltr'><strong>Serm.</strong></span> <span class='ocrx_word' id='word_1_466' title='bbox 3294 3023 3381 3077; x_wconf 90' lang='grc'><strong>11.</strong></span> 
     </span>
    </p>
   </div>
   <div class='ocr_carea' id='block_1_67' title="bbox 2293 3113 3815 3188">
    <p class='ocr_par' dir='ltr' id='par_1_67' title="bbox 2293 3113 3815 3188">
     <span class='ocr_line' id='line_1_67' title="bbox 2293 3113 3815 3188; baseline -0.001 -16"><span class='ocrx_word' id='word_1_467' title='bbox 2293 3118 2379 3174; x_wconf 90' lang='grc'><strong>10.</strong></span> <span class='ocrx_word' id='word_1_468' title='bbox 2421 3117 2607 3188; x_wconf 86' lang='lat' dir='ltr'><strong>Neque</strong></span> <span class='ocrx_word' id='word_1_469' title='bbox 2634 3132 2767 3173; x_wconf 86' lang='lat' dir='ltr'><strong>vero</strong></span> <span class='ocrx_word' id='word_1_470' title='bbox 2805 3116 3032 3188; x_wconf 81' lang='lat' dir='ltr'><strong>simplex</strong></span> <span class='ocrx_word' id='word_1_471' title='bbox 3056 3115 3222 3172; x_wconf 89' lang='lat' dir='ltr'><strong>homo</strong></span> <span class='ocrx_word' id='word_1_472' title='bbox 3243 3123 3327 3170; x_wconf 91' lang='lat' dir='ltr'><strong>est</strong></span> <span class='ocrx_word' id='word_1_473' title='bbox 3362 3113 3634 3182; x_wconf 85' lang='lat' dir='ltr'><strong>Christus,</strong></span> <span class='ocrx_word' id='word_1_474' title='bbox 3664 3130 3700 3168; x_wconf 88' lang='lat' dir='ltr'><strong>o</strong></span> <span class='ocrx_word' id='word_1_475' title='bbox 3725 3130 3815 3171; x_wconf 82' lang='lat' dir='ltr'><strong>ca-</strong></span> 
     </span>
    </p>
   </div>
   <div class='ocr_carea' id='block_1_68' title="bbox 2146 3208 3726 3284">
    <p class='ocr_par' dir='ltr' id='par_1_68' title="bbox 2146 3208 3726 3284">
     <span class='ocr_line' id='line_1_68' title="bbox 2146 3208 3726 3284; baseline -0.005 -14"><span class='ocrx_word' id='word_1_476' title='bbox 2146 3219 2194 3284; x_wconf 65' lang='grc' dir='ltr'><strong>(ι</strong></span> <span class='ocrx_word' id='word_1_477' title='bbox 2227 3213 2535 3279; x_wconf 89' lang='lat' dir='ltr'><strong>lumniator,</strong></span> <span class='ocrx_word' id='word_1_478' title='bbox 2568 3212 2664 3268; x_wconf 88' lang='lat' dir='ltr'><strong>sed</strong></span> <span class='ocrx_word' id='word_1_479' title='bbox 2690 3212 2854 3268; x_wconf 89' lang='lat' dir='ltr'><strong>homo</strong></span> <span class='ocrx_word' id='word_1_480' title='bbox 2879 3211 3040 3267; x_wconf 90' lang='lat' dir='ltr'><strong>simul</strong></span> <span class='ocrx_word' id='word_1_481' title='bbox 3061 3218 3118 3266; x_wconf 91' lang='lat' dir='ltr'><strong>et</strong></span> <span class='ocrx_word' id='word_1_482' title='bbox 3137 3210 3299 3276; x_wconf 91' lang='lat' dir='ltr'><strong>Deus,</strong></span> <span class='ocrx_word' id='word_1_483' title='bbox 3328 3218 3426 3264; x_wconf 87' lang='lat' dir='ltr'><strong>etc.</strong></span> <span class='ocrx_word' id='word_1_484' title='bbox 3461 3208 3640 3265; x_wconf 89' lang='lat' dir='ltr'><strong>Serm.</strong></span> <span class='ocrx_word' id='word_1_485' title='bbox 3674 3209 3726 3263; x_wconf 83' lang='lat'><strong>7.</strong></span> 
     </span>
    </p>
   </div>
   <div class='ocr_carea' id='block_1_69' title="bbox 2295 3299 3816 3375">
    <p class='ocr_par' dir='ltr' id='par_1_69' title="bbox 2295 3299 3816 3375">
     <span class='ocr_line' id='line_1_69' title="bbox 2295 3299 3816 3375; baseline -0.003 -14"><span class='ocrx_word' id='word_1_486' title='bbox 2295 3307 2381 3361; x_wconf 89' lang='grc'><strong>11.</strong></span> <span class='ocrx_word' id='word_1_487' title='bbox 2423 3306 2670 3362; x_wconf 90' lang='lat' dir='ltr'><strong>Veneror</strong></span> <span class='ocrx_word' id='word_1_488' title='bbox 2731 3305 2908 3375; x_wconf 92' lang='lat' dir='ltr'><strong>ipsum</strong></span> <span class='ocrx_word' id='word_1_489' title='bbox 2969 3311 3032 3359; x_wconf 93' lang='lat' dir='ltr'><strong>ut</strong></span> <span class='ocrx_word' id='word_1_490' title='bbox 3079 3302 3467 3374; x_wconf 90' lang='lat' dir='ltr'><strong>omnipotentis</strong></span> <span class='ocrx_word' id='word_1_491' title='bbox 3516 3299 3816 3357; x_wconf 84' lang='lat' dir='ltr'><strong>divinitatis</strong></span> 
     </span>
    </p>
   </div>
   <div class='ocr_carea' id='block_1_70' title="bbox 2224 3395 2932 3469">
    <p class='ocr_par' dir='ltr' id='par_1_70' title="bbox 2224 3395 2932 3469">
     <span class='ocr_line' id='line_1_70' title="bbox 2224 3395 2932 3469; baseline -0.011 -13"><span class='ocrx_word' id='word_1_492' title='bbox 2224 3400 2532 3469; x_wconf 87' lang='lat' dir='ltr'><strong>imaginem,</strong></span> <span class='ocrx_word' id='word_1_493' title='bbox 2564 3406 2660 3451; x_wconf 87' lang='lat' dir='ltr'><strong>etc.</strong></span> <span class='ocrx_word' id='word_1_494' title='bbox 2687 3395 2857 3453; x_wconf 90' lang='lat' dir='ltr'><strong>Serm.</strong></span> <span class='ocrx_word' id='word_1_495' title='bbox 2883 3395 2932 3449; x_wconf 88' lang='lat'><strong>7.</strong></span> 
     </span>
    </p>
   </div>
   <div class='ocr_carea' id='block_1_71' title="bbox 2293 3484 3816 3560">
    <p class='ocr_par' dir='ltr' id='par_1_71' title="bbox 2293 3484 3816 3560">
     <span class='ocr_line' id='line_1_71' title="bbox 2293 3484 3816 3560; baseline -0.004 -15"><span class='ocrx_word' id='word_1_496' title='bbox 2293 3490 2381 3546; x_wconf 63' lang='grc' dir='ltr'><strong>ιε.</strong></span> <span class='ocrx_word' id='word_1_497' title='bbox 2421 3489 2541 3546; x_wconf 85' lang='lat' dir='ltr'><strong>Non</strong></span> <span class='ocrx_word' id='word_1_498' title='bbox 2571 3497 2654 3544; x_wconf 90' lang='lat' dir='ltr'><strong>est</strong></span> <span class='ocrx_word' id='word_1_499' title='bbox 2680 3503 2779 3560; x_wconf 89' lang='lat' dir='ltr'><strong>per</strong></span> <span class='ocrx_word' id='word_1_500' title='bbox 2804 3503 2865 3545; x_wconf 91' lang='lat' dir='ltr'><strong>se</strong></span> <span class='ocrx_word' id='word_1_501' title='bbox 2883 3487 3024 3543; x_wconf 90' lang='lat' dir='ltr'><strong>Deus</strong></span> <span class='ocrx_word' id='word_1_502' title='bbox 3049 3485 3196 3557; x_wconf 91' lang='lat' dir='ltr'><strong>quod</strong></span> <span class='ocrx_word' id='word_1_503' title='bbox 3224 3493 3311 3542; x_wconf 89' lang='lat' dir='ltr'><strong>est</strong></span> <span class='ocrx_word' id='word_1_504' title='bbox 3336 3485 3393 3542; x_wconf 92' lang='lat' dir='ltr'><strong>in</strong></span> <span class='ocrx_word' id='word_1_505' title='bbox 3418 3493 3576 3542; x_wconf 88' lang='lat' dir='ltr'><strong>utero</strong></span> <span class='ocrx_word' id='word_1_506' title='bbox 3616 3484 3816 3542; x_wconf 84' lang='lat' dir='ltr'><strong>forma-</strong></span> 
     </span>
    </p>
   </div>
   <div class='ocr_carea' id='block_1_72' title="bbox 2219 3580 2758 3647">
    <p class='ocr_par' dir='ltr' id='par_1_72' title="bbox 2219 3580 2758 3647">
     <span class='ocr_line' id='line_1_72' title="bbox 2219 3580 2758 3647; baseline -0.007 -9"><span class='ocrx_word' id='word_1_507' title='bbox 2219 3592 2354 3647; x_wconf 92' lang='lat' dir='ltr'><strong>tum,</strong></span> <span class='ocrx_word' id='word_1_508' title='bbox 2385 3591 2483 3638; x_wconf 88' lang='lat' dir='ltr'><strong>etc.</strong></span> <span class='ocrx_word' id='word_1_509' title='bbox 2510 3581 2681 3637; x_wconf 86' lang='lat' dir='ltr'><strong>Serm.</strong></span> <span class='ocrx_word' id='word_1_510' title='bbox 2706 3580 2758 3635; x_wconf 88' lang='lat'><strong>7.</strong></span> 
     </span>
    </p>
   </div>
   <div class='ocr_carea' id='block_1_73' title="bbox 2298 3667 3806 3740">
    <p class='ocr_par' dir='ltr' id='par_1_73' title="bbox 2298 3667 3806 3740">
     <span class='ocr_line' id='line_1_73' title="bbox 2298 3667 3806 3740; baseline -0.002 -13"><span class='ocrx_word' id='word_1_511' title='bbox 2298 3674 2382 3729; x_wconf 84' lang='grc'><strong>15.</strong></span> <span class='ocrx_word' id='word_1_512' title='bbox 2423 3672 2532 3730; x_wconf 90' lang='lat' dir='ltr'><strong>Sed</strong></span> <span class='ocrx_word' id='word_1_513' title='bbox 2581 3673 2670 3728; x_wconf 88' lang='lat' dir='ltr'><strong>hie</strong></span> <span class='ocrx_word' id='word_1_514' title='bbox 2715 3671 3010 3727; x_wconf 88' lang='lat' dir='ltr'><strong>secundum</strong></span> <span class='ocrx_word' id='word_1_515' title='bbox 3051 3684 3270 3727; x_wconf 88' lang='lat' dir='ltr'><strong>carnem</strong></span> <span class='ocrx_word' id='word_1_516' title='bbox 3307 3676 3568 3740; x_wconf 83' lang='lat' dir='ltr'><strong>cognatus</strong></span> <span class='ocrx_word' id='word_1_517' title='bbox 3617 3667 3806 3732; x_wconf 87' lang='lat' dir='ltr'><strong>Israel,</strong></span> 
     </span>
    </p>
   </div>
   <div class='ocr_carea' id='block_1_74' title="bbox 2221 3759 3817 3832">
    <p class='ocr_par' dir='ltr' id='par_1_74' title="bbox 2221 3759 3817 3832">
     <span class='ocr_line' id='line_1_74' title="bbox 2221 3759 3817 3832; baseline -0.004 -11"><span class='ocrx_word' id='word_1_518' title='bbox 2221 3775 2344 3832; x_wconf 88' lang='lat' dir='ltr'><strong>etc.,</strong></span> <span class='ocrx_word' id='word_1_519' title='bbox 2376 3765 2464 3821; x_wconf 90' lang='lat' dir='ltr'><strong>hic</strong></span> <span class='ocrx_word' id='word_1_520' title='bbox 2490 3763 2783 3821; x_wconf 90' lang='lat' dir='ltr'><strong>secundum</strong></span> <span class='ocrx_word' id='word_1_521' title='bbox 2822 3768 3069 3817; x_wconf 90' lang='lat' dir='ltr'><strong>naturam</strong></span> <span class='ocrx_word' id='word_1_522' title='bbox 3115 3761 3462 3832; x_wconf 89' lang='lat' dir='ltr'><strong>spectabilem</strong></span> <span class='ocrx_word' id='word_1_523' title='bbox 3503 3761 3698 3824; x_wconf 86' lang='lat' dir='ltr'><strong>homo,</strong></span> <span class='ocrx_word' id='word_1_524' title='bbox 3729 3759 3817 3815; x_wconf 88' lang='lat' dir='ltr'><strong>hic</strong></span> 
     </span>
    </p>
   </div>
   <div class='ocr_carea' id='block_1_75' title="bbox 2217 3853 3815 3932">
    <p class='ocr_par' dir='ltr' id='par_1_75' title="bbox 2217 3853 3815 3932">
     <span class='ocr_line' id='line_1_75' title="bbox 2217 3853 3815 3932; baseline -0.005 -16"><span class='ocrx_word' id='word_1_525' title='bbox 2217 3860 2372 3932; x_wconf 82' lang='lat' dir='ltr'><strong>juxta</strong></span> <span class='ocrx_word' id='word_1_526' title='bbox 2417 3857 2570 3914; x_wconf 86' lang='lat' dir='ltr'><strong>Pauli</strong></span> <span class='ocrx_word' id='word_1_527' title='bbox 2639 3871 2829 3915; x_wconf 90' lang='lat' dir='ltr'><strong>vocem</strong></span> <span class='ocrx_word' id='word_1_528' title='bbox 2876 3863 3037 3911; x_wconf 89' lang='lat' dir='ltr'><strong>natus</strong></span> <span class='ocrx_word' id='word_1_529' title='bbox 3097 3870 3166 3911; x_wconf 91' lang='lat' dir='ltr'><strong>ex</strong></span> <span class='ocrx_word' id='word_1_530' title='bbox 3213 3855 3418 3911; x_wconf 87' lang='lat' dir='ltr'><strong>semine</strong></span> <span class='ocrx_word' id='word_1_531' title='bbox 3469 3853 3668 3922; x_wconf 87' lang='lat' dir='ltr'><strong>David,</strong></span> <span class='ocrx_word' id='word_1_532' title='bbox 3718 3861 3815 3908; x_wconf 84' lang='lat' dir='ltr'><strong>etc.</strong></span> 
     </span>
    </p>
   </div>
   <div class='ocr_carea' id='block_1_76' title="bbox 2223 3948 2481 4007">
    <p class='ocr_par' dir='ltr' id='par_1_76' title="bbox 2223 3948 2481 4007">
     <span class='ocr_line' id='line_1_76' title="bbox 2223 3948 2481 4007; baseline -0.016 0"><span class='ocrx_word' id='word_1_533' title='bbox 2223 3949 2394 4007; x_wconf 89' lang='lat' dir='ltr'><strong>Serm.</strong></span> <span class='ocrx_word' id='word_1_534' title='bbox 2427 3948 2481 4003; x_wconf 89' lang='lat'><strong>2.</strong></span> 
     </span>
    </p>
   </div>
   <div class='ocr_carea' id='block_1_77' title="bbox 2829 4015 3196 4072">
    <p class='ocr_par' dir='ltr' id='par_1_77' title="bbox 2829 4015 3196 4072">
     <span class='ocr_line' id='line_1_77' title="bbox 2829 4015 3196 4072; baseline -0.005 -2"><span class='ocrx_word' id='word_1_535' title='bbox 2829 4015 2915 4072; x_wconf 77' lang='lat' dir='ltr'><strong>Ea:</strong></span> <span class='ocrx_word' id='word_1_536' title='bbox 2951 4016 3083 4072; x_wconf 78' lang='lat' dir='ltr'><strong>libro</strong></span> <span class='ocrx_word' id='word_1_537' title='bbox 3120 4031 3196 4071; x_wconf 94' lang='grc' dir='ltr'><strong>ιιι.</strong></span> 
     </span>
    </p>
   </div>
   <div class='ocr_carea' id='block_1_78' title="bbox 2294 4124 3818 4198">
    <p class='ocr_par' dir='ltr' id='par_1_78' title="bbox 2294 4124 3818 4198">
     <span class='ocr_line' id='line_1_78' title="bbox 2294 4124 3818 4198; baseline -0.003 -12"><span class='ocrx_word' id='word_1_538' title='bbox 2294 4133 2344 4187; x_wconf 96' lang='grc'><strong>1.</strong></span> <span class='ocrx_word' id='word_1_539' title='bbox 2386 4132 2520 4188; x_wconf 90' lang='lat' dir='ltr'><strong>Cum</strong></span> <span class='ocrx_word' id='word_1_540' title='bbox 2589 4131 2740 4187; x_wconf 81' lang='lat' dir='ltr'><strong>enim</strong></span> <span class='ocrx_word' id='word_1_541' title='bbox 2796 4128 3019 4185; x_wconf 89' lang='lat' dir='ltr'><strong>audiunt</strong></span> <span class='ocrx_word' id='word_1_542' title='bbox 3063 4141 3258 4183; x_wconf 90' lang='lat' dir='ltr'><strong>nomen</strong></span> <span class='ocrx_word' id='word_1_543' title='bbox 3314 4124 3544 4196; x_wconf 89' lang='lat' dir='ltr'><strong>apostoli</strong></span> <span class='ocrx_word' id='word_1_544' title='bbox 3565 4165 3582 4192; x_wconf 92' lang='lat'><strong>,</strong></span> <span class='ocrx_word' id='word_1_545' title='bbox 3640 4126 3818 4198; x_wconf 86' lang='lat' dir='ltr'><strong>ipsum</strong></span> 
     </span>
    </p>
   </div>
   <div class='ocr_carea' id='block_1_79' title="bbox 2221 4218 3746 4293">
    <p class='ocr_par' dir='ltr' id='par_1_79' title="bbox 2221 4218 3746 4293">
     <span class='ocr_line' id='line_1_79' title="bbox 2221 4218 3746 4293; baseline -0.006 -10"><span class='ocrx_word' id='word_1_546' title='bbox 2221 4227 2389 4283; x_wconf 91' lang='lat' dir='ltr'><strong>Deum</strong></span> <span class='ocrx_word' id='word_1_547' title='bbox 2416 4225 2642 4282; x_wconf 87' lang='lat' dir='ltr'><strong>verbum</strong></span> <span class='ocrx_word' id='word_1_548' title='bbox 2670 4222 2973 4292; x_wconf 88' lang='lat' dir='ltr'><strong>intelligunt</strong></span> <span class='ocrx_word' id='word_1_549' title='bbox 3001 4220 3322 4293; x_wconf 90' lang='lat' dir='ltr'><strong>apostolum,</strong></span> <span class='ocrx_word' id='word_1_550' title='bbox 3353 4228 3451 4274; x_wconf 88' lang='lat' dir='ltr'><strong>etc.</strong></span> <span class='ocrx_word' id='word_1_551' title='bbox 3482 4218 3665 4277; x_wconf 79' lang='lat' dir='ltr'><strong>Serm.</strong></span> <span class='ocrx_word' id='word_1_552' title='bbox 3689 4222 3746 4278; x_wconf 84' lang='lat'><strong>6.</strong></span> 
     </span>
    </p>
   </div>
   <div class='ocr_carea' id='block_1_80' title="bbox 2293 4313 3818 4386">
    <p class='ocr_par' dir='ltr' id='par_1_80' title="bbox 2293 4313 3818 4386">
     <span class='ocr_line' id='line_1_80' title="bbox 2293 4313 3818 4386; baseline 0 -14"><span class='ocrx_word' id='word_1_553' title='bbox 2293 4318 2347 4372; x_wconf 89' lang='lat'><strong>2.</strong></span> <span class='ocrx_word' id='word_1_554' title='bbox 2387 4316 2506 4372; x_wconf 86' lang='lat' dir='ltr'><strong>Non</strong></span> <span class='ocrx_word' id='word_1_555' title='bbox 2530 4315 2752 4385; x_wconf 88' lang='lat' dir='ltr'><strong>angelos</strong></span> <span class='ocrx_word' id='word_1_556' title='bbox 2789 4314 3168 4386; x_wconf 89' lang='lat' dir='ltr'><strong>apprehendit,</strong></span> <span class='ocrx_word' id='word_1_557' title='bbox 3199 4313 3294 4370; x_wconf 86' lang='lat' dir='ltr'><strong>sed</strong></span> <span class='ocrx_word' id='word_1_558' title='bbox 3319 4329 3506 4373; x_wconf 90' lang='lat' dir='ltr'><strong>semen</strong></span> <span class='ocrx_word' id='word_1_559' title='bbox 3535 4314 3818 4372; x_wconf 80' lang='lat' dir='ltr'><strong>Abraham</strong></span> 
     </span>
    </p>
   </div>
   <div class='ocr_carea' id='block_1_81' title="bbox 2223 4407 2986 4483">
    <p class='ocr_par' dir='ltr' id='par_1_81' title="bbox 2223 4407 2986 4483">
     <span class='ocr_line' id='line_1_81' title="bbox 2223 4407 2986 4483; baseline -0.008 -15"><span class='ocrx_word' id='word_1_560' title='bbox 2223 4409 2598 4483; x_wconf 88' lang='lat' dir='ltr'><strong>apprehendit,</strong></span> <span class='ocrx_word' id='word_1_561' title='bbox 2620 4419 2719 4464; x_wconf 85' lang='lat' dir='ltr'><strong>etc.</strong></span> <span class='ocrx_word' id='word_1_562' title='bbox 2753 4407 2923 4465; x_wconf 84' lang='lat' dir='ltr'><strong>Serm.</strong></span> <span class='ocrx_word' id='word_1_563' title='bbox 2953 4408 2986 4462; x_wconf 90' lang='lat'><strong><em>6</em></strong></span> 
     </span>
    </p>
   </div>
   <div class='ocr_carea' id='block_1_82' title="bbox 2292 4499 3823 4570">
    <p class='ocr_par' dir='ltr' id='par_1_82' title="bbox 2292 4499 3823 4570">
     <span class='ocr_line' id='line_1_82' title="bbox 2292 4499 3823 4570; baseline -0.002 -12"><span class='ocrx_word' id='word_1_564' title='bbox 2292 4504 2343 4558; x_wconf 88' lang='grc'><strong>5.</strong></span> <span class='ocrx_word' id='word_1_565' title='bbox 2387 4503 2585 4558; x_wconf 90' lang='lat' dir='ltr'><strong>Semen</strong></span> <span class='ocrx_word' id='word_1_566' title='bbox 2631 4501 2900 4558; x_wconf 82' lang='lat' dir='ltr'><strong>Abraham</strong></span> <span class='ocrx_word' id='word_1_567' title='bbox 2946 4500 2993 4555; x_wconf 91' lang='lat' dir='ltr'><strong>is</strong></span> <span class='ocrx_word' id='word_1_568' title='bbox 3038 4508 3121 4556; x_wconf 89' lang='lat' dir='ltr'><strong>est</strong></span> <span class='ocrx_word' id='word_1_569' title='bbox 3158 4500 3250 4570; x_wconf 90' lang='lat' dir='ltr'><strong>qui</strong></span> <span class='ocrx_word' id='word_1_570' title='bbox 3295 4499 3415 4556; x_wconf 92' lang='lat' dir='ltr'><strong>heri</strong></span> <span class='ocrx_word' id='word_1_571' title='bbox 3453 4509 3511 4557; x_wconf 91' lang='lat' dir='ltr'><strong>et</strong></span> <span class='ocrx_word' id='word_1_572' title='bbox 3537 4500 3730 4569; x_wconf 87' lang='lat' dir='ltr'><strong>hodie,</strong></span> <span class='ocrx_word' id='word_1_573' title='bbox 3762 4509 3823 4557; x_wconf 89' lang='lat' dir='ltr'><strong>ut</strong></span> 
     </span>
    </p>
   </div>
   <div class='ocr_carea' id='block_1_83' title="bbox 531 4591 3821 4687">
    <p class='ocr_par' dir='ltr' id='par_1_83' title="bbox 531 4591 3821 4687">
     <span class='ocr_line' id='line_1_83' title="bbox 531 4591 3821 4687; baseline -0.004 -14"><span class='ocrx_word' id='word_1_574' title='bbox 531 4617 798 4673; x_wconf 88' lang='lat' dir='ltr'><strong>rationem</strong></span> <span class='ocrx_word' id='word_1_575' title='bbox 829 4616 882 4670; x_wconf 90' lang='lat' dir='ltr'><strong>in</strong></span> <span class='ocrx_word' id='word_1_576' title='bbox 908 4617 1021 4672; x_wconf 90' lang='lat' dir='ltr'><strong>Deo</strong></span> <span class='ocrx_word' id='word_1_577' title='bbox 1036 4616 1217 4673; x_wconf 90' lang='lat' dir='ltr'><strong>Verbo</strong></span> <span class='ocrx_word' id='word_1_578' title='bbox 1240 4617 1424 4671; x_wconf 87' lang='lat' dir='ltr'><strong>vitavit</strong></span> <span class='ocrx_word' id='word_1_579' title='bbox 1442 4591 1475 4684; x_wconf 51' lang='grc' dir='ltr'><em>ί</em></span> <span class='ocrx_word' id='word_1_580' title='bbox 1495 4632 1558 4671; x_wconf 88' lang='lat' dir='ltr'><strong>ac</strong></span> <span class='ocrx_word' id='word_1_581' title='bbox 1579 4591 1756 4687; x_wconf 86' lang='lat' dir='ltr'><strong>posuit</strong></span> <span class='ocrx_word' id='word_1_582' title='bbox 1785 4591 2115 4672; x_wconf 80' lang='lat' dir='ltr'><strong>incarnatio-</strong></span> <span class='ocrx_word' id='word_1_583' title='bbox 2143 4610 2194 4674; x_wconf 88' lang='lat' dir='ltr'><strong>D</strong></span> <span class='ocrx_word' id='word_1_584' title='bbox 2220 4595 2418 4652; x_wconf 69' lang='lat' dir='ltr'><strong>Paulus</strong></span> <span class='ocrx_word' id='word_1_585' title='bbox 2441 4595 2535 4661; x_wconf 65' lang='grc' dir='ltr'><strong>δίεν</strong></span> <span class='ocrx_word' id='word_1_586' title='bbox 2561 4610 2670 4650; x_wconf 76' lang='grc' dir='ltr'><strong>ηθη</strong></span> <span class='ocrx_word' id='word_1_587' title='bbox 2690 4593 2939 4687; x_wconf 32' lang='grc' dir='ltr'><strong>(Ιυίιάίιίι</strong></span> <span class='ocrx_word' id='word_1_588' title='bbox 2964 4611 3001 4687; x_wconf 31' lang='grc' dir='ltr'><em>τ’</em></span> <span class='ocrx_word' id='word_1_589' title='bbox 3025 4591 3182 4649; x_wconf 64' lang='lat' dir='ltr'><strong>Prius</strong></span> <span class='ocrx_word' id='word_1_590' title='bbox 3211 4607 3374 4663; x_wconf 59' lang='lat' dir='ltr'><strong>quam</strong></span> <span class='ocrx_word' id='word_1_591' title='bbox 3402 4593 3682 4650; x_wconf 62' lang='lat' dir='ltr'><strong>Abraham</strong></span> <span class='ocrx_word' id='word_1_592' title='bbox 3725 4594 3821 4651; x_wconf 72' lang='grc' dir='ltr'><strong>ίίε-</strong></span> 
     </span>
    </p>
   </div>
   <div class='ocr_carea' id='block_1_84' title="bbox 529 4712 1116 4780">
    <p class='ocr_par' dir='ltr' id='par_1_84' title="bbox 529 4712 1116 4780">
     <span class='ocr_line' id='line_1_84' title="bbox 529 4712 1116 4780; baseline -0.003 -11"><span class='ocrx_word' id='word_1_593' title='bbox 529 4729 673 4780; x_wconf 89' lang='lat' dir='ltr'><strong>nem,</strong></span> <span class='ocrx_word' id='word_1_594' title='bbox 708 4722 803 4767; x_wconf 89' lang='lat' dir='ltr'><strong>etc.</strong></span> <span class='ocrx_word' id='word_1_595' title='bbox 849 4712 1018 4768; x_wconf 79' lang='lat' dir='ltr'><strong>Serm.</strong></span> <span class='ocrx_word' id='word_1_596' title='bbox 1062 4714 1116 4768; x_wconf 87' lang='grc'><strong>5,</strong></span> 
     </span>
    </p>
   </div>
   <div class='ocr_carea' id='block_1_85' title="bbox 601 4802 2118 4873">
    <p class='ocr_par' dir='ltr' id='par_1_85' title="bbox 601 4802 2118 4873">
     <span class='ocr_line' id='line_1_85' title="bbox 601 4802 2118 4873; baseline -0.002 -15"><span class='ocrx_word' id='word_1_597' title='bbox 601 4804 652 4859; x_wconf 89' lang='lat'><strong>9.</strong></span> <span class='ocrx_word' id='word_1_598' title='bbox 695 4804 898 4860; x_wconf 89' lang='lat' dir='ltr'><strong>Tamen</strong></span> <span class='ocrx_word' id='word_1_599' title='bbox 935 4805 1225 4860; x_wconf 89' lang='lat' dir='ltr'><strong>Divinitate</strong></span> <span class='ocrx_word' id='word_1_600' title='bbox 1264 4811 1413 4860; x_wconf 89' lang='lat' dir='ltr'><strong>certe</strong></span> <span class='ocrx_word' id='word_1_601' title='bbox 1457 4819 1577 4873; x_wconf 81' lang='lat' dir='ltr'><strong>quae</strong></span> <span class='ocrx_word' id='word_1_602' title='bbox 1618 4803 1791 4873; x_wconf 88' lang='lat' dir='ltr'><strong>major</strong></span> <span class='ocrx_word' id='word_1_603' title='bbox 1835 4810 1916 4857; x_wconf 91' lang='lat' dir='ltr'><strong>est</strong></span> <span class='ocrx_word' id='word_1_604' title='bbox 1945 4802 2118 4871; x_wconf 91' lang='lat' dir='ltr'><strong>ipsum</strong></span> 
     </span>
    </p>
   </div>
   <div class='ocr_carea' id='block_1_86' title="bbox 530 4893 2078 4964">
    <p class='ocr_par' dir='ltr' id='par_1_86' title="bbox 530 4893 2078 4964">
     <span class='ocr_line' id='line_1_86' title="bbox 530 4893 2078 4964; baseline -0.004 -13"><span class='ocrx_word' id='word_1_605' title='bbox 530 4895 628 4952; x_wconf 86' lang='lat' dir='ltr'><strong>Dei</strong></span> <span class='ocrx_word' id='word_1_606' title='bbox 647 4895 886 4950; x_wconf 89' lang='lat' dir='ltr'><strong>Verbum</strong></span> <span class='ocrx_word' id='word_1_607' title='bbox 913 4895 1184 4952; x_wconf 86' lang='lat' dir='ltr'><strong>recentius</strong></span> <span class='ocrx_word' id='word_1_608' title='bbox 1213 4909 1332 4950; x_wconf 89' lang='lat' dir='ltr'><strong>esse</strong></span> <span class='ocrx_word' id='word_1_609' title='bbox 1357 4903 1644 4964; x_wconf 90' lang='lat' dir='ltr'><strong>nngantur,</strong></span> <span class='ocrx_word' id='word_1_610' title='bbox 1673 4903 1768 4947; x_wconf 84' lang='lat' dir='ltr'><strong>etc.</strong></span> <span class='ocrx_word' id='word_1_611' title='bbox 1813 4893 1983 4947; x_wconf 87' lang='lat' dir='ltr'><strong>Serm.</strong></span> <span class='ocrx_word' id='word_1_612' title='bbox 2028 4893 2078 4946; x_wconf 86' lang='grc'><strong>5.</strong></span> 
     </span>
    </p>
   </div>
   <div class='ocr_carea' id='block_1_87' title="bbox 603 4984 2113 5057">
    <p class='ocr_par' dir='ltr' id='par_1_87' title="bbox 603 4984 2113 5057">
     <span class='ocr_line' id='line_1_87' title="bbox 603 4984 2113 5057; baseline -0.001 -17"><span class='ocrx_word' id='word_1_613' title='bbox 603 4986 688 5042; x_wconf 93' lang='grc'><strong>10.</strong></span> <span class='ocrx_word' id='word_1_614' title='bbox 730 4988 847 5042; x_wconf 83' lang='lat' dir='ltr'><strong>Dixi</strong></span> <span class='ocrx_word' id='word_1_615' title='bbox 869 4987 980 5057; x_wconf 88' lang='lat' dir='ltr'><strong>jam</strong></span> <span class='ocrx_word' id='word_1_616' title='bbox 1006 4987 1233 5057; x_wconf 83' lang='lat' dir='ltr'><strong>saepius:</strong></span> <span class='ocrx_word' id='word_1_617' title='bbox 1267 4986 1325 5041; x_wconf 92' lang='lat' dir='ltr'><strong>Si</strong></span> <span class='ocrx_word' id='word_1_618' title='bbox 1356 4987 1476 5057; x_wconf 90' lang='lat' dir='ltr'><strong>quis</strong></span> <span class='ocrx_word' id='word_1_619' title='bbox 1500 4987 1640 5042; x_wconf 88' lang='lat' dir='ltr'><strong>inter</strong></span> <span class='ocrx_word' id='word_1_620' title='bbox 1669 5001 1764 5040; x_wconf 86' lang='lat' dir='ltr'><strong>vos</strong></span> <span class='ocrx_word' id='word_1_621' title='bbox 1803 4984 2113 5055; x_wconf 88' lang='lat' dir='ltr'><strong>simplicior,</strong></span> 
     </span>
    </p>
   </div>
   <div class='ocr_carea' id='block_1_88' title="bbox 525 5079 931 5136">
    <p class='ocr_par' dir='ltr' id='par_1_88' title="bbox 525 5079 931 5136">
     <span class='ocr_line' id='line_1_88' title="bbox 525 5079 931 5136; baseline -0.005 -1"><span class='ocrx_word' id='word_1_622' title='bbox 525 5087 626 5135; x_wconf 77' lang='lat' dir='ltr'><strong>etc.</strong></span> <span class='ocrx_word' id='word_1_623' title='bbox 669 5079 840 5136; x_wconf 88' lang='lat' dir='ltr'><strong>Serm.</strong></span> <span class='ocrx_word' id='word_1_624' title='bbox 883 5079 931 5133; x_wconf 83' lang='lat'><strong>5.</strong></span> 
     </span>
    </p>
   </div>
   <div class='ocr_carea' id='block_1_89' title="bbox 1141 5192 1462 5248">
    <p class='ocr_par' dir='ltr' id='par_1_89' title="bbox 1141 5192 1462 5248">
     <span class='ocr_line' id='line_1_89' title="bbox 1141 5192 1462 5248; baseline 0.006 -2"><span class='ocrx_word' id='word_1_625' title='bbox 1141 5192 1225 5248; x_wconf 71' lang='lat' dir='ltr'><strong>Ex</strong></span> <span class='ocrx_word' id='word_1_626' title='bbox 1261 5194 1391 5248; x_wconf 81' lang='lat' dir='ltr'><strong>libra</strong></span> <span class='ocrx_word' id='word_1_627' title='bbox 1427 5209 1462 5248; x_wconf 86' lang='grc' dir='ltr'><strong>ιι</strong></span> 
     </span>
    </p>
   </div>
   <div class='ocr_carea' id='block_1_90' title="bbox 602 5329 2114 5402">
    <p class='ocr_par' dir='ltr' id='par_1_90' title="bbox 602 5329 2114 5402">
     <span class='ocr_line' id='line_1_90' title="bbox 602 5329 2114 5402; baseline 0.001 -18"><span class='ocrx_word' id='word_1_628' title='bbox 602 5331 652 5386; x_wconf 89' lang='grc'><strong>1.</strong></span> <span class='ocrx_word' id='word_1_629' title='bbox 693 5331 750 5387; x_wconf 88' lang='lat' dir='ltr'><strong>Si</strong></span> <span class='ocrx_word' id='word_1_630' title='bbox 777 5330 880 5386; x_wconf 79' lang='lat' dir='ltr'><strong>ﬁde</strong></span> <span class='ocrx_word' id='word_1_631' title='bbox 904 5329 1130 5401; x_wconf 90' lang='lat' dir='ltr'><strong>simplici</strong></span> <span class='ocrx_word' id='word_1_632' title='bbox 1157 5329 1439 5401; x_wconf 90' lang='lat' dir='ltr'><strong>Deiparam</strong></span> <span class='ocrx_word' id='word_1_633' title='bbox 1468 5331 1736 5402; x_wconf 84' lang='lat' dir='ltr'><strong>proferres</strong></span> <span class='ocrx_word' id='word_1_634' title='bbox 1755 5371 1768 5398; x_wconf 89' lang='lat'><strong>,</strong></span> <span class='ocrx_word' id='word_1_635' title='bbox 1801 5329 1947 5386; x_wconf 89' lang='lat' dir='ltr'><strong>nulla</strong></span> <span class='ocrx_word' id='word_1_636' title='bbox 1972 5339 2114 5389; x_wconf 88' lang='lat' dir='ltr'><strong>esset</strong></span> 
     </span>
    </p>
   </div>
   <div class='ocr_carea' id='block_1_91' title="bbox 526 5421 2111 5494">
    <p class='ocr_par' dir='ltr' id='par_1_91' title="bbox 526 5421 2111 5494">
     <span class='ocr_line' id='line_1_91' title="bbox 526 5421 2111 5494; baseline 0.001 -16"><span class='ocrx_word' id='word_1_637' title='bbox 526 5423 670 5494; x_wconf 87' lang='lat' dir='ltr'><strong>apud</strong></span> <span class='ocrx_word' id='word_1_638' title='bbox 702 5437 789 5478; x_wconf 92' lang='lat' dir='ltr'><strong>me</strong></span> <span class='ocrx_word' id='word_1_639' title='bbox 833 5421 1082 5477; x_wconf 81' lang='lat' dir='ltr'><strong>dictionis</strong></span> <span class='ocrx_word' id='word_1_640' title='bbox 1128 5421 1354 5488; x_wconf 87' lang='lat' dir='ltr'><strong>invidia,</strong></span> <span class='ocrx_word' id='word_1_641' title='bbox 1392 5422 1542 5478; x_wconf 86' lang='lat' dir='ltr'><strong>verbi</strong></span> <span class='ocrx_word' id='word_1_642' title='bbox 1576 5437 1792 5478; x_wconf 87' lang='lat' dir='ltr'><strong>sensum</strong></span> <span class='ocrx_word' id='word_1_643' title='bbox 1822 5423 2111 5481; x_wconf 85' lang='lat' dir='ltr'><strong>exauiren-</strong></span> 
     </span>
    </p>
   </div>
   <div class='ocr_carea' id='block_1_92' title="bbox 525 5511 1086 5582">
    <p class='ocr_par' dir='ltr' id='par_1_92' title="bbox 525 5511 1086 5582">
     <span class='ocr_line' id='line_1_92' title="bbox 525 5511 1086 5582; baseline -0.007 -14"><span class='ocrx_word' id='word_1_644' title='bbox 525 5521 656 5582; x_wconf 85' lang='lat' dir='ltr'><strong>tem,</strong></span> <span class='ocrx_word' id='word_1_645' title='bbox 677 5523 776 5570; x_wconf 90' lang='lat' dir='ltr'><strong>etc.</strong></span> <span class='ocrx_word' id='word_1_646' title='bbox 820 5513 991 5570; x_wconf 90' lang='lat' dir='ltr'><strong>Serm.</strong></span> <span class='ocrx_word' id='word_1_647' title='bbox 1035 5511 1086 5565; x_wconf 89' lang='lat'><strong>5.</strong></span> 
     </span>
    </p>
   </div>
   <div class='ocr_carea' id='block_1_93' title="bbox 594 5605 2108 5677">
    <p class='ocr_par' dir='ltr' id='par_1_93' title="bbox 594 5605 2108 5677">
     <span class='ocr_line' id='line_1_93' title="bbox 594 5605 2108 5677; baseline 0 -17"><span class='ocrx_word' id='word_1_648' title='bbox 594 5607 649 5662; x_wconf 87' lang='lat'><strong>2.</strong></span> <span class='ocrx_word' id='word_1_649' title='bbox 690 5605 792 5663; x_wconf 89' lang='lat' dir='ltr'><strong>Ubi</strong></span> <span class='ocrx_word' id='word_1_650' title='bbox 822 5607 980 5677; x_wconf 88' lang='lat' dir='ltr'><strong>igitur</strong></span> <span class='ocrx_word' id='word_1_651' title='bbox 1007 5621 1172 5663; x_wconf 66' lang='lat' dir='ltr'><strong>sacrae</strong></span> <span class='ocrx_word' id='word_1_652' title='bbox 1208 5605 1399 5662; x_wconf 64' lang='lat' dir='ltr'><strong>littera:</strong></span> <span class='ocrx_word' id='word_1_653' title='bbox 1438 5607 1522 5662; x_wconf 89' lang='lat' dir='ltr'><strong>vel</strong></span> <span class='ocrx_word' id='word_1_654' title='bbox 1548 5608 1884 5662; x_wconf 89' lang='lat' dir='ltr'><strong>nativitatem</strong></span> <span class='ocrx_word' id='word_1_655' title='bbox 1912 5607 2108 5662; x_wconf 87' lang='lat' dir='ltr'><strong>Christi</strong></span> 
     </span>
    </p>
   </div>
   <div class='ocr_carea' id='block_1_94' title="bbox 524 5698 2101 5770">
    <p class='ocr_par' dir='ltr' id='par_1_94' title="bbox 524 5698 2101 5770">
     <span class='ocr_line' id='line_1_94' title="bbox 524 5698 2101 5770; baseline -0.002 -16"><span class='ocrx_word' id='word_1_656' title='bbox 524 5699 592 5756; x_wconf 88' lang='lat' dir='ltr'><strong>de</strong></span> <span class='ocrx_word' id='word_1_657' title='bbox 619 5698 776 5755; x_wconf 88' lang='lat' dir='ltr'><strong>beata</strong></span> <span class='ocrx_word' id='word_1_658' title='bbox 794 5698 1012 5768; x_wconf 89' lang='lat' dir='ltr'><strong>Virgine</strong></span> <span class='ocrx_word' id='word_1_659' title='bbox 1049 5705 1353 5770; x_wconf 90' lang='lat' dir='ltr'><strong>exponunt,</strong></span> <span class='ocrx_word' id='word_1_660' title='bbox 1387 5713 1649 5767; x_wconf 89' lang='lat' dir='ltr'><strong>nusquam</strong></span> <span class='ocrx_word' id='word_1_661' title='bbox 1674 5707 1883 5769; x_wconf 88' lang='lat' dir='ltr'><strong>ponunt</strong></span> <span class='ocrx_word' id='word_1_662' title='bbox 1912 5698 2101 5758; x_wconf 88' lang='lat' dir='ltr'><strong>Deum.</strong></span> 
     </span>
    </p>
   </div>
   <div class='ocr_carea' id='block_1_95' title="bbox 522 5789 1924 5858">
    <p class='ocr_par' dir='ltr' id='par_1_95' title="bbox 522 5789 1924 5858">
     <span class='ocr_line' id='line_1_95' title="bbox 522 5789 1924 5858; baseline -0.004 -7"><span class='ocrx_word' id='word_1_663' title='bbox 522 5793 616 5851; x_wconf 72' lang='lat' dir='ltr'><strong>sed</strong></span> <span class='ocrx_word' id='word_1_664' title='bbox 647 5793 733 5848; x_wconf 89' lang='lat' dir='ltr'><strong>vel</strong></span> <span class='ocrx_word' id='word_1_665' title='bbox 751 5789 1042 5856; x_wconf 89' lang='lat' dir='ltr'><strong>Christum,</strong></span> <span class='ocrx_word' id='word_1_666' title='bbox 1075 5793 1159 5847; x_wconf 87' lang='lat' dir='ltr'><strong>vel</strong></span> <span class='ocrx_word' id='word_1_667' title='bbox 1180 5791 1486 5858; x_wconf 89' lang='lat' dir='ltr'><strong>Dominum,</strong></span> <span class='ocrx_word' id='word_1_668' title='bbox 1516 5799 1613 5846; x_wconf 89' lang='lat' dir='ltr'><strong>etc.</strong></span> <span class='ocrx_word' id='word_1_669' title='bbox 1658 5790 1830 5848; x_wconf 87' lang='lat' dir='ltr'><strong>Serm.</strong></span> <span class='ocrx_word' id='word_1_670' title='bbox 1871 5791 1924 5846; x_wconf 88' lang='lat'><strong>2.</strong></span> 
     </span>
    </p>
   </div>
   <div class='ocr_carea' id='block_1_96' title="bbox 2217 4683 3024 4755">
    <p class='ocr_par' dir='ltr' id='par_1_96' title="bbox 2217 4683 3024 4755">
     <span class='ocr_line' id='line_1_96' title="bbox 2217 4683 3024 4755; baseline -0.006 -12"><span class='ocrx_word' id='word_1_671' title='bbox 2217 4695 2322 4753; x_wconf 93' lang='lat' dir='ltr'><strong>ret,</strong></span> <span class='ocrx_word' id='word_1_672' title='bbox 2347 4699 2450 4755; x_wconf 88' lang='lat' dir='ltr'><strong>ego</strong></span> <span class='ocrx_word' id='word_1_673' title='bbox 2470 4701 2610 4749; x_wconf 91' lang='lat' dir='ltr'><strong>sum,</strong></span> <span class='ocrx_word' id='word_1_674' title='bbox 2641 4693 2739 4739; x_wconf 87' lang='lat' dir='ltr'><strong>etc.</strong></span> <span class='ocrx_word' id='word_1_675' title='bbox 2775 4683 2948 4739; x_wconf 88' lang='lat' dir='ltr'><strong>Serm.</strong></span> <span class='ocrx_word' id='word_1_676' title='bbox 2972 4683 3024 4738; x_wconf 88' lang='lat'><strong>6.</strong></span> 
     </span>
    </p>
   </div>
   <div class='ocr_carea' id='block_1_97' title="bbox 2284 4772 3824 4845">
    <p class='ocr_par' dir='ltr' id='par_1_97' title="bbox 2284 4772 3824 4845">
     <span class='ocr_line' id='line_1_97' title="bbox 2284 4772 3824 4845; baseline -0.002 -14"><span class='ocrx_word' id='word_1_677' title='bbox 2284 4777 2336 4831; x_wconf 69' lang='grc'><strong>4.</strong></span> <span class='ocrx_word' id='word_1_678' title='bbox 2379 4775 2480 4832; x_wconf 80' lang='lat' dir='ltr'><strong>Hic</strong></span> <span class='ocrx_word' id='word_1_679' title='bbox 2525 4775 2614 4831; x_wconf 90' lang='lat' dir='ltr'><strong>ille</strong></span> <span class='ocrx_word' id='word_1_680' title='bbox 2661 4772 2836 4831; x_wconf 84' lang='lat' dir='ltr'><strong>ﬁdelis</strong></span> <span class='ocrx_word' id='word_1_681' title='bbox 2875 4774 2990 4830; x_wconf 91' lang='lat' dir='ltr'><strong>Deo</strong></span> <span class='ocrx_word' id='word_1_682' title='bbox 3016 4775 3188 4830; x_wconf 84' lang='lat' dir='ltr'><strong>factus</strong></span> <span class='ocrx_word' id='word_1_683' title='bbox 3213 4772 3459 4845; x_wconf 81' lang='lat' dir='ltr'><strong>pontifex</strong></span> <span class='ocrx_word' id='word_1_684' title='bbox 3479 4814 3495 4841; x_wconf 93' lang='lat'><strong>,</strong></span> <span class='ocrx_word' id='word_1_685' title='bbox 3525 4773 3710 4832; x_wconf 86' lang='lat' dir='ltr'><strong>factus</strong></span> <span class='ocrx_word' id='word_1_686' title='bbox 3737 4782 3824 4832; x_wconf 86' lang='lat' dir='ltr'><strong>est</strong></span> 
     </span>
    </p>
   </div>
   <div class='ocr_carea' id='block_1_98' title="bbox 2212 4866 3410 4936">
    <p class='ocr_par' dir='ltr' id='par_1_98' title="bbox 2212 4866 3410 4936">
     <span class='ocr_line' id='line_1_98' title="bbox 2212 4866 3410 4936; baseline -0.007 -8"><span class='ocrx_word' id='word_1_687' title='bbox 2212 4871 2377 4936; x_wconf 89' lang='lat' dir='ltr'><strong>enim,</strong></span> <span class='ocrx_word' id='word_1_688' title='bbox 2407 4883 2517 4926; x_wconf 90' lang='lat' dir='ltr'><strong>non</strong></span> <span class='ocrx_word' id='word_1_689' title='bbox 2537 4869 2605 4924; x_wconf 86' lang='lat' dir='ltr'><strong>ab</strong></span> <span class='ocrx_word' id='word_1_690' title='bbox 2631 4875 2838 4925; x_wconf 81' lang='lat' dir='ltr'><strong>aeterno</strong></span> <span class='ocrx_word' id='word_1_691' title='bbox 2865 4876 3000 4934; x_wconf 89' lang='lat' dir='ltr'><strong>erat,</strong></span> <span class='ocrx_word' id='word_1_692' title='bbox 3024 4879 3120 4922; x_wconf 87' lang='lat' dir='ltr'><strong>etc.</strong></span> <span class='ocrx_word' id='word_1_693' title='bbox 3154 4867 3325 4923; x_wconf 88' lang='lat' dir='ltr'><strong>Serm.</strong></span> <span class='ocrx_word' id='word_1_694' title='bbox 3359 4866 3410 4922; x_wconf 87' lang='lat'><strong>6.</strong></span> 
     </span>
    </p>
   </div>
   <div class='ocr_carea' id='block_1_99' title="bbox 2284 4959 3823 5032">
    <p class='ocr_par' dir='ltr' id='par_1_99' title="bbox 2284 4959 3823 5032">
     <span class='ocr_line' id='line_1_99' title="bbox 2284 4959 3823 5032; baseline 0.001 -15"><span class='ocrx_word' id='word_1_695' title='bbox 2284 4962 2334 5017; x_wconf 86' lang='lat'><strong>5.</strong></span> <span class='ocrx_word' id='word_1_696' title='bbox 2377 4962 2514 5018; x_wconf 89' lang='lat' dir='ltr'><strong>Cum</strong></span> <span class='ocrx_word' id='word_1_697' title='bbox 2534 4962 2698 5032; x_wconf 90' lang='lat' dir='ltr'><strong>igitur</strong></span> <span class='ocrx_word' id='word_1_698' title='bbox 2723 4963 2868 5019; x_wconf 87' lang='lat' dir='ltr'><strong>solus</strong></span> <span class='ocrx_word' id='word_1_699' title='bbox 2908 4962 2996 5017; x_wconf 92' lang='lat' dir='ltr'><strong>hic</strong></span> <span class='ocrx_word' id='word_1_700' title='bbox 3032 4961 3188 5016; x_wconf 85' lang='lat' dir='ltr'><strong>nobis</strong></span> <span class='ocrx_word' id='word_1_701' title='bbox 3217 4960 3288 5015; x_wconf 88' lang='lat' dir='ltr'><strong>sit</strong></span> <span class='ocrx_word' id='word_1_702' title='bbox 3324 4959 3566 5031; x_wconf 85' lang='lat' dir='ltr'><strong>pontifex</strong></span> <span class='ocrx_word' id='word_1_703' title='bbox 3595 4961 3823 5019; x_wconf 85' lang='lat' dir='ltr'><strong>miseri-</strong></span> 
     </span>
    </p>
   </div>
   <div class='ocr_carea' id='block_1_100' title="bbox 2219 5054 3827 5125">
    <p class='ocr_par' dir='ltr' id='par_1_100' title="bbox 2219 5054 3827 5125">
     <span class='ocr_line' id='line_1_100' title="bbox 2219 5054 3827 5125; baseline -0.002 -13"><span class='ocrx_word' id='word_1_704' title='bbox 2219 5071 2363 5124; x_wconf 90' lang='lat' dir='ltr'><strong>cors,</strong></span> <span class='ocrx_word' id='word_1_705' title='bbox 2391 5064 2447 5111; x_wconf 91' lang='lat' dir='ltr'><strong>et</strong></span> <span class='ocrx_word' id='word_1_706' title='bbox 2485 5065 2766 5124; x_wconf 89' lang='lat' dir='ltr'><strong>cognatus,</strong></span> <span class='ocrx_word' id='word_1_707' title='bbox 2817 5062 2871 5108; x_wconf 89' lang='lat' dir='ltr'><strong>et</strong></span> <span class='ocrx_word' id='word_1_708' title='bbox 2917 5054 3132 5120; x_wconf 84' lang='lat' dir='ltr'><strong>firmus,</strong></span> <span class='ocrx_word' id='word_1_709' title='bbox 3164 5062 3352 5110; x_wconf 89' lang='lat' dir='ltr'><strong>cavete</strong></span> <span class='ocrx_word' id='word_1_710' title='bbox 3374 5068 3444 5108; x_wconf 82' lang='lat' dir='ltr'><strong>ne</strong></span> <span class='ocrx_word' id='word_1_711' title='bbox 3464 5054 3533 5110; x_wconf 87' lang='lat' dir='ltr'><strong>ab</strong></span> <span class='ocrx_word' id='word_1_712' title='bbox 3561 5054 3690 5125; x_wconf 87' lang='lat' dir='ltr'><strong>ejus</strong></span> <span class='ocrx_word' id='word_1_713' title='bbox 3722 5055 3827 5110; x_wconf 77' lang='lat' dir='ltr'><strong>fide</strong></span> 
     </span>
    </p>
   </div>
   <div class='ocr_carea' id='block_1_101' title="bbox 2219 5144 3310 5214">
    <p class='ocr_par' dir='ltr' id='par_1_101' title="bbox 2219 5144 3310 5214">
     <span class='ocr_line' id='line_1_101' title="bbox 2219 5144 3310 5214; baseline -0.007 -10"><span class='ocrx_word' id='word_1_714' title='bbox 2219 5148 2620 5214; x_wconf 90' lang='lat' dir='ltr'><strong>dimoveamini,</strong></span> <span class='ocrx_word' id='word_1_715' title='bbox 2653 5156 2748 5200; x_wconf 88' lang='lat' dir='ltr'><strong>etc.</strong></span> <span class='ocrx_word' id='word_1_716' title='bbox 2778 5144 2947 5202; x_wconf 84' lang='lat' dir='ltr'><strong>Serm.</strong></span> <span class='ocrx_word' id='word_1_717' title='bbox 2980 5145 3030 5199; x_wconf 86' lang='lat'><strong>6.</strong></span> <span class='ocrx_word' id='word_1_718' title='bbox 3306 5201 3310 5204; x_wconf 95' lang='lat'><strong><em>_</em></strong></span> 
     </span>
    </p>
   </div>
   <div class='ocr_carea' id='block_1_102' title="bbox 2291 5237 3820 5309">
    <p class='ocr_par' dir='ltr' id='par_1_102' title="bbox 2291 5237 3820 5309">
     <span class='ocr_line' id='line_1_102' title="bbox 2291 5237 3820 5309; baseline -0.001 -13"><span class='ocrx_word' id='word_1_719' title='bbox 2291 5241 2342 5296; x_wconf 88' lang='lat'><strong>6.</strong></span> <span class='ocrx_word' id='word_1_720' title='bbox 2383 5237 2697 5296; x_wconf 77' lang='lat' dir='ltr'><strong>Meministis</strong></span> <span class='ocrx_word' id='word_1_721' title='bbox 2721 5247 2902 5294; x_wconf 88' lang='lat' dir='ltr'><strong>autem</strong></span> <span class='ocrx_word' id='word_1_722' title='bbox 2920 5252 3138 5308; x_wconf 86' lang='lat' dir='ltr'><strong>prorsus</strong></span> <span class='ocrx_word' id='word_1_723' title='bbox 3161 5251 3350 5292; x_wconf 87' lang='lat' dir='ltr'><strong>eorum</strong></span> <span class='ocrx_word' id='word_1_724' title='bbox 3378 5251 3498 5309; x_wconf 73' lang='lat' dir='ltr'><strong>qua:</strong></span> <span class='ocrx_word' id='word_1_725' title='bbox 3524 5251 3680 5309; x_wconf 60' lang='lat' dir='ltr'><strong>sape</strong></span> <span class='ocrx_word' id='word_1_726' title='bbox 3709 5237 3820 5294; x_wconf 66' lang='lat' dir='ltr'><strong>dixi</strong></span> 
     </span>
    </p>
   </div>
   <div class='ocr_carea' id='block_1_103' title="bbox 2219 5328 3822 5400">
    <p class='ocr_par' dir='ltr' id='par_1_103' title="bbox 2219 5328 3822 5400">
     <span class='ocr_line' id='line_1_103' title="bbox 2219 5328 3822 5400; baseline -0.002 -12"><span class='ocrx_word' id='word_1_727' title='bbox 2219 5332 2392 5400; x_wconf 88' lang='lat' dir='ltr'><strong>vobis,</strong></span> <span class='ocrx_word' id='word_1_728' title='bbox 2414 5346 2538 5388; x_wconf 90' lang='lat' dir='ltr'><strong>cum</strong></span> <span class='ocrx_word' id='word_1_729' title='bbox 2564 5328 2699 5387; x_wconf 89' lang='lat' dir='ltr'><strong>duas</strong></span> <span class='ocrx_word' id='word_1_730' title='bbox 2719 5332 2772 5385; x_wconf 91' lang='lat' dir='ltr'><strong>in</strong></span> <span class='ocrx_word' id='word_1_731' title='bbox 2793 5329 3009 5385; x_wconf 87' lang='lat' dir='ltr'><strong>Christo</strong></span> <span class='ocrx_word' id='word_1_732' title='bbox 3029 5338 3248 5386; x_wconf 90' lang='lat' dir='ltr'><strong>naturas</strong></span> <span class='ocrx_word' id='word_1_733' title='bbox 3274 5329 3692 5400; x_wconf 74' lang='lat' dir='ltr'><strong>distinguerent,</strong></span> <span class='ocrx_word' id='word_1_734' title='bbox 3723 5344 3822 5385; x_wconf 76' lang='lat' dir='ltr'><strong>etc.</strong></span> 
     </span>
    </p>
   </div>
   <div class='ocr_carea' id='block_1_104' title="bbox 2219 5423 2472 5482">
    <p class='ocr_par' dir='ltr' id='par_1_104' title="bbox 2219 5423 2472 5482">
     <span class='ocr_line' id='line_1_104' title="bbox 2219 5423 2472 5482; baseline -0.016 0"><span class='ocrx_word' id='word_1_735' title='bbox 2219 5423 2389 5482; x_wconf 88' lang='lat' dir='ltr'><strong>Serm.</strong></span> <span class='ocrx_word' id='word_1_736' title='bbox 2420 5423 2472 5479; x_wconf 89' lang='lat'><strong>2.</strong></span> 
     </span>
    </p>
   </div>
   <div class='ocr_carea' id='block_1_105' title="bbox 2843 5492 3192 5551">
    <p class='ocr_par' dir='ltr' id='par_1_105' title="bbox 2843 5492 3192 5551">
     <span class='ocr_line' id='line_1_105' title="bbox 2843 5492 3192 5551; baseline 0.003 -4"><span class='ocrx_word' id='word_1_737' title='bbox 2843 5492 2929 5550; x_wconf 80' lang='lat' dir='ltr'><strong>Ea:</strong></span> <span class='ocrx_word' id='word_1_738' title='bbox 2963 5493 3094 5549; x_wconf 80' lang='lat' dir='ltr'><strong>libro</strong></span> <span class='ocrx_word' id='word_1_739' title='bbox 3121 5509 3192 5551; x_wconf 86' lang='lat' dir='ltr'><strong>tv.</strong></span> 
     </span>
    </p>
   </div>
   <div class='ocr_carea' id='block_1_106' title="bbox 2288 5605 3828 5673">
    <p class='ocr_par' dir='ltr' id='par_1_106' title="bbox 2288 5605 3828 5673">
     <span class='ocr_line' id='line_1_106' title="bbox 2288 5605 3828 5673; baseline 0.001 -10"><span class='ocrx_word' id='word_1_740' title='bbox 2288 5610 2338 5663; x_wconf 88' lang='grc'><strong>1.</strong></span> <span class='ocrx_word' id='word_1_741' title='bbox 2381 5609 2522 5665; x_wconf 91' lang='lat' dir='ltr'><strong>Deus</strong></span> <span class='ocrx_word' id='word_1_742' title='bbox 2559 5607 2794 5664; x_wconf 86' lang='lat' dir='ltr'><strong>Verbum</strong></span> <span class='ocrx_word' id='word_1_743' title='bbox 2837 5605 3040 5664; x_wconf 88' lang='lat' dir='ltr'><strong>factum</strong></span> <span class='ocrx_word' id='word_1_744' title='bbox 3072 5614 3156 5663; x_wconf 90' lang='lat' dir='ltr'><strong>est</strong></span> <span class='ocrx_word' id='word_1_745' title='bbox 3183 5621 3329 5673; x_wconf 88' lang='lat' dir='ltr'><strong>caro,</strong></span> <span class='ocrx_word' id='word_1_746' title='bbox 3370 5616 3426 5662; x_wconf 89' lang='lat' dir='ltr'><strong>et</strong></span> <span class='ocrx_word' id='word_1_747' title='bbox 3463 5607 3742 5664; x_wconf 83' lang='lat' dir='ltr'><strong>habitavit</strong></span> <span class='ocrx_word' id='word_1_748' title='bbox 3773 5611 3828 5664; x_wconf 90' lang='lat' dir='ltr'><strong>in</strong></span> 
     </span>
    </p>
   </div>
   <div class='ocr_carea' id='block_1_107' title="bbox 2215 5699 3830 5772">
    <p class='ocr_par' dir='ltr' id='par_1_107' title="bbox 2215 5699 3830 5772">
     <span class='ocr_line' id='line_1_107' title="bbox 2215 5699 3830 5772; baseline 0.001 -17"><span class='ocrx_word' id='word_1_749' title='bbox 2215 5701 2390 5756; x_wconf 84' lang='lat' dir='ltr'><strong>nobis.</strong></span> <span class='ocrx_word' id='word_1_750' title='bbox 2419 5699 2614 5756; x_wconf 90' lang='lat' dir='ltr'><strong>Secum</strong></span> <span class='ocrx_word' id='word_1_751' title='bbox 2633 5699 2919 5757; x_wconf 87' lang='lat' dir='ltr'><strong>considere</strong></span> <span class='ocrx_word' id='word_1_752' title='bbox 2936 5699 3064 5756; x_wconf 88' lang='lat' dir='ltr'><strong>fecit</strong></span> <span class='ocrx_word' id='word_1_753' title='bbox 3082 5699 3243 5757; x_wconf 86' lang='lat' dir='ltr'><strong>Pater</strong></span> <span class='ocrx_word' id='word_1_754' title='bbox 3261 5707 3596 5772; x_wconf 84' lang='lat' dir='ltr'><strong>assumptam</strong></span> <span class='ocrx_word' id='word_1_755' title='bbox 3621 5700 3830 5758; x_wconf 77' lang='lat' dir='ltr'><strong>htnua-</strong></span> 
     </span>
    </p>
   </div>
   <div class='ocr_carea' id='block_1_108' title="bbox 2214 5792 2862 5860">
    <p class='ocr_par' dir='ltr' id='par_1_108' title="bbox 2214 5792 2862 5860">
     <span class='ocr_line' id='line_1_108' title="bbox 2214 5792 2862 5860; baseline 0 -13"><span class='ocrx_word' id='word_1_756' title='bbox 2214 5793 2457 5860; x_wconf 85' lang='lat' dir='ltr'><strong>nitatem,</strong></span> <span class='ocrx_word' id='word_1_757' title='bbox 2485 5804 2583 5848; x_wconf 90' lang='lat' dir='ltr'><strong>etc.</strong></span> <span class='ocrx_word' id='word_1_758' title='bbox 2615 5792 2786 5850; x_wconf 87' lang='lat' dir='ltr'><strong>Serm.</strong></span> <span class='ocrx_word' id='word_1_759' title='bbox 2813 5793 2862 5847; x_wconf 90' lang='grc'><strong>5.</strong></span> 
     </span>
    </p>
   </div>
  </div>
