3924 6282
164 323 270 382 905

657 315 1039 376 COLLEC'I‘IO
1076 314 1358 385 QUARTA
1398 312 1912 371 EXCERPTORUM
1958 311 2049 369 EX
2082 307 2561 369 TRACTATIBUS
2597 270 2934 365 N‘ESTOllll.

3340 302 3448 363 906

228 436 284 491 2.
325 436 499 507 Atque
525 433 922 505 cooperationis
944 432 1105 503 hujus
1123 431 1344 488 evidens
1363 439 1447 489 est
1465 445 1750 501 argumen—
1777 435 1833 494 Α
1925 428 1979 485 2.
2011 429 2150 486 Audi
2169 430 2335 486 etiam
2362 428 2506 484 aliud
2526 427 2766 499 ipsorum
2801 422 3189 480 testimonium.
3218 420 3276 477 Si
3299 423 3445 478 enim

165 542 307 597 tum,
338 540 433 585 etc.
461 528 632 584 Serm.
663 527 749 582 10.

233 626 286 679 5.
328 621 602 691 Majorem,
634 621 828 693 inquit,
859 619 912 675 in
952 620 1129 690 ipsum
1159 626 1431 676 struentes
1474 617 1753 689 injuriam,

164 724 217 772 et
244 714 488 785 spiritum
516 728 546 767 a
577 711 756 767 divina
781 723 975 766 natura
1003 717 1351 781 separantes,
1379 710 1474 782 qui
1504 708 1755 766 humani-

164 816 328 862 tatem
356 805 473 874 ejus
501 802 778 869 formavit,
806 815 905 859 etc.
930 804 1101 860 Serm.
1133 804 1185 859 5.

230 898 285 953 4.
327 898 428 966 Qui
470 897 758 953 manducat
805 914 980 953 meam
1026 913 1268 964 carnem,
1307 904 1364 955 et
1390 898 1528 955 bibit
1571 913 1757 953 meum

162 990 494 1061 sanguinem,
529 991 583 1046 in
610 1006 698 1046 me
726 998 936 1058 manet,
964 998 1020 1046 et
1046 1006 1147 1061 ego
1176 992 1341 1058 inseo,
1372 1002 1470 1046 etc.
1500 990 1673 1047 Serm.
1702 989 1755 1045 9.

233 1080 285 1136 5.
327 1082 513 1139 Dicam
541 1082 703 1138 etiam
732 1083 874 1138 illius
899 1083 1137 1140 scandali
1157 1085 1341 1150 verba,
1365 1095 1462 1139 etc.
1498 1083 1670 1139 Serm.
1701 1081 1753 1136 9.

231 1173 284 1228 6.
326 1174 461 1230 Audi
493 1176 656 1230 etiam
696 1175 800 1232 hoc
842 1192 1059 1244 nomen,
1094 1177 1341 1244 Domine,
1374 1177 1664 1250 aliquando
1692 1176 1759 1233 de

166 1267 503 1323 humanitate
521 1266 741 1333 Christi,
766 1269 1055 1339 aliquando
1084 1268 1151 1325 de
1178 1269 1471 1326 Divinitate
1495 1269 1631 1340 ejus,
1662 1269 1760 1325 ali-

161 1357 379 1430 quando
407 1357 473 1414 de
495 1366 724 1431 utroque
748 1361 1002 1431 positum,
1024 1369 1121 1415 etc.
1147 1360 1319 1417 Serm.
1341 1360 1397 1416 2.

234 1450 287 1503 '7.
300 1449 410 1505 Cur
419 1458 596 1506 autem
610 1450 793 1518 etiam,
809 1458 867 1506 ut
878 1453 1037 1523 paulo
1048 1461 1172 1507 ante
1182 1452 1551 1519 audiebamus,
1565 1454 1609 1510 si
1622 1462 1762 1510 utra-

160 1549 354 1612 que,ut
365 1551 421 1595 tu
433 1542 688 1612 opinaris,
705 1544 994 1599 commixta
1008 1551 1149 1610 sunt,
1159 1544 1417 1601 Dominus
1428 1554 1760 1611 noster,cum

159 1635 401 1707 mysterii
430 1635 539 1689 vim
554 1635 829 1707 discipulis
850 1635 1105 1704 traderet,
1122 1637 1357 1706 sicdicit,
1381 1648 1478 1695 etc.
1499 1637 1669 1695 Serm.
1702 1638 1757 1695 8.

798 1727 884 1784 Ex
908 1728 1040 1784 libro
1072 1746 1123 1785 v.

1857 525 2255 593 cognovissent,
2286 538 2581 595 numquam
2605 520 2892 577 Dominum
2932 517 3119 589 gloriae
3159 515 3449 573 cruciﬁxis-

1856 624 1997 685 sent,
2023 627 2119 672 etc.
2147 617 2319 674 Serm.
2342 615 2394 673 5.

1929 710 1982 765 5.
2016 708 2171 777 Quod
2197 726 2321 767 cum
2350 712 2449 767 sim
2476 710 2575 766 Dei
2595 709 2797 773 forma,
2831 707 2971 763 servi
2999 706 3231 762 formam
3270 704 3448 772 indui;

1858 801 2003 874 quod
2031 818 2154 858 cum
2201 803 2299 859 sim
2349 803 2494 859 Deus
2535 803 2800 869 Verbum,
2842 801 2896 857 in
2926 815 3088 857 carne
3115 800 3453 870 conspicior;

1858 894 2001 966 quod
2030 909 2154 951 cum
2180 896 2546 952 universitatis
2570 896 2671 953 sim
2696 894 2972 958 Dominus,
3004 908 3292 964 personam
3317 906 3453 962 pan.

1858 987 2003 1059 peris
2023 995 2249 1058 propter
2268 1003 2365 1043 vos
2386 987 2562 1055 indui;
2585 986 2731 1059 quod
2751 1003 2873 1042 cum
2894 986 3128 1041 esuriam
3149 984 3452 1051 visibiliter,

1860 1080 2222 1137 esurientibus
2246 1081 2425 1136 cibum
2447 1081 2816 1137 subministro.
2854 1079 3025 1135 Serm.
3061 1076 3111 1131 5.

1931 1173 1984 1228 4.
2016 1173 2270 1229 Libenter
2293 1173 2397 1229 hoc
2424 1174 2543 1229 loco
2565 1173 2845 1228 haereticos
2866 1172 3211 1241 interrogem,
3242 1170 3333 1241 qui
3362 1169 3454 1223 Di-

1859 1266 2098 1323 vinitatis
2118 1268 2573 1338 humanitatisque
2591 1275 2838 1322 naturam
2858 1266 2912 1321 in
2932 1281 3092 1321 unam
3108 1264 3454 1321 commiscent

1861 1361 2179 1428 essentiam,
2212 1362 2459 1431 quisnam
2494 1361 2563 1417 sit
2594 1362 2687 1432 qui
2726 1377 2869 1417 nunc
2894 1376 2927 1427 a
2958 1359 3233 1433 proditore
3260 1357 3454 1414 Judaeis

1861 1453 2112 1520 traditur,
2143 1464 2241 1509 etc.
2273 1453 2443 1510 Serm.
2476 1452 2529 1507 8.

1937 1545 1986 1600 5.
2020 1545 2117 1602 llic
2140 1546 2247 1612 ille,
2273 1546 2358 1602 cui
2380 1546 2565 1617 spinea
2586 1561 2786 1602 corona
2810 1544 3187 1617 circumposita
3209 1543 3327 1604 fuit,
3355 1551 3453 1599 etc.

1866 1640 2036 1697 Serm.
2073 1640 2103 1693 7

1936 1731 1987 1785 6.
2020 1730 2146 1787 Ideo
2172 1730 2240 1786 de
2267 1731 2465 1788 nostris
2496 1730 2602 1786 illis
2627 1728 2877 1800 primitiis
2904 1743 3027 1784 cum
3054 1737 3239 1797 ageret
3266 1726 3457 1783 beatus

232 1818 287 1872 1.
317 1817 472 1886 Quod
516 1819 570 1875 in
601 1820 883 1876 nativitate
918 1836 987 1877 ex
1016 1818 1215 1878 Christi
1252 1822 1513 1892 genitrice
1543 1821 1758 1892 Virgine
1791 1819 1836 1880 Β
1863 1825 2073 1890 Petrus,
2101 1832 2157 1880 et
2185 1825 2570 1881 cxaltationem
2598 1823 2820 1879 visibilis
2837 1830 3044 1877 naturae
3072 1822 3125 1877 vi
3154 1821 3457 1877 Divinitatis

159 1910 343 1965 divina
389 1910 666 1982 Scriptura
713 1919 882 1983 ponat
927 1911 1049 1967 Filii
1094 1928 1313 1980 nomen,
1343 1915 1755 1972 declaravimus.

160 2002 303 2058 Audi
326 2002 439 2072 jam
467 2012 523 2058 et
547 2005 599 2059 in
635 2014 840 2070 morte,
867 2005 1038 2060 sicubi
1068 2005 1285 2062 tandem
1321 2007 1415 2062 Dei
1448 2024 1648 2064 nomen
1677 2017 1760 2064 est

158 2097 418 2166 positum,
452 2105 510 2152 ut
538 2099 848 2169 passibilem
890 2099 1061 2154 Deum
1108 2099 1425 2156 inducamus
1452 2120 1463 2154 :
1494 2099 1630 2157 Cum
1657 2101 1759 2158 ini-

157 2190 287 2245 mici
313 2206 570 2257 essemus,
590 2193 780 2264 inquit,
804 2193 1143 2249 reconciliati
1162 2210 1347 2251 sumus
1366 2196 1478 2252 Deo
1497 2212 1597 2268 per
1619 2213 1761 2255 mor-

157 2288 275 2335 tem
302 2281 395 2338 Dei
417 2281 606 2366 .Verbi.
643 2282 813 2338 Serm.
846 2282 902 2338 2.

164 2375 480 2391 _——————-.

1250 2459 1846 2537 COLLECTIO
1920 2462 2377 2551 QUARTA

1864 1918 2063 1975 factam
2088 1927 2387 1983 enarraret,
2410 1929 2508 1973 etc.
2544 1918 2713 1973 Serm.
2748 1917 2799 1971 7.

1937 2010 1988 2065 7.
2020 2010 2286 2079 Quoniam
2323 2026 2454 2066 vero
2490 2009 2534 2064 si
2565 2009 2862 2065 dixissent:
2896 2008 3177 2065 Credimus
3209 2008 3260 2063 in
3292 2020 3458 2062 unum

1863 2103 2035 2161 Deum
2063 2103 2326 2170 Verbum;
2359 2104 2594 2157 futurum
2624 2110 2743 2158 erat
2774 2111 2832 2157 ut
2860 2117 3008 2158 mors
3035 2100 3228 2156 divinzc
3254 2108 3459 2156 natura:

1863 2199 2213 2266 tribueretur,
2238 2207 2336 2252 etc.
2367 2197 2538 2254 Serm.
2562 2196 2614 2253 5.

798 2586 1127 2640 DICTORUM
1162 2588 1462 2640 NES’I‘ORII
1493 2589 1759 2644 DIVERSI:

1894 2592 1904 2642 ἰ
1937 2582 2379 2644 Τιυλρτλτιθυε
2412 2590 2555 2643 δινις
2590 2590 2823 2651 LIBRIS,

1081 2701 1233 2778 Qua
1266 2703 1336 2766 in
1377 2702 1447 2765 S.
1486 2702 1715 2783 ϐρινὶΗί
1742 2702 2055 2785 Ορονὶῡω
2088 2720 2310 2784 sparsa
2340 2708 2515 2765 sunt.

152 2915 248 2971 Ea:
278 2914 407 2970 libro
432 2916 497 2970 de
523 2915 685 2971 Recta
718 2914 854 2973 Fide
880 2917 952 2972 ad
987 2915 1335 2972 Theodosium
1369 2917 1753 2988 imperatorem.

227 3048 331 3103 Hic
353 3047 617 3117 siquidem
648 3050 764 3120 (qui
792 3064 860 3105 ex
888 3049 1002 3105 Deo
1022 3049 1205 3119 natus)

152 3149 243 3198 est
288 3141 455 3207 titius;
505 3141 594 3196 ille
624 3157 752 3197 vero
783 3142 905 3213 (qui
948 3157 1016 3197 ex
1061 3140 1310 3212 Virgine)
1357 3143 1634 3214 :equivoce
1661 3142 1755 3199 Dei

152 3232 329 3289 Filius
354 3233 568 3289 dicitur.
594 3232 666 3287 Et
692 3234 848 3306 paulo
875 3243 991 3307 post
1014 3237 1201 3291 iterum
1224 3253 1243 3291 :
1268 3234 1468 3307 Utique
1497 3235 1595 3291 Dei
1618 3234 1759 3291 Ver-

150 3325 291 3381 bum
318 3341 424 3382 non
452 3334 535 3382 est
555 3326 739 3391 homo,
770 3327 866 3384 sed
889 3329 1163 3385 hominem
1183 3331 1494 3400 assumpsit,
1518 3328 1761 3401 quando-

152 3420 379 3491 quidem
408 3422 712 3491 unigenitus
733 3420 847 3492 jam
870 3422 993 3479 inde
1015 3423 1083 3478 ab
1110 3423 1263 3478 initio
1292 3438 1392 3493 per
1413 3437 1491 3489 se,
1520 3422 1614 3477 Dei
1644 3437 1761 3477 om-

154 3514 312 3568 nium
335 3513 542 3584 opiﬁcis
564 3514 730 3570 Filius
748 3524 861 3591 est;
892 3515 1054 3571 homo
1084 3524 1285 3579 autem,
1315 3530 1477 3586 quem
1502 3515 1757 3585 suscepit,

154 3622 290 3661 cum
318 3614 510 3662 natura
541 3607 681 3663 Deus
707 3624 815 3663 non
841 3609 930 3673 sit,
961 3615 1185 3679 propter
1208 3623 1331 3663 eum
1362 3624 1393 3662 a
1422 3623 1531 3679 quo
1552 3622 1761 3663 assum-

154 3709 292 3767 ptus
320 3706 430 3764 est,
463 3700 555 3769 qui
584 3714 746 3754 verus
775 3700 867 3754 Dei
898 3699 1065 3755 Filius
1103 3708 1214 3763 est,
1259 3699 1451 3756 eodem
1488 3715 1611 3755 cum
1640 3700 1759 3770 ipso

156 3791 384 3845 nomine
413 3791 741 3861 appellatur;
782 3792 923 3846 istud
951 3808 1082 3848 vero
1126 3809 1138 3846 :
1188 3790 1358 3848 Nemo
1396 3795 1534 3848 novit
1562 3791 1609 3845 F
1614 3794 1760 3848 ilium

156 3885 261 3938 nisi
295 3882 475 3947 Pater,
525 3898 708 3938 verum
754 3890 827 3939 et'
854 3886 1154 3941 naturalem
1203 3886 1297 3941 Dei
1344 3884 1520 3941 Patris
1564 3885 1761 3940 Filium

159 3974 431 4041 ostendit;
466 3974 595 4030 illud
620 3991 750 4031 vero
776 3975 1044 4033 Gabrielis
1069 3996 1081 4031 :
1108 3977 1193 4032 Ne
1216 3980 1415 4044 timeas,
1445 3977 1641 4043 Maria,
1674 3980 1759 4031 iu-

161 4072 347 4125 reniin
379 4072 515 4125 enim
544 4074 767 4143 gratiam
798 4071 939 4144 apud
969 4071 1137 4127 Deum
1161 4089 1177 4125 :
1201 4082 1250 4127 et
1277 4089 1392 4126 ecce
1420 4073 1675 4143 concipies
1705 4073 1760 4126 in

157 4173 330 4229 utero,
364 4174 413 4217 et
440 4167 609 4235 paries
638 4163 680 4217 Γ
684 4164 852 4232 ilium,
888 4174 938 4219 et
978 4164 1180 4220 vocabis
1210 4182 1393 4221 nomen
1415 4165 1527 4236 ejus
1558 4163 1756 4229 Iesum,

160 4255 213 4309 in
244 4256 523 4310 hominem
549 4255 796 4326 quadrat.
833 4255 985 4312 Serm
1013 4257 1066 4311 5.

251 4392 343 4447 Ex
369 4396 590 4465 epistola
616 4393 685 4448 ad
711 4411 831 4450 suos
857 4394 1308 4467 Constantinopoli
1342 4396 1665 4450 constitutos.

239 4505 434 4577 Populi
462 4522 587 4577 erga
609 4524 696 4563 me
716 4507 951 4565 studium
972 4526 1081 4566 non
1100 4509 1247 4580 vulgi
1266 4510 1762 4577 acclamationibus,

162 4608 263 4652 etc.
304 4597 473 4653 Serm.
495 4598 546 4652 2.

310 4736 396 4792 Em
423 4740 755 4809 responsione
789 4738 861 4791 ad
897 4736 1210 4809 objectiones
1243 4737 1613 4795 Orientalium.

236 4854 514 4908 Anathem.
560 4853 611 4908 l.
649 4854 981 4924 Interrogavi
1025 4870 1167 4925 saepe
1211 4870 1307 4910 eos
1354 4873 1367 4908 :
1414 4854 1762 4909 Divinitatem

162 4957 351 5003 natam
380 4947 555 5001 dicitis
583 4963 613 5002 e
639 4948 797 5003 beata
826 4946 1077 5017 Virgine?
1099 4956 1197 5001 etc.
1223 4946 1394 5002 Serm.
1430 4946 1481 4999 7.

235 5040 513 5094 Attat/tem.
545 5040 599 5095 5.
631 5040 746 5095 Hoc
784 5040 982 5096 sentite
1010 5040 1065 5095 in
1093 5040 1248 5095 vobis
1271 5038 1417 5109 quod
1456 5038 1510 5094 in
1544 5038 1769 5094 Christo

170 5128 289 5186 Iesu
307 5173 320 5197 ,
353 5132 443 5200 qui
475 5131 528 5186 in
558 5133 730 5188 forma
756 5131 853 5186 Dei
885 5130 1153 5197 existens,
1181 5130 1418 5201 seipsum
1441 5129 1758 5196 exinanivit,

163 5232 263 5278 etc.
293 5222 463 5278 Serm.
504 5224 554 5277 7.

232 5313 305 5369 In
335 5318 500 5370 altera
539 5314 974 5386 exegesi(1bid.).
1011 5312 1081 5369 Ut
1106 5313 1161 5368 in
1190 5312 1408 5369 nomine
1440 5310 1569 5368 Jesu
1594 5325 1756 5367 omne

159 5420 310 5478 genu
336 5406 601 5475 ﬂectatur,
633 5417 729 5462 etc.
765 5406 935 5461 Serm.
967 5407 1020 5461 7.

233 5496 308 5552 In
344 5502 509 5554 altera
540 5498 876 5571 (Ibid.).'Dic
908 5499 977 5555 de
1004 5513 1070 5555 eo
1099 5498 1190 5570 qui
1219 5496 1484 5569 suscepit,
1512 5495 1660 5567 quod
1692 5496 1766 5552 sit

156 5590 331 5659 Deus,
363 5603 458 5647 etc.
496 5594 664 5648 Serm.
699 5593 755 5647 2.

232 5685 511 5742 Anathem.
545 5687 597 5740 4.
634 5685 703 5741 Ut
729 5695 912 5743 autem
930 5686 1107 5757 ipsum
1128 5683 1463 5741 manifestius
1487 5684 1683 5751 dicam,
1707 5691 1765 5740 et

154 5778 243 5840 ita
271 5789 335 5837 ut
358 5797 547 5836 onmes
568 5781 775 5835 facilius
803 5781 1037 5851 capiant,
1070 5789 1168 5834 etc.
1202 5778 1371 5834 Serm.
1407 5776 1456 5832 ὅ.

461 5879 729 5936 ιἠιιοι..
785 5874 828 5932 Χ
850 5872 1059 5932 [ΑἸΙΙ.

1932 2913 2206 2969 Anathem.
2240 2908 2293 2964 7.
2322 2907 2653 2965 Communes
2678 2904 2825 2960 enim
2848 2886 3128 2959 Trinitatis
3155 2913 3279 2957 sunt
3317 2914 3451 2971 ope-

1869 3008 2126 3072 rationes,
2149 3012 2245 3059 etc.
2281 3002 2452 3059 Serm.
2479 2999 2566 3054 10.

1233 3064 1393 3152 “fus
1422 3049 1758 3152 θῐ,“²¹’“¹ἶι¹ῗ
1782 3066 1834 3132 c
1930 3049 2202 3152 Anathem.
2229 3094 2281 3148 8.
2312 3089 2649 3148 Confitemur
2675 3089 2726 3143 in
2758 3088 2974 3143 homine
2999 3088 3197 3151 Deum;
3227 3082 3457 3139 οοὶίηιιιε

1860 3191 2039 3247 divina
2061 3186 2440 3258 conjunctione
2460 3180 2857 3240 coadorandum
2882 3180 3171 3233 hominem.
3200 3176 3368 3231 Serm.
3397 3172 3435 3226 2

1937 3282 2214 3337 Anathem.
2248 3278 2334 3333 10.
2368 3276 2563 3331 Missus
2595 3283 2678 3330 est
2712 3273 2780 3327 ad
2808 3270 3204 3342 pnedieandum
3231 3266 3458 3338 captivis

1864 3373 2259 3437 remissionem,
2292 3380 2389 3425 etc.
2425 3368 2595 3424 Serm.
2626 3366 2679 3419 6.

1936 3464 2211 3519 Anathem.
2235 3462 2255 3515 1
2270 3462 2290 3514 l
2306 3503 2318 3514 .
2339 3459 2531 3514 Audite
2548 3458 2884 3512 attendentes
2906 3454 3088 3517 verba,
3105 3464 3198 3505 etc.
3218 3450 3387 3505 Serm.
3404 3447 3455 3500 9.

1971 3600 2059 3658 Ea:
2093 3603 2428 3675 responsione
2464 3602 2535 3656 att
2569 3602 2988 3674 reprehensiones
3027 3601 3350 3658 Theodoreti.

1936 3742 2208 3796 Anathem.
2228 3741 2278 3794 6.
2306 3740 2484 3812 Atque
2505 3742 2641 3797 adeo
2663 3758 2851 3812 passus
2871 3742 3108 3813 pontifex
3135 3741 3462 3801 misericors,

1864 3852 1971 3890 non
2003 3832 2305 3891 vivificator
2333 3835 2450 3905 ejus
2476 3852 2667 3905 passus
2695 3844 2778 3891 est
2804 3836 2962 3891 Dens.
2984 3834 3050 3888 Et
3074 3834 3239 3888 Deum
3261 3832 3463 3887 Christi

1866 3926 2101 3981 Verbum
2135 3927 2227 3980 Dei
2251 3926 2631 3989 nominaverit,
2663 3925 2851 3993 hisque
2880 3923 3138 3993 adjecerit
3168 3942 3179 3976 :
3216 3922 3342 3975 Erat
3370 3938 3465 3975 au~

1866 4024 1975 4074 tem
2003 4026 2058 4071 et
2088 4018 2202 4088 ipse
2235 4018 2427 4083 infans,
2460 4026 2514 4072 et
2545 4017 2765 4071 infantis
2801 4016 3077 4070 Dominus.

1939 4110 2218 4164 Anathem.
2246 4110 2299 4163 υ.
2325 4108 2374 4164 ls
2392 4110 2483 4180 qui
2509 4117 2712 4163 tantam
2732 4108 2947 4162 Christo
2968 4107 3194 4176 gloriam
3216 4106 3464 4171 contulit,

1866 4204 1959 4273 qui
1989 4218 2113 4257 eum
2151 4201 2486 4256 daemonibus
2529 4199 2655 4255 fecit
2707 4199 3030 4264 terribilem.
3063 4197 3391 4267 donavilquc
3416 4197 3466 4253 ci

1869 4293 1937 4348 ad
1957 4294 2129 4350 cmlos
2153 4292 2548 4347 ascensionem.

1940 4386 2216 4440 Anathem.
2243 4383 2327 4438 10.
2362 4383 2469 4439 Iste
2492 4382 2661 4438 fidelis
2686 4382 2799 4439 Deo
2828 4381 3003 4439 factus
3025 4382 3288 4453 pontifex,
3310 4392 3409 4436 etc.

2083 4522 2172 4579 Ea:
2206 4523 2424 4596 epistola
2459 4521 2530 4576 ad
2565 4522 2811 4576 Acacium
2841 4520 3247 4578 Melitenensem.

1941 4659 2112 4715 Deum
2142 4674 2211 4714 ex
2231 4658 2567 4728 Christipara
2589 4656 2807 4725 Virgine
2829 4658 3177 4727 processisse,
3201 4671 3267 4710 ex
3290 4656 3466 4710 divina

1868 4753 2152 4824 Scriptura
2187 4750 2412 4807 edoctus
2440 4765 2558 4805 sum
2584 4768 2597 4803 :
2631 4759 2686 4803 at
2711 4764 2842 4804 vero
2880 4749 3049 4803 Deum
3080 4765 3147 4803 ex
3176 4748 3288 4818 ipsa
3320 4749 3467 4816 geni-

1872 4850 1985 4897 tum
2013 4858 2162 4907 esse,
2195 4842 2249 4898 id
2277 4857 2541 4911 nusquam
2578 4839 2801 4895 edoctus
2838 4855 2975 4893 sum.
3008 4838 3279 4909 Nusquam
3308 4839 3469 4907 igitur

1871 4935 2051 4990 divina
2081 4933 2360 5005 Scriptura
2400 4934 2569 4987 Deum
2598 4947 2674 5001 ex
2715 4930 3047 4999 Christipara
3080 4929 3295 4998 Virgine
3320 4932 3471 4996 geni-

1870 5035 1989 5081 tum
2019 5041 2140 5082 esse
2166 5026 2324 5091 dicit,
2356 5024 2452 5080 sed
2476 5022 2658 5078 Jesum
2688 5019 2990 5085 Christum,
3036 5020 3252 5085 Filium,
3282 5021 3472 5078 Domi-

1875 5136 2025 5174 num.

1947 5213 2242 5284 Propterea
2263 5213 2429 5269 etiam
2452 5212 2595 5266 Deus
2617 5208 2853 5265 Verbum
2874 5207 3183 5263 nominatur
3202 5204 3469 5275 Christus,

1868 5307 1996 5380 quia
2024 5316 2344 5377 perpetuam
2383 5319 2509 5360 cum
2547 5300 2764 5357 Christo
2804 5299 3241 5369 conjunctionem
3285 5300 3495 5377 habete

1870 5402 2204 5458 luconfusam
2242 5401 2425 5470 itaque
2465 5406 2781 5452 naturarqu
2825 5393 3077 5464 copulam
3121 5394 3487 5469 retineamus,

1868 5506 1964 5551 etc.
2001 5494 2189 5567 (Ibid.)

1940 5584 2316 5656 lnseparabilis
2362 5589 2444 5638 est
2490 5581 2633 5637 Deus
2682 5595 2712 5634 a
2760 5577 2977 5635 visibili.
3010 5575 3162 5633 Unde
3208 5578 3472 5635 honorem

1869 5680 2004 5752 ejus,
2034 5680 2126 5751 qui
2155 5694 2262 5734 non
2284 5684 2587 5748 separatur,
2614 5691 2722 5730 non
2749 5689 2974 5745 separo:
3005 5687 3198 5742 separo
3228 5682 3472 5740 naturas,

1870 5774 1963 5831 sed
1993 5772 2262 5843 eonjungo
2292 5769 2665 5826 adorationem
2697 5768 2890 5839 (Serm.
2926 5766 2974 5831 7,
2999 5764 3175 5833 ihid.).

3112 5857 3192 5918 29
