3982 6278
221 203 315 301 iii

1094 225 1406 282 ruasronn
1453 207 2038 281 utasriiemimm
2081 215 2424 277 caenum
2467 217 2584 275 xu.

224 312 2026 356 ww

536 403 1092 488 NESTORII
1169 396 2196 483 BLASPHEMIARUM
2273 395 2858 479 CAPITU'LA
2936 397 3154 482 XII.

3380 221 3487 282 9l0

3295 324 3455 341 Μ

221 529 436 628 Quibus
463 525 696 628 litteris
731 537 920 628 otiae
967 535 1169 628 missis
1222 558 1258 628 ρ
1296 536 1537 628 ponetis
1580 529 2457 628 (galeatinoﬁomome'urifis
2493 535 2810 628 episcopo,
2843 546 2897 596 et
2929 535 3200 628 σμήριορ
3217 539 3490 628 {timum

288 621 459 683 drino
491 615 899 689 contradicit,
928 625 983 682 et
1020 613 1561 694 disputationibus
1591 613 1966 678 brevissimis
2004 614 2456 695 respondendo,

284 701 359 764 ad
388 719 448 762 se
484 700 676 761 missa
705 697 979 780 ﬁterant,
1011 695 1286 776 refellere
1312 696 1570 758 nititur.

2546 617 2825 680 nodecim
2852 617 3130 697 capitula
3157 618 3326 699 fidei,
3359 640 3492 704 qua:

2795 737 2800 748 .
3471 719 3499 743 ιι

350 851 488 902 Nunc
511 851 730 915 opm-opt
747 848 912 913 Cyrilli
935 850 1093 911 priora
1116 849 1386 912 posuimus,
1410 860 1520 915 qua:
1547 844 1760 915 Romana
1781 844 2009 915 Ecclesia
2023 805 2310 907 approbavit
2331 859 2450 899 vero
2469 846 2680 911 judicio;
2715 853 2770 899 et
2805 850 3076 912 posteriora
3095 847 3338 912 Nestor-it,

1357 906 1618 961 ex’Graeco
1642 909 1692 957 in
1719 906 1944 957 Latinum
1967 906 2175 970 utraque
2195 922 2354 960 versa.

1717 999 2018 1010 ————

459 1045 940 1093 ANATIIIATISI‘US
978 1049 1166 1092 ρωιυε
1202 1051 1247 1091 S.
1291 1051 1520 1091 CVRILLI.

277 1154 494 1227 Cyrilius
545 1151 680 1207 dixit
716 1169 733 1207 :
763 1151 820 1208 Si
847 1151 970 1223 quis
1000 1168 1108 1209 non
1149 1150 1437 1208 conﬁtetur
1467 1152 1635 1208 Deum
1682 1167 1800 1209 esse

218 1248 493 1307 secundum
525 1245 806 1303 veritatem
829 1262 952 1302 eum
975 1248 1066 1316 qui
1095 1253 1177 1302 est
1205 1244 1540 1309 Emmanuel,
1574 1255 1646 1311 et,
1671 1261 1800 1317 pro-

217 1352 322 1418 pter
346 1344 452 1399 hoc
488 1343 681 1414 ipSum,
716 1341 814 1396 Dei
850 1341 1166 1411 genitricem
1213 1350 1452 1397 sanctam
1493 1339 1798 1409 Virginem;

220 1435 409 1509 peperit
452 1434 597 1490 enim
639 1433 929 1489 carnaliter
956 1431 1222 1498 Verbum,
1260 1431 1404 1502 quod
1446 1445 1514 1487 ex
1552 1430 1666 1486 Deo
1697 1435 1799 1497 est,

220 1544 420 1587 carnem
455 1527 654 1583 factum
697 1526 1029 1598 (secundum
1085 1526 1230 1597 quod
1270 1526 1526 1597 scriptum
1574 1529 1700 1580 est:
1734 1522 1805 1578 Bt

226 1617 433 1678 Verbum
456 1633 577 1674 caro
599 1621 792 1692 factum
825 1626 901 1672 est
929 1617 1108 1689 (Joan.
1141 1635 1175 1684 ι,
1223 1616 1353 1689 M);
1392 1617 1680 1672 anathema
1712 1614 1800 1672 sit.

611 1749 1091 1789 ANATHIHATISIUS
1139 1748 1404 1789 δεετοιιιι.

337 1851 391 1904 In
416 1865 542 1904 mss.
567 1850 836 1902 codicibus.

279 1935 474 1994 Contra
526 1936 637 1990 lucc
697 1930 752 1987 Ν
756 1933 972 1988 εειοήιω

223 2032 338 2087 dixit
358 2048 375 2085 :
399 2030 466 2085 Si
485 2030 608 2099 quis
630 2044 762 2106 eum
773 2025 866 2098 qui
893 2034 975 2082 est

223 2121 532 2178 Emmanuel
548 2121 716 2176 Deum
737 2117 974 2173 Verbum

224 2230 326 2272 esse
343 2215 568 2278 dixerit,
592 2223 648 2268 et
666 2228 775 2268 non
796 2211 978 2282 potius

225 2305 490 2362 nobiscum
519 2303 711 2369 Deum,
743 2301 846 2356 boc
871 2308 974 2366 est,

227 2396 547 2452 inhabitasse
578 2409 700 2450 eam
739 2408 860 2464 quce
893 2408 980 2450 se-

225 2488 443 2544 cundum
472 2504 573 2544 nos
597 2495 682 2544 est
707 2494 975 2554 naturam,

228 2596 310 2652 per
352 2581 402 2637 id
459 2580 607 2652 quod
664 2580 847 2636 unitus
896 2584 982 2634 est

229 2689 396 2730 massa:
449 2680 672 2736 nostra),
705 2686 868 2742 quam
912 2668 982 2726 de

229 2755 376 2821 Maria
445 2766 659 2836 virgine
713 2762 978 2834 suscepit;

229 2867 442 2915 matrem
480 2858 650 2916 etiam
675 2857 772 2914 Dei
795 2853 980 2928 Verbi,

229 2963 276 3007 et
293 2969 392 3008 non
414 2953 604 3024 potius
615 2951 732 3022 ejus
751 2952 844 3021 qui
865 2949 986 3005 Em-

230 3049 425 3104 manuel
454 3055 564 3111 est,
605 3055 849 3102 sanctam
875 3045 986 3100 Vir-

231 3143 393 3211 ginem
420 3141 852 3211 nuncupaverit,
905 3139 986 3210 ἰρ-

231 3238 439 3302 mque
510 3231 685 3286 Deum
750 3229 987 3286 Verbum

233 3324 412 3380 dixerit
477 3335 702 3380 versum
757 3335 882 3380 esse
932 3324 991 3380 in

233 3431 452 3485 carnem,
489 3427 661 3489 quam
685 3417 892 3489 accepit
921 3417 988 3472 ad

234 3511 654 3567 ostentationem
763 3509 990 3565 Deitatis

234 3615 352 3669 sum,
375 3611 436 3658 ut
463 3603 652 3656 habitu
677 3604 993 3657 inveniretur

234 3703 283 3748 et
315 3696 466 3751 homo
500 3693 769 3769 (Philipp.
797 3711 864 3761 tt,
895 3694 994 3764 7);

237 3791 516 3848 anathema
546 3791 636 3845 sit.

555 3897 942 3938 οοιίτυωοπο
979 3896 1125 3940 [Alli
1153 3897 1504 3942 ιειιωιτοιιι

296 3995 344 4051 Ι.
377 3995 484 4051 His
506 3998 684 4068 pravis
707 3997 855 4050 dictis
879 3997 1159 4052 catholicus
1181 3999 1490 4054 contradicit
1514 4001 1589 4054 ita
1610 4015 1628 4054 :
1653 4008 1681 4038 ⁸
1702 3998 1828 4056 limo

236 4093 351 4149 dicit
370 4095 498 4160 iste,
533 4101 813 4161 tamquam
843 4092 982 4148 Deus
1010 4091 1244 4147 Verbum
1275 4110 1382 4148 non
1411 4091 1738 4148 habitaverit
1773 4093 1826 4147 in

234 4187 398 4252 nobis,
430 4185 587 4259 quod
627 4201 658 4239 a
687 4185 778 4256 pio
806 4200 966 4240 sensu
1003 4185 1135 4240 satis
1162 4186 1397 4242 alienum
1427 4195 1526 4242 est.
1559 4185 1828 4254 Singulari

234 4289 402 4334 autem
430 4278 667 4334 stultitia
683 4286 739 4332 et
753 4277 1028 4348 impietate
1049 4277 1266 4348 plenum
1286 4287 1369 4334 est
1387 4278 1567 4333 dicere
1588 4277 1829 4334 Verbum

233 4368 393 4428 Patris
415 4370 742 4426 Emmanuel
771 4385 878 4425 non
903 4385 1050 4436 esse;
1081 4371 1173 4426 sed
1204 4386 1325 4426 eum
1353 4371 1443 4442 qui
1470 4379 1626 4426 natus
1655 4379 1739 4426 est
1763 4385 1832 4426 ex

233 4461 410 4530 Maria,
441 4463 542 4534 qui
591 4461 808 4537 [Belua
843 4462 970 4532 quia
996 4459 1016 4532 ]
1047 4462 1365 4517 inbabitavit
1393 4479 1582 4518 massae
1631 4469 1829 4517 nostra:

229 4564 496 4622 naturam,
534 4569 701 4624 quam
728 4554 966 4624 suscepit
997 4569 1065 4609 ex
1094 4554 1313 4623 Virgine
1345 4573 1358 4608 :
1387 4570 1509 4610 cum
1536 4568 1698 4610 ciuile
1731 4553 1833 4608 bu-

1216 1847 1273 1898 ln
1298 1847 1436 1898 libris
1461 1848 1630 1900 editis.

1115 1929 1172 1987 Si
1192 1931 1313 2001 quis
1330 1947 1457 1987 eum
1476 1933 1568 2004 qui
1589 1940 1672 1988 est
1689 1930 1809 1988 Em-

1045 2024 1261 2079 manuel
1287 2023 1456 2079 Deum
1481 2039 1668 2080 verum
1691 2039 1809 2080 esse

1047 2119 1264 2184 dixerit,
1289 2127 1345 2173 et
1372 2134 1480 2173 non
1508 2117 1690 2188 potius
1711 2133 1811 2173 no-

1047 2211 1252 2267 biscum
1305 2210 1512 2277 Deum,
1559 2210 1665 2266 hoc
1703 2219 1809 2277 est,

1050 2303 1379 2360 inhabitasse
1414 2317 1535 2359 eam
1573 2318 1693 2374 quae
1720 2319 1810 2362 se-

1051 2507 1149 2562 per
1167 2490 1222 2546 id
1248 2489 1393 2560 quod
1414 2490 1598 2568 unitas
1622 2501 1705 2546 est
1724 2506 1818 2549 no-

1050 2592 1196 2652 strae,
1226 2598 1390 2653 quam
1416 2565 1482 2637 de
1511 2565 1678 2638 Maria
1704 2582 1814 2638 vir-

1049 2676 1180 2748 gine
1239 2674 1518 2745 suscepit;
1589 2681 1817 2730 matrem

1053 2771 1219 2826 etiam
1242 2769 1338 2828 Dei
1386 2768 1570 2834 Verbi,
1609 2777 1666 2825 et
1707 2784 1819 2824 non

1053 2861 1235 2934 potius
1258 2861 1376 2933 ejus
1394 2861 1487 2932 qui
1503 2860 1820 2920 Emmanuel

1055 2963 1158 3019 est,
1177 2956 1600 3028 nuncupaverit;
1619 2956 1820 3026 ipsum-

1056 3063 1163 3119 que
1179 3047 1513 3103 DeiVerbum
1529 3049 1583 3103 in
1600 3063 1820 3103 carnem

1059 3149 1273 3198 versum
1293 3157 1435 3208 esse,
1469 3139 1631 3212 quam
1661 3159 1820 3198 acce—

1058 3233 1137 3304 pit
1157 3232 1226 3288 ad
1253 3234 1678 3288 ostentationem
1707 3233 1823 3288 Dei-

1059 3326 1187 3382 tatis
1223 3339 1350 3391 θυῖε,
1385 3332 1445 3380 ut
1471 3323 1650 3379 habitu
1677 3327 1822 3380 inve-

1059 3421 1278 3488 niretur,
1301 3421 1360 3474 ut
1381 3419 1567 3485 homo;
1599 3419 1826 3477 anathe

1061 3529 1148 3570 ma
1186 3515 1276 3570 sit.

1826 1045 1878 1100 Α
1906 1051 2125 1091 manum
2155 1049 2325 1106 genus
2346 1038 2397 1092 in
2421 1038 2760 1094 confessione
2777 1039 2975 1094 habeat
2996 1039 3334 1110 Emmanuel,
3363 1043 3476 1099 siet.

1903 1144 2015 1185 non
2045 1131 2146 1201 ipsi
2194 1129 2476 1198 ﬁnximus,
2509 1131 2601 1187 sed
2641 1131 2894 1200 magiStra
2929 1142 2986 1188 et
3032 1133 3327 1206 interprete
3355 1134 3499 1190 Scri-

1904 1231 2062 1293 ptura
2105 1222 2329 1295 [Batuz.
2365 1240 2466 1278 om.
2500 1223 2774 1295 Scriptura
2805 1222 2818 1298 Ι
2847 1225 3149 1296 didicimus,
3175 1227 3497 1299 signiﬁcare.

1906 1327 2160 1371 seuseu
2190 1315 2335 1372 Dses
2364 1317 2568 1390 [Βαιια.
2603 1319 2815 1390 Deum].

1977 1407 2029 1461 2.
2066 1408 2316 1476 Rursum,
2341 1411 2486 1480 quod
2510 1411 2610 1466 hoc
2629 1411 2856 1482 intelligi
2881 1414 3096 1481 debeat,
3119 1414 3170 1470 id
3199 1423 3301 1483 est,
3327 1415 3502 1471 nol'is-

1907 1515 2023 1556 cum
2038 1501 2199 1569 Deus,
2217 1517 2338 1572 quae
2359 1519 2512 1559 mens
2533 1504 2768 1560 hominis
2791 1506 3059 1577 ambigat?
3076 1507 3244 1564 Deum
3273 1521 3505 1580 namque

1908 1595 2186 1650 nobiseum
2215 1611 2334 1652 esse
2348 1613 2469 1652 cum
2493 1609 2742 1669 optamus
2763 1609 2817 1654 ct
2845 1600 3174 1670 invocamus,
3198 1603 3327 1673 quid
3359 1603 3506 1660 aliud

1907 1702 2070 1758 quam
2099 1688 2215 1758 ejus
2243 1692 2499 1759 potemizc
2529 1691 2866 1762 majestatem
2897 1695 3084 1752 adesse
3112 1698 3356 1769 cupimus
3378 1699 3508 1773 [Ba-

1908 1777 2012 1833 tat.
2038 1796 2139 1834 om.
2182 1781 2372 1837 adesse
2399 1784 2703 1855 cupimnSJ?
2732 1785 2861 1853 Quae
2889 1789 3134 1858 quamvis
3175 1790 3371 1861 ubique
3394 1787 3509 1850 tota

1909 1872 1998 1939 sit,
2031 1879 2087 1930 et
2121 1885 2384 1945 nusquam
2413 1876 2601 1944 divisa,
2629 1885 2807 1935 tamen
2832 1881 3032 1937 auxilio
3061 1881 3178 1952 ejus
3204 1881 3381 1954 juvari
3410 1895 3510 1941 nos

1909 1965 2143 2036 petimus
2181 1976 2238 2022 et
2266 1969 2516 2025 volumus
2552 1981 2611 2026 ut
2654 1971 2935 2030 nobiscdm
2960 1973 3049 2042 sit,
3084 1971 3343 2046 adjuvans
3364 1975 3508 2035 scili-

1913 2065 2000 2113 eet
2028 2073 2146 2116 nos.

1915 2177 1920 2182 ο
1985 2151 2036 2204 3.
2079 2150 2247 2220 Igitur
2267 2151 2314 2207 si
2342 2153 2643 2210 secundum
2661 2153 2805 2211 hunc
2830 2157 3124 2228 egregium,
3169 2161 3334 2215 immo
3383 2173 3512 2231 pra~

1915 2249 2048 2298 vum
2082 2245 2414 2315 magistrum,
2467 2245 2610 2301 istud
2657 2243 2752 2302 Dei
2803 2245 2980 2304 Verbo
3023 2263 3129 2304 non
3160 2254 3436 2322 competit,
3463 2252 3514 2307 id

1917 2341 2102 2412 esum
2125 2337 2193 2390 sit
2221 2338 2364 2406 quod
2387 2339 2670 2394 imocatnr
2699 2339 2997 2405 nobiscum,
3031 2357 3150 2396 cum
3191 2357 3287 2396 sua
3319 2342 3516 2397 viderit

1051 2398 1286 2507 (διωψξω
1312 2413 1414 2507 “of
1437 2405 1524 2507 esi
1540 2405 1808 2507 minim“
1843 2445 1892 2507 Β
2057 2398 2408 2499 blasphemia.
2443 2430 2548 2485 Sed
2579 2431 2644 2495 si,
2679 2440 2736 2486 ut
2766 2432 2896 2500 vult,
2931 2433 3124 2488 iterum
3169 2434 3274 2489 iste
3297 2443 3381 2490 est
3410 2447 3513 2490 no-

1920 2519 2125 2574 biscum
2174 2521 2260 2576 cui
2299 2519 2618 2578 Emmanuel
2668 2524 2988 2579 vocabulum
3018 2526 3296 2600 competit,
3330 2526 3381 2581 id
3410 2537 3511 2593 est,

1919 2612 2010 2682 qui
2059 2625 2248 2667 massae
2279 2623 2476 2669 nostra:
2504 2615 2772 2685 primitias
2812 2615 3019 2683 habuit,
3075 2618 3181 2673 duo
3211 2629 3366 2674 eram
3398 2619 3516 2675 sino

1919 2701 2082 2758 dubio
2101 2703 2174 2759 dii
2197 2703 2404 2776 [Βαβαῖ.
2425 2721 2529 2761 oni.
2552 2705 2670 2781 dii],
2694 2709 2986 2764 secundum
3018 2709 3511 2781 prudentissimam,

1921 2795 2086 2851 immo
2133 2798 2570 2854 vecordissimam
2619 2810 2674 2856 et
2726 2801 3098 2872 impiissimam
3146 2799 3517 2859 deﬁnitionem

1920 2886 2072 2956 ejus:
2105 2902 2262 2955 unus,
2287 2889 2381 2958 qui
2409 2905 2515 2945 non
2545 2890 2615 2945 sit
2655 2888 2993 2959 Emmanuel,
3025 2893 3202 2960 idest,
3236 2895 3518 2950 nobiscum

1922 2977 2102 3045 Deus;
2149 2988 2205 3033 et
2247 2980 2402 3047 alter,
2433 2981 2525 3052 qui
2554 2981 2582 3020 δ
2613 2983 2680 3039 ab
2724 2985 2880 3040 annis
2909 2986 3338 3056 quadringentis,
3371 2997 3424 3044 et
3452 3000 3519 3044 eo

1922 3069 2069 3139 quod
2097 3072 2353 3136 excurrit,
2387 3087 2575 3130 recens
2601 3074 2822 3144 quidam
2867 3085 2922 3132 ct
2971 3077 3215 3134 novellus
3244 3078 3386 3135 Deus
3409 3093 3520 3137 cu:-

1923 3162 2067 3234 perit
2093 3173 2218 3218 esse
2242 3165 2540 3220 nobiscum.

1995 3257 2048 3311 4.
2090 3256 2251 3311 Addit
2279 3271 2496 3329 quoque
2525 3267 2583 3314 ut
2604 3270 2832 3316 matrem
2860 3260 2956 3318 Dei
2988 3259 3145 3317 Verbi
3170 3263 3212 3318 sl
3235 3262 3355 3333 quis
3377 3264 3520 3322 dixe-

1925 3349 2000 3405 rit
2023 3364 2232 3406 sacram
2261 3348 2554 3420 Virginem,
2588 3351 2875 3410 anathema
2924 3354 3012 3409 sit.
3063 3353 3264 3410 Verum
3309 3353 3519 3430 [Baluz.

1925 3443 2195 3516 multum],
2228 3453 2288 3499 ut
2330 3445 2518 3500 volunt
2554 3447 2794 3502 fautores
2820 3447 2956 3517 ejus,
2995 3457 3016 3486 ε
3049 3458 3170 3520 post
3198 3447 3524 3504 admonitio-

1926 3547 2053 3593 nem
2118 3537 2220 3592 iste
2275 3538 2514 3593 correxit
2572 3540 2892 3595 sceleratam
2932 3540 3162 3611 primam
3205 3539 3528 3596 sententiam

1928 3645 2102 3697 suam,
2133 3645 2239 3702 qua
2264 3632 2519 3687 universo
2546 3632 2747 3688 mundo
2771 3633 3083 3690 scandalum
3108 3632 3408 3702 generavit,
3435 3645 3530 3694 ne-

1930 3739 2065 3795 gans
2088 3739 2208 3780 eam
2237 3740 2356 3780 esse
2402 3727 2663 3793 Θσοτὸκον;
2696 3727 2884 3781 dicunt
2923 3726 3086 3792 enim,
3130 3741 3252 3780 cum
3283 3735 3407 3796 post
3435 3724 3530 3780 ad-

1855 3826 1902 3891 c
1933 3819 2286 3873 munitionem
2316 3819 2514 3874 dixisse
2551 3819 2637 3872 vel
2676 3819 3056 3890 pronuntiasse
3095 3819 3355 3874 Θεοτόκον.
3405 3815 3530 3871 Cla-

1934 3907 2042 3962 ruit
2083 3908 2244 3976 igitur
2292 3908 2405 3974 tibi,
2450 3916 2506 3963 et
2556 3917 2681 3963 tunc
2736 3909 3012 3978 quomodo
3058 3906 3273 3969 dixerit.
3302 3916 3354 3962 et
3385 3924 3530 3966 nunc

1935 4009 2192 4068 quantum
2217 4000 2269 4053 in
2291 3999 2445 4070 pejus
2469 3999 2778 4070 proiecerit.

2008 4089 2058 4146 5.
2101 4092 2218 4147 Non
2245 4107 2394 4162 ergo,
2447 4101 2507 4147 ut
2546 4092 2675 4158 vult,
2708 4092 2802 4147 Dei
2834 4092 3013 4155 Verbi,
3038 4091 3128 4147 sed
3158 4090 3530 4148 Emmanuelis

1937 4190 2018 4238 est
2046 4191 2220 4238 mater
2244 4183 2432 4253 Virgo;
2457 4198 2586 4252 ergo
2611 4183 2908 4241 secundum
2936 4184 3386 4255 sapientissimam
3416 4185 3530 4240 dis-

1938 4277 2269 4347 putationem
2320 4277 2456 4345 ejus,
2500 4277 2644 4332 hunc
2691 4277 2814 4333 ideo
2858 4277 2976 4332 vult
3014 4276 3214 4332 dictum
3242 4279 3531 4343 nobiscum,

1940 4369 2066 4439 quia
2095 4383 2282 4423 massa:
2312 4379 2510 4424 nostrae
2540 4369 2720 4424 unitus
2741 4377 2842 4436 est,
2875 4384 3039 4440 quam
3089 4370 3345 4441 suscepit.
3398 4369 3534 4437 Quid

1942 4460 2120 4525 faciet,
2151 4476 2275 4516 cum
2296 4461 2491 4516 dicitur
2519 4461 2698 4518 Deus?
2720 4461 2747 4498 ά
2770 4477 2948 4532 neque
2967 4463 3111 4520 enim
3131 4461 3394 4518 Emmanu
3417 4472 3537 4518 tau-

1940 4561 2054 4607 tum
2080 4551 2254 4607 dictus
2275 4561 2377 4616 est,
2401 4553 2454 4608 id
2474 4561 2578 4621 est,
2604 4555 2901 4623 nobiscum;
2916 4555 3012 4610 sed
3036 4555 3200 4610 etiam
3231 4555 3331 4621 hei,
3357 4555 3413 4609 id
3428 4559 3530 4622 est,

1409 4651 1493 4708 CA
1503 4650 1953 4710 S'I‘IGATIONES
1992 4652 2083 4708 ET
2119 4651 2348 4708 ΝΟΤᾹζ.

297 4757 319 4785 ³
350 4747 590 4804 Videtur
618 4745 884 4803 Mercator
907 4745 1137 4802 Nestorii
1167 4749 1492 4802 sententiam
1516 4747 1738 4817 perinde
1755 4748 1830 4802 in-

231 4827 580 4891 terpretatus,
595 4836 659 4874 ac
673 4820 716 4873 si
738 4820 957 4874 dixisset
978 4818 1501 4891 Emmanuelemnon
1523 4835 1643 4873 esse
1662 4819 1832 4891 Deum

231 4888 487 4958 Verbum,
515 4891 612 4946 sed
635 4907 759 4961 eum
787 4891 879 4961 qui
912 4890 1196 4961 nobiscum
1212 4889 1354 4944 Deus
1379 4888 1577 4944 idcirco
1599 4890 1834 4960 appella-

232 4967 324 5024 tur.
351 4981 465 5019 non
491 4962 622 5032 quia
654 4959 820 5027 Deus,
837 4960 930 5015 sed
957 4961 1082 5030 quia
1113 4960 1393 5016 nobiscum
1423 4968 1524 5032 est,
1557 4959 1717 5029 atque
1748 4962 1833 5015 iu-

229 5033 492 5090 habitavit
511 5030 817 5088 humanam
857 5040 1132 5095 naturam,
1162 5047 1322 5100 quam
1352 5047 1418 5084 ex
1459 5030 1674 5100 Virgine
1712 5048 1834 5088 sus-

216 5102 385 5178 jcepit.
411 5105 560 5178 l-linc
597 5105 770 5178 ipsum
800 5102 1308 5178 arguit_l_nu_ltip]icis
1335 5103 1541 5178 flagitii,
1560 5111 1630 5178 et
1660 5103 1835 5178 primo

1933 4747 2028 4820 sed
2054 4747 2107 4820 in
2133 4747 2691 4820 speciemrsuscepisse
2715 4764 2952 4805 carnem.
3247 4816 3258 4820 μ
3481 4797 3484 4800 .

2008 4817 2036 4856 δ
2054 4816 2190 4873 Hinc
2209 4819 2480 4888 colligitur
2503 4816 2714 4890 tempus
2734 4835 2842 4889 quo
2863 4820 3124 4890 scriptum
3142 4825 3226 4874 est
3245 4816 3352 4890 hoc
3375 4831 3534 4886 opus,

1976 4891 2128 4944 uinto
2158 4887 2364 4944 scilicet
2392 4887 2936 4958 saeculo,'jam‘tertia
2959 4887 3075 4945 fere
3099 4894 3256 4958 parte
3282 4887 3547 4944 (incursu.

1976 4906 2128 4944 Ultlw
2158 4906 2364 4944 SClllCCI.
2392 4906 2608 4956 818C010,
2635 4906 2749 4958 jam
2774 4906 2936 4946 terna
2959 4906 3075 4945 tere
3099 4906 3256 4958 parte
3282 4906 3547 4944 WI‘SO.

1937 4906 2221 5030 adﬂigitur
2277 4976 2492 5030 quoque
2547 4963 2680 5016 satis
2733 4960 3022 5017 manifeste
3077 4958 3318 5016 auctoris
3374 4966 3508 5013 tetas
3534 4998 3547 5022 ,

1939 5033 2150 5088 etiamsi
2182 5033 2398 5086 aliunde
2425 5031 2704 5088 evidenter
2735 5047 2796 5086 se
2820 5032 3034 5102 probat.

2017 5115 2038 5142 ε
2071 5103 2278 5173 Smpius
2317 5104 2578 5158 canonice
2608 5112 2731 5156 ante
2761 5100 3051 5158 concilium
3079 5101 3412 5173 Ericinium
3443 5100 3542 5155 ad-

228 5167 442 5255 quidem
459 5167 1214 5255 jlitpiélﬂi_i$,_(ltiod.vcrbtl‘ill-
1241 5167 1462 5255 negaret
1483 5167 1756 5255 habitasse
1779 5175 1836 5255 in
1867 5167 1913 5227 ο
1937 5167 2290 5255 monitusest
2310 5174 2590 5230 Nestorius
2622 5183 2681 5255 ut
2708 5167 3224 5255 beatamﬂirgiaem
3252 5169 3543 5255 equitare-

229 5237 412 5315 nobis;
442 5237 652 5304 deinde
668 5237 992 5308 etlmicismi,
1017 5243 1162 5315 quod
1184 5237 1473 5300 duos'deos
1495 5246 1820 5312 admitteret,

228 5333 385 5374 unum
403 5328 698 5382 aeternum,
715 5318 944 5372 alterum
966 5315 1315 5388 temporalem
1335 5333 1348 5382 ;
1380 5325 1492 5370 tum
1509 5317 1658 5370 malae
1683 5316 1822 5382 fidei,

223 5391 366 5464 quod
395 5391 602 5445 eodem
635 5399 878 5464 tempore
920 5385 1214 5444 afﬁrmaret
1259 5396 1316 5442 et
1345 5396 1565 5464 negaret
1611 5388 1825 5464 beatam

230 5453 504 5532 Virginem
553 5475 677 5532 esse
710 5453 1030 5532 Deiparam;
1079 5468 1267 5532 postea
1284 5453 1826 5532 consensioniscum

225 5525 592 5591 Satiosateno
613 5527 685 5586 de
705 5525 876 5599 Verbo
905 5547 1018 5599 non
1032 5525 1404 5595 substantia“;
1437 5531 1652 5584 tandem
1674 5529 1828 5599 igno-

225 5605 430 5668 ramice,

225 5673 471 5732 cluderet
495 5673 736 5728 Verbum
765 5672 868 5728 dici
891 5673 943 5727 in
967 5672 1186 5729 carnem
1205 5688 1450 5738 versum;
1472 5672 1708 5743 denique
1730 5687 1824 5728 so-

219 5745 437 5806 detatis
464 5759 604 5806 cum
645 5743 938 5803 Manichaee
965 5744 1185 5803 volente
1227 5743 1464 5801 Verbum
1485 5760 1601 5801 non
1627 5746 1826 5816 reipsa,

465 5599 640 5672 quod,
693 5597 760 5656 ex
784 5601 966 5673 verbis
994 5598 1200 5673 Cyrilli,
1235 5619 1441 5655 carnem
1471 5603 1664 5673 factum
1692 5597 1826 5656 eon-
1867 5657 1871 5664 ,

1929 5254 2015 5300 tur
2043 5246 2292 5302 Θεοτόκον
2319 5264 2330 5298 :
2360 5261 2556 5316 nempe
2577 5261 2606 5300 a
2631 5244 2837 5316 Cyrillo
2861 5241 3128 5312 prioribus
3155 5242 3428 5316 synodicis
3448 5241 3542 5316 iitr-

1929 5261 2015 5300 tur
2043 5261 2292 5302 Θεοτοκον
2319 5264 2330 5298 :
2360 5261 2556 5314 nempe
2577 5261 2606 5300 a
2631 5261 2672 5300 ι..
2713 5261 2837 5300 uno
2861 5261 3128 5312 prioribus
3155 5261 3428 5316 synouwts
3451 5261 3540 5296 Hb-

1929 5317 2093 5382 teris;
2135 5317 2328 5371 deinde
2359 5332 2390 5370 a
2419 5315 2627 5372 Joanne
2666 5261 3039 5381 Kntiocbem,
3062 5320 3390 5385 Quamquam
3439 5311 3540 5368 fuit.

1929 5389 2087 5443 amici
2115 5388 2294 5457 potius
2323 5388 2641 5452 consilium;
2692 5388 2934 5457 denique
2963 5404 2996 5442 a
3026 5383 3219 5442 sancto
3247 5383 3543 5457 leestino

1929 5455 2256 5584 mitestatem
2284 5459 2427 5540 sedis
2457 5473 2568 5512 suae
2597 5455 2922 5540 adhibente.
2949 5457 3120 5528 Cujus

2004 5539 2024 5584 t
2051 5538 2254 5584 mentio
2283 5533 2524 5583 dtvmare
2566 5546 2673 5584 non
2707 5530 2851 5584 licet.

1949 5528 2024 5584 iat
2051 5531 2254 5585 mentio
2283 5530 2524 5583 divinare
2566 5546 2673 5584 non
2707 5530 2851 5585 licet.

2001 5601 2026 5638 ά
2049 5601 2254 5673 Balnea
2275 5599 2452 5673 Neque
2471 5601 2610 5673 enim
2626 5599 2894 5673 Emmanu
2909 5609 3108 5658 tantum
3127 5600 3306 5658 dicas
3323 5607 3550 5670 «ιω.

1926 5673 2086 5732 etiam
2109 5672 2218 5737 εδει,
2243 5672 2299 5730 id
2320 5671 2419 5739 est,
2447 5671 2730 5728 nobiscum
2754 5680 2808 5727 et
2836 5671 3001 5736 Dm.
