3982 6278
475 227 585 295 9η

1002 228 1191 286 MAR“
1226 228 1663 287 MERGATORIS
1702 226 2266 287 TRANSLATIONES
2305 225 2665 287 VARIOllUM
2702 226 3234 286 OPUSCULORUM!

3644 222 3756 284 οη

475 346 642 403 Deus.
673 343 818 416 Ergo
843 343 946 401 iste
973 344 1117 402 Deus
1153 344 1358 418 [Baluz.
1410 362 1514 401 om.
1564 343 1748 417 Deus],
1780 360 1940 415 quem
1968 359 2069 399 nos
2096 349 2147 407 Α
2172 350 2441 399 ctatorum
2480 342 2717 397 omnium
2754 341 2999 399 deﬁnitio
3041 340 3233 405 tenuit,
3262 343 3320 395 et
3356 337 3426 395 ad
3462 353 3565 396 nos
3593 340 3762 413 usque

474 436 727 494 conﬁteri
754 436 1030 506 compellit
1057 437 1314 505 magister
1342 451 1625 504 erroneus,
1656 434 1809 506 cujus
1836 434 2075 492 auctori-

476 530 608 586 tatis
644 530 765 597 erit,
820 528 974 599 cujus
1027 529 1300 600 potentiae,
1351 530 1712 601 temporarius
1762 537 1819 585 et
1848 530 2076 585 recens?

476 623 754 693 Scriptura
782 622 1049 678 clamante
1073 640 1085 676 :
1119 623 1291 679 Israel
1316 640 1422 679 non
1441 626 1540 680 erit
1566 625 1624 678 in
1646 632 1693 679 te
1722 622 1866 679 Deus
1897 639 2072 680 recens

476 724 529 769 et
549 714 776 770 novellus
807 712 979 785 (Psal.
1003 730 1165 783 Lux,
1191 715 1266 785 8).
1932 712 1939 719 ”

550 806 604 861 6.
646 804 850 863 Deinde
897 807 1178 876 antiquum
1214 806 1366 862 illum
1393 821 1569 876 suum,
1600 823 1766 878 quem
1789 808 2071 865 nobiscum

476 919 599 960 esse
628 918 738 959 non
782 902 915 967 vult,
948 901 1118 956 Deum
1145 900 1297 968 dicit,
1338 917 1406 956 an
1434 901 1668 957 Verbum
1696 901 2073 957 tantummodo

478 993 688 1049 Patris?
720 992 968 1063 (forsitan
1006 1008 1115 1048 non
1144 993 1518 1059 substantiale,
1552 993 1665 1059 sed,
1711 1001 1769 1048 ut
1814 992 2070 1048 Samosa-

476 1090 634 1138 teuus
663 1083 793 1136 olim
840 1080 1060 1148 Paulus,
1103 1082 1430 1152 prolativum
1482 1091 1646 1152 atque
1692 1082 2072 1153 imperativum

476 1174 768 1243 intelligit).
799 1172 931 1241 Quis
961 1188 1089 1243 ergo
1118 1188 1186 1229 ex
1227 1173 1332 1230 hoc
1370 1190 1481 1230 non
1507 1174 1793 1243 intelligat,
1817 1175 1939 1243 quis
1961 1190 2072 1230 non

475 1266 723 1321 advertat
762 1264 1005 1334 ejusdem
1032 1263 1184 1320 Pauli
1211 1281 1335 1321 eum
1376 1265 1626 1321 haeresim
1674 1266 2072 1322 evidentissime

475 1374 686 1429 sapere,
745 1360 838 1428 qui
866 1360 963 1415 sub
992 1359 1282 1415 occasione
1313 1360 1472 1415 unius
1517 1360 1842 1431 praedicandi
1872 1359 1985 1424 Dei,
2018 1357 2073 1414 id

475 1458 579 1517 est,
622 1451 948 1517 monarchzc,
1007 1451 1178 1507 Deum
1226 1450 1443 1507 Patrem
1472 1452 1647 1507 solum
1696 1451 1882 1507 deﬁnit
1903 1451 2071 1506 Deum

474 1553 695 1609 verum;
722 1541 960 1597 Verbum
999 1550 1180 1597 autem
1226 1542 1345 1613 ejus
1374 1543 1598 1597 verbum
1626 1542 1774 1611 quod
1798 1541 2073 1613 operatio-

474 1634 633 1691 nibus
678 1648 746 1689 ex
794 1634 1021 1704 imperio
1051 1635 1251 1704 praesit,
1299 1635 1438 1689 sicut
1468 1633 1700 1689 hominis
1745 1632 2069 1704 prolativum

474 1726 718 1792 Verbum,
746 1725 892 1795 quod
921 1725 1107 1795 implet
1129 1740 1294 1796 opera
1324 1739 1444 1794 quae
1466 1725 1756 1780 statuerit?

474 1874 477 1881 ,
548 1816 598 1872 7.
642 1816 1046 1872 Eminanuelem
1069 1826 1269 1881 autem,
1301 1833 1407 1872 non
1438 1826 1649 1881 natura,
1681 1816 1777 1873 sed
1802 1816 1898 1872 Dei
1945 1830 2067 1887 gra-

473 1909 571 1979 tia,
596 1910 727 1965 dicit
746 1910 935 1976 Deum,
968 1911 1107 1966 illius
1135 1910 1296 1966 Verbi
1326 1911 1742 1982 participatione
1771 1926 1868 1966 seu
1888 1910 2065 1966 socie-

472 2008 608 2067 tate,
640 2009 696 2057 et
716 2009 775 2057 ut
804 2002 1111 2073 expressius
1148 2002 1328 2058 dicere
1355 2002 1515 2069 solet,
1546 2001 1950 2072 conjunctione,
1979 1999 2066 2056 vel

475 2093 639 2149 etiam
663 2094 923 2160 unitione,
955 2101 1011 2149 et
1040 2094 1306 2149 interdum
1329 2094 1573 2149 unitate:
1601 2109 1764 2164 quam
1802 2093 2069 2149 unitatem

474 2198 699 2258 perraro
720 2200 840 2240 cum
861 2185 994 2240 dicit
1013 2183 1081 2239 ad
1100 2184 1448 2255 decipiendos
1469 2185 1749 2256 imperitos
1773 2186 2066 2252 auditores,

474 2276 628 2334 salvo
656 2279 757 2334 sibi
786 2294 948 2334 sensu
968 2294 1087 2344 suo,
1111 2278 1185 2332 ita
1207 2279 1478 2348 intelligit,
1500 2279 1640 2334 sicut
1659 2278 1791 2334 illud
1819 2278 1872 2333 in
1892 2276 2072 2333 Evan-

475 2369 620 2441 gelio
668 2368 869 2426 dictum
911 2378 1033 2426 est:
1065 2369 1229 2425 Pater
1274 2379 1472 2435 sancte,
1507 2372 1592 2441 [ac
1638 2378 1697 2423 ut
1722 2378 1772 2424 et
1798 2371 1886 2423 isti
1910 2386 2071 2441 unum

475 2438 582 2522 sint
599 2467 653 2518 in
681 2466 847 2528 nobis,
872 2466 1004 2519 sicut
1020 2472 1073 2519 et
1089 2479 1184 2518 nos
1204 2479 1364 2516 unum
1387 2438 1559 2518 sumus
1584 2461 1765 2532 (Joan.
1797 2479 1923 2528 xm,
1942 2438 2066 2533 ξι).

476 2557 610 2625 Quae
639 2556 756 2625 ejus
785 2565 972 2625 arguta
1000 2556 1178 2612 unitas
1206 2570 1331 2610 cum
1352 2554 1596 2611 senuerit
1625 2554 1679 2609 in
1703 2554 1921 2608 auribus
1966 2566 2068 2622 po-

476 2649 591 2719 puli
618 2648 871 2718 imperiti,
929 2647 1276 2713 aeelamatur,
1311 2654 1566 2714 “nosque
1618 2644 1964 2716 sycophantae
2016 2648 2072 2697 et

480 2740 646 2797 invidi
693 2739 955 2795 dicimur:
989 2737 1154 2804 Eccs,
1196 2738 1463 2808 inquiunt,
1523 2755 1667 2794 unum
1734 2753 1916 2803 nmr;
1947 2749 2069 2799 curn

479 2847 673 2888 VULTIS
693 2831 955 2885 AIPLIUS?

550 2921 604 2977 8.
649 2922 867 2979 Accedit
894 2937 1090 2977 vanum
1110 2921 1227 2992 ejus
1256 2930 1648 2991 argumentum,
1680 2937 1788 2991 quo
1815 2928 1972 2992 putat
2010 2936 2072 2977 se

483 3013 770 3071 excludere
797 3014 1120 3069 catholicam
1147 3013 1324 3081 ﬁdem,
1366 3028 1487 3082 quae
1514 3012 1808 3067 secundum
1835 3027 2071 3082 evange-

477 3103 651 3162 listam
671 3103 935 3160 Joannem
962 3105 1092 3160 dicit
1119 3112 1174 3160 et
1194 3106 1357 3160 sentit
1390 3122 1401 3157 :
1445 3103 1667 3159 Verbum
1694 3120 1817 3159 caro
1866 3106 2062 3176 factum
2089 3128 2136 3193 ο

474 3207 553 3252 est
578 3196 757 3268 (Joan.
788 3212 824 3262 ι,
858 3195 975 3265 14);
1000 3195 1028 3235 δ
1058 3197 1131 3251 ita
1154 3203 1211 3252 ut
1240 3197 1365 3252 hinc
1392 3205 1545 3268 putet
1582 3195 1793 3263 conﬁci,
1841 3196 1968 3276 quia
2013 3196 2061 3252 si

473 3291 577 3347 hoc
604 3290 833 3356 dicatur,
886 3305 1103 3345 versum
1147 3306 1267 3348 esse
1313 3290 1693 3361 pronuntietur
1739 3289 1794 3343 in
1840 3304 2062 3345 carnem

474 3380 642 3436 Deum
662 3381 915 3448 Verbum,
944 3381 1091 3451 quod
1119 3390 1174 3437 et
1201 3396 1392 3437 revera
1412 3380 1533 3436 ﬁdei
1565 3388 1728 3435 recta:
1756 3378 1911 3435 valde
1937 3379 2065 3435 alie-

473 3487 602 3526 num
636 3480 738 3526 est.
781 3484 801 3512 ο
848 3472 1068 3528 Manens
1108 3473 1251 3528 enim
1290 3473 1433 3528 Deus
1460 3472 1697 3527 Verbum
1744 3487 1959 3544 semper
2005 3472 2061 3527 in

472 3555 665 3619 natura
694 3573 747 3618 et
768 3565 1000 3619 essentia
1025 3563 1215 3629 Patris,
1254 3566 1308 3619 in
1346 3580 1448 3619 una
1480 3564 1777 3634 eademque
1806 3564 2061 3631 essentia,

473 3667 579 3725 qua
620 3662 736 3708 erat
763 3662 817 3708 et
853 3662 935 3708 est
965 3655 1490 3721 incommutabiliter,
1526 3671 1624 3724 pro
1666 3664 1848 3711 nostra
1887 3655 2064 3712 salute

474 3743 644 3801 faetus
690 3756 771 3801 cst
817 3746 1000 3811 homo,
1050 3745 1196 3815 quod
1236 3762 1344 3801 non
1376 3755 1513 3810 erat,
1560 3756 1618 3799 ut
1645 3762 1747 3801 nos
1788 3746 2056 3818 singulos,

473 3837 636 3907 quod'
663 3852 772 3892 non
822 3852 1053 3904 eramus,
1111 3836 1313 3893 faceret
1367 3836 1504 3894 ﬁlios
1551 3853 1697 3893 suos.
1743 3837 1857 3894 Hoc
1894 3839 2057 3894 etiam
2122 3906 2129 3913 ,

472 3930 698 3999 symboli
748 3931 906 3999 ratio,
956 3931 1293 4000 Nicaenzeque
1335 3930 1477 3995 ﬁdei,
1528 3930 1634 3988 hoc
1671 3938 1915 3987 veterum
1944 3939 2059 3987 tra-

2136 492 2143 511 ,
2178 435 2497 492 transmisit.

2174 540 2179 545 '
2249 527 2300 581 9.
2343 527 2504 583 Addit
2526 538 2707 582 autem
2729 527 2852 594 iste,
2878 525 2944 581 ad
2966 524 3388 582 ostentationem
3405 522 3508 589 sui,
3532 537 3762 580 massam

2175 620 2475 692 suscepisse
2496 619 2590 675 Dei
2618 618 2874 685 Verbum,
2901 615 2948 673 id
2980 622 3085 679 est,
3116 623 3176 673 ut
3205 615 3413 683 habitu,
3461 614 3653 685 inquit,
3682 614 3764 671 in-

2176 715 2451 771 veniretur
2477 718 2536 767 ut
2565 712 2749 775 homo,
2781 708 3148 767 ostentatione
3181 708 3363 765 Deus:
3395 715 3451 763 et
3475 708 3591 763 ba'c
3627 724 3763 764 vana

2176 816 2231 864 et
2274 806 2439 877 impia
2477 803 2695 860 Graecus
2735 802 2851 873 ejus
2879 816 3059 858 sermo
3094 800 3353 856 declarat.
3387 800 3544 857 Δῦτόν
3575 821 3630 856 τε
3668 805 3760 855 τοῦ

2174 906 2303 956 Θεοῦ
2321 900 2466 972 λόγον
2482 897 2569 968 {sic
2599 898 2773 971 σάρκα
2800 896 2887 950 ἐὰν
2903 915 2981 955 τις
3010 891 3145 950 εἴποι
3167 893 3471 969 τετράφθαι,
3504 892 3564 951 ἣν
3589 890 3763 947 ἔλαϐεν

2175 995 2226 1048 ἂν
2251 996 2610 1064 σχηματισμῷ
2647 996 2739 1050 τῆς
2776 988 3010 1048 θεότητος
3044 985 3256 1051 inussit,
3296 983 3380 1039 ἶνα
3418 987 3657 1056 σχήματι
3680 982 3761 1038 εὖ·

2173 1089 2293 1164 ριθῇ
2335 1092 2403 1147 ὡς
2441 1082 2705 1157 ἄνθρωπος
2754 1083 2973 1153 ἀνάθεμα
3001 1078 3155 1137 ἴστω.
3190 1076 3349 1144 Quod
3386 1084 3507 1132 est:
3553 1075 3615 1131 Si
3657 1077 3765 1148 quis

2176 1178 2362 1233 dixerit
2399 1175 2498 1229 Dei
2530 1175 2751 1229 Verbum
2791 1189 2988 1228 versum
3018 1188 3127 1227 esse
3153 1172 3210 1225 in
3241 1184 3466 1234 carnem,
3498 1184 3654 1240 quam
3683 1182 3764 1221 ac-

2174 1273 2326 1342 cepit,
2349 1268 2420 1322 ad
2456 1269 2851 1324 ostentationem
2887 1264 3111 1320 Deitatis
3151 1280 3294 1329 sua,
3327 1271 3383 1317 ut
3411 1260 3588 1317 habitu
3634 1262 3765 1316 inve-

2173 1365 2350 1419 niatur
2372 1372 2428 1416 ut
2455 1362 2625 1424 homo,
2644 1359 2917 1413 anathema
2944 1359 3031 1412 sit.
3066 1357 3443 1431 Σχημιατισμόν
3469 1356 3554 1410 και
3581 1361 3763 1426 σχῆμα

2173 1458 2373 1513 habere
2402 1453 2782 1517 diﬁerentiam,
2807 1466 2996 1506 omnes
3023 1447 3199 1504 Graeci
3226 1453 3563 1516 cognoscunt
3587 1463 3601 1498 :
3630 1466 3763 1515 σχη·

2169 1550 2429 1625 ματισμὸν
2479 1561 2708 1615 namque
2754 1544 2901 1599 illum
2958 1541 3133 1598 Graeci
3173 1540 3497 1610 intelligunt,
3530 1539 3626 1594 ubi
3661 1554 3764 1595 non

2171 1642 2391 1707 veritas,
2440 1638 2536 1694 sed
2573 1637 2754 1708 potius
2795 1633 3001 1708 [Balu.z.
3033 1630 3260 1704 prestio]
3307 1645 3426 1702 quae
3473 1630 3541 1685 ad
3580 1629 3762 1685 fallen-

2098 1738 2148 1799 Β
2173 1735 2272 1791 dos
2323 1748 2514 1789 sensus
2561 1731 2769 1799 aliquos
2808 1726 3098 1783 assumitur
3126 1723 3399 1780 simulatio
3436 1728 3539 1787 est,
3580 1721 3669 1777 vel
3711 1719 3765 1774 ﬁ-

2169 1834 2444 1898 gmentum
2471 1824 2676 1890 [Batus.
2704 1816 3093 1892 pigmentum];
3134 1824 3324 1889 σχῆμα
3366 1822 3551 1869 autem
3595 1813 3762 1885 ipsam

2171 1921 2386 1976 habitus
2429 1916 2693 1987 signiﬁcat
2735 1914 3061 1969 veritatem:
3114 1925 3235 1981 quae
3278 1909 3386 1965 duo
3432 1923 3535 1964 nos
3579 1913 3761 1962 osten-

2169 2015 2432 2070 tationem
2470 2019 2525 2066 et
2572 2008 2813 2065 habitum
2869 2006 3051 2061 dicere
3097 2004 3413 2075 possimus;
3467 2008 3528 2056 ut
3579 2008 3760 2056 osten-

2171 2107 2305 2164 tatio
2352 2103 2660 2175 deceptoria
2714 2102 2819 2168 sit,
2872 2100 3088 2156 habitus
3134 2112 3268 2153 vero
3317 2103 3526 2151 natura:
3587 2092 3760 2149 omnis

2173 2198 2432 2255 ostensio.

2247 2290 2331 2345 lo.
2375 2287 2515 2357 Quid
2558 2288 2660 2343 sibi
2689 2300 2820 2357 ergo
2849 2299 3023 2341 novus
3051 2289 3105 2339 et
3150 2296 3323 2337 vanus
3351 2281 3454 2337 iste
3481 2279 3603 2335 vult
3648 2293 3755 2332 ma-

2171 2384 2355 2454 gister,
2382 2382 2523 2437 scire
2543 2379 2824 2436 vellemus.
2851 2377 2970 2445 Quo
2993 2392 3053 2431 se
3078 2382 3437 2450 σχηματισμῷ
3473 2365 3646 2427 videri
3689 2371 3760 2425 le-

2172 2478 2308 2533 cerit
2328 2476 2433 2531 iste
2462 2489 2635 2530 novus
2655 2472 2798 2528 Deus
2824 2471 2976 2541 ejus?
3002 2468 3181 2541 Ipsius
3210 2468 3355 2523 enim
3379 2464 3641 2523 dicendus
3659 2470 3757 2526 est,

2176 2585 2285 2626 non
2323 2566 2777 2641 Christianorum,
2807 2581 2917 2635 quo
2953 2578 3086 2620 vero
3108 2563 3385 2619 schemate
3408 2561 3654 2616 inventus
3680 2564 3759 2615 est

2171 2670 2447 2731 tamquam
2494 2659 2695 2715 homo?
2736 2657 3012 2714 Videtisne
3049 2658 3210 2723 hunc,
3242 2669 3338 2711 seu
3365 2654 3646 2710 voluntate
3666 2666 3754 2707 ne-

2171 2754 2446 2827 quissima,
2478 2769 2576 2809 seu
2603 2752 2767 2809 stulta
2788 2750 3111 2820 ignorantia,
3138 2748 3190 2803 in
3215 2746 3496 2803 Manichzei
3545 2752 3754 2801 senten-

2170 2846 2302 2903 tiam
2324 2847 2489 2903 etiam
2511 2861 2631 2902 esse
2649 2845 2982 2917 prolapsum,
3007 2843 3100 2913 qui
3121 2841 3290 2897 Deum
3313 2856 3419 2896 non
3441 2840 3560 2894 vult
3581 2852 3756 2895 verum

2168 2937 2465 3005 hominem,
2498 2936 2593 2993 sed
2619 2935 3042 3008 phantastieum,
3074 2933 3128 2990 id
3154 2940 3257 2999 est,
3283 2932 3591 3004 putativum
3609 2928 3756 2987 Chri-

2171 3039 2315 3089 stum
2342 3031 2440 3087 Dei
2459 3030 2654 3086 Filium
2675 3028 2939 3086 credere?

2413 3161 2893 3205 ΔΝΔἸἮΕΙΔΤΙΒΙΠΒ
2920 3157 3188 3200 SECUNDUS
3223 3158 3268 3199 8.
3303 3158 3534 3198 CYIULLI.

2234 3260 2460 3333 Cyrinus
2498 3260 2670 3315 dixit:
2710 3258 2815 3326 Qui
2852 3273 2961 3314 non
3007 3256 3297 3314 conﬁtetur
3342 3254 3495 3312 carni
3545 3251 3751 3327 [Batus

2163 3353 2346 3426 carne]
2368 3352 2795 3409 substantialiter
2814 3351 3021 3405 unitum
3043 3348 3250 3424 [Belua
3276 3345 3462 3420 unum]
3483 3361 3608 3403 esse
3628 3346 3753 3402 Ver-

2162 3448 2293 3506 bum
2315 3444 2509 3513 Patris;
2528 3460 2690 3501 unum
2719 3457 2936 3514 quoque
2955 3457 3075 3499 esse
3094 3438 3370 3496 Christum
3395 3454 3523 3494 eum
3547 3437 3756 3509 propria

2165 3553 2348 3604 carne,
2373 3545 2429 3593 et
2447 3534 2695 3593 eumdem
2718 3535 2895 3605 ipsum
2932 3533 3050 3589 sine
3084 3530 3249 3588 dubio
3285 3529 3456 3585 Deum
3494 3528 3655 3585 simul
3705 3533 3759 3582 et

2171 3631 2475 3696 hominem;
2537 3629 2826 3684 anathema
2845 3626 2936 3681 sit.

2419 3757 2897 3800 ANATHEIATISIUS
2934 3755 3199 3798 SECUNDUS
3244 3755 3509 3796 NBSTOMI.

2306 3836 2362 3885 In
2385 3849 2501 3887 mss.
2524 3836 2786 3887 codicibus.
3177 3829 3231 3880 lu
3255 3829 3391 3881 libris
3413 3829 3584 3879 editis.

2238 3935 2519 4025 Nestorius
2565 3937 2739 3992 dixit:
2791 3933 2819 3975 ἀ
2867 3935 2926 3992 Si
3068 3936 3125 3993 Si
3171 3936 3291 4007 quis
3334 3935 3389 3991 in
3441 3933 3612 3991 Verbi
3665 3928 3755 3987 Dei

1655 4094 2204 4155 CASTIGATIONES
2242 4094 2332 4153 ET
2361 4093 2592 4153 NOTAE.

540 4258 570 4287 ι
609 4248 749 4323 Hinc
783 4249 891 4323 tria
942 4247 1173 4317 conjicio
1217 4266 1228 4299 :
1270 4247 1533 4323 primum,
1584 4258 1857 4323 auctorem
1898 4253 2060 4323 hujus

468 4319 970 4415 operisscripsisse
1011 4326 1169 4415 tunc,‘
1200 4333 1323 4373 cum
1370 4319 1566 4415 adhucI
1590 4319 2058 4415 (loustantinopoli

468 4388 748 4448 Nestorius
768 4389 1057 4445 conciones
1083 4388 1338 4451 haberet;
1371 4389 1681 4455 secundum,
1708 4388 2059 4447 Mercatorem

469 4463 668 4532 ipsum,
693 4458 785 4528 qui
813 4467 1002 4534 auctor
1030 4460 1226 4534 operis,
1260 4459 1500 4534 habitum
1531 4476 1627 4530 pro
1652 4462 1865 4534 publico
1894 4464 2060 4534 ipsius

470 4529 805 4604 accusatore,
836 4529 1068 4604 ideoque
1108 4530 1250 4583 male
1290 4530 1524 4585 audiisse
1553 4529 1695 4604 apud
1725 4529 2058 4604 vulgus'cpi-

469 4603 620 4672 scopi
658 4599 862 4657 artibus
900 4600 1165 4672 illusum;
1188 4607 1553 4672 postremum,
1590 4599 1897 4658 Nestorium
1940 4599 2059 4660 loco

467 4670 693 4729 Joannis
733 4671 1091 4741 evangelista;
1121 4670 1344 4741 abusum
1390 4670 1572 4734 fuisse,
1616 4688 1796 4741 quem,
1840 4691 1961 4730 cum
1990 4676 2058 4731 de

467 4744 677 4800 unitate
697 4738 903 4800 natura:
931 4740 1152 4809 intelligi
1171 4738 1383 4805 debeat,
1407 4742 1474 4796 de
1494 4738 1847 4801 consensione
1870 4747 2058 4801 volun-

467 4821 642 4869 tatum
669 4812 956 4883 acceperit,
981 4810 1301 4866 Arianorum
1322 4827 1490 4866 more.

542 4884 570 4924 δ
598 4883 935 4960 Calumniam
962 4896 1154 4960 passus
1181 4889 1263 4937 est
1295 4883 1369 4960 ab
1398 4884 1644 4939 omnibus
1672 4886 1785 4960 l'ere
1822 4886 2054 4960 Cyrillus

466 4963 693 5082 propter
719 4953 951 5025 primum
979 4953 1505 5020 anathematismum,
1537 4958 1690 5025 quasi
1729 4953 1975 5013 iunuéret
2001 4960 2053 5013 in

468 5042 537 5082 eo
612 5025 802 5081 erbum
823 5024 879 5080 in
899 5038 1118 5080 carnem
1143 5037 1507 5082 commeasse:
1531 5026 1852 5081 calumniam
1881 5028 2053 5082 denu-

468 5024 537 5100 ἑο
564 5024 802 5100 Verbum
823 5024 879 5100 in
899 5038 1118 5100 carnem
1143 5037 1476 5080 commeasse
1493 5043 1514 5100 ;_
1531 5026 1852 5081 calumniam
1881 5028 2053 5100 depu-

467 5098 529 5152 lit
558 5095 828 5170 sexcentis
854 5094 1010 5160 locis,
1033 5108 1134 5150 nec
1158 5102 1339 5150 tamen
1366 5097 1543 5167 potuit
1568 5111 1628 5150 se
1656 5113 1851 5168 purum
1878 5094 2054 5170 suspi-

465 5168 642 5224 cionis
668 5173 945 5237 praestare.

418 5252 433 5305 ,ι
542 5250 565 5279 ε
588 5234 907 5304 Locus'hic,
948 5243 1042 5292 aut
1076 5236 1266 5308 similis
1300 5238 1457 5301 alius,
1485 5236 1672 5308 Cyrilli
1708 5239 1948 5308 arguitur
1986 5241 2053 5296 ab

467 5309 746 5373 Eutherio,
775 5308 888 5379 qui,
920 5322 1044 5364 cum
1071 5306 1296 5379 perinde
1332 5318 1495 5379 atque
1524 5306 1802 5366 Nestorius
1828 5310 1895 5365 de
1935 5313 2055 5366 uui-

466 5387 578 5451 tate
614 5382 720 5437 καθ’
746 5379 993 5451 abeloxth
1014 5379 1399 5451 interpretatus
1435 5387 1578 5436 esset
1617 5381 2053 5451 eonjunctionem

466 5449 629 5505 Verbi
642 5466 764 5506 cum
778 5449 1132 5516 humanitate,
1148 5449 1487 5520 maligneque
1502 5449 1780 5507 catholicis
1801 5452 2054 5507 invidiam

467 5520 645 5575 facere
673 5530 949 5584 tentasset,
988 5521 1142 5592 quasi
1170 5520 1404 5575 Verbum
1445 5522 1499 5576 in
1528 5538 1744 5577 carnem
1788 5532 2053 5578 mutatum

465 5601 788 5659 assererem,
818 5592 1095 5660 subjunxit
1123 5592 1235 5644 hmc
1260 5594 1422 5646 verba
1458 5612 1468 5645 :
1505 5592 1633 5656 Qua:
1660 5604 1779 5647 sunt
1816 5611 1931 5648 rero
1955 5596 2051 5648 ad-

463 5661 808 5737 versariorum
835 5664 1054 5737 argutiis
1068 5665 1095 5737 1’_
1123 5681 1143 5713 ς
1172 5660 1322 5723 Quod
1349 5674 1479 5737 erat,
1511 5666 1735 5727 mansit;
1765 5666 1902 5737 quod
1943 5682 2048 5737 non

464 5738 600 5800 erat,
630 5732 797 5802 Ιοᾱω
823 5732 917 5787 est}
957 5751 976 5784 ι
1012 5732 1181 5804 Igitur
1216 5739 1305 5784 aut
1333 5733 1495 5786 divisa
1524 5744 1599 5788 est
1628 5732 1820 5791 nantia
1862 5736 2051 5791 indivi-

2164 4254 2288 4315 dua,
2312 4262 2364 4308 et
2380 4256 2607 4326 partium
2634 4254 2839 4327 quidem
2863 4271 2969 4308 una
2993 4253 3207 4327 mansit,
3233 4252 3396 4327 attera
3417 4256 3623 4304 mutata
3649 4254 3756 4327 est;

2163 4334 2254 4378 aut
2282 4323 2445 4379 totum
2481 4323 2736 4379 mutatum
2764 4334 2859 4390 est,
2892 4332 2984 4378 aut
3019 4326 3263 4395 opinione
3290 4323 3638 4395 ΔῙςιιτιιιηιλειᾳ,
3663 4324 3759 4395 aut

2162 4394 2264 4449 dici
2287 4396 2379 4466 illa
2406 4396 2611 4466 quidem
2639 4388 2854 4459 debent,
2872 4388 3094 4466 intelligi
3116 4410 3231 4466 non
3263 4388 3465 4446 debent.
3499 4388 3630 4454 Quis
3658 4389 3757 4461 igi-

2162 4475 2257 4536 tur_
2272 4464 2568 4536 uerbi—nihil
2597 4467 2944 4536 signiﬁcantis
2967 4464 3129 4519 usus?

2233 4533 2259 4572 ἀ
2291 4535 2435 4590 Vidit
2465 4532 2713 4606 Petavius
2735 4532 3051 4606 corruptam
3089 4549 3207 4590 esse
3237 4532 3524 4606 lectionem
3553 4537 3613 4586 et
3632 4546 3756 4585 scn-

2160 4621 2277 4661 sum
2306 4620 2468 4675 quem
2496 4605 2762 4661 Mercator
2774 4602 3040 4676 expressit
3062 4607 3114 4660 vi
3145 4602 3507 4676 intelligentia:
3536 4616 3755 4676 assecu-

2087 4664 2134 4725 D
2162 4685 2267 4738 tus,
2301 4664 2536 4731 correxit
2575 4677 2719 4733 hunc
2746 4678 2799 4732 in
2829 4664 3045 4733 modum
3072 4676 3138 4746 (Τ
3140 4664 3525 4746 omJVDogm.
3545 4672 3586 4726 Ι.
3607 4688 3689 4735 vi,
3707 4688 3752 4725 c.

2162 4747 2187 4800 ιι
2199 4747 2251 4820 7)
2279 4766 2291 4799 :
2319 4746 2379 4801 Si
2401 4749 2512 4820 quis
2533 4749 2585 4820 in
2611 4746 2765 4820 Verbi
2784 4746 2881 4802 Dei
2909 4743 3289 4819 conjunctione,
3312 4760 3426 4820 quin
3449 4743 3519 4795 ad
3548 4758 3757 4820 carnem

2162 4813 2302 4891 facta
2331 4813 2427 4882 est,
2455 4818 2517 4872 de
2537 4819 2722 4891 lamin
2749 4818 2916 4873 locum
2937 4813 3273 4891 mutationem
3296 4813 3483 4867 divina:
3512 4813 3756 4866 substan-

2163 4888 2247 4943 tia
2272 4890 2466 4962 factam
2492 4906 2602 4942 esse
2630 4889 2837 4954 dixerit,
2869 4888 3522 4962 ejusque;_dirince_natura:
3546 4898 3756 4962 carnem

2159 4953 2403 5031 capacem
2429 4959 2637 5023 dixerit,
2659 4978 2720 5013 ac
2742 4953 3035 5031 partiti/iter
3051 4959 3195 5011 illam
3226 4957 3427 5010 unitum
3455 4953 3637 5018 carni;
3668 4960 3758 5004 ant

2157 5030 2342 5084 iterum
2380 5031 2432 5084 in
2470 5030 2747 5100 inﬁnitum
2771 5030 3232 5099 incircumscripta:
3268 5034 3474 5100 natura
3511 5031 3757 5100 coarten-

2159 5100 2294 5155 derit
2322 5094 2535 5172 carnem
2559 5101 2627 5153 ad
2656 5101 3013 5172 accipiendum
3031 5094 3215 5165 Deum,
3234 5094 3758 5172 eumdemqtteipslim

2158 5182 2366 5234 natura,
2392 5182 2439 5224 et
2462 5170 2627 5225 Deum
2651 5164 2809 5235 dicat,
2834 5179 2885 5226 et
2904 5164 3622 5236 hominem;anathema~sit.
3657 5164 3760 5236 Dc-

2158 5249 2282 5296 suut
2324 5232 2503 5296 tamen
2547 5242 2737 5311 aliqum
2778 5232 3067 5298 etiamnum
3098 5232 3281 5311 voces,
3322 5251 3458 5308 quas
3497 5232 3759 5290 Petavius

2159 5328 2265 5367 non
2287 5313 2572 5382 supplevit,
2597 5310 2719 5387 cum
2735 5321 2951 5387 careret
2963 5310 3396 5387 contradictione
3415 5320 3729 5387 consequor}
3744 5332 3760 5343 -

2160 5390 2231 5447 te,
2265 5399 2331 5437 ex
2354 5376 2463 5452 qua
2502 5376 2639 5438 sumi
2665 5382 2864 5438 debent
2906 5402 2919 5436 :
2954 5383 3061 5439 Sed
3088 5397 3246 5436 unum
3277 5378 3474 5434 Filium
3505 5376 3759 5452 et_CI:ri-
3819 5445 3826 5451 _

2159 5462 2326 5525 slum;
2357 5448 2519 5525 atque
2546 5454 2620 5525 ita
2664 5453 2768 5523 legi
2794 5453 2955 5509 debet
2981 5469 3107 5525 pars
3129 5459 3405 5525 postrema
3439 5448 3762 5525 anathema:

2157 5523 2303 5598 tismi
2337 5542 2348 5576 :
2381 5518 2741 5598 Eumdemque
2763 5518 3183 5598 ipsugsnatura,
3208 5529 3265 5598 ες
3302 5519 3471 5598 Deum
3509 5518 3762 5598 dicatae!

2154 5595 2428 5659 hominem,
2460 5605 2510 5650 et
2538 5585 2660 5651 non'
2682 5585 2839 5650 unum
2870 5593 2919 5650 F
2920 5596 3068 5651 ilium
3106 5585 3179 5650 σε’
3197 5591 3490 5654 Christum;
3533 5585 3762 5645 anathe-

2153 5683 2239 5720 ma
2265 5668 2351 5719 sit.
