3924 6282
186 296 295 360 913

188 413 309 486 quis
352 408 409 464 in
452 402 617 461 Verbi
662 399 760 456 Dei
814 412 948 453 con-

189 502 464 579 junctione
490 511 609 567 quae
639 493 704 548 ad
733 505 952 547 carnem

190 598 331 652 facta
356 598 440 648 est
458 589 525 644 de
552 587 675 641 loco
697 584 753 638 in
770 582 953 637 locum

190 685 544 744 mutationem
562 678 756 735 divinat
776 690 955 731 essen-

194 785 281 838 tia:
321 777 518 835 dixerit
562 788 681 829 esse
735 769 951 833 factam,

190 873 413 943 ejusque
485 864 677 922 divina:
704 868 713 877 '
747 867 954 916 natura:

192 978 411 1023 carnem
431 970 684 1030 capacem
708 968 848 1018 esse,
862 955 954 1005 aut

190 1054 490 1128 partialiter
518 1049 724 1123 [Baluz.
755 1042 955 1116 partili-

194 1149 298 1222 ier]
320 1148 525 1204 unitam
549 1140 719 1205 carni,
743 1144 837 1193 aut
859 1136 954 1190 ite-

191 1258 312 1300 rum
365 1240 421 1295 in
472 1234 737 1291 inﬁnitum
794 1228 954 1285 incir-

189 1332 576 1402 cumscriptam
615 1324 807 1381 divina:
860 1335 955 1375 na—

191 1436 329 1482 tura:
403 1415 775 1478 eoextenderit
831 1427 953 1466 car-

189 1536 338 1585 nem,
354 1517 420 1572 ad
431 1511 750 1585 capiendum
762 1508 950 1568 Deum,

190 1610 549 1676 eumdemque
566 1604 740 1673 ipsum
764 1605 957 1653 natura

193 1702 402 1776 [Baluz.
423 1696 774 1761 eamdemque
786 1691 959 1760 ipsam

1074 274 1390 333 NESTORII
1432 260 2020 327 BLASPHEMIARUM
2058 252 2399 315 CAPITULA
2441 246 2555 303 XII.

1022 393 1398 463 conjunctione
1428 405 1545 460 qua:
1575 387 1641 442 ad
1662 401 1778 441 ear—
1808 385 1859 444 Α

1022 503 1146 543 nem
1175 487 1314 543 facta
1342 494 1424 542 est
1451 470 1517 541 de
1558 484 1678 538 loco
1726 482 1781 535 in

1025 580 1204 635 locum
1227 576 1581 633 mutationem
1601 572 1781 628 divina

1022 673 1288 729 sententia
1341 669 1535 725 dixerit
1563 681 1682 722 esse
1710 664 1785 718 fa-

1024 775 1186 832 ctam,
1205 765 1426 835 ejusque
1448 770 1651 816 naturze
1671 774 1777 814 car-

1024 877 1145 917 nem
1176 872 1427 930 capacem
1466 869 1585 909 esse
1626 853 1781 907 dixe-

1024 954 1113 1021 rit,
1162 967 1225 1007 ac
1250 947 1552 1022 partialiter
1578 945 1783 1000 unitam

1025 1047 1193 1113 carni,
1226 1052 1316 1098 aut
1345 1043 1539 1097 iterum
1581 1040 1635 1093 in
1665 1037 1784 1092 inﬁ-

1024 1143 1194 1197 nitum
1210 1133 1679 1203 incircumscripta:
1698 1146 1786 1185 na-

1025 1243 1197 1299 turae,
1257 1245 1380 1285 cum
1432 1224 1785 1282 extenderent

1026 1340 1265 1390 carnem,
1297 1318 1665 1391 accipiendum
1690 1315 1787 1370 De-

1027 1435 1117 1474 um
1136 1459 1150 1483 ,
1207 1413 1563 1481 eumdemque
1610 1411 1787 1480 ipsum

1029 1521 1220 1566 natura
1293 1516 1349 1563 et
1423 1505 1590 1559 Deum
1644 1502 1788 1557 dicat

1030 1613 1086 1661 et
1135 1602 1409 1658 hominem
1429 1615 1444 1666 ;
1502 1596 1786 1653 anathema

1031 1697 1119 1753 sit.

3359 232 3465 292 9M

2131 381 2609 432 ANATHEMATISMUS
2647 377 2873 419 TERTIUS
2920 377 2963 416 S.
2993 373 3218 416 CYBILU.

1953 495 2178 567 Cyrillns
2208 491 2381 545 dixit:
2411 486 2469 540 Si
2498 483 2618 554 quis
2646 482 2699 535 in
2735 494 2843 533 uno
2869 476 3084 531 Christo
3114 471 3299 527 dividit
3339 470 3471 525 sub-

1882 587 2106 643 stantias
2126 592 2247 653 post
2262 579 2579 639 unitionem,
2597 574 2710 627 sola
2733 586 2825 625 eas
2847 569 3107 624 societate
3122 570 3470 628 connectens,

1881 677 2176 734 secundum
2216 672 2550 741 dignitatem,
2593 663 2986 725 auctoritatem,
3032 665 3124 712 aut
3152 655 3470 728 potentiam,

1883 780 1937 825 et
1959 784 2068 823 non
2088 766 2257 833 magis
2286 769 2557 818 conventu
2586 756 2649 811 ad
2684 755 2942 811 unitatem
2970 748 3305 811 naturalem;
3339 756 3473 802 ana-

1855 855 2064 917 thema
2088 859 2176 913 sit.

2158 960 2636 1004 ANATHEMATISMCS
2678 955 2905 996 TERTIUS
2932 949 3194 993 NESTORII.

2020 1068 2074 1116 ln
2100 1079 2213 1114 mss.
2244 1063 2508 1112 codicibus.

1959 1150 2233 1207 Nestorius
2283 1147 2466 1200 dixit:
2519 1152 2544 1179 ⁸
2589 1143 2643 1195 Si

1886 1246 2008 1315 quis
2038 1259 2145 1297 non
2175 1237 2469 1295 secundum
2510 1250 2642 1291 con-

1883 1336 2215 1407 junctionem
2247 1344 2410 1385 unum
2450 1325 2645 1381 dixerit

1887 1428 2175 1491 Christum,
2226 1423 2319 1493 qui
2365 1428 2449 1475 est
2486 1418 2645 1473 etiam

1876 1516 2226 1583 Emmanuel,
2250 1513 2341 1569 sed
2355 1509 2645 1567 secundum

1890 1624 2156 1675 naturam;
2171 1626 2237 1664 ex
2249 1616 2476 1674 utraque
2487 1603 2647 1657 etiam

1889 1705 2207 1767 substantia,
2240 1712 2349 1755 tam
2371 1698 2469 1753 Dei
2489 1695 2648 1751 Verbi

2875 1053 2929 1102 In
2953 1050 3092 1100 libris
3117 1048 3285 1099 editis.

2787 1137 2846 1193 Si
2891 1135 3013 1205 quis
3052 1149 3158 1187 non
3186 1127 3482 1186 secundum

2719 1227 3156 1297 conjunctionem
3192 1237 3355 1276 unum
3394 1218 3479 1272 di-

2716 1323 2856 1377 xerit
2902 1319 3193 1382 Christum,
3252 1312 3343 1383 qui
3399 1318 3483 1365 est

2719 1415 2883 1470 etiam
2920 1405 3237 1465 Emmanuel
3285 1418 3480 1459 secun-

2720 1507 2849 1561 dum
2864 1510 3109 1558 naturam
3132 1518 3143 1553 :
3171 1515 3239 1553 ex
3253 1504 3483 1563 utraque

2722 1598 2883 1652 etiam
2906 1591 3225 1654 substantia,
3257 1596 3364 1641 tam
3386 1585 3484 1640 Dei

2721 1688 2885 1745 Verbi
2907 1702 3068 1756 quam
3097 1684 3261 1739 etiam
3310 1680 3375 1734 ab
3415 1694 3484 1733 eo

190 1788 465 1862 naturam]
519 1797 575 1844 et
614 1788 782 1841 Deum
819 1781 962 1837 die“
1816 1775 1865 1835 Β
1890 1815 2053 1871 quam
2082 1798 2243 1852 etiam
2283 1791 2541 1861 assumpti
2584 1788 2649 1841 ab
2722 1781 2957 1838 hominis
3004 1776 3240 1845 suscepti
3284 1774 3338 1828 in
3379 1788 3489 1826 una

191 1897 254 1945 et
299 1885 605 1947 hominem;
675 1875 963 1932 anathema

196 1987 292 2035 sit.

510 2073 900 2120 CONTRADICTIO
937 2069 1085 2111 κΑιιιι
1122 2058 1473 2106 IERCATORIS.

269 2179 325 2234 ί.
368 2175 754 2233 Contradicitur
801 2188 834 2223 a
888 2164 1188 2222 catholico:
1240 2155 1403 2225 Quasi
1448 2153 1553 2206 hoc
1594 2161 1788 2204 conse-

194 2282 416 2345 quatur,
448 2278 503 2325 et
539 2274 698 2336 cogat
734 2260 960 2330 intelligi
990 2266 1051 2313 ut
1075 2256 1121 2312 si
1154 2253 1276 2323 quis
1304 2246 1501 2305 dixerit
1537 2244 1791 2298 substan-

197 2365 406 2422 tialiler
426 2377 544 2419 esse
568 2360 775 2415 unitum
796 2355 989 2409 Filium
1010 2349 1107 2405 Dei
1136 2359 1325 2402 massa:
1348 2348 1565 2405 nostrze,
1608 2333 1794 2390 statim

197 2473 329 2516 eum
357 2458 446 2512 illa
473 2451 773 2510 absurditas
792 2452 1022 2519 premat,
1049 2456 1169 2512 qum
1194 2450 1482 2505 corporum
1502 2444 1654 2484 more
1700 2426 1795 2481 de-

197 2551 561 2608 mutationem
616 2544 732 2609 Dei,
778 2546 833 2595 et
880 2533 1302 2608 protensionem,
1347 2534 1400 2580 et
1442 2521 1795 2578 inelusioucm

202 2649 369 2710 cogat
393 2639 575 2702 fateri;
606 2635 701 2690 sed
746 2647 857 2687 non
884 2631 959 2684 ita
986 2635 1087 2693 est,
1119 2638 1241 2680 cum
1282 2634 1381 2674 nec
1421 2615 1624 2689 [Baluz.
1666 2610 1791 2664 add.

201 2727 465 2801 hominis]
494 2730 728 2784 humana
748 2723 925 2778 anima
943 2721 1051 2774 hoc
1078 2717 1131 2771 in
1152 2730 1250 2769 suo
1272 2724 1503 2780 corpore
1527 2704 1792 2776 patiatur:

201 2835 412 2895 quanto
439 2820 607 2890 magis
635 2816 776 2872 istud
803 2815 870 2869 de
889 2812 1071 2870 divina
1098 2816 1290 2864 natura
1316 2802 1536 2859 minime
1563 2797 1799 2855 sentien-

199 2918 338 2972 dum
362 2924 464 2971 est.

278 3009 334 3063 ‘2.
376 3005 580 3062 Deinde
593 3004 722 3060 dicit
742 2999 993 3058 eumdem
1012 2993 1284 3051 Christum
1305 2984 1799 3045 naturaliterDeum

201 3111 266 3158 et
293 3100 567 3157 hominem
596 3112 705 3150 non
733 3108 872 3158 esse,
905 3090 1001 3145 sed
1052 3102 1219 3144 unum
1267 3083 1462 3137 Filium
1504 3078 1796 3133 Christum.

1893 1906 1959 1945 eo
1998 1888 2262 1951 hominis,
2316 1898 2477 1938 unam
2529 1880 2651 1934 Filii
2723 1874 2845 1930 Filii
2900 1870 3275 1949 connexione,
3325 1880 3489 1934 quam

1892 1981 2479 2045 connexionem,quam
2491 1972 2654 2027 etiam
2726 1968 2892 2024 etiam
2922 1948 3065 2019 nunc
3084 1958 3361 2016 inconfuse
3382 1972 3490 2012 ser-

1892 2089 2037 2129 nunc
2083 2068 2361 2125 inconfuse
2416 2069 2650 2129 servant,
2726 2074 2944 2124 ramus,
2987 2054 3209 2109 minime
3259 2047 3487 2107 conﬁteo

1892 2165 2113 2220 minime
2136 2162 2490 2225 conﬁteatur;
2520 2171 2651 2211 ana-
2727 2161 2849 2219 tur;
2881 2148 3169 2205 anathema
3190 2144 3276 2200 sit.

1895 2260 2075 2316 thema
2096 2257 2183 2313 sit.

2211 2382 2597 2429 CONTRADICTIO
2634 2378 2781 2421 MAR“
2818 2369 3175 2417 HBRCATORIS.

1968 2507 2368 2565 Contradicitur.
2406 2500 2661 2571 Sequitur
2688 2512 2747 2552 se
2774 2508 3026 2566 prorsus,
3058 2498 3111 2545 et
3137 2499 3433 2557 numquam
3459 2498 3491 2537 a

1898 2603 2117 2676 propria
2156 2599 2387 2671 pessima
2421 2592 2720 2650 intentione
2747 2586 3001 2650 discedit,
3054 2598 3160 2653 qua
3188 2593 3353 2634 unum
3379 2592 3481 2632 na-

1898 2668 2370 2750 turaliter—Filium
2400 2684 2743 2742 introducere
2780 2679 3028 2739 molitur;
3062 2675 3291 2728 alterum
3317 2668 3495 2724 socie-

1898 2796 2011 2842 tate
2040 2784 2416 2853 conjunctum,
2461 2778 2553 2848 qui
2600 2791 2709 2830 non
2753 2770 3093 2830 naturaliter,
3143 2764 3237 2821 sed
3268 2761 3499 2833 positivo

1899 2880 1985 2934 vel
2005 2877 2196 2938 Filius,
2229 2874 2314 2928 vel
2349 2873 2492 2926 Deus
2521 2882 2641 2924 esse
2667 2865 2893 2929 dicatur,
2920 2874 3023 2917 nec
3050 2866 3233 2913 tamen
3267 2854 3497 2910 veritate

1900 2971 1969 3027 sit
1997 2968 2204 3042 (Batus.
2232 2964 2355 3019 add.
2381 2959 2564 3032 Deus].

2153 3092 2631 3139 ANATBEMATISMUS
2658 3086 2900 3138 QUARTUS
2937 3086 2978 3126 S.
3020 3081 3244 3124 CVRILLI.

202 3194 344 3261 Qum
385 3200 468 3246 est
510 3190 613 3244 ism
652 3185 862 3241 novitas
890 3190 999 3237 tam
1022 3178 1278 3272 “laudi”:
1311 3188 1431 3244 qum
1459 3167 1801 3272 taurislabr
1827 3147 1874 3212 Ο
1976 3198 2200 3272 Cyrillus
2222 3196 2395 3249 dixit:
2427 3190 2482 3246 Si
2510 3190 2629 3261 quis
2672 3185 2883 3241 duabus
2931 3180 3179 3253 personis
3226 3182 3319 3231 aut
3366 3174 3496 3228 sub—

203 3284 379 3339 rinthi
401 3276 800 3351 quodammodo
843 3271 1171 3329 anfractibus
1219 3265 1569 3323 obscuretur?
1624 3258 1800 3315 Unum

204 3376 319 3433 dici
362 3374 554 3428 Filium
581 3371 780 3425 debere
823 3366 1026 3431 deﬁnit,
1069 3370 1124 3419 et
1163 3361 1330 3416 invito
1366 3358 1477 3423 illo,
1510 3356 1673 3410 immo
1694 3351 1804 3407 suf-

206 3467 413 3532 focato,
438 3466 539 3519 hac
552 3461 795 3531 sapidula
816 3459 933 3528 ejus
950 3453 1334 3527 disputatione,
1357 3450 1463 3505 duo
1482 3446 1799 3519 procedunt:

207 3574 344 3615 nam
383 3557 429 3611 si
466 3553 731 3615 Christus,
780 3565 942 3620 quem
978 3562 1098 3603 esse
1124 3545 1287 3600 etiam
1316 3539 1630 3596 Emmanuel
1669 3539 1801 3605 vult,

208 3649 315 3704 Dei
336 3648 502 3702 Filius
530 3643 848 3699 naturaliter
867 3656 975 3696 non
1004 3646 1106 3706 est,
1136 3636 1232 3693 sed
1254 3634 1491 3689 Verbum
1515 3630 1691 3685 Patris
1721 3645 1808 3684 se-

210 3742 452 3797 cundum
473 3746 723 3793 naturam
744 3742 827 3791 est
854 3732 1048 3797 Filius;
1080 3729 1188 3786 duo
1209 3736 1334 3782 sunt
1357 3725 1474 3780 sine
1494 3721 1658 3778 dubio
1687 3720 1807 3775 Filii

211 3836 428 3910 [Baluz.
456 3850 557 3888 om.
590 3829 752 3902 Filii],
798 3843 937 3883 unus
964 3832 1157 3879 natura
1186 3820 1392 3894 |_Baluz.
1444 3812 1803 3885 naturaliter],

212 3930 360 3983 alter
380 3941 487 3981 non
517 3931 726 3988 natura,
758 3919 853 3976 sed
890 3917 1092 3988 gratia;
1141 3929 1279 3969 unus
1308 3928 1375 3966 ex
1404 3916 1627 3973 aeterno,
1675 3907 1812 3961 alter

216 4038 291 4076 ex
327 4028 607 4087 tempore:
643 4014 749 4069 Sed
775 4028 929 4075 unus,
960 4007 1164 4077 inquit,
1194 4004 1327 4068 ideo,
1371 4002 1490 4074 quia
1520 3997 1699 4053 abillo
1727 4000 1814 4069 qui

216 4122 304 4167 est
319 4120 507 4165 natura
528 4108 757 4162 adscitus
778 4113 855 4159 est
875 4105 929 4156 in
950 4103 1269 4161 societatem,
1291 4112 1378 4150 seu
1399 4093 1816 4165 conjunctionem

220 4204 437 4280 {BaluL
469 4200 590 4256 add.
624 4201 757 4253 alter
784 4197 847 4250 ab
877 4191 1084 4265 altera].
1107 4190 1265 4258 Quod
1304 4195 1495 4252 totum,
1527 4199 1689 4254 quam
1717 4199 1813 4237 va-

223 4313 381 4363 num,
411 4309 680 4365 quamque
726 4290 949 4361 impium
995 4288 1086 4349 sit,
1143 4284 1467 4355 quicumque
1522 4276 1819 4334 catholicus

224 4390 363 4458 legit
384 4390 647 4443 advertat.

305 4482 358 4535 ’5.
398 4480 610 4534 Etenim
632 4476 926 4532 secundum
949 4479 1153 4527 rectam
1182 4476 1237 4523 et
1256 4480 1439 4521 veram
1469 4462 1646 4526 tidem,
1683 4475 1820 4515 unus

228 4582 318 4630 est
340 4572 503 4627 Filius
524 4570 640 4633 Dei,
672 4568 814 4623 Deus
840 4564 1076 4620 Verbum
1104 4576 1224 4617 cum
1244 4557 1463 4612 homine
1491 4569 1609 4619 suo,
1634 4566 1814 4622 quem,
1846 4527 1901 4589 Β
1924 4545 2040 4601 licis
2085 4541 2276 4597 litteris
2327 4538 2393 4593 de
2444 4534 2678 4598 Christo,

227 4663 452 4734 quando
472 4661 661 4726 voluit,
693 4675 762 4714 ex
781 4657 959 4712 anima
981 4652 1230 4710 rationali
1252 4656 1306 4705 et
1334 4662 1563 4717 corpore
1587 4660 1716 4701 vero
1757 4658 1821 4698 ac

229 4757 411 4813 solido
432 4753 745 4824 assumpsit;
774 4765 875 4805 nec
900 4748 1119 4811 divisus,
1157 4759 1256 4798 nec
1278 4741 1474 4811 duplex
1507 4746 1609 4804 est,
1648 4744 1709 4791 ut
1734 4736 1822 4792 hic

230 4849 469 4906 somniat
494 4866 506 4901 :
530 4848 625 4901 sed
652 4860 809 4910 unus,
832 4850 888 4897 et
908 4848 966 4895 ut
992 4840 1067 4894 ita
1091 4838 1285 4900 dicam,
1310 4840 1456 4888 totus
1476 4839 1637 4900 atque
1658 4829 1820 4896 idem,

234 4941 385 4997 Deus
406 4948 461 4994 et
478 4940 663 5005 homo,
688 4937 873 5001 immo,
896 4938 955 4989 ut
981 4928 1241 5000 signatius
1260 4925 1455 4990 dicam,
1483 4923 1623 4977 Deus
1638 4922 1822 4985 homo,

225 5042 297 5117 ,ει
314 5031 477 5087 homo
498 5029 659 5085 Deus.

1904 3294 2120 3352 stantiis
2167 3290 2439 3345 discernat
2465 3282 2681 3357 [Baluz.
2714 3272 3002 3346 decernat]
3031 3288 3123 3328 eas
3168 3282 3328 3324 voces
3378 3277 3502 3333 qua!

1906 3398 2016 3443 tam
2047 3381 2373 3451 evangelicis
2395 3391 2556 3448 quam
2582 3369 2894 3443 apostolicis
2917 3366 3108 3422 litteris
3128 3361 3493 3422 continentur,

1909 3488 2002 3535 aut
2030 3478 2195 3533 etiam
2225 3490 2317 3530 eas
2339 3484 2459 3541 quae
2492 3468 2559 3523 de
2586 3465 2803 3521 Christo
2831 3478 2863 3516 a
2891 3460 3090 3517 sanctis
3115 3456 3381 3517 dicuntur,
3414 3448 3507 3504 vel

1909 3577 1978 3631 ab
2007 3576 2123 3643 ipso
2152 3570 2367 3625 Christo
2396 3565 2463 3620 de
2491 3579 2549 3618 se
2579 3563 2725 3631 ipso;
2755 3566 2810 3614 et
2838 3557 3044 3626 aliquas
3071 3549 3287 3622 quidem
3324 3560 3391 3599 ex
3422 3542 3505 3597 his

1908 3675 2184 3736 tamquam
2213 3659 2437 3719 homini,
2465 3661 2662 3726 praeter
2686 3650 2782 3704 Dei
2811 3647 3063 3707 Verbum,
3088 3642 3179 3713 qui
3207 3639 3359 3710 quasi
3385 3650 3509 3704 spe-

1910 3726 2123 3818 cialiter
2150 3753 2374 3820 intelligi
2403 3750 2629 3814 debeat,
2663 3740 3011 3816 applicandas
3063 3731 3379 3820 crediderit;
3411 3726 3508 3780 ali-

1912 3868 2045 3923 quas
2066 3866 2194 3905 vero
2218 3816 2491 3914 tamquam
2520 3842 2633 3894 Deo
2662 3837 2867 3905 dignas,
2900 3830 3001 3886 soli
3021 3827 3198 3881 Verbo
3220 3821 3316 3876 Dei
3338 3816 3512 3872 Patris

1914 3940 2280 4014 deputaverit;
2314 3934 2605 3989 anathema
2634 3930 2722 3983 sit.

2185 4054 2675 4104 ANATHEMATISMUS
2701 4048 2942 4101 QUARTUS
2978 4041 3240 4083 NESTOBII.

2053 4162 2109 4211 In
2132 4173 2247 4210 mss.
2272 4156 2535 4209 codicibus.
2920 4144 2975 4192 ln
3002 4141 3137 4189 libris
3158 4136 3320 4187 editis.

1994 4265 2267 4321 Nestorius
2291 4262 2461 4316 dixit:
2484 4256 2680 4325 Siquis
2819 4252 2878 4308 Si
2899 4250 3021 4321 quis
3057 4261 3151 4301 eas
3183 4256 3363 4306 voces,
3393 4252 3515 4307 quae

1922 4379 2016 4420 eas
2066 4374 2227 4417 voces
2275 4370 2395 4426 quae
2454 4361 2564 4406 tam
2626 4350 2682 4403 in
2750 4355 2864 4403 tam
2904 4345 2960 4399 in
3010 4335 3315 4406 Evangeliis
3354 4346 3515 4401 quam

1926 4449 2249 4521 evangelicis
2273 4424 2433 4517 quam
2460 4448 2681 4512 aposto-
2753 4442 2810 4497 in
2838 4436 3079 4511 epistolis
3111 4427 3423 4503 apostolicis
3452 4424 3521 4479 de

2752 4530 2998 4594 Christo,
3032 4525 3123 4595 qui
3162 4529 3243 4577 est
3271 4535 3338 4575 ex
3367 4524 3519 4570 utra-

1927 4637 2018 4707 qui
2040 4645 2119 4691 est
2146 4649 2215 4688 ex
2241 4638 2465 4699 utraque
2499 4634 2688 4680 natura
2761 4638 2887 4694 que,
2906 4620 3119 4689 scripta:
3134 4621 3276 4676 sunt,
3296 4606 3523 4676 accipiat

1932 4730 2141 4804 [Βαιια.
2165 4744 2268 4783 om.
2304 4721 2536 4794 natura],
2561 4736 2693 4775 con-
2766 4726 3038 4783 tamquam
3072 4709 3138 4762 de
3172 4719 3277 4759 una
3307 4708 3519 4757 natura,

1928 4796 2692 4891 seripttnsunt,accipiattam-
2763 4810 2971 4880 ipsique
3006 4802 3102 4856 Dei
3128 4796 3307 4853 Verbo
3351 4796 3526 4845 tentat

1930 4930 2091 4985 quam
2113 4912 2180 4967 de
2198 4926 2305 4966 una
2327 4918 2535 4972 natura,
2562 4905 2694 4975 ipsi—
2765 4898 3044 4972 passiones
3089 4890 3325 4945 tribuere
3350 4924 3363 4948 ,
3412 4890 3524 4934 tam

1933 5022 2041 5077 que
2082 5006 2193 5061 Deo
2236 5003 2416 5059 Verbo
2455 4999 2692 5055 tribuere
2762 4988 3059 5050 secundum
3103 4993 3322 5037 carnem
3360 4989 3524 5044 quam

1395 5145 1946 5211 CASTIGATIONES
1985 5145 2071 5201 ET
2110 5141 2341 5199 NOTAE.

314 5289 343 5320 ι
371 5278 579 5335 Vitiosa
606 5276 807 5347 ubique
833 5271 1223 5347 lectio,_miuus
1243 5276 1422 5322 tamen
1443 5265 1595 5347 apud
1620 5264 1830 5347 Merca-

242 5362 420 5409 torem
450 5369 463 5404 :
493 5334 636 5405 unde
661 5334 825 5418 quam
852 5334 1103 5399 Petavius
1130 5356 1240 5396 non
1269 5334 1593 5418 emendavit,
1620 5334 1828 5418 Merca-

245 5405 382 5479 toris
419 5419 619 5477 auxilio
657 5405 1050 5488 qualicumque,
1093 5420 1149 5467 et
1174 5424 1354 5465 rerum
1389 5408 1617 5488 historia
1643 5405 1828 5474 adjuti,

244 5479 691 5566 possumus,_nisi
726 5488 899 5566 fallor,
932 5479 1296 5566 ad_verumn_et
1321 5479 1604 5562 pristinum
1632 5485 1829 5566 statum

246 5548 646 5621 reducere.'Sic
672 5574 801 5629 ergo
829 5548 1112 5629 legendum
1137 5571 1166 5629 Ξ
1178 5551 1255 5629 _S_i
1281 5548 1393 5622 quis
1423 5566 1528 5629 non
1551 5548 1833 5602 secundum

232 5635 666 5707 conjunctione":
697 5620 860 5707 unum
886 5620 1087 5707 dixerit
1126 5620 1408 5687 Christum,
1438 5623 1524 5692 qui
1561 5628 1638 5673 est
1674 5620 1832 5700 etiam

220 5702 234 5729 ¹
249 5691 560 5761 Ετηῖηαοιαει
578 5743 594 5767 ,
617 5702 706 5757 sed
726 5698 1005 5756 secundum
1024 5704 1287 5767 naturam,
1311 5702 1360 5746 et
1380 5691 1648 5763 utramque
1674 5691 1831 5767 etiam

248 5759 618 5844 hiemalium,
649 5783 755 5831 tam
801 5770 893 5827 Dei
935 5765 1089 5825 Verbi
1127 5782 1282 5841 quant
1318 5772 1367 5845 et
1396 5759 1647 5843 aesunipli
1677 5759 1741 5829 ab
1772 5777 1831 5829 ea

1938 5261 2187 5324 hominis,
2216 5259 2273 5311 in
2313 5271 2416 5309 una
2446 5251 2574 5306 Fit'ii
2616 5246 2953 5324 conuentione,
2984 5242 3141 5324 etiam
3173 5232 3529 5324 nunc‘igcom

1939 5335 2053 5404 fuse
2072 5299 2347 5391 sertiatam,
2369 5325 2580 5379 minimc
2602 5320 2907 5389 conﬁteatur
2924 5299 3239 5404 {anathema
3259 5305 3343 5357 sit.
3367 5299 3528 5353 Suam

2124 5399 2166 5404 --
2321 5399 2331 5404 ’
2444 5395 2454 5404 “
2619 5392 2629 5401 ¹
2732 5399 2742 5404 ‘
2830 5387 2887 5404 ¹’-
2982 5400 2997 5404 Α
3046 5395 3173 5404 -κ-ι--ι
3222 5382 3528 5404 -ιηοηνηιπ-ιιι-γι

1938 5382 2401 5458 enimVNestori'us
2443 5382 2891 5448 haeresim'tradit
2938 5385 3005 5458 de
3046 5395 3178 5452 pura
3221 5382 3531 5458 naturarum

1937 5474 2202 5545 auvaggigt,
2227 5466 2565 5545 hominisque
2588 5477 2720 5533 pura
2742 5444 3105 5527 assumptione
3126 5444 3336 5545 mqralii
3354 5444 3532 5521 Ulli“?-

2350 5540 2360 5545 -
2460 5537 2473 5545 ι
2522 5543 2525 5545 .
2731 5530 2763 5545 1·
2841 5529 2873 5545 ,⁸
2967 5543 2978 5545 _
3064 5524 3194 5545 -ξ-.ιι-ι
3221 5529 3324 5545 nun
3354 5524 3532 5545 ιε’-ιπηι-

1936 5560 2043 5615 que
2071 5519 2566 5615 TFil'iidissimulata
2591 5519 3019 5603 'pratdieatione;
3061 5519 3324 5615 simulque
3353 5519 3534 5615 c'rimi:

2283 5609 2315 5615 ’”
2596 5605 2606 5615 ⁶
2747 5601 2769 5615 “
2854 5600 2886 5615 "
2964 5607 3130 5615 νιγ-κμ-
3162 5610 3173 5615 ι
3196 5591 3372 5615 inn-mn
3443 5594 3507 5615 an

1938 5586 2098 5670 Eatur
2118 5586 2623 5675 catholicos-,vquasi‘
2639 5600 2891 5675 confundi
2916 5586 3135 5652 naturas
3159 5588 3423 5649 dicerent.
3442 5586 3535 5635 aut

1937 5683 2183 5761 converti
2205 5679 2396 5735 saltem
2420 5671 2541 5748 post
2562 5671 3032 5731 resurrectionem.
