3924 6282
965 251 1159 310 MAR“
1197 247 1642 308 MEBCATORIS
1680 246 2264 308 TRANSLATIONES
2307 247 2672 306 VABIORUM
2710 245 3242 304 UPUSCULORUM.
3653 244 3799 311 ευ

2489 381 2880 422 οοκτιιλυιετιο
2906 382 3054 423 ιωι
3073 381 3424 424 κειωτοιιε.

460 254 568 316 919

459 372 1223 436 communessimulnonnum—
1293 377 1444 424 tuum
1471 366 1755 422 eveniebat
1791 381 1910 420 esse
1949 380 2050 436 ρο-
2079 370 2134 428 Α

458 483 622 540 quam
649 475 703 523 et
724 465 994 521 mirandas
1009 462 1215 537 [Baluz.
1291 469 1574 528 testatem;
1623 460 1912 516 anathema
1959 459 2048 516 sit.
2229 479 2527 535 οαιιιοιίαη
2556 480 2886 534 manage“,
2929 479 3070 536 Ecce
3098 482 3292 537 imm
3318 498 3442 539 cum
3481 500 3608 552 δυο,
3639 487 3786 557 qui,

460 561 792 617 miserandas
829 558 847 631 ]
915 557 1222 615 curationes

460 654 720 718 exercuit,
747 661 802 707 et
823 668 890 706 ex
910 666 1017 722 qua
1038 649 1227 719 fugan-

459 745 651 799 dorum
697 744 981 814 spirituum
1009 740 1224 796 evenie-

458 837 552 892 bat
579 852 697 892 esse
715 841 1072 906 potestatem;
1095 847 1225 887 ana-

458 930 640 985 thema
662 930 749 984 sit.

781 1033 1167 1074 CONTRADICTIO
1193 1033 1340 1073 Ill"
1368 1032 1718 1074 IBRCATOBlS.

529 1113 822 1168 Catholica:
872 1112 1202 1166 contradicit.
1251 1110 1424 1180 Quam
1478 1111 1864 1167 mediationem
1908 1111 2052 1166 inter

456 1209 625 1263 Deum
655 1207 889 1261 Verbum
919 1214 974 1260 et
1001 1204 1260 1276 Spiritum
1287 1214 1531 1261 sanctum
1559 1203 1716 1260 atl'ert
1758 1203 2051 1260 inauditam

455 1299 666 1355 smculis
694 1299 963 1365 omnibus,
1015 1307 1071 1352 et
1113 1298 1362 1353 omnibus
1398 1297 1725 1364 hominibus,
1775 1296 1914 1352 scire
1939 1311 2051 1352 non

453 1405 774 1462 possumus;
823 1404 946 1444 cum
977 1403 1139 1443 unam
1184 1404 1304 1444 esse
1343 1389 1727 1444 mediationem
1755 1387 2050 1459 Scriptura

451 1484 646 1540 divinm
670 1491 950 1549 testentur,
977 1482 1061 1538 his
1081 1480 1231 1537 Pauli
1256 1482 1488 1552 apostoli
1516 1481 1706 1537 dictis:
1735 1479 1880 1536 Unus
1907 1482 2046 1536 enim

453 1580 705 1633 mediator
719 1577 816 1631 Dei
837 1585 886 1630 et
899 1577 1160 1630 hominum
1176 1577 1326 1632 homo
1344 1575 1378 1629 J
1381 1593 1496 1631 esus
1518 1576 1751 1632 Christus
1768 1576 1810 1649 (l
1834 1576 1966 1631 Tim.
1986 1591 2044 1645 lt,

454 1670 540 1742 5).
573 1669 640 1724 Et
673 1671 866 1724 iterum
901 1687 914 1722 :
953 1667 1074 1739 Ipse
1096 1669 1260 1736 enim,
1285 1669 1371 1740 qui
1401 1668 1522 1740 fecit
1552 1676 1770 1740 utraque
1795 1685 1972 1735 unum,
1996 1678 2049 1724 et

450 1764 675 1820 medium
704 1764 952 1834 parietem
973 1762 1214 1815 maceria:
1233 1760 1454 1825 solvens,
1478 1761 1782 1814 inimicitias
1802 1762 1857 1814 in
1886 1777 2045 1815 carne
2072 1757 2124 1816 Β

450 1873 566 1921 sua,
593 1855 751 1926 legem
793 1852 1159 1907 mandatorum
1192 1854 1246 1907 in
1286 1851 1502 1906 decretis
1529 1869 1809 1919 eracuans,
1841 1861 1898 1906 ut
1917 1852 2046 1908 duos

451 1948 642 2001 condat
663 1949 714 2000 in
741 1949 1010 2018 semetipso
1031 1947 1085 1999 in
1108 1961 1212 2000 uno
1244 1960 1372 1999 novo
1401 1943 1624 2008 homine,
1649 1945 1848 2016 faciens
1869 1960 2049 2016 pacem

453 2037 678 2110 (Ep/tes.
715 2055 778 2104 ιι,
812 2038 930 2110 lt).
959 2038 1026 2092 Et
1057 2045 1275 2101 caetera,
1298 2049 1417 2105 qute
1448 2036 1685 2090 inserere
1711 2035 1928 2105 longum
1944 2043 2045 2093 est.

451 2128 590 2196 Quid
637 2143 768 2199 ergo
807 2130 909 2184 sibi
940 2129 1054 2184 vult
1105 2129 1208 2183 ista
1258 2128 1471 2182 novitas
1513 2127 1774 2194 inaudita,
1805 2126 1909 2181 nisi
1936 2127 2052 2182 vult

451 2221 615 2276 etiam
636 2236 667 2276 a
687 2221 917 2292 Spiritus
943 2221 1114 2276 sancti
1138 2218 1437 2275 substantia
1461 2215 1735 2272 Christum
1760 2232 2048 2288 separare;

452 2328 560 2384 nec,
580 2329 703 2368 eum
725 2330 794 2368 ex
822 2330 881 2368 se
911 2313 1150 2385 potuisse
1195 2311 1347 2380 signa
1376 2318 1432 2366 et
1457 2310 1706 2376 virtutes,
1747 2311 1866 2366 sine
1889 2308 2052 2379 hujus

451 2419 516 2461 ea
542 2407 885 2472 mediatione,
920 2405 1002 2461 vel
1030 2406 1194 2460 etiam
1223 2403 1444 2470 auxilio,
1475 2403 1727 2474 operari?

726 2531 1205 2572 ANATHEIIATISHUS
1233 2531 1458 2571 DECIIUS
1489 2530 1534 2570 8.
1567 2529 1792 2570 CVRILLI.

522 2610 746 2681 Cyrillus
768 2610 899 2664 dixit
915 2626 931 2663 :
947 2606 1261 2664 Pontificem
1279 2607 1486 2680 [Baluz.
1503 2606 1630 2662 add.
1647 2615 1702 2662 et
1718 2604 2047 2679 apostolum]

451 2702 808 2758 confessionis
855 2709 1054 2756 nostrae
1099 2698 1373 2754 Christum
1427 2697 1627 2755 factum
1673 2713 1813 2766 esse,
1861 2709 2054 2757 sancta

450 2793 730 2864 Scriptura
760 2793 1005 2862 designat
1037 2809 1050 2846 :
1083 2789 1284 2846 Obtulit
1325 2793 1466 2846 enim
1490 2793 1715 2863 scipsum
1754 2791 1867 2846 Deo
1897 2791 2054 2849 Patri

448 2906 544 2961 pro
558 2888 706 2942 nobis
725 2891 779 2942 in
809 2887 1019 2942 odorem
1046 2888 1315 2942 suavitatis
1339 2884 1501 2958 (Eph.
1520 2902 1573 2951 v,
1596 2885 1676 2955 2).
1699 2884 1758 2941 Si
1782 2886 1903 2956 quis
1921 2900 2053 2956 ergo

448 2979 760 3054 pontificem
788 2988 1032 3034 nostrum
1077 2987 1134 3034 et
1161 2979 1466 3050 apostolum
1492 2978 1656 3033 alium
1703 2978 1902 3033 dixerit
1930 2992 2052 3033 esse

448 3072 651 3129 factum
671 3080 1030 3144 praeterquam
1050 3071 1226 3143 ipsum
1248 3071 1419 3127 Deum
1445 3069 1542 3126 Dei
1559 3069 1811 3138 Verbum,
1836 3069 2052 3141 quando

449 3169 652 3226 factum
677 3174 762 3223 est
788 3182 937 3234 caro,
963 3174 1020 3223 et
1045 3165 1337 3222 secundum
1385 3181 1486 3221 nos
1527 3163 1692 3221 homo
1709 3204 1724 3230 ,
1769 3165 1864 3222 sed
1890 3167 2046 3236 quasi

448 3261 698 3328 alterum,
730 3267 927 3332 praeter
956 3259 1151 3330 ipsum,
1183 3257 1490 3330 specialiter
1513 3257 1788 3312 hominem
1815 3273 1885 3312 ex
1925 3275 2044 3314 mu-

448 3355 610 3419 liere;
635 3363 691 3409 et
718 3355 764 3409 si
793 3354 914 3424 quis
941 3352 1090 3420 dicit,
1112 3351 1240 3422 quia
1257 3366 1359 3424 pro
1385 3365 1446 3406 se
1472 3350 1666 3406 obtulit
1692 3351 2044 3422 semetipsum

447 3447 806 3513 oblationem,
837 3455 894 3503 et
918 3461 1028 3502 non
1067 3445 1236 3516 magis
1267 3460 1368 3516 pro
1389 3445 1546 3501 nobis
1569 3443 1700 3499 solis
1716 3485 1732 3510 ,
1754 3459 1866 3498 non
1896 3445 2042 3500 enim

447 3539 678 3610 indiguit
721 3538 996 3595 oblatione
1040 3538 1134 3608 qui
1169 3545 1452 3609 peccatum
1501 3536 1710 3604 nescit;
1753 3537 2040 3594 anathema

2079 3135 2126 3200 Ο
2156 3169 2243 3226 sit.

446 3633 533 3692 sit.

713 3715 1191 3758 ΑΝΑτιιειΑτιεκυδ
1250 3715 1476 3759 DECIIUS
1502 3717 1765 3760 NESTORH.

584 3795 640 3846 In
662 3807 780 3848 mss.
803 3793 1072 3845 codicibus.

519 3899 794 3956 Nestorius
813 3899 975 3953 dixit:
1001 3896 1058 3954 Si
1084 3897 1205 3967 quis

445 3993 578 4050 illud
601 3994 657 4049 in
685 3991 949 4063 principio
970 3989 1205 4046 Verbum

443 4086 757 4160 pontificem
799 4093 856 4141 et
898 4083 1203 4155 apostolum

442 4176 799 4235 confessionis
871 4183 1072 4230 nostra:
1125 4173 1204 4228 fa-

443 4278 589 4325 ctum
641 4283 780 4336 esse,
826 4281 992 4337 seque
1028 4266 1200 4337 ipsum

444 4361 704 4417 obtulisse
732 4375 832 4430 pro
861 4359 1017 4415 nobis
1035 4357 1197 4425 dicat,

443 4459 503 4507 et
532 4467 642 4506 non
682 4450 1047 4507 Emmanuelis
1081 4465 1201 4507 esse

444 4543 806 4615 apostolatum
846 4543 1026 4612 potius
1052 4542 1203 4598 dixe-

445 4637 536 4703 rit,
565 4634 1004 4704 oblationemque
1017 4650 1210 4692 secun-

445 4728 575 4784 dum
603 4726 850 4784 eamdem
875 4725 1080 4782 dividat
1116 4714 1220 4782 ra?

446 4820 650 4876 tionem
679 4819 730 4875 ei
750 4819 843 4888 qui
863 4820 1034 4875 univit
1053 4828 1109 4875 et
1128 4819 1206 4876 illi

444 4912 538 4982 qni
565 4912 747 4968 unitus
789 4919 906 4979 est,
945 4913 1013 4968 ad
1041 4930 1203 4970 unam

442 5004 758 5060 societatem
789 5003 929 5072 Filii,
967 5005 1072 5062 hoc
1097 5015 1200 5075 est,

442 5094 557 5153 Deo
577 5111 698 5166 qua:
724 5095 822 5151 Dei
849 5105 992 5163 sunt.
1025 5106 1081 5155 et
1106 5101 1206 5156 ho-

442 5190 577 5246 mini
616 5205 737 5262 qua:
786 5200 912 5248 sunt
948 5192 1202 5260 hominis,

390 5278 413 5314 κ’
442 5296 554 5338 non
577 5282 873 5354 deputans;
919 5283 1206 5343 anathema

364 5559 390 5656 ἔ

441 5373 535 5432 sit.

1453 3794 1510 3845 In
1534 3794 1673 3846 libris
1695 3793 1860 3844 editis.

1349 3899 1407 3956 Si
1433 3902 1554 3971 quis
1598 3901 1729 3957 illud
1756 3903 1810 3958 in
1836 3901 2038 3972 princi-

1276 3995 1368 4066 pio
1389 3993 1625 4050 Verbum
1645 3994 1955 4066 pontificem
1980 4006 2036 4053 et

1276 4088 1583 4159 apostolum
1681 4087 2037 4146 confessionis

1275 4190 1474 4238 nostrae
1492 4179 1692 4236 factum
1713 4196 1851 4248 esse,
1869 4196 2036 4251 seque

1273 4272 1449 4344 ipsum
1476 4273 1735 4330 obtulisse
1755 4289 1855 4345 pro
1878 4274 2036 4330 nobis

1273 4366 1436 4435 dicat,
1463 4375 1521 4424 et
1541 4383 1648 4425 non
1668 4367 2034 4424 Emmanuelis

1273 4465 1394 4516 esse
1457 4461 1761 4532 apostolum
1813 4461 2028 4528 dixerit,

1271 4524 1709 4622 oblationemque
1741 4524 2033 4608 secundum
2057 4524 2112 4587 υ

1277 4643 1523 4700 eamdem
1550 4645 1816 4701 rationem
1857 4646 1907 4701 ei
1934 4646 2035 4700 tri-

1278 4735 1409 4790 buat
1447 4737 1540 4806 qui
1579 4737 1770 4805 univit,
1819 4737 1865 4793 si
1914 4737 2036 4807 quis

1276 4829 1476 4894 unitus,
1508 4829 1576 4885 ad
1602 4846 1761 4885 unam
1789 4846 2035 4886 commu-

1276 4921 1500 4977 nitatem
1547 4922 1700 4990 Filii,
1762 4925 1867 4980 hoc
1916 4930 2030 4991 est,

1274 5011 1386 5070 Deo
1427 5029 1546 5084 qua:
1587 5016 1682 5072 Dei
1725 5025 1780 5072 et
1828 5016 2034 5072 homini

1275 5121 1394 5176 quae
1432 5116 1558 5163 sunt
1596 5109 1860 5176 hominis";
1902 5124 2035 5164 ana-

1277 5197 1457 5255 thema
1486 5201 1574 5255 sit.

2157 575 2326 645 ipsius
2347 589 2564 645 semper
2588 574 2850 630 dicendus
2876 583 2978 640 est,
3008 574 3358 633 Emmanuele
3385 578 3606 653 [Βάκι.
3638 579 3783 636 Em-

2155 665 2403 738 manuel]
2433 682 2594 736 quam
2624 665 2942 722 manifestus
2962 669 3240 738 apparuit!
3269 669 3369 726 Cui
3395 672 3632 744 propria
3661 689 3783 730 Ine-

2154 761 2259 816 rita
2306 761 2598 831 separatim
2634 761 2936 830 consignat,
2970 768 3244 830 tamquam
3284 760 3472 819 inﬁmo
3517 773 3586 820 et
3613 765 3781 836 longe

2154 851 2398 907 inferiori
2441 867 2605 921 quam
2634 852 2723 906 ille
2749 861 2833 908 est
2860 852 2999 907 alius
3039 867 3198 922 quem
3227 854 3471 910 decernit
3498 871 3626 910 non
3655 871 3777 912 esse

2152 943 2436 1001 nobiscum
2473 942 2675 1010 Deum;
2705 944 3027 1000 naturaliter
3055 954 3235 1001 tamen
3263 947 3454 1014 Deum,
3483 948 3589 1018 qui
3620 948 3774 1004 illum

2152 1035 2466 1106 dignatione
2485 1035 2901 1106 coniunctionis,
2924 1038 3190 1094 vocabulo
3207 1054 3304 1096 seu
3326 1041 3767 1112 nuncupatione,

2155 1143 2267 1185 non
2295 1136 2479 1184 autem
2507 1137 2720 1194 natura,
2753 1128 2916 1184 faciat
2936 1129 3124 1185 Deum.

2430 1256 2913 1298 ANLTIEIATISIUS
2940 1257 3237 1298 UNDECIIUS
3254 1257 3480 1299 αιιιιι.

2224 1353 2450 1429 Cyriltus
2479 1355 2615 1410 dixit
2647 1372 2665 1410 :
2695 1353 2753 1410 Si
2785 1355 2906 1425 quis
2941 1371 3052 1410 non
3091 1354 3378 1412 conﬁtetur
3404 1369 3642 1411 carnem
3663 1354 3765 1413 Do-

2152 1451 2285 1506 mini
2324 1448 2725 1504 vivilicatricem
2773 1464 2925 1515 esse,
2956 1459 3234 1520 tamquam
3270 1451 3552 1522 propriam
3595 1451 3759 1523 ipsius

2151 1540 2250 1597 Dei
2263 1539 2447 1608 Verbi,
2464 1541 2560 1596 sed
2581 1541 2735 1610 quasi
2762 1541 2986 1598 alterius
3004 1541 3302 1613 cujuspiam
3321 1551 3522 1614 praeter
3554 1543 3757 1615 ipsum,

2150 1635 2426 1706 conjuncti
2466 1635 2685 1705 quidem
2736 1633 2959 1710 [Βαιιιι.
3008 1652 3172 1708 quem
3201 1635 3408 1711 eidem]
3452 1638 3756 1696 secundum

2149 1727 2484 1796 dignitatem,
2517 1734 2612 1782 aut
2635 1727 2930 1784 secundum
2953 1729 3098 1799 quod
3125 1730 3299 1786 solam
3326 1731 3569 1787 divinam
3604 1733 3753 1789 inha-

2151 1823 2470 1878 bitationem
2490 1823 2758 1890 habuerit,
2782 1831 2837 1878 et
2872 1838 2982 1879 non
3011 1825 3211 1894 potius,
3243 1834 3303 1880 ut
3330 1825 3592 1894 diximus,
3623 1827 3753 1882 vivi-

2150 1913 2446 1971 ﬁcatricem
2481 1929 2621 1982 esse,
2642 1913 2768 1985 quia
2796 1912 2939 1971 facta
2968 1925 3053 1971 est
3082 1918 3300 1988 propria
3324 1917 3490 1974 Verbi
3518 1919 3646 1986 Dei,
3677 1920 3753 1977 esi

2151 2007 2330 2062 omnia
2352 2007 2624 2062 vivificare
2649 2006 2907 2078 possibile
2927 2015 3042 2075 est;
3073 2009 3363 2065 anathema
3389 2011 3481 2066 sit.

2390 2136 2872 2178 ANATBEIATISIUS
2911 2137 3211 2178 υιωεειειυε
3248 2139 3523 2180 κεδτοιιι.

2288 2233 2344 2284 In
2367 2246 2488 2284 mss.
2509 2233 2781 2284 codicibus.
3171 2236 3225 2285 lu
3246 2237 3391 2287 libris
3410 2238 3574 2290 editis.

2227 2337 2509 2394 Nestorius
2532 2337 2667 2392 dixit
2683 2355 2701 2392 :
2723 2337 2782 2393 Si
2801 2337 2923 2406 quis
3065 2339 3121 2396 Si
3146 2341 3270 2411 quis
3293 2343 3502 2398 unitam
3538 2357 3750 2403 cameli

2155 2433 2366 2490 unitam
2380 2446 2601 2488 carnem
2614 2429 2796 2486 Verbo
2809 2429 2923 2486 Deo
2994 2447 3064 2488 ex
3085 2441 3295 2488 natura:
3321 2436 3546 2506 propria:
3568 2438 3750 2506 passio

2155 2523 2374 2601 [Batus
2414 2521 2586 2594 Dei],
2618 2536 2688 2577 ex
2714 2529 2922 2577 natura:
2993 2523 3202 2579 bilitate
3215 2524 3601 2582 viviﬁcatricem
3621 2542 3746 2585 esse

2155 2618 2390 2689 propria:
2403 2613 2779 2686 possibilitate,
2793 2613 2923 2668 vivi-
2992 2615 3220 2680 dixerit,
3264 2614 3385 2687 ipso
3435 2616 3654 2672 Domino
3691 2628 3746 2676 et

2155 2705 2451 2764 iicatricem
2503 2719 2624 2761 esse
2677 2701 2918 2770 dixerit,
2997 2704 3110 2761 Deo
3138 2707 3562 2777 pronuntiante:
3594 2705 3746 2780 Spiri-

2156 2801 2274 2872 ipso
2303 2799 2533 2855 Domino
2571 2805 2629 2853 et
2658 2797 2770 2852 Deo
2795 2811 2925 2868 pro-
2999 2807 3080 2852 tus
3118 2807 3197 2853 est
3220 2800 3310 2871 qui
3353 2800 3612 2870 viri/ica;
3639 2819 3740 2856 cars

2157 2891 2441 2948 nuntiante
2492 2908 2506 2944 :
2561 2889 2793 2961 Spiritus
2848 2896 2926 2942 est
2998 2891 3742 2964 nihitprodest(.loan.vr,6$);

2155 2984 2243 3054 qui
2282 2981 2542 3052 viviﬁcet;
2572 2995 2696 3034 caro
2747 2985 2920 3031 autem
2991 2982 3278 3038 anathema
3294 2983 3385 3038 sit.
3413 2982 3744 3054 'Etsunjuno
3789 2974 3794 2979 ’

2158 3076 2292 3131 nihil
2337 3074 2588 3148 prodest;
2636 3070 2926 3129 anathema
2998 3076 3076 3146 git
3126 3094 3140 3130 :
3195 3074 3432 3147 Spiritus
3496 3087 3578 3131 est
3625 3074 3746 3132 Das

3004 3165 3186 3238 (Joan.
3210 3184 3282 3234 1v,
3295 3165 3413 3238 24),
3432 3183 3501 3224 ac
3521 3183 3625 3222 non
3637 3183 3745 3238 pro-

3003 3258 3310 3313 nuntiatum
3370 3267 3478 3315 est.
3547 3257 3742 3329 Siquis

3001 3366 3132 3421 ergo
3176 3350 3347 3407 Deum
3382 3351 3622 3408 Verbum
3649 3368 3750 3410 cas-

2999 3443 3198 3522 naliter
3271 3445 3573 3502 secundum
3638 3447 3753 3505 sub-

3001 3542 3256 3598 stantiam
3305 3556 3522 3598 carnem
3562 3540 3755 3602 facta

3000 3654 3122 3696 esse
3174 3640 3363 3707 dicat;
3417 3641 3525 3698 hoc
3588 3650 3754 3700 autem

3001 3733 3165 3791 modo
3210 3742 3266 3791 et
3315 3735 3629 3806 specialiter
3670 3753 3752 3793 cu-

3001 3825 3186 3893 stodit,
3219 3834 3275 3882 et
3312 3827 3554 3883 maxime
3578 3828 3634 3884 in
3655 3826 3750 3884 Do-

2999 3918 3149 3975 mino
3178 3916 3398 3976 Christo
3428 3927 3556 3991 post
3581 3935 3750 3976 resur-

2995 4011 3292 4068 rectionem
3311 4027 3469 4068 suam
3487 4012 3750 4085 discipulis

2992 4105 3104 4160 suis
3149 4104 3368 4161 dicente
3400 4123 3416 4159 :
3449 4103 3666 4176 Palpate
3697 4112 3746 4159 et

2991 4197 3175 4263 videte,
3205 4198 3333 4270 quia
3374 4199 3589 4269 spiritus
3632 4214 3744 4252 ossa

2991 4294 3042 4340 et
3060 4301 3270 4340 carnem
3290 4301 3398 4340 non
3421 4284 3598 4353 habet,
3624 4289 3749 4341 sicut

2987 4395 3070 4434 me
3105 4378 3287 4433 videtis
3340 4376 3538 4434 habere
3589 4376 3746 4451 (Luc.

2987 4486 3134 4537 xxiv,
3165 4469 3236 4526 39
3255 4470 3313 4543 );
3343 4470 3640 4528 anathema
3663 4470 3750 4532 sit.

2477 4614 2863 4659 CONTRADICTIO
2890 4619 3038 4659 ιωιιι
3078 4617 3434 4661 ιιιοιτοιιε.

2209 4719 2261 4776 Ι.
2311 4719 2604 4778 Catholicus
2651 4726 2982 4782 contradicit.
3040 4725 3369 4789 Claudenda:
3413 4734 3737 4795 Christianae

2137 4828 2316 4880 aures,
2358 4829 2426 4870 ne
2470 4824 2676 4872 tantam
2706 4826 2924 4890 tamque
2952 4829 3197 4893 apertam
3223 4827 3624 4900 blasphemiam
3652 4850 3736 4890 au-

2135 4910 2304 4966 diant.
2339 4909 2428 4966 Ait
2453 4927 2706 4984 namque,
2731 4931 2950 4972 carnem
2970 4917 3170 4976 Christi
3197 4937 3297 4993 per
3311 4939 3471 4980 suam
3487 4937 3734 4983 naturam

2133 5001 2537 5060 vivificatricem
2564 5020 2674 5061 non
2703 5021 2842 5072 esse,
2869 5018 2924 5064 et
2949 5009 3170 5068 adhibet
3197 5016 3572 5085 evangelicum
3597 5021 3738 5076 testi-

2133 5096 2396 5161 monium,
2409 5104 2466 5151 et
2483 5096 2534 5152 id
2551 5098 2811 5169 impietati
2832 5117 2942 5156 sum
2961 5097 3236 5160 existimat
3257 5110 3576 5178 convenire,
3592 5113 3738 5184 quod

2133 5203 2295 5260 quam
2343 5189 2569 5246 sceleste
2614 5200 2670 5246 et
2701 5193 2966 5250 violenter
3006 5201 3321 5266 attraxerit,
3365 5200 3487 5273 ipsa
3533 5207 3738 5262 veritas

2136 5279 2446 5350 evangelica
2472 5280 2630 5337 feriat
2666 5284 2854 5341 oculos
2893 5285 3030 5356 ejus.
3063 5287 3200 5345 Nam
3237 5291 3312 5348 ibi
3352 5301 3485 5350 tunc
3524 5296 3735 5352 dictum

2131 5379 2256 5430 est:
2305 5373 2535 5447 Spiritus
2581 5386 2656 5433 est
2695 5380 2780 5452 qui
2820 5381 3090 5452 viviﬁcat;
3121 5375 3253 5441 'caro
3298 5389 3439 5444 nihil
3467 5391 3685 5462 prodest
3716 5413 3734 5457 ,-

1619 5513 2156 5580 CASTJGATIONBS
2211 5511 2302 5569 ET
2348 5510 2576 5568 NOTAE.

517 5637 544 5666 ι
584 5627 776 5705 Procul
801 5631 966 5705 dubio
979 5634 1100 5705 huic
1129 5635 1326 5701 omnia,
1350 5635 1593 5705 quamvis
1619 5636 1725 5690 sint
1746 5635 1797 5689 in
1828 5633 2022 5688 editio-

447 5701 603 5774 ni_b'ts
629 5700 876 5774 vulgatis,
906 5703 1130 5759 delenda
1159 5700 1404 5769 fuerunt;
1438 5722 1536 5760 nec
1563 5707 1702 5760 exim
1747 5706 2022 5774 pertinent

446 5771 514 5828 ad
539 5771 1018 5832 contradictionem
1041 5777 1467 5834 anathematismi
1498 5771 1766 5843 cathoiici,
1801 5791 1900 5831 nec
1921 5791 2018 5834 co-

2131 5627 2254 5678 dem
2300 5624 2462 5680 modo
2507 5637 2768 5698 concepta
2814 5639 2940 5685 sunt
2985 5647 3092 5700 quo
3137 5636 3341 5705 priora,
3395 5656 3495 5695 nec
3536 5657 3734 5701 eorum

2134 5714 2294 5770 ullam
2321 5717 2447 5773 facit
2471 5720 2799 5776 mentionem
2823 5725 3121 5790 catholicus
3148 5731 3538 5802 contradictor,
