3924 6282
148 255 246 314 92!

1034 239 1356 302 NESTORII
1398 234 1983 294 DLASPHEMIARUM
2024 237 2367 297 CAPITULA
2409 239 2524 297 XII.

146 365 358 439 quando
385 363 629 421 Christus
658 363 864 438 [Baluz.
898 379 1001 417 om.
1041 357 1309 430 Christus]
1343 359 1573 415 docebat
1602 372 1735 428 apo-
1761 358 1814 420 Α
1841 356 1957 414 tabo
1982 377 2096 413 eum
2125 362 2180 414 in
2211 361 2486 415 novissimo
2508 360 2624 425 die;
2655 378 2776 415 caro
2797 362 2934 415 enim
2954 378 3068 416 mea
3096 368 3174 416 est
3209 377 3325 417 vere
3351 363 3428 417 ci-

146 462 311 518 stolos
357 457 654 514 secundum
695 456 1007 511 interiorem
1055 453 1360 519 hominem,
1392 452 1446 507 id
1492 458 1593 516 est,
1626 465 1734 505 non

146 554 450 617 carnaliter,
500 552 596 608 sed
632 550 981 622 spiritualiter
1022 549 1206 603 vivere
1246 554 1519 617 oportere,
1562 552 1618 599 et
1649 558 1735 599 se-

144 647 373 703 cundum
417 647 523 701 hoc
570 644 869 711 intelligere
907 657 1028 712 quae
1073 640 1381 695 audiebant.
1437 637 1534 693 Ubi
1586 644 1735 692 recte

143 737 395 794 convenit
414 736 615 791 dictum
644 754 656 789 :
690 735 920 805 Spiritus
948 741 1025 787 est
1057 733 1146 805 qui
1172 730 1428 801 viviﬁcat;
1458 746 1582 783 caro
1604 728 1735 782 nihil

144 830 370 899 prodest.

212 921 263 975 2.
299 920 366 975 Ει
413 920 503 976 hic
546 917 916 974 insanissimus
954 915 1163 989 [Baluz.
1204 908 1630 981 sanctissimus],
1678 918 1736 965 ut

146 1014 385 1071 inutilem
425 1022 480 1068 et
523 1012 795 1082 fragilem,
828 1020 988 1080 atque
1024 1008 1298 1069 inﬁrmam
1342 1022 1462 1063 esse
1513 1020 1733 1061 carnem

144 1106 340 1162 Christi
386 1105 736 1176 persuadeat,
766 1103 833 1158 ad
885 1118 1044 1158 suum
1086 1102 1462 1172 blasphemnm
1514 1115 1733 1155 sensum

142 1198 463 1253 sententiam
493 1198 632 1253 hanc
679 1195 977 1251 Salvatoris
1010 1195 1276 1249 violenter
1315 1193 1568 1258 attraxit,
1596 1200 1735 1245 tam-

141 1307 301 1362 quam
330 1291 398 1346 de
426 1306 522 1345 sua
550 1304 714 1346 carne
742 1289 832 1343 ille
874 1288 1100 1342 dixisset
1118 1329 1133 1353 ,
1166 1301 1384 1342 carnem
1413 1285 1542 1338 nihil
1572 1283 1735 1354 prod-

142 1402 279 1441 esse.
315 1386 383 1440 Et
411 1385 500 1438 ubi
530 1391 615 1438 est
655 1381 867 1436 Domini
914 1380 1044 1434 illud
1084 1378 1322 1434 dictum?
1354 1375 1476 1431 Nisi
1507 1375 1733 1429 mandu-

144 1478 379 1533 caveritis
409 1492 616 1529 carnem
644 1490 831 1537 meam,
864 1481 913 1526 et
954 1471 1181 1543 biberitis
1205 1471 1513 1541 sanguinem
1543 1484 1731 1532 meum,

144 1585 244 1623 non
294 1568 547 1621 habebitis
589 1567 746 1619 vitam
791 1565 845 1617 in
884 1562 1257 1633 vobismetipsis
1303 1560 1482 1632 (Joan.
1514 1578 1586 1626 γι,
1621 1558 1732 1628 54).

143 1658 313 1725 Quam
342 1666 513 1712 totam
540 1656 908 1724 evangelicam
948 1653 1409 1710 circumstantiam
1448 1652 1517 1707 ad
1544 1651 1735 1707 confu-

1841 449 1951 517 bus,
1984 462 2033 507 et
2070 456 2282 525 sanguis
2321 472 2464 508 meus
2513 472 2627 509 vere
2655 467 2730 509 est
2772 467 2937 526 potus.
2999 453 3097 520 Qui
3149 455 3430 509 manducet

1838 561 2008 598 meam
2030 563 2257 610 carnem,
2282 556 2333 599 et
2352 546 2477 600 bibit
2506 566 2674 602 meum
2694 550 3020 619 sanguinem,
3053 550 3108 602 in
3129 566 3208 602 me
3232 556 3426 615 manet,

1838 645 1887 689 et
1907 654 1998 707 ego
2026 639 2079 690 in
2104 638 2212 692 illo.
2249 638 2396 692 Sicut
2441 641 2577 693 enim
2623 642 2767 694 misit
2804 658 2883 694 me
2914 640 3091 706 Pater,
3124 649 3172 692 et
3200 658 3292 711 ego
3321 643 3431 696 vivo

1838 745 1929 799 per
1956 727 2189 793 Patrem,
2218 732 2304 802 qui
2325 732 2608 785 manducat
2630 751 2729 796 me,
2761 743 2809 787 et
2837 733 2925 787 ille
2946 735 3073 787 vivet
3094 750 3185 803 per
3203 751 3301 787 me.
3328 733 3431 789 Hic

1837 828 1913 874 est
1941 823 2092 891 panis
2120 824 2206 893 qui
2228 822 2290 876 de
2314 825 2438 878 caelo
2468 824 2752 890 descendit,
2783 842 2886 880 non
2926 828 3057 879 sicut
3084 825 3431 879 manducave-

1838 920 1959 966 runt
1981 922 2155 982 patres
2178 916 2335 967 vestri
2360 916 2413 968 in
2437 916 2636 971 deserto
2658 934 2874 981 manna,
2897 927 2947 971 et
2961 918 3151 971 mortui
3172 926 3321 981 sunt;
3347 918 3433 989 qui

1838 1011 2121 1057 manducat
2147 1005 2281 1059 hunc
2320 1023 2523 1077 panem,
2562 1009 2689 1062 vivet
2715 1010 2769 1062 in
2800 1018 3067 1063 wternum.
3120 1007 3252 1064 Herc
3300 1009 3435 1063 dixit

1841 1096 2027 1151 docens
2057 1098 2112 1151 in
2140 1114 2408 1171 synagoga
2435 1101 2491 1153 in
2532 1098 2920 1171 Capharnaum.
2970 1099 3127 1155 Multi
3170 1119 3292 1172 ergo
3339 1118 3433 1154 au-

1841 1192 2038 1247 dientes
2082 1193 2146 1247 de
2180 1193 2447 1264 discipulis
2476 1195 2717 1249 dixerunt
2748 1213 2765 1250 :
2798 1195 2972 1250 Durus
2998 1203 3076 1250 est
3120 1196 3202 1249 hic
3240 1212 3430 1261 sermo,

1840 1287 1951 1359 quis
1985 1295 2151 1357 potest
2185 1286 2365 1340 audire
2394 1288 2546 1340 eum?
2582 1288 2765 1343 Sciens
2798 1298 2968 1343 autem
2997 1289 3148 1342 Jesus
3179 1289 3319 1359 apud
3352 1306 3432 1343 se-

1841 1380 2142 1449 metipsum,
2185 1380 2305 1449 quia
2334 1388 2781 1433 murmuraverant
2812 1381 2876 1433 de
2900 1380 2994 1435 hoc
3025 1380 3260 1451 discipuli
3288 1382 3430 1452 ejus,

1842 1471 1977 1525 dixit
2004 1473 2075 1525 eis
2104 1489 2120 1525 :
2148 1471 2263 1525 Hoc
2284 1489 2369 1527 vos
2394 1472 2640 1541 oﬁ'endit;
2663 1473 2708 1526 si
2727 1490 2847 1543 ergo
2871 1473 3100 1527 videritis
3132 1472 3327 1527 Filium
3350 1474 3415 1526 ho

1840 1567 1996 1620 minis
2016 1566 2375 1620 ascendentem
2390 1569 2441 1620 in
2464 1567 2665 1631 cadum,
2690 1566 2775 1619 ubi
2797 1576 2908 1620 erat
2928 1568 3089 1637 prius.
3117 1565 3343 1637 Spiritus
3360 1583 3413 1620 es
3431 1572 3435 1617 ζ

1842 1676 1927 1732 qui
1952 1661 2202 1730 viviﬁcat;
2236 1678 2354 1715 caro
2378 1661 2510 1714 nihil
2532 1660 2741 1732 prodest
2765 1659 2943 1729 (Joan.
2974 1659 3071 1730 γι).

144 1750 365 1805 landum
395 1765 537 1814 eum,
570 1748 656 1802 Vel
703 1761 964 1816 sequaces
1018 1745 1165 1814 eius.
1198 1746 1439 1799 inserere
1486 1758 1736 1799 necessa-
1766 1756 1816 1817 B
1913 1750 1967 1805 4.
1997 1751 2103 1806 Sed
2128 1752 2255 1821 quid
2280 1752 2556 1813 miramur,
2577 1767 2699 1806 eum
2729 1751 2833 1806 hoc
2859 1749 3050 1805 fecisse
3072 1750 3139 1805 de
3164 1749 3432 1819 Evangelii

142 1844 301 1911 rium,
334 1851 387 1898 et
416 1843 534 1913 plus
561 1856 723 1910 quam
753 1840 885 1895 utile
913 1838 1181 1893 duximus.

213 1938 267 1992 ὅ.
298 1937 443 1990 Dixit
487 1950 616 2004 ergo
640 1932 795 1989 Jesus
828 1951 841 1987 :
872 1934 1056 1994 Amen,
1091 1949 1241 1986 amen
1270 1931 1386 1985 dico
1430 1929 1599 1995 vobis,
1633 1946 1737 1984 non

145 2028 353 2101 Moyses
369 2027 511 2082 dedit
532 2026 671 2081 vobis
694 2041 881 2096 panem
909 2025 973 2078 de
1001 2024 1160 2089 cmlo;
1184 2026 1335 2094 panis
1355 2024 1492 2077 enim
1522 2020 1617 2074 Dei
1637 2030 1734 2088 est,

143 2124 229 2195 qui
259 2122 321 2175 de
342 2122 469 2175 cxlo
500 2117 785 2184 descendit,
817 2125 867 2171 et
907 2115 997 2169 dat
1035 2117 1193 2169 vitam
1232 2114 1445 2168 mundo.
1479 2112 1740 2167 Dixerunt

142 2232 267 2286 ergo
295 2214 364 2267 ad
391 2229 507 2266 eum
537 2228 555 2266 :
582 2209 823 2275 Domine,
855 2224 1056 2278 semper
1095 2207 1163 2260 da
1190 2206 1337 2260 nobis
1360 2204 1496 2257 hunc
1529 2218 1733 2273 panem.

146 2306 298 2362 Dixit
325 2324 445 2377 ergo
467 2305 537 2359 ad
563 2320 649 2359 eos
673 2302 825 2358 Iesus
848 2319 866 2356 :
899 2299 1011 2373 Ego
1032 2318 1145 2355 sum
1182 2301 1334 2370 punis
1362 2299 1511 2363 vitae;
1541 2299 1627 2369 qui
1656 2314 1742 2351 ve-

142 2402 224 2455 nit
261 2400 331 2454 ad
370 2415 471 2465 me,
501 2414 607 2452 non
634 2397 845 2459 esuriet,
873 2403 923 2448 et
946 2396 1033 2465 qui
1065 2392 1226 2446 credit
1254 2393 1307 2445 in
1334 2407 1448 2454 me,
1474 2406 1577 2443 non
1602 2390 1742 2443 sitiet

140 2508 388 2564 umquam
419 2507 435 2544 :
466 2490 557 2544 sed
605 2488 716 2542 dixi
760 2486 919 2552 vobis,
951 2487 1071 2556 quia
1100 2492 1149 2537 et
1188 2483 1385 2536 vidistis
1416 2498 1527 2548 me,
1558 2489 1609 2534 et
1636 2498 1741 2535 non

142 2586 462 2641 credidistis.
495 2581 659 2635 οωηέ
682 2580 821 2652 quod
848 2579 937 2632 dat
966 2577 1091 2631 mihi
1132 2575 1312 2640 Pater,
1344 2574 1413 2626 ad
1456 2590 1537 2627 me
1555 2573 1739 2639 veniet,

142 2684 196 2730 et
234 2691 351 2728 eum
378 2674 465 2745 qui
486 2673 621 2727 venit
656 2671 727 2724 ad
762 2688 862 2735 me,
898 2686 1004 2723 non
1038 2668 1245 2737 ejiciam
1291 2667 1462 2737 foras;
1492 2665 1614 2735 quia
1655 2663 1745 2716 de-

142 2766 326 2821 scendi
347 2764 579 2828 de'caalo,
603 2779 707 2817 non
727 2770 785 2816 ut
805 2762 998 2833 faciam
1017 2759 1330 2814 voluntatem
1350 2773 1537 2819 meam,
1554 2755 1647 2809 sed
1658 2772 1745 2809 vo-

145 2859 406 2913 luntatem
426 2858 537 2928 ejus
558 2858 645 2929 qui
663 2857 804 2910 misit
825 2872 926 2919 me,
951 2862 1008 2907 ut
1027 2853 1194 2907 omnis
1214 2852 1300 2923 qui
1320 2850 1503 2905 viderit
1522 2848 1741 2913 Filium,

146 2961 198 3006 et
219 2950 386 3004 credit
407 2951 462 3003 in
480 2965 616 3012 eum,
649 2946 836 3001 habeat
856 2948 1017 2999 vitam
1044 2954 1316 3006 veternum,
1340 2951 1390 2996 et
1417 2959 1512 3013 ego
1535 2942 1748 2996 resusci-

150 3044 271 3098 tabo
318 3058 434 3096 eum
474 3041 529 3095 in
558 3040 834 3094 novissimo
877 3037 979 3091 die.
1022 3033 1424 3090 Murmurabant
1450 3050 1570 3104 ergo
1601 3032 1665 3086 de
1684 3048 1745 3086 eo

1842 1848 2176 1911 testimonio,
2205 1862 2328 1901 cum
2357 1854 2411 1901 et
2440 1846 2569 1900 illud
2599 1845 2743 1900 aliud
2788 1845 3033 1899 similiter
3065 1844 3330 1899 violenter
3358 1852 3432 1897 at-

1842 1942 2088 2004 traxerit,
2114 1948 2169 1995 et
2197 1941 2395 1995 abusus
2436 1940 2506 1995 sit
2534 1940 2600 1993 ad
2635 1939 2964 2009 impietatem
2994 1952 3182 2011 sensus
3202 1936 3305 2002 sui,
3331 1952 3435 2005 quo

1841 2033 2052 2104 putavit
2081 2033 2391 2100 evangelica
2436 2032 2760 2087 auctoritate
2789 2030 2839 2086 ei
2868 2030 3036 2085 robur
3086 2028 3277 2082 aﬂ'erre
3301 2071 3315 2094 ,
3349 2028 3439 2082 ubi

1842 2125 2043 2180 dictum
2075 2132 2187 2180 est:
2211 2134 2236 2161 ι
2258 2124 2410 2188 Quod
2435 2124 2498 2177 de
2522 2140 2679 2177 carne
2704 2132 2886 2176 natum
2907 2130 3002 2188 est,
3027 2138 3150 2175 caro
3170 2130 3276 2184 est;
3306 2119 3441 2191 quod

1845 2216 1908 2270 de
1935 2218 2141 2287 spiritu,
2166 2217 2376 2287 spiritus
2400 2223 2480 2269 est
2502 2212 2681 2285 (Joun.
2707 2230 2783 2278 ιιι,
2827 2211 2903 2283 6).
2950 2211 3193 2281 Namque
3226 2212 3331 2266 hoc
3357 2219 3441 2265 te-

1844 2307 2154 2363 stimonium
2182 2306 2424 2361 adhibuit
2453 2307 2508 2360 in
2531 2306 2621 2361 illo
2649 2304 3092 2374 insipientissimo
3109 2311 3358 2367 tractatu,
3388 2303 3441 2357 in

1846 2416 1954 2470 quo
1976 2401 2151 2470 primo
2180 2399 2247 2453 de
2276 2400 2520 2467 virgineo
2560 2407 2719 2468 partu
2749 2397 3059 2467 disputavit.
3088 2394 3205 2462 Quo
3239 2396 3293 2449 in
3322 2395 3443 2450 loco

1846 2495 1926 2548 sic
1944 2493 2079 2546 dixit
2105 2510 2117 2544 :
2145 2490 2269 2545 Non
2297 2492 2495 2561 peperit
2517 2489 2683 2543 Deum
2702 2488 2895 2553 Maria,
2911 2489 2989 2542 vir
3010 2488 3200 2558 optime
3223 2484 3442 2557 (Ibid);

1848 2586 1992 2657 quod
2040 2586 2183 2640 enim
2224 2584 2290 2638 de
2318 2598 2481 2638 carne
2510 2583 2767 2645 nascitur,
2805 2596 2934 2636 caro
2978 2587 3080 2642 est,
3124 2588 3179 2633 et
3206 2578 3351 2647 quod
3378 2578 3446 2632 de

1848 2678 2059 2749 spiritu,
2091 2676 2311 2746 spiritus
2342 2683 2425 2729 est
2452 2692 2463 2727 :
2497 2674 2587 2727 sed
2616 2674 2814 2743 peperit
2839 2672 3098 2726 hominem
3128 2670 3349 2723 Deitatis
3371 2670 3448 2722 in-

1849 2779 2219 2835 strumentum,
2250 2776 2300 2823 et
2329 2769 2585 2822 hominem
2616 2764 2644 2803 ι’
2663 2773 2954 2836 portantem
2980 2762 3166 2817 Deum.
3197 2760 3334 2817 Cum
3355 2762 3447 2815 illo

1851 2872 2095 2933 tempore
2134 2861 2198 2915 ad
2246 2859 2599 2915 Nicodemum
2636 2856 3120 2928 archisynagogum
3167 2862 3294 2908 tunc
3337 2870 3449 2907 non

1850 2956 2159 3012 credentem
2189 2954 2345 3008 dictis
2373 2951 2670 3005 Salvatoris
2698 2964 2878 3005 sermo
2907 2955 3069 3014 esset,
3102 2956 3157 3001 et
3183 2947 3309 3016 quia
3328 2960 3449 3001 car-

1854 3050 2048 3104 naliter
2069 3054 2304 3118 saperet,
2329 3060 2451 3100 cum
2482 3043 2692 3098 audiret
2716 3059 2730 3095 :
2763 3039 2887 3095 Nisi
2916 3042 3029 3111 quis
3058 3044 3269 3093 renatus
3298 3038 3451 3109 fuerit

151 3135 325 3190 Judaei
347 3134 417 3188 ad
436 3132 635 3195 Jesum,
660 3132 785 3203 quia
808 3128 1009 3183 dicebat
1033 3145 1050 3182 :
1082 3127 1194 3199 Ego
1222 3144 1336 3181 sum
1363 3128 1533 3197 panis,
1558 3126 1643 3197 qui
1683 3125 1747 3179 de

1852 3141 2051 3205 denuo,
2094 3106 2197 3193 nbn
2228 3146 2395 3208 potest
2451 3135 2627 3191 salvus
2665 3135 2780 3205 fieri
2812 3106 2991 3204 (Joan.
3041 3147 3117 3195 ιιι,
3149 3128 3237 3199 5);
3267 3106 3453 3184 retulit
3500 3106 3514 3229 ς

154 3229 277 3284 coelo
316 3226 592 3291 descendi,
616 3233 667 3278 et
707 3222 987 3278 dicebant:
1021 3219 1213 3275 Nonne
1242 3221 1324 3274 hic
1350 3228 1427 3273 est
1450 3217 1641 3289 Joseph
1682 3218 1748 3288 fi-

1855 3233 1946 3287 ille
1974 3250 1989 3286 :
2023 3228 2295 3295 Quomodo
2323 3237 2491 3300 potest
2511 3227 2650 3281 istud
2679 3225 2835 3297 ﬁeri?
2864 3222 3134 3295 Numquid
3160 3237 3318 3323 senex
3351 3221 3452 3323 ite-

157 3322 254 3375 lius
278 3318 433 3390 fabri,
461 3317 609 3388 cujus
642 3332 735 3371 nos
766 3316 998 3369 novimus
1028 3322 1228 3385 patrem
1250 3321 1299 3366 et
1326 3311 1583 3365 matrem?
1611 3309 1753 3373 Quo-

1854 3342 1971 3379 rum
1985 3321 2209 3377 introibo
2230 3322 2285 3374 in
2300 3330 2501 3373 uterum
2522 3318 2710 3373 matris
2722 3331 2867 3381 mete,
2891 3323 2947 3367 ut
2964 3328 3213 3367 renascar
3225 3309 3278 3383 (I
3282 3308 3413 3380 bid.)
3430 3310 3454 3364 τ

158 3412 307 3467 modo
355 3427 477 3481 ergo
528 3408 686 3473 dicit,
717 3409 840 3479 quia
870 3406 933 3460 de
975 3405 1099 3459 coelo
1148 3404 1421 3458 descendi?
1465 3402 1753 3473 Respondit

1856 3414 2135 3483 Tuncque,
2168 3419 2357 3467 notata
2387 3409 2616 3465 stultitia
2637 3407 2773 3477 ejus,
2802 3421 2929 3474 qua,
2957 3412 3018 3459 ut
3045 3404 3175 3468 dixi,
3203 3417 3311 3457 non
3344 3401 3454 3470 spi-

162 3521 278 3575 ergo
307 3502 480 3568 Jesus,
507 3511 557 3555 et
586 3502 722 3555 dixit
746 3518 762 3553 :
793 3498 976 3555 Nolite
996 3501 1212 3553 invicem
1240 3514 1585 3553 murmurare.
1626 3495 1752 3551 Non

159 3603 320 3665 potest
354 3595 423 3648 ad
443 3611 525 3648 me
546 3594 716 3647 venire
753 3594 1029 3664 quispiam,
1064 3592 1167 3645 nisi
1196 3607 1311 3644 eum
1353 3589 1534 3656 Pater,
1558 3590 1643 3661 qui
1672 3605 1754 3643 me

161 3688 320 3752 misit,
372 3686 670 3751 attraxerit,
701 3693 749 3737 et
778 3701 870 3755 ego
910 3682 1228 3737 resuscitabo
1250 3698 1365 3735 eum
1392 3683 1447 3735 in
1478 3682 1752 3736 novissimo

164 3778 257 3833 die.
290 3778 560 3849 Scriptum
597 3784 675 3830 est
717 3777 854 3829 enim
883 3776 937 3828 in
958 3773 1276 3845 PrOphetis:
1306 3772 1377 3826 Et
1397 3782 1547 3827 erunt
1575 3789 1751 3828 omnes

164 3868 293 3922 docti
316 3866 436 3920 Dei.
465 3864 648 3920 Omnis
671 3882 792 3936 ergo
819 3864 905 3935 qui
928 3863 1074 3916 audit
1103 3879 1134 3915 a
1158 3860 1337 3928 Patre,
1366 3870 1414 3916 et
1434 3862 1636 3927 didicit,
1664 3879 1751 3916 ve-

164 3962 235 4013 nit
253 3959 326 4012 ud
342 3975 423 4012 me
433 3976 451 4023 ;
482 3974 587 4012 non
608 3958 728 4020 quia
748 3955 961 4009 Patrem
982 3954 1108 4007 vidit
1135 3955 1424 4025 quisquam,
1452 3956 1552 4008 nisi
1570 3956 1655 4025 qui
1678 3963 1754 4008 est

165 4070 194 4106 α
214 4051 349 4117 Deo,
382 4053 493 4123 ipse
516 4051 641 4105 vidit
671 4049 904 4103 Patrem.
938 4047 1120 4111 Amen,
1154 4064 1303 4100 amen
1325 4047 1438 4100 dico
1462 4046 1619 4111 vobis,
1638 4064 1752 4101 om-

165 4146 239 4199 nis
260 4145 350 4215 qui
373 4142 534 4203 credit
554 4144 607 4196 in
630 4158 729 4203 me,
754 4138 904 4193 habet
927 4140 1083 4192 vitam
1106 4146 1372 4191 (sternam.
1400 4136 1512 4207 Ego
1533 4155 1646 4191 sum
1666 4156 1753 4209 pa-

166 4235 238 4288 nis
266 4236 407 4288 vita.
442 4233 628 4288 Patres
677 4233 827 4286 vestri
866 4230 1307 4284 manducaverunt
1337 4245 1530 4281 manna
1575 4229 1629 4280 in
1660 4228 1751 4281 de-

166 4335 315 4391 serto,
344 4335 393 4378 et
416 4324 605 4378 mortui
633 4332 782 4387 sunt;
807 4321 887 4374 hic
911 4328 989 4374 est
1016 4319 1169 4389 panis
1192 4320 1278 4389 qui
1301 4318 1364 4371 de
1392 4318 1516 4372 caelo
1543 4318 1755 4371 descen-

168 4418 253 4483 dit,
278 4428 337 4471 ut
385 4418 471 4489 qui
492 4414 877 4471 manducaverit
897 4428 962 4466 ex
982 4428 1061 4475 eo,
1086 4426 1190 4464 non
1211 4410 1481 4463 moriatur.
1510 4408 1625 4481 Ego
1641 4426 1755 4463 sum

1852 3507 2109 3571 ritaliter,
2149 3504 2243 3559 sed
2298 3502 2588 3559 carnaliter
2632 3506 2848 3569 saperet
2895 3495 3115 3569 [Baluz.
3167 3490 3452 3563 separet],

1856 3609 2040 3671 aperte
2087 3597 2289 3651 audivit
2323 3613 2335 3648 :
2374 3592 2492 3647 Nisi
2540 3594 2654 3664 quis
2700 3598 2913 3644 renatus
2959 3588 3114 3659 fuerit
3141 3602 3206 3639 ex
3233 3601 3368 3658 aqua
3406 3591 3457 3637 et

1854 3691 2064 3762 spiritu,
2098 3705 2201 3741 non
2228 3693 2394 3757 potest
2422 3686 2623 3738 intrare
2645 3683 2700 3736 in
2723 3696 2937 3751 regnum
2958 3676 3084 3742 Dei;
3108 3676 3223 3730 sive
3251 3683 3309 3729 ut
3329 3673 3456 3729 alibi

1854 3784 2113 3853 scriptum
2162 3788 2290 3835 est:
2336 3777 2457 3833 Nisi
2499 3778 2612 3849 quis
2664 3784 2877 3829 renatus
2926 3773 3082 3844 fuerit
3125 3769 3323 3834 denuo;
3366 3768 3459 3822 ubi

1854 3875 2131 3945 subiunxit
2158 3891 2169 3925 :
2207 3870 2360 3935 Quod
2390 3869 2452 3923 de
2472 3885 2629 3921 carne
2658 3874 2838 3919 natum
2868 3873 2966 3928 est,
2995 3878 3116 3915 caro
3140 3870 3236 3914 est.

1929 3964 1979 4017 5.
2032 3964 2158 4017 Hauc
2187 3977 2310 4017 cum
2360 3961 2435 4015 ita
2478 3960 2605 4023 sint,
2639 3957 2729 4011 ubi
2759 3966 2814 4009 et
2852 3955 3067 4023 quando
3098 3950 3458 4007 adhibendum

1856 4058 1958 4112 iste
2003 4054 2215 4125 putavit
2259 4053 2463 4107 dictum
2510 4051 2653 4105 hoc:
2687 4046 2837 4112 Quod
2878 4046 2941 4101 de
2968 4062 3127 4099 carne
3153 4052 3332 4098 natum
3360 4051 3456 4111 est,

1858 4163 1979 4202 caro
2003 4148 2119 4201 est?
2140 4144 2348 4200 scilicet
2376 4151 2435 4197 ut
2462 4142 2631 4196 Deum
2650 4139 2923 4194 Christum
2946 4153 3013 4192 ex
3039 4136 3256 4204 Virgine
3271 4142 3459 4189 natum

1858 4247 2099 4309 negaret.
2136 4236 2377 4305 Namque
2407 4235 2510 4289 hoc
2540 4232 2907 4287 testimonium
2926 4270 2941 4295 ,
2981 4227 3110 4298 quid
3138 4227 3189 4282 ei
3218 4224 3453 4297 proﬁcit,

1862 4333 1965 4388 nisi
1996 4340 2073 4397 ut,
2105 4330 2197 4400 qui
2227 4343 2295 4382 ex
2336 4342 2499 4381 carne
2530 4322 2763 4392 Virginis
2790 4336 2917 4377 caro
2950 4329 3109 4375 natus
3150 4326 3251 4385 est,
3294 4331 3463 4388 purus

1864 4426 2071 4499 [Baluz.
2107 4420 2264 4492 sicut]
2294 4422 2459 4475 homo
2481 4419 2550 4473 sit
2572 4425 2801 4482 tantum,
2830 4416 2887 4470 in
2913 4428 3023 4484 quo
3055 4414 3197 4469 Deus
3225 4410 3461 4468 Verbum

168 4512 308 4579 panis
337 4510 469 4573 vitce,
501 4508 587 4579 qui
629 4505 691 4559 de
713 4504 836 4558 caelo
860 4501 1130 4566 descendi;
1154 4502 1199 4554 si
1223 4502 1337 4572 quis
1366 4500 1755 4555 manducauerit
1780 4521 1835 4582 D
1860 4517 2107 4573 habitare
2129 4514 2379 4580 dignatus
2400 4519 2502 4565 ρει,

167 4618 225 4654 ex
243 4602 339 4654 hoc
364 4616 515 4671 pane,
532 4600 659 4652 vivet
678 4599 729 4650 in
760 4604 1041 4657 veternum;
1060 4602 1110 4648 et
1141 4593 1292 4663 panis
1313 4610 1462 4663 quem
1479 4610 1571 4663 ego
1599 4592 1752 4657 dabo,

168 4710 277 4746 caro
301 4710 417 4746 mea
442 4700 519 4745 est
539 4706 632 4762 pro
653 4688 831 4744 swculi
860 4687 983 4740 vita.
1012 4684 1313 4755 Litigabant
1334 4702 1455 4756 ergo
1482 4684 1658 4739 Judcei
1690 4686 1759 4737 ad

168 4789 376 4842 invirem
405 4786 629 4839 dicentes
655 4802 670 4837 :
699 4780 965 4847 Quomodo
996 4788 1161 4850 potest
1185 4780 1282 4832 iste
1312 4779 1438 4831 dare
1466 4779 1612 4832 nobis
1637 4797 1759 4833 car—

170 4896 271 4932 nem
310 4894 461 4932 suum
512 4874 862 4929 manducare?
895 4871 1040 4925 Dixit
1092 4870 1161 4922 ad
1208 4886 1293 4923 eos
1341 4868 1533 4923 Jesus:
1564 4871 1755 4933 Amen,

172 4988 305 5024 amen
341 4971 454 5023 dico
476 4968 631 5031 robis,
662 4968 761 5020 nisi
786 4963 1219 5042 manducaveritis
1264 4977 1473 5015 carnem
1506 4960 1633 5015 Filii
1666 4962 1759 5015 ho-

173 5063 332 5126 minis,
368 5073 416 5115 et
437 5060 665 5115 biberitis
690 5058 994 5130 sanguinem
1016 5056 1149 5126 ejus,
1183 5070 1286 5108 non
1314 5052 1568 5107 habebitis
1598 5055 1754 5107 vitam

172 5154 223 5205 in
241 5153 627 5224 vobismetipsis.
663 5150 761 5214 Qui
791 5148 1071 5203 manducat
1108 5163 1317 5200 carnem
1339 5162 1527 5212 meam,
1562 5154 1611 5199 et
1633 5144 1761 5199 bibit

174 5248 461 5318 sanguinem
485 5260 670 5309 meum,
703 5240 851 5296 habet
880 5242 1034 5294 vitam
1058 5248 1324 5305 (sternam,
1352 5247 1402 5293 et
1419 5255 1513 5310 ego
1537 5241 1759 5294 resusci-

2087 4702 2563 4749 ANATHEIIA'IISRIUS
2594 4698 2925 4739 θυοιδεειιιυε
2954 4697 2999 4736 S.
3032 4694 3257 4735 ειιιιιιι.

1939 4871 2165 4943 Cyr-illus
2197 4869 2330 4921 dixit
2360 4885 2376 4920 :
2407 4864 2463 4920 Si
2498 4864 2618 4933 quis
2647 4877 2755 4916 non
2795 4856 3085 4915 conﬁtetur
3122 4854 3291 4907 Deum
3328 4852 3462 4907 Ver-

1866 4966 1991 5020 bum
2040 4978 2199 5016 carne
2248 4973 2465 5029 passum
2516 4969 2673 5018 esse,
2725 4961 2779 5004 et
2818 4962 2983 5004 carne
3027 4943 3373 5007 crucifixum,
3409 4953 3465 4998 et

1867 5066 2099 5113 mortem
2130 5069 2292 5109 carne
2321 5058 2587 5120 gustasse,
2620 5046 2927 5111 factumque
2949 5039 3365 5110 primogenitum
3397 5053 3464 5093 ex
3510 5046 3513 5049 ’

1868 5148 2113 5211 mortuis,
2160 5142 2455 5199 secundum
2496 5137 2641 5207 quod
2669 5143 2754 5189 est
2780 5142 2835 5188 et
2875 5133 3015 5197 vita,
3058 5138 3113 5185 et
3140 5127 3460 5189 viviﬁcator,

1870 5252 2145 5310 tamquam
2176 5240 2347 5302 Deus;
2380 5233 2663 5288 anathema
2693 5230 2779 5285 sit.

1339 5377 1888 5438 CASTIGATIONES
1929 5380 2015 5434 ΕΤ
2059 5375 2290 5433 ΝΟΤΕ.

243 5512 267 5541 ι
305 5502 581 5558 Habentur
632 5501 734 5555 illa:
782 5511 972 5562 voces,
1009 5499 1067 5549 ut
1105 5498 1160 5549 et
1208 5494 1459 5565 reliquae,
1503 5510 1755 5553 sermone

181 5575 346 5646 primo
368 5570 555 5646 (Num.
590 5573 678 5639 7).

247 5645 271 5684 δ
309 5634 569 5721 Θςὸφόρον,
600 5634 702 5697 vox
724 5638 1019 5721 illauh‘iqu‘e
1047 5637 1321 5721 passingha.
1342 5634 1542 5721 Cyrillo
1573 5638 1755 5721 exagi-

185 5724 335 5784 tatur,
357 5707 621 5784 nunquam
645 5712 835 5764 veneni
854 5707 1157 5784 plenissima
1190 5707 1349 5784 (Vide
1374 5707 1551 5784 homil.
1568 5708 1749 5784 pusch.

188 5780 287 5861 ii).
328 5778 919 5857 Υᾷιξυἶὶὶςρηιξιηιιιὶυιιθιιι
950 5782 1017 5839 de
1067 5781 1253 5845 luvrcsi
1303 5778 1638 5845 Nestorium,
1665 5779 1756 5837 ubi

1862 5494 2201 5563 explicantur
2232 5501 2394 5541 voces
2422 5500 2573 5563 qum,
2600 5496 2721 5562 cum
2744 5476 3014 5563 cathnlicn
3041 5488 3199 5563 sensu
3230 5478 3464 5563 ncnc‘ptre

1862 5541 2277 5620 ξίῖιῖἒῗιῖάίιῐίυυδ
2292 5541 2724 5627 superioriszcvi,
2743 5549 2893 5627 rejici
2922 5546 3206 5627 debuerint
3234 5560 3263 5597 a
3281 5541 3467 5627 (teten-

1861 5618 2074 5691 saribus
2093 5618 2507 5685 tideicatholicm
2535 5624 2791 5678 adversus
2819 5618 3142 5682 Nestorium,
3175 5623 3463 5685 propterea

1860 5704 2005 5775 quwl
2039 5718 2127 5761 ea:
2159 5704 2212 5757 in
2244 5714 2471 5771 pravum
2501 5710 2719 5753 sensum
2748 5692 3116 5769 detorqueret.
