3924 6282
1038 261 1361 323 ussronu
1405 243 2003 319 susrnsutsnuu
2043 251 2386 313 CAPITULA
2420 251 2515 311 xu

142 409 253 454 una
273 390 575 449 substantia
615 407 630 445 :
662 389 737 444 ita
773 395 828 442 et
845 386 939 443 ilia
971 381 1259 439 ineﬁ'abilis
1281 380 1461 437 divina
1490 377 1612 433 Filii
1639 376 1737 433 Dei
1764 382 1817 440 Α
1840 388 2047 440 rarum,
2063 388 2185 429 cum
2204 372 2374 441 magis
2400 369 2672 433 hominem
2683 366 2790 429 hoc
2807 380 3006 431 nomen
3035 364 3177 437 apud
3194 366 3442 431 homines

147 487 401 560 majestas
428 486 482 557 in
523 499 619 539 sua
646 496 879 554 persona
918 486 973 534 et
1016 475 1314 533 substantia
1344 489 1451 528 una
1474 481 1578 538 est,
1617 485 1742 526 cum

146 572 417 649 assumpta
435 577 611 632 anima
624 590 720 631 sua
743 580 994 643 compote
1014 570 1211 625 mentis
1229 582 1341 624 sua:
1359 566 1476 621 sive
1494 563 1739 627 rationis,

147 680 202 727 et
222 671 393 727 solido
423 684 485 725 ac
511 670 751 741 perfecto
782 681 1011 737 corpore
1028 679 1129 719 suo
1148 663 1280 717 nihil
1308 663 1503 719 harum
1531 659 1599 713 ab
1627 658 1744 713 istis

146 761 452 817 vanissimis
483 768 535 815 et
565 759 894 839 impiissimis
931 756 1106 826 dupli,
1145 754 1231 808 vel
1260 752 1402 822 tripli
1433 749 1746 820 appellatio-

145 872 277 911 num
300 853 607 917 admittens,
632 860 853 923 propter
878 850 1164 913 unitatem,
1187 846 1272 901 vei
1293 844 1741 912 singularitatem,

146 947 200 1001 in
224 961 329 1016 qua
351 954 405 999 et
432 944 705 999 hominem
728 942 1004 1012 suscipere
1028 947 1083 993 et
1111 942 1300 1008 gerere
1323 936 1544 1007 placuit,
1571 950 1639 989 ex
1658 950 1745 990 so-

139 1051 256 1113 que
286 1036 395 1091 Deo
419 1043 472 1091 et
496 1036 586 1109 illo
614 1034 794 1089 facere
814 1048 982 1087 unum
1006 1030 1295 1085 Dominum
1317 1036 1345 1067 ι
1371 1026 1556 1083 Iesum
1584 1026 1743 1081 Chri-

143 1142 311 1207 stum,
345 1146 467 1201 cum
496 1126 655 1205 Patre
675 1136 729 1183 et
747 1127 949 1198 Spiritu
976 1134 1183 1189 sancto,
1218 1124 1271 1178 in
1290 1122 1556 1177 Trinitate
1580 1136 1744 1176 unum

142 1223 321 1289 Deum
348 1232 655 1277 manentem
676 1222 741 1276 in
771 1220 987 1299 saecula.
1020 1214 1097 1273 De
1125 1232 1235 1286 quo
1262 1214 1498 1270 Ioannes
1528 1221 1748 1283 aposto-

146 1314 234 1371 lus
262 1317 313 1370 in
342 1313 581 1387 Epistula
611 1329 705 1367 sua
727 1296 919 1387 prima,
954 1296 1027 1364 ita
1069 1310 1145 1363 ait
1165 1308 1209 1380 (ι
1240 1304 1399 1361 Joan.
1426 1321 1464 1371 ι,
1491 1305 1543 1375 i)
1562 1323 1574 1355 :
1594 1303 1749 1369 Quod

146 1410 252 1481 fuit
281 1408 344 1461 ab
372 1409 549 1471 initio,
592 1404 729 1477 quod
774 1404 1059 1457 audivimus
1097 1409 1147 1454 et
1172 1394 1409 1453 uidimus
1453 1398 1616 1451 oculis
1654 1410 1749 1447 no-

145 1502 292 1567 stris,
323 1499 459 1572 und
484 1498 838 1591 perspeximus
869 1505 918 1549 et
939 1509 1127 1548 manus
1175 1501 1369 1545 nostra
1410 1489 1751 1560 palpaverunt

146 1594 214 1647 de
271 1590 436 1647 Verbo
487 1582 623 1655 sine,
675 1598 725 1643 et
778 1589 883 1643 vita
926 1588 1209 1658 manifesta
1230 1593 1328 1650 est,
1358 1593 1409 1637 et
1433 1582 1676 1646 uidimus,
1699 1590 1751 1634 et

144 1693 420 1749 testamur,
470 1691 520 1736 et
569 1683 941 1735 annuntiamus
978 1676 1119 1732 vobis
1160 1679 1317 1730 vitam
1338 1684 1607 1738 wternam,
1637 1689 1749 1744 qua

1846 467 2148 536 exprimat?
2175 463 2577 533 intelligendum
2624 461 2767 516 enim
2794 470 2877 523 est
2915 462 3017 517 ὰπό
3056 468 3146 522 τῆς
3188 460 3439 533 χρίσως,

1846 559 1903 613 id
1929 565 2031 624 est,
2064 559 2132 613 ab
2161 557 2417 613 unctione
2442 556 2566 621 dici,
2597 556 2752 623 quasi
2777 561 3017 619 unctum,
3047 552 3193 622 quod
3221 552 3316 608 Dei
3344 568 3444 619 na-

1845 660 1982 707 turae
2001 667 2111 707 non
2131 651 2494 720 competebat.

1919 744 1973 799 8.
2007 745 2229 800 Accedit
2254 744 2384 799 illud
2433 743 2552 813 ejus
2600 740 2987 798 intestimabilis
3029 738 3304 803 fatuitatis,
3334 754 3445 809 quo

1846 841 1995 898 dicat
2022 840 2224 895 dixisse
2254 838 2380 893 illud
2403 847 2645 893 sanctqu
2666 836 2953 892 concilium
2977 852 2988 887 :
3021 832 3287 891 Credimus
3316 842 3365 887 et
3390 835 3447 889 in

1845 952 2008 991 unum
2030 934 2312 988 Dominum
2340 932 2521 987 Iesum
2560 931 2832 986 Christum
2850 972 2865 995 ,
2892 929 3237 1000 unigenitum,
3269 928 3355 1000 qui
3385 927 3450 982 de

1850 1012 1981 1082 Deo,
1993 1027 2155 1080 Patre
2175 1034 2326 1079 natus
2354 1035 2450 1091 est,
2476 1024 2968 1087 consubstantivum,
2986 1023 3041 1076 id
3060 1031 3155 1087 est,
3183 1023 3449 1093 ὀμοούσιον

1853 1119 2025 1183 Patri,
2054 1121 2141 1189 qui
2180 1128 2391 1188 propter
2414 1134 2507 1172 nos
2530 1116 2813 1171 descendit.
2846 1115 2997 1170 Iesus
3037 1123 3205 1181 certe,
3236 1124 3297 1170 ut
3337 1115 3450 1185 ipse

1852 1216 1986 1279 vult,
2021 1215 2184 1268 homo
2214 1220 2322 1277 est;
2354 1212 2578 1276 dicatur,
2601 1226 2802 1280 quaeso,
2827 1208 3097 1279 quomodo
3113 1209 3183 1272 ei,
3215 1209 3298 1264 vel
3312 1206 3453 1279 apud

1852 1326 1996 1375 eum,
2043 1307 2189 1361 Patri
2217 1306 2333 1361 Deo
2375 1307 2847 1361 consubstantivus
2895 1316 2998 1369 est,
3031 1306 3135 1360 nisi
3180 1314 3454 1375 tamquam

1851 1403 1997 1457 Deus
2028 1416 2097 1455 ex
2129 1399 2291 1453 Patre
2320 1399 2531 1467 genitus
2566 1398 2716 1452 Deo?
2750 1397 2857 1451 Aut
2884 1398 3077 1452 iterum
3105 1397 3377 1466 quomodo
3404 1398 3456 1452 ei

1852 1495 1996 1550 Deus
2028 1508 2134 1547 non
2162 1500 2264 1557 est,
2288 1491 2379 1559 qui
2401 1490 2467 1545 de
2494 1490 2659 1544 Maria
2683 1491 2801 1544 est?
2822 1488 2880 1544 Si
2912 1498 3068 1545 natus
3088 1490 3161 1544 ita
3191 1498 3293 1555 est,
3316 1504 3455 1558 quo»

1851 1589 2015 1645 modo
2028 1588 2195 1644 sensit
2207 1596 2260 1643 et
2274 1586 2645 1657 pronuntiavit
2660 1586 2944 1640 concilium
2956 1584 3247 1651 Nicxeuum,
3265 1593 3321 1639 et
3333 1584 3459 1641 huic

1852 1681 2020 1737 verbo
2038 1690 2247 1735 tantum
2275 1687 2435 1734 tenus
2459 1679 2659 1749 placuit
2685 1676 2969 1733 conﬁteri?
2998 1676 3136 1743 Quid
3176 1690 3304 1742 ergo
3333 1676 3459 1731 soli-

141 1789 264 1833 erat
291 1778 430 1849 apud
472 1776 707 1841 Patrem,
761 1785 810 1829 et
841 1774 1087 1844 apparuit
1122 1770 1271 1825 nobis
1296 1786 1312 1833 ;
1340 1768 1476 1841 quod
1500 1767 1742 1832 vidimus,

1870 1773 2015 1828 lum?
2044 1772 2185 1840 Quid
2213 1772 2443 1827 sanum?
2464 1770 2603 1836 Quid
2626 1770 2891 1838 integrum
2922 1768 3063 1837 apud
3089 1768 3259 1837 ipsum
3290 1767 3406 1822 est?

142 1878 197 1922 et
230 1867 517 1922 audivimus
536 1907 551 1931 ,
583 1867 953 1920 annuutiamus
981 1858 1153 1927 vobis,
1178 1869 1237 1914 ut
1263 1872 1311 1913 et
1339 1876 1426 1913 vos
1448 1860 1748 1913 societatem

142 1958 382 2013 habeatis
412 1957 697 2022 nobiscum,
725 1965 774 2010 et
794 1956 1016 2009 societas
1047 1962 1227 2007 nostra
1253 1952 1323 2005 sit
1344 1966 1459 2005 cum
1481 1948 1675 2014 Patre,
1702 1956 1751 2001 et

143 2068 267 2106 cum
293 2050 434 2106 Filio
457 2051 570 2121 ejus
595 2048 721 2103 Iesu
743 2047 968 2102 Christo.

223 2142 275 2197 5.
318 2142 456 2210 Quid
484 2142 647 2195 etiam
688 2142 740 2193 in
770 2137 1010 2194 secundo
1048 2135 1180 2192 tolio
1222 2132 1594 2204 quaternionis
1624 2132 1752 2187 noni

140 2234 353 2292 codicis
382 2233 540 2302 hujus
572 2233 685 2304 (ubi
708 2232 813 2286 hoc
840 2230 1049 2299 signum
1072 2226 1185 2297 est)
1208 2226 1392 2281 abillo
1410 2226 1741 2280 dictumcon»

139 2328 404 2391 tinealur,
428 2334 619 2381 cautus
640 2333 696 2379 et
715 2323 951 2395 prudens
972 2323 1143 2376 lector
1161 2317 1427 2374 attendat.
1451 2316 1589 2373 Cum
1606 2315 1755 2377 etaim

139 2420 302 2474 mira:
330 2418 591 2473 fatuitatis
619 2424 675 2471 et
701 2414 987 2470 dementia:
1014 2413 1104 2467 hic
1129 2412 1293 2466 homo
1322 2411 1424 2475 sit,
1464 2407 1755 2478 impietatis

138 2522 333 2568 autem
359 2510 772 2574 absurdissima,
789 2506 1092 2569 mirandum
1112 2513 1197 2565 est
1210 2505 1355 2559 hunc
1374 2504 1448 2558 ita
1468 2501 1756 2559 vecordem

136 2616 413 2672 sequaces
429 2600 511 2655 vei
529 2600 805 2655 auditores
832 2613 1024 2653 sensus
1044 2597 1270 2665 alicujus
1289 2592 1538 2653 homines
1557 2592 1757 2651 habere

138 2691 413 2761 potuisse.
440 2689 518 2745 Ne
547 2690 710 2759 igitur
735 2696 977 2752 sanctam
998 2686 1224 2742 Mariam
1243 2686 1503 2757 virginem
1516 2684 1759 2751 θεκόιον

136 2782 495 2849 conﬁteatur,
542 2781 673 2852 quid
719 2796 893 2836 vanus
940 2780 1104 2843 dicat,
1152 2779 1383 2835 sollicite
1433 2778 1753 2834 videamus:

136 2873 242 2927 3N
243 2891 479 2947 usquam,
494 2874 687 2943 inquit,
706 2872 983 2928 Nicetium:
1004 2872 1280 2927 concilium
1295 2888 1476 2927 ausum
1495 2880 1574 2926 est
1592 2871 1760 2929 dicere

138 2969 273 3041 quia
309 2966 533 3021 Verbum
582 2960 722 3019 Deus
771 2974 926 3018 natus
971 2973 1140 3018 estea:
1188 2962 1367 3017 Maria
1414 2965 1646 3035 uirgine;
1686 2964 1762 3017 ait

140 3062 289 3115 enim
305 3076 324 3113 :
351 3058 616 3112 Credimus
636 3067 686 3110 et
704 3056 760 3115 in
780 3070 941 3108 unum
955 3052 1241 3111 Dominum
1265 3054 1445 3110 Iesum
1473 3052 1754 3113 Christum.

1926 1865 1980 1921 9.
2015 1866 2232 1921 Accedit
2257 1865 2419 1919 etiam
2444 1863 2585 1917 aliud
2609 1861 2903 1932 impietatis
2929 1860 3358 1923 deliramcntum,
3387 1859 3461 1913 di-

1853 1960 2026 2017 centis
2054 1959 2463 2030 praetermisisse
2493 1956 2611 2010 illos
2640 1954 2830 2009 Patres
2862 1952 3213 2023 pronuntiare
3241 1951 3462 2005 credere

1851 2068 1913 2107 se
1936 2052 1989 2105 in
2013 2051 2184 2105 Deum
2208 2049 2445 2103 Verbum
2469 2047 2659 2101 Filium
2682 2046 3049 2114 unigenitum;
3072 2043 3167 2098 sed
3188 2044 3458 2108 dixerunt,

1857 2143 2055 2213 inquit,
2087 2157 2254 2197 unum
2285 2156 2344 2195 se
2373 2139 2597 2195 credere
2632 2138 2919 2192 Dominum
2958 2133 3139 2189 Iesum
3168 2132 3461 2197 Christum,

1856 2234 2361 2291 consubstantivum
2383 2230 2550 2297 Patri,
2583 2230 2751 2285 Deum
2781 2228 2847 2283 de
2876 2227 2988 2281 Deo
3017 2240 3165 2287 vero,
3198 2223 3376 2297 lumen
3396 2221 3465 2277 ds

1854 2328 2076 2393 lumine,
2111 2341 2209 2396 per
2235 2340 2397 2394 quem
2442 2322 2621 2377 omnia
2668 2319 2806 2375 facta
2836 2326 2992 2384 sunt;
3022 2326 3295 2384 tamquam
3323 2313 3467 2367 Deus

1857 2417 2091 2474 Verbum
2115 2416 2255 2487 apud
2285 2418 2447 2470 istum
2470 2414 2640 2468 Filius
2670 2427 2778 2468 non
2810 2412 2899 2473 sit,
2937 2411 3077 2465 sicut
3105 2410 3157 2463 is
3187 2407 3466 2477 superiore

1857 2510 1976 2579 ejus
2002 2522 2253 2564 sermone
2276 2506 2517 2576 apertius
2544 2504 2869 2561 declaratur.
2887 2500 3017 2567 Qua:
3046 2499 3204 2568 hujus
3230 2499 3345 2555 inec
3372 2512 3467 2553 va-

1860 2600 2035 2661 nitas?
2074 2598 2273 2664 Quaeve
2301 2595 2613 2657 dementia?
2661 2592 2817 2660 Quod
2866 2592 3154 2657 ludibrium
3202 2590 3381 2660 potius
3410 2589 3465 2649 in

1858 2701 1973 2757 tam
1998 2688 2325 2757 inconstanti
2353 2702 2623 2752 sermone,
2658 2702 2765 2747 non
2786 2685 2963 2757 minus
2983 2684 3149 2749 stulto
3180 2692 3340 2754 quam
3365 2682 3466 2737 im-

1860 2786 1986 2858 pio?
2009 2782 2078 2839 Ut
2104 2782 2338 2841 Verbum
2372 2780 2487 2851 Dei,
2515 2780 2610 2836 Dei
2631 2779 2800 2837 Filius
2820 2779 2870 2843 ei
2894 2794 3001 2837 non
3024 2779 3088 2833 sit
3110 2794 3124 2858 ;
3158 2784 3215 2835 ut
3244 2773 3397 2829 Iesus
3418 2776 3467 2853 ei

1863 2878 1935 2933 sit
1965 2893 2031 2932 ex
2079 2875 2370 2930 medietate
2400 2874 2561 2935 Deus,
2605 2888 2672 2939 cx
2703 2872 2992 2931 medietate
3022 2856 3205 2941 homo,
3250 2878 3303 2923 et
3328 2869 3468 2925 idem

1865 2977 2046 3024 tamen
2075 2966 2310 3029 Verbum
2342 2965 2438 3020 Dei
2467 2965 2633 3019 Filius
2663 2979 2783 3019 esse
2820 2979 2927 3018 non
2969 2962 3177 3033 possit?
3215 2959 3372 3014 Modo
3400 2959 3470 3014 sit

1864 3058 2341 3117 consubstantivus
2372 3065 2638 3127 natusque
2667 3071 2734 3111 ex
2764 3053 2877 3110 Deo
2909 3053 3066 3108 Patre
3086 3095 3100 3119 ,
3144 3051 3284 3107 Deus
3314 3066 3471 3106 verus

143 3151 432 3215 Attendite,
463 3151 582 3222 quia
610 3150 755 3221 prius
784 3162 902 3200 eum
929 3145 1120 3200 Patres
1152 3147 1443 3217 posuissent
1471 3145 1750 3215 Christum,
1781 3152 1829 3217 C
1860 3152 1926 3208 dc
1956 3152 2067 3208 Deo
2092 3166 2242 3217 vero,
2292 3148 2475 3203 lumen
2505 3149 2572 3203 de
2597 3147 2801 3202 lumine
2836 3164 2847 3199 :
2875 3154 3066 3217 postea
3112 3157 3242 3199 vero
3272 3142 3471 3197 horum

143 3232 291 3316 quod
333 3244 555 3296 duarum
595 3248 907 3296 naturarum
948 3238 1368 3311 ceajsnctisnsm
1408 3238 1761 3304 demonstrat,

140 3352 257 3390 non
285 3335 529 3389 dixerunt
553 3334 608 3393 in
646 3348 810 3387 unum
837 3330 1007 3387 Deum
1044 3330 1299 3400 Verbum,
1336 3332 1429 3390 sed
1455 3340 1767 3405 acceperunt

142 3442 359 3491 nomen,
385 3423 523 3499 quod
548 3424 816 3497 signiﬁcat
839 3432 1131 3497 utrimque,
1160 3432 1266 3484 etc.

222 3519 282 3572 ti.
307 3518 440 3572 Cum
458 3518 641 3586 itaque
656 3515 811 3571 Iesus
826 3514 1075 3570 Christus
1103 3532 1211 3570 non
1240 3516 1311 3571 sit
1337 3516 1462 3591 huic
1491 3516 1593 3588 ipsi
1618 3518 1766 3595 (conv

146 3608 306 3680 tilio)
330 3608 493 3675 aliud,
526 3608 630 3673 nisi
658 3606 939 3673 Dominus,
971 3607 1063 3681 qui
1092 3606 1351 3677 Dominus
1380 3608 1473 3665 Dei
1505 3607 1761 3675 Verbum,

150 3700 361 3769 Deique
408 3698 575 3755 Filius
612 3700 729 3754 sine
757 3700 922 3755 dubio
963 3708 1078 3765 est,
1108 3699 1310 3769 quique
1334 3716 1457 3757 cum
1487 3710 1764 3772 assumpto

150 3808 261 3849 suo
289 3807 519 3865 corpore
548 3800 603 3847 et
632 3792 809 3848 anima
849 3792 1101 3869 rationali
1131 3792 1341 3863 integer
1369 3794 1536 3849 homo
1570 3794 1759 3863 factus,

152 3888 205 3943 in
240 3886 383 3945 illius
411 3893 609 3949 sancta:
629 3883 838 3951 feminae
868 3892 1022 3953 utero
1044 3884 1301 3957 ﬁguratus
1322 3894 1484 3957 atque
1512 3903 1764 3958 procrea—

153 3990 267 4045 tus,
286 3980 694 4051 procedensque
712 3978 823 4049 jam
846 3987 992 4037 totus
1012 3980 1153 4036 Deus
1181 3988 1345 4050 atque
1373 3982 1558 4048 homo,
1591 3992 1763 4039 totum

159 4082 211 4126 et
246 4080 393 4127 totus
421 4070 857 4143 inseparabiliter
877 4086 1043 4126 unum
1067 4079 1229 4142 atque
1249 4089 1387 4127 unus
1408 4082 1507 4128 est.
1528 4073 1626 4130 Hic
1652 4078 1767 4146 ipse

157 4164 419 4235 magister
446 4165 683 4234 insanus,
716 4163 859 4233 unde
885 4162 1070 4235 Iesum
1108 4161 1381 4227 Christum
1424 4165 1614 4235 saltem
1653 4166 1764 4225 Do-

157 4259 367 4313 minum
395 4257 544 4323 dicit,
577 4259 623 4315 si
652 4258 703 4315 ei
731 4257 970 4317 Verbum
1000 4256 1095 4317 Dei
1125 4272 1233 4319 nun
1255 4258 1370 4321 est?
1407 4257 1592 4327 Neque
1620 4260 1766 4317 enim

160 4351 259 4404 ulli
289 4350 585 4429 dominatio
614 4352 893 4424 competit,
922 4350 1022 4405 nisi
1053 4350 1152 4405 soli
1182 4350 1314 4406 Deo.
1340 4350 1493 4406 Anne
1532 4352 1635 4409 hoc
1664 4352 1764 4407 do-

162 4450 285 4497 ctor
311 4444 558 4513 egregius
605 4459 713 4505 non
756 4444 939 4505 novit?
967 4442 1023 4507 Si
1062 4442 1223 4511 igitur
1248 4441 1402 4515 Iesus
1432 4444 1591 4505 etiam
1623 4442 1765 4501 Deus

1870 3246 2001 3301 nihil
2032 3244 2311 3316 proprium
2342 3242 2661 3297 naturaliter
2680 3241 2902 3306 habens,
2936 3239 3030 3294 sed
3060 3239 3175 3293 sola
3204 3252 3473 3307 nuncupa-

1868 3342 2016 3396 tione
2058 3340 2280 3394 alterius
2328 3336 2598 3408 particeps
2642 3335 2837 3391 divina:
2864 3332 3171 3400 dignitatis,
3198 3340 3470 3401 tamquam

1868 3434 2035 3489 homo
2064 3440 2223 3486 natus
2252 3445 2321 3485 ex
2350 3440 2613 3499 tempore.

1940 3525 2026 3583 10.
2059 3522 2384 3589 Claudendm
2412 3537 2544 3577 sane
2573 3520 2901 3599 Christiana:
2919 3534 3096 3583 aures,
3130 3533 3253 3573 cum
3278 3516 3473 3574 dicitur

1866 3618 1985 3685 Filii
2009 3631 2208 3685 nomen
2238 3631 2347 3683 non
2376 3613 2682 3685 signiﬁcare
2703 3612 2939 3676 Verbum
2970 3611 3097 3669 illud
3119 3609 3474 3682 Patris,quod

1866 3726 1935 3766 ex
1964 3710 2101 3780 ipso,
2133 3715 2189 3763 et
2217 3707 2271 3762 in
2310 3707 2429 3777 ipso
2458 3712 2560 3761 est.
2594 3703 2674 3760 Ad
2718 3704 2862 3774 quod
2911 3703 3279 3759 testimonium
3330 3711 3468 3768 esto,

1867 3803 2057 3869 lector,
2106 3807 2393 3856 attentus:
2434 3797 2603 3863 Misit,
2656 3796 2847 3866 inquit,
2898 3795 3039 3851 Deus
3086 3794 3282 3851 Filium
3326 3812 3474 3849 suum

1868 3896 2063 3968 factum
2081 3910 2146 3947 ex
2176 3893 2409 3959 muliere,
2431 3892 2626 3965 {actum
2657 3887 2747 3953 sub
2780 3886 2889 3961 lege
2924 3884 3065 3962 (Cal.
3099 3903 3169 3951 tv,
3202 3883 3265 3955 4)
3286 3902 3298 3950 ;
3322 3884 3472 3939 vidc—

1870 3989 1998 4045 iicet
2027 3995 2087 4042 ut
2108 3986 2233 4057 quia
2255 3992 2413 4042 natus
2442 3999 2510 4038 ex
2539 3981 2765 4039 muliere
2800 3995 2907 4035 non
2937 3986 3020 4034 est
3054 3978 3213 4043 Deus,
3238 3977 3473 4035 Verbum

1868 4080 2034 4135 Filius
2060 4079 2111 4135 ei
2141 4092 2248 4131 non
2268 4076 2356 4141 sit,
2382 4073 2476 4129 sed
2509 4072 2663 4138 alius,
2685 4071 2778 4155 qui
2806 4070 2983 4142 potuit
3008 4068 3155 4124 nasci
3177 4075 3334 4139 partu
3356 4083 3475 4123 mu-

1869 4174 2041 4231 lieris.

1942 4268 2027 4322 ii.
2070 4265 2232 4321 Certe
2257 4262 2506 4332 superius
2528 4260 2601 4319 illi
2632 4259 2913 4330 placuerat
2938 4256 3158 4315 Patrum
3186 4253 3472 4319 sententia,

1868 4359 2048 4415 Iesum
2061 4356 2333 4411 Christum
2359 4353 2501 4408 Patri
2517 4353 2627 4407 Deo
2642 4348 3140 4407 consubstantivum
3152 4362 3290 4414 esse,
3307 4346 3475 4402 Deum

1871 4450 1939 4506 de
1964 4449 2074 4503 Deo
2088 4463 2237 4511 vero,
2258 4446 2439 4505 lumen
2456 4444 2522 4509 de
2536 4443 2766 4511 lumine;
2791 4449 2846 4496 et
2859 4439 3155 4507 rectissime
3168 4438 3444 4511 placuerat
3462 4456 3475 4491 :

164 4551 277 4591 non
317 4543 401 4591 est
428 4535 572 4607 apud
610 4536 781 4600 illum,
814 4535 882 4595 ab
923 4535 1058 4606 ipso,
1084 4544 1140 4590 et
1168 4536 1221 4591 in
1247 4535 1383 4606 ipso,
1410 4544 1465 4593 et
1492 4553 1613 4603 cum
1650 4537 1766 4608 ipso
1791 4548 1844 4608 1)
1871 4542 1999 4614 quid
2021 4541 2097 4597 illi
2126 4540 2193 4597 de
2230 4539 2410 4601 Verbo
2434 4538 2549 4605 Dei,
2581 4536 2729 4607 quod
2762 4536 2815 4593 in
2839 4534 3105 4608 principio
3134 4532 3277 4606 apud
3310 4532 3479 4589 Deum

168 4638 433 4701 conceptu
453 4636 508 4707 et
535 4636 713 4699 partu,
746 4636 807 4684 ut
825 4636 973 4684 recte
1014 4628 1249 4698 genitrix
1288 4627 1404 4694 Dei,
1448 4628 1499 4683 id
1537 4636 1638 4697 est,
1681 4645 1766 4686 se-

168 4721 400 4779 cundum
452 4721 807 4781 rectissimam
855 4728 1097 4786 veterum
1154 4718 1373 4774 Patrum
1402 4720 1766 4777 deﬁnitionem

166 4813 404 4876 Θιοτὸκος
458 4812 567 4880 sit,
624 4812 765 4869 unde
812 4812 888 4879 illi
943 4812 1135 4871 saltem
1184 4810 1444 4879 Dominus
1494 4813 1639 4870 visus
1686 4822 1769 4870 est

170 4919 291 4959 esse
305 4906 329 4958 ’ἓ

242 4997 293 5052 7.
340 5007 362 5037 ι
394 4996 599 5061 Deinde
635 4992 835 5054 Christi
864 5012 1062 5053 nomen
1110 4997 1232 5068 quis
1275 4998 1326 5053 ei
1372 4996 1534 5065 dixit,
1566 4997 1650 5053 vel
1679 4997 1771 5053 ubi

169 5090 490 5160 somniavit,
518 5093 747 5159 duarum
776 5106 896 5149 esse
940 5106 1137 5151 nomen
1168 5088 1579 5161 signiﬁcativum
1609 5100 1758 5148 natu-

1874 4644 2013 4699 erat,
2061 4642 2116 4689 et
2156 4633 2300 4688 Deus
2327 4641 2463 4699 erat,
2508 4632 2688 4686 subito
2720 4631 2915 4685 iterum
2952 4630 3129 4685 visum
3158 4635 3267 4694 est,
3297 4634 3357 4685 ut
3384 4625 3481 4681 Dei

1874 4727 2043 4793 Filius
2074 4743 2179 4781 non
2207 4727 2322 4791 sit?
2353 4724 2458 4787 Aut
2482 4723 2665 4781 Iesum
2695 4723 2987 4791 Christum,
3007 4720 3099 4791 qui
3127 4717 3484 4776 consubstan-

1878 4820 2023 4885 tialis
2047 4819 2156 4874 Deo
2179 4817 2326 4874 Patri
2348 4827 2448 4883 est,
2481 4824 2536 4873 et
2561 4817 2703 4872 Deus
2730 4831 2891 4872 verus
2918 4814 2985 4869 de
3012 4813 3125 4871 Deo
3144 4827 3295 4878 vero,
3320 4818 3376 4873 et
3402 4809 3487 4866 lu--

1876 4927 2000 4967 men
2024 4911 2092 4966 de
2114 4911 2335 4978 lumine,
2368 4911 2509 4965 sicut
2538 4909 2586 4963 ei
2617 4909 2819 4978 optime
2848 4907 3144 4978 placuerat,
3174 4903 3361 4959 Patres
3387 4902 3483 4958 Ni-

1877 5006 2015 5079 cteni
2054 5003 2328 5061 deﬁniisse
2354 5002 2587 5070 concilii,
2622 5002 2790 5056 Deum
2819 5016 2927 5054 non
2957 5013 3103 5067 esse,
3135 5004 3194 5053 ut
3233 5004 3399 5059 totus,
3432 5003 3488 5051 et

1879 5106 2082 5166 totum,
2120 5114 2261 5153 unus
2282 5105 2337 5154 et
2360 5096 2500 5153 idem
2523 5102 2580 5151 et
2606 5109 2771 5157 unum
2800 5091 3056 5165 quidquid
3081 5097 3183 5159 est,
3215 5095 3271 5165 et
3297 5088 3365 5165 de
3394 5086 3488 5147 illo

1316 5226 1867 5289 CASTIGATIONES
1908 5232 1997 5291 ΕΤ
2037 5232 2272 5297 NOTAE.

242 5374 268 5404 ι
307 5362 463 5423 Iesus
490 5362 735 5423 Christus
765 5363 961 5422 dicitur
986 5379 1017 5425 a
1046 5361 1350 5418 Mercatore
1384 5378 1519 5418 usus
1541 5379 1608 5418 ne
1640 5360 1773 5419 Tm-

176 5451 369 5495 ιιιτΑτε
400 5456 413 5491 :
439 5450 558 5507 qua:
587 5437 854 5493 sententia
896 5436 1074 5490 varias
1124 5435 1175 5493 in
1222 5443 1405 5507 partes
1433 5435 1773 5507 ipsosetiam

176 5505 472 5569 catholicos
493 5509 763 5573 distraxit,
792 5524 911 5569 cum
934 5505 1289 5576 qumrercttir,
1311 5523 1377 5563 an
1407 5505 1540 5569 unus
1569 5505 1633 5560 de
1656 5505 1775 5560 Tri-

174 5581 341 5652 nitate
356 5598 543 5652 passus
569 5581 669 5636 dici
693 5579 913 5652 deberet.

248 5651 275 5689 δ
312 5644 421 5721 ιέιθ
448 5653 498 5711 ιε
537 5660 718 5719 untur,
752 5659 862 5706 tum
895 5649 948 5717 in
980 5647 1249 5717 excerptis
1276 5644 1459 5719 Cyrilii
1493 5646 1767 5722 (Excerpt.

248 5746 275 5779 μ.
300 5729 413 5779 tum
439 5665 653 5779 iuiibro
684 5722 857 5779 nrilno
886 5712 1389 5779 Cuntrailictionmn
1410 5716 1594 5779 Cvrilli
1615 5720 1767 5779 (Cap.

178 5717 275 5805 5),
439 5712 653 5805 iulier
683 5712 857 5805 prium
886 5712 1393 5805 C‘tillll’atllt‘llilnil’llli
1410 5712 1594 5792 (ἰδέ-1111
1615 5712 1768 5805 (Cap.

182 5759 211 5794 ι
230 5759 251 5794 ι
300 5759 413 5793 smn
439 5759 493 5780 su
517 5759 653 5783 ηυιυ
683 5759 735 5800 γι
750 5759 856 5779 ιιιιυ
889 5759 1389 5797 μγιμιιινιυιιμμμιιι
1414 5759 1594 5792 eq“...
1615 5759 1719 5805 “an

179 5759 305 5865 τώς
335 5801 459 5852 sunt
485 5804 663 5849 autem
695 5792 973 5861 desumpta
998 5804 1063 5845 ex
1093 5800 1341 5844 sermone
1370 5776 1419 5839 ὅ.

1938 5368 1983 5403 ‘c
2009 5363 2089 5419 Ad
2120 5378 2349 5420 examen
2380 5371 2622 5430 revocat,
2645 5376 2763 5433 quae
2793 5370 2918 5417 sunt
2943 5361 2996 5417 in
3019 5360 3210 5418 ultimo
3239 5377 3493 5433 sermone

1886 5433 2096 5519 (Nam.
2124 5433 2189 5517 4,)
2217 5453 2228 5519 ξ
2267 5434 2409 5519 Hinc
2442 5436 2581 5490 vobis
2621 5432 2757 5519 stirpe
2788 5434 3015 5519 diluimus
3042 5434 3296 5519 quomodo
3336 5432 3492 5519 Chrg‘.’

1886 5505 1999 5571 Stas
2026 5506 2255 5578 nominis
2298 5516 2566 5578 utriusque
2596 5508 2663 5561 sit
2695 5506 3360 5578 appellatio_signiﬁcatita
3380 5547 3395 5578 ,
3436 5505 3490 5560 id

1882 5590 1984 5645 est,
2017 5577 2365 5631 humanitatis
2394 5586 2444 5629 et
2483 5575 2677 5631 dicitur
2712 5575 2933 5629 natum.
2968 5575 3110 5630 [line
3140 5578 3183 5630 si
3213 5578 3326 5649 quis
3353 5577 3492 5649 dicat

1886 5650 2151 5706 Christum
2203 5650 2559 5726 tantummodo
2589 5665 2859 5721 expresse,
2895 5649 3028 5726 sciat
3068 5650 3120 5711 in
3152 5648 3252 5721 isto
3284 5648 3495 5723 nurnine

1879 5731 2154 5791 utramque
2174 5717 2467 5791 signiﬁcari
2493 5728 2543 5781 et
2562 5716 2955 5791 con'nuncupari
2985 5718 3249 5791 naturam.
3328 5716 3331 5717 ⁷
3380 5718 3383 5723 ’
