3982 6278
506 289 614 353 927

1005 283 1199 342 MAR"
1238 280 1686 341 MERCATORIS
1723 277 2296 338 TBANSLATIONES
2324 279 2694 339 YARIORUI
2728 277 3261 341 OPUSCULORUII.

505 407 723 471 dicitur,
772 413 829 462 et
864 419 974 476 quo
999 411 1160 475 pacto
1186 402 1524 463 enuntiatur,
1556 399 1782 469 intelligi
1807 398 2004 454 debeat
2048 403 2104 452 et
2127 397 2183 457 Α
2205 396 2361 465 Quod
2387 405 2563 456 totum
2589 398 2880 471 impietatis
2905 398 3107 455 malum
3132 408 3157 438 ⁸
3188 396 3407 455 Photini
3431 395 3463 440 δ
3492 396 3563 457 ab

503 500 713 558 sentiri.
745 499 849 567 Qui
877 499 1092 553 tametsi
1112 496 1285 553 factus
1296 504 1381 550 est
1401 495 1585 560 homo,
1608 501 1669 549 ut
1686 490 1925 549 Joannes
1945 507 2105 548 evan-
2205 493 2380 561 magis
2406 492 2581 549 stoico
2614 491 2941 565 philosopho
2970 499 3203 549 tractum
3230 498 3334 548 est.
3811 481 3833 507 ¹

505 593 696 663 gelista
729 590 1067 645 ﬁdelissimus
1110 597 1167 644 et
1212 586 1586 644 veracissimus
1631 585 1787 641 testis
1829 594 1944 654 est,
1975 585 2100 655 quia

513 682 737 737 Verbum
764 698 886 735 caro
922 682 1117 753 factum
1143 687 1219 734 εει
1241 676 1434 750 (Ῑοαη.
1469 694 1507 744 ι,
1535 675 1660 748 id),
1691 685 1746 732 et
1783 677 1837 732 id
1878 676 2100 732 dubium

502 789 611 829 non
642 780 742 828 est.
776 772 893 827 Non
922 778 1005 829 est
1021 769 1326 840 negandum
1359 767 1505 840 quod
1533 768 1621 825 hic
1651 768 1776 825 ﬁcte
1804 768 2095 835 erubescit,

502 868 697 939 factum
718 881 829 919 εεεε
845 861 938 918 sub
964 864 1089 935 lege,
1122 869 1177 917 et
1197 862 1250 917 in
1279 876 1338 917 se
1362 862 1610 917 universa
1626 861 1945 932 suscepisse,
1976 875 2098 931 quas

501 965 775 1027 tamquam
815 956 980 1010 homo
1018 953 1191 1010 factus
1236 968 1426 1024 gerere
1472 952 1659 1009 debuit
1695 972 1708 1006 :
1741 952 1837 1008 sed
1878 953 1958 1009 sic
1985 968 2094 1009 non

498 1056 583 1104 est
637 1047 961 1117 negandum,
1002 1046 1168 1101 immo
1197 1046 1326 1101 totis
1358 1045 1558 1100 viribus
1598 1043 1986 1111 conﬁtendum,
2036 1052 2098 1100 ut

496 1148 751 1195 manente
779 1138 922 1211 apud
944 1153 1069 1193 eum
1096 1137 1324 1193 Deitatis
1352 1135 1666 1208 impassibili
1688 1150 1756 1191 ex
1776 1136 1924 1192 omni
1942 1142 2096 1206 parte

496 1239 709 1298 natura,
734 1237 983 1300 suscepta
1004 1229 1073 1285 ab
1093 1244 1160 1285 eo
1189 1229 1291 1285 ista
1319 1244 1438 1287 esse
1462 1227 1768 1285 credantur.

568 1321 656 1376 l2.
686 1321 819 1389 Quis
848 1329 1028 1377 autem
1058 1321 1221 1378 etiam
1237 1321 1342 1377 hoc
1370 1324 1489 1390 ejus
1512 1320 1657 1375 aliud
1680 1319 2094 1375 deliramentum

494 1428 652 1484 sequo
682 1415 862 1469 animo
905 1414 1074 1481 lerat,
1104 1430 1213 1483 quo
1261 1414 1336 1468 ait
1382 1410 1654 1469 Christum
1706 1410 1889 1470 Jesum
1934 1429 2093 1470 suum

494 1507 662 1578 ipsius
709 1506 997 1563 Dominum
1038 1522 1158 1563 esse
1191 1506 1407 1576 ?Cujus
1436 1506 1595 1562 verba
1624 1514 1750 1562 sunt
1776 1508 1879 1563 ista
1917 1527 1930 1561 :
1975 1507 2093 1563 Hoc

493 1609 666 1655 autem
688 1601 823 1663 dico,
856 1600 1049 1669 inquit,
1079 1608 1137 1654 ut
1166 1602 1410 1655 noveritis
1430 1617 1582 1672 quant
1604 1600 2015 1672 superexcellens
2042 1610 2092 1656 ει

492 1709 694 1748 summa
714 1692 950 1764 quardam
978 1692 1275 1764 conjunctio
1302 1691 1582 1757 existebat,
1622 1693 1780 1746 etiam
1805 1694 1860 1747 in
1885 1694 2092 1765 infante

2277 584 2364 640 14.
2389 584 2489 642 Hic
2502 592 2748 656 tempore
2768 584 2944 641 adhuc
2963 583 3188 641 Joannis
3209 583 3441 657 apostoli
3462 583 3604 640 intra
3622 581 3820 641 Asiam

2204 677 2432 744 exstitit,
2463 684 2520 733 et
2544 675 2819 733 Christum
2838 676 3113 733 hominem
3139 690 3483 733 communem
3509 690 3581 731 ex
3605 672 3819 749 Ioseph

2203 779 2260 827 et
2289 769 2460 826 Maria
2479 777 2685 836 natum,
2711 777 2769 825 et
2794 784 2919 825 eum
2939 768 3063 825 vita:
3089 768 3284 825 merito
3311 782 3474 824 omne
3511 767 3817 824 humanum

2201 875 2372 931 genus
2422 861 2717 933 praeivisse,
2765 875 2976 932 proque
3017 860 3125 916 hoc
3147 859 3205 916 in
3231 859 3330 916 Dei
3356 858 3552 915 Filium
3579 859 3818 931 adopta—

2200 960 2336 1019 tum,
2362 968 2525 1009 ausus
2552 960 2637 1009 est
2662 951 2977 1023 prmdicare,
3000 966 3251 1008 asserens
3274 966 3336 1007 se
3354 949 3613 1016 Matthaai,
3635 949 3815 1009 Marci

2200 1054 2255 1102 et
2278 1044 2439 1102 Luca:
2480 1045 2935 1115 evangelistarum
2979 1043 3360 1101 auctoritatem
3385 1050 3654 1099 secutum.
3685 1041 3813 1111 Quo

2198 1144 2444 1208 tempore
2495 1135 2734 1194 Joannes
2791 1135 3070 1208 apostolus
3120 1142 3311 1192 contra
3362 1135 3510 1192 hunc
3560 1134 3814 1192 condidit

2199 1229 2561 1300 evangelium,
2591 1244 2701 1299 quo
2720 1228 2978 1301 praefatus
3004 1228 3123 1295 ait,
3163 1228 3220 1283 in
3247 1226 3504 1299 principio
3531 1243 3647 1282 εεεε
3673 1224 3814 1283 Ver-

2198 1322 2336 1391 bum,
2368 1331 2417 1379 et
2450 1320 2676 1378 Verbum
2695 1338 2808 1377 esse
2833 1320 2973 1393 apud
2999 1318 3236 1387 Patrem,
3267 1326 3318 1374 et
3337 1316 3505 1373 Deum
3523 1334 3638 1374 esse
3678 1316 3813 1374 Vah

2197 1414 2316 1471 bunt
2348 1415 2529 1488 (Joan,
2564 1431 2605 1482 ι,
2637 1412 2714 1486 1).
2742 1412 3036 1484 Postquam
3062 1410 3436 1484 praefationem
3463 1410 3804 1468 subdescen-

2196 1511 2348 1578 dens,
2372 1519 2433 1566 ut
2460 1508 2771 1567 ostenderet
2796 1522 2962 1579 quem
2987 1507 3065 1564 illi
3102 1514 3216 1562 tres
3234 1505 3593 1576 Evangeliata‘.
3620 1505 3807 1563 homi-

2195 1621 2321 1662 nem
2340 1606 2689 1676 scripserant,
2719 1618 2840 1660 esse
2866 1602 3032 1660 etiam
3071 1602 3242 1658 Deum
3267 1600 3345 1655 ait
3374 1618 3390 1654 :
3421 1597 3578 1664 Quod
3604 1600 3809 1672 factum

2193 1709 2273 1756 est
2314 1701 2371 1755 in
2417 1698 2531 1765 illo,
2573 1701 2681 1755 vita
2734 1707 2815 1754 est
2842 1695 3044 1770 (Ibid.,
3075 1696 3166 1769 4).
3196 1694 3266 1751 Et
3298 1701 3425 1766 post
3473 1708 3651 1765 pauca
3684 1711 3700 1749 :
3730 1691 3808 1749 Et

491 1786 627 1856 ipso,
649 1801 764 1838 cum
786 1783 1066 1841 Dominica
1085 1801 1207 1838 caro
1228 1785 1642 1856 conspiceretur;
1676 1793 1789 1839 erat
1816 1787 1953 1839 enim
1980 1787 2091 1858 ipse
2120 1788 2167 1852 Β
2205 1790 2429 1847 Verbum
2451 1809 2573 1848 caro
2600 1793 2795 1865 factum
2815 1799 2895 1845 est
2917 1788 3104 1862 (Ibid.,
3136 1787 3262 1861 M).

490 1885 540 1929 et
567 1876 747 1946 infans
783 1884 833 1929 et
860 1875 1082 1947 infantis
1110 1874 1388 1930 Dominus.
1413 1874 1543 1941 Quis
1571 1891 1824 1946 umquam
1854 1878 1937 1933 sui
1966 1893 2086 1936 esse

491 1965 743 2022 dominus
785 1964 959 2021 dictus
1000 1965 1118 2020 est?
1148 1963 1254 2020 Sed
1302 1965 1389 2020 hic
1430 1982 1554 2021 cum
1596 1966 1709 2022 vult
1759 1976 1814 2022 ct
1860 1978 2087 2026 conatur

490 2064 735 2127 quartam
780 2056 1118 2114 introducere
1163 2057 1219 2111 in
1245 2065 1431 2113 sancta
1474 2056 1736 2114 Trinitate
1776 2076 2080 2131 personam,

489 2158 651 2220 atque
678 2148 1054 2215 substantiam,
1084 2149 1236 2203 mine
1255 2149 1565 2205 stoliditatis
1584 2158 1686 2219 est,
1711 2160 1766 2207 et
1794 2151 2085 2223 impietatis

490 2242 714 2319 maculis
741 2241 1066 2311 inquinatus.
1296 2300 1302 2307 ,
1818 2253 1849 2271 ν

557 2335 645 2389 l5.
675 2334 938 2402 Quartum
961 2349 1180 2405 quoque
1229 2340 1518 2391 tractatum
1556 2335 1704 2405 ejus,
1735 2338 1829 2408 qui
1873 2338 1928 2394 in
1975 2339 2082 2396 isto

487 2424 671 2482 codice
696 2426 1028 2492 continetur,
1056 2423 1366 2496 diligentius
1401 2434 1458 2481 et
1500 2427 1782 2485 sollicitius
1833 2429 2083 2486 conside-

487 2529 713 2584 randum
739 2528 1111 2597 admonemus,
1134 2528 1288 2600 cujus
1317 2530 1526 2585 initium
1553 2531 1695 2588 istud
1724 2541 1837 2588 est:
1864 2532 2081 2590 Dulcem

486 2631 632 2687 nobis
643 2630 943 2703 pracedens
964 2631 1146 2687 doctor
1159 2649 1395 2687 mensam
1414 2634 1689 2688 charitatis
1704 2638 2075 2707 apposuit,etc.

486 2731 567 2787 Ad
592 2710 745 2802 cuj'us
771 2732 890 2789 loca
916 2732 1273 2805 pervidenda,
1304 2749 1425 2804 quae
1451 2735 1539 2791 hic
1566 2752 1840 2808 exponere
1867 2740 2080 2796 curavi-

485 2851 630 2900 mus,
674 2836 827 2904 signa
854 2836 1284 2907 labyrinthorum
1311 2838 1389 2905 (id
1413 2848 1508 2893 est.
1547 2841 1950 2915 asteriscorumj
1978 2859 2077 2915 ap-

484 2937 656 3007 posita
679 2937 849 2992 lector
877 2937 1134 2993 inveniet.
1163 2937 1241 2992 lbi
1261 2954 1495 3010 namque
1509 2941 1651 2997 inter
1666 2942 2078 3002 Samosatenum

486 3038 706 3095 Paulum
726 3047 783 3095 et
803 3040 1113 3108 Photinum,
1136 3041 1423 3111 magistros
1445 3058 1574 3101 suos
1602 3048 1853 3118 (purgare
1877 3064 1936 3105 se
1963 3059 2077 3107 stu-

484 3140 632 3207 dens,
666 3150 940 3211 tamquam
963 3142 1031 3197 ab
1059 3157 1248 3198 eorum
1268 3144 1512 3201 doctrina
1539 3147 1802 3221 alienus),
1826 3151 2077 3210 differen-

483 3243 552 3298 tia
579 3259 700 3314 quae
720 3244 790 3299 sit
817 3244 1035 3300 molitus
1057 3245 1343 3302 ostendere
1362 3255 1465 3316 est,
1497 3257 1659 3319 atque
1686 3251 1759 3307 ita
1786 3253 1861 3309 ait
1885 3272 1898 3307 :
1929 3253 2076 3311 Pau-

485 3342 559 3399 lus
579 3344 781 3419 quidem
803 3347 860 3399 in
887 3362 946 3400 eo
993 3346 1131 3419 quod
1158 3346 1286 3402 dicit
1313 3345 1574 3405 Christum
1601 3352 1860 3410 hominem
1888 3357 2074 3428 solum,

486 3455 527 3499 rt
542 3455 662 3500 tunc
676 3448 882 3501 initium
908 3447 1112 3515 habere,
1137 3465 1203 3503 ea:
1216 3466 1317 3522 quo
1338 3449 1402 3505 de
1431 3449 1646 3525 Virgine
1667 3465 1823 3511 natus
1842 3466 1941 3525 est,
1965 3468 2085 3518 etc..

2263 1882 2350 1938 l5.
2403 1883 2560 1940 Hunc
2604 1884 2789 1954 itaque
2832 1881 3098 1939 Ebionem
3148 1879 3533 1953 philosophum
3575 1886 3804 1936 secutus

2188 1974 2472 2032 Marcellus
2509 1975 2702 2031 Galata
2730 1983 2845 2043 est;
2874 1972 3137 2030 Photinus
3171 1987 3410 2044 quoque,
3440 1979 3500 2028 et
3527 1982 3552 2012 α
3584 1970 3799 2028 ultimis

2190 2070 2523 2140 temporibus
2544 2068 2880 2125 Sardicensis
2906 2067 3174 2137 Bonosus,
3203 2066 3298 2138 qui
3323 2081 3357 2123 a
3393 2065 3627 2123 Damaso
3644 2065 3803 2123 urbis

2189 2160 2377 2217 Romae
2405 2162 2661 2233 episcopo
2680 2161 3081 2234 prtedamnatus
3099 2166 3202 2216 est.

2260 2253 2348 2309 l6.
2391 2252 2590 2309 Paulus
2609 2261 2790 2308 autem
2810 2252 3218 2317 Samosatenus,
3240 2250 3336 2321 qui
3360 2249 3463 2306 fuit
3487 2248 3795 2306 Antiochia:

2185 2348 2476 2421 episcopus
2504 2347 2841 2419 temporibus
2867 2345 3143 2403 Aureliani
3170 2344 3449 2418 principis,
3489 2358 3683 2400 verum
3708 2351 3798 2400 est

2183 2442 2423 2513 quidem,
2442 2441 2588 2512 quod
2606 2438 2882 2496 Christum
2901 2438 3284 2506 communiter,
3298 2444 3360 2493 ut
3378 2435 3581 2503 ceteri,
3601 2443 3796 2492 nattnn

2184 2535 2461 2591 hominem
2487 2549 2560 2591 ex
2584 2541 2817 2604 utroque
2842 2538 3071 2605 parente
3105 2528 3580 2598 deﬁnit;Verbum
3600 2536 3794 2584 autem

2184 2627 2282 2685 Dei
2308 2626 2503 2695 Patris,
2536 2643 2648 2683 non
2694 2625 3110 2692 substantivum,
3158 2623 3257 2680 sed
3298 2621 3644 2695 prolativnm,
3699 2620 3791 2677 vel

2182 2718 2561 2790 imperativum
2588 2718 2778 2782 sensit,
2810 2725 2975 2787 atque
3002 2715 3402 2789 pronuntiavit,
3432 2728 3543 2771 non
3573 2720 3636 2769 ut
3654 2710 3792 2769 ﬁdes

2182 2810 2346 2867 habet
2387 2810 2680 2876 catholica,
2723 2808 2962 2866 Verbum
2991 2808 3047 2864 in
3088 2806 3409 2872 substantia,
3432 2804 3523 2862 vel
3549 2805 3790 2862 essentia

2181 2903 2702 2970 consubstantivum,
2724 2901 2781 2958 id
2807 2909 2910 2968 est,
2941 2901 3212 2975 ὁμωύσιον
3238 2897 3562 2982 1³⁸ῦὶαωὶῡεὶ
3586 2897 3785 2955 Patn‘s.

2254 2996 2343 3051 l7.
2376 2995 2642 3053 Photinus
2683 3002 2863 3050 autem
2909 2993 3251 3049 insanissimo
3300 2989 3555 3047 Nestorio
3593 3004 3785 3062 parem

2181 3089 2509 3147 sententiam
2554 3087 2748 3155 tenuit,
2778 3085 3018 3142 Verbum
3044 3084 3141 3141 Dei
3164 3081 3382 3154 quidem
3426 3096 3539 3138 non
3581 3094 3788 3151 negans

2101 3177 2148 3241 C
2179 3197 2302 3239 esse
2328 3182 2386 3237 in
2412 3179 2748 3246 substantia;
2780 3177 2878 3234 sed
2916 3178 3026 3234 hoc
3063 3175 3401 3232 extrinsecus
3431 3173 3490 3229 in
3518 3172 3649 3237 isto,
3690 3171 3788 3243 qui

2182 3293 2251 3335 ex
2277 3277 2446 3332 Maria
2482 3290 2637 3331 more
2677 3272 2954 3331 communi
2990 3270 3281 3342 coniugum
3307 3275 3470 3324 natus
3509 3275 3617 3333 est,
3656 3264 3788 3323 Jesu

2185 3368 2516 3426 inhabitasse
2533 3366 2901 3439 peculiariter,
2917 3371 2975 3422 et
2991 3363 3174 3420 omnia
3192 3361 3286 3417 illa
3302 3374 3403 3433 per
3426 3359 3576 3416 hunc
3592 3357 3789 3416 fecise

2183 3464 2238 3519 in
2270 3463 2429 3519 terris
2454 3460 2736 3528 miracula,
2757 3473 2880 3529 qua:
2906 3458 2963 3514 in
2981 3455 3286 3528 Evangeliis
3305 3454 3551 3524 legimus.
3579 3451 3788 3525 ἀΔσηε-

1625 3569 2177 3635 CASTIGA'I‘IONES
2216 3577 2309 3634 ET
2348 3575 2574 3633 NOTE.

556 3662 583 3692 ι
610 3653 1060 3738 Fuit‘Sirmiensis
1080 3658 1384 3738 episcopus,
1400 3659 1543 3738 quod
1564 3668 2066 3738 nqtum,omnibus;

486 3740 589 3782 non
614 3728 817 3796 pariter
844 3733 1051 3793 notum,
1081 3728 1225 3797 quod
1246 3728 1314 3784 ex
1340 3728 1528 3786 eadem
1552 3734 1686 3789 urbe
1706 3728 1967 3795 oriundus
1987 3728 2071 3795 vi;

485 3798 675 3853 deatur
702 3804 893 3852 auctor
912 3798 1022 3865 ille,
1054 3799 1139 3854 cui
1168 3798 1557 3857 Praedestinato
1587 3818 1784 3860 nomen
1807 3806 2067 3866 fecitSir-

483 3867 729 3943 mundus.
757 3866 956 3923 Scribit
984 3870 1175 3943 enim}
1194 3870 1401 3927 Heresi
1424 3871 1533 3943 44)
1564 3891 1576 3926 :
1606 3874 1940 3935 Samosateni
1969 3883 2071 3936 Ita:-

484 3940 611 4015 resis
637 3940 1037 4015 instaurataest
1052 3958 1085 3994 a
1114 3940 1343 4015 Photino
1361 3940 1602 4015 episcopo
1630 3957 1830 4013 nostra,
1863 3958 1968 4007 etc.
2003 3952 2072 4007 Et

485 4008 719 4093 (licere-si.
732 4008 830 4093 A45)
847 4028 859 4063 :
878 4008 1555 4093 Photinumndixinostrun't
1573 4008 1869 4093 episcopum
1892 4022 2069 4093 fuisse,

483 4081 742 4158 sicut’fuit
769 4090 945 4158 noster
962 4081 1430 4158 JudasAScariptes
1449 4081 1758 4158 apostolus,
1786 4081 1901 4144 etc:
1936 4081 2071 4148 Cum

482 4150 806 4233 ergo-Sirmii
823 4153 1110 4233 cpiscopus
1122 4153 1282 4233 fuerit
1304 4150 1585 4233 Photinus,
1600 4150 2074 4233 videturSirmien-

482 4222 556 4277 sis
577 4222 665 4276 ille
687 4230 911 4302 auctor}
927 4231 983 4276 at
998 4222 1187 4302 lueresi
1207 4224 1275 4278 44
1295 4242 1448 4302 suum
1466 4222 1602 4302 dixit
1616 4226 1892 4302 Optatum,
1909 4248 2070 4302 quem

482 4301 693 4347 constat
718 4292 1085 4349 Milevitanum
1116 4294 1299 4353 fuisse.
1334 4296 1423 4351 Ait
1451 4299 1593 4353 enim
1630 4292 2071 4360 z'Parmeni'anus

484 4379 574 4432 per
602 4372 760 4441 totam
780 4363 1013 4441 Africam
1042 4364 1201 4441 libros
1229 4376 1414 4441 contra
1441 4386 1533 4424 nos
1555 4371 1867 4441 conﬁciens,
1897 4384 1949 4427 et
1975 4392 2071 4431 no-

484 4449 583 4515 vos.
610 4434 841 4516 psaltrias
870 4437 1082 4516 faciens
1110 4440 1435 4505 circumibat,
1480 4434 1672 4516 contra:
1701 4434 1862 4514 quem
1895 4456 2072 4500 noster

483 4501 687 4585 scripsit
712 4501 961 4585 AOptatus.
984 4505 1184 4585 Verum
1213 4501 1453 4585 nostrum
1482 4511 1616 4565 dixit
1636 4501 1909 4585 Optatum,
1934 4531 2071 4585 quo.

481 4576 644 4653 modo
673 4582 730 4653 et
754 4583 943 4653 contra
965 4592 1063 4633 nos
1087 4576 1828 4653 Pannenianumconfecisse
1868 4576 2034 4642 libros
2052 4627 2068 4653 ,

2184 3670 2254 3727 ad
2277 3685 2429 3726 suam
2471 3667 2720 3725 hteresim
2759 3663 3095 3737 probandam
3150 3662 3459 3737 adhibuisse
3491 3679 3507 3737 ς
3548 3661 3785 3737 Evaluit

2178 3742 2320 3797 enim
2349 3740 2530 3809 vulgo,
2561 3747 2618 3794 et
2636 3730 2846 3809 magnis
2864 3736 3082 3809 quidem
3102 3733 3432 3809 auctoribus,
3452 3732 3529 3809 ab
3538 3730 3779 3809 Ebioni.

2177 3813 2250 3869 tis
2275 3801 2705 3867 unum'Matthaai
2720 3801 3069 3876 Evangelium
3090 3812 3381 3876 receptum
3393 3801 3591 3869 fuisse;
3615 3804 3783 3860 immo

2179 3880 2552 3938 Pricdestinati
2577 3888 2769 3935 auctor
2796 3893 2828 3932 a
2849 3873 2994 3932 Luca
3024 3873 3323 3929 Antiochiae
3350 3873 3642 3930 damnatos
3661 3889 3785 3931 esse

2178 3953 2384 4008 scribit.
2413 3950 2595 4007 Potuit
2640 3949 2912 4005 Mercator
2931 3947 3000 4003 de
3035 3944 3309 4001 Stoicismi
3346 3942 3691 4014 professione
3717 3960 3784 3999 ea

2178 4024 2418 4079 scribere
2441 4021 2510 4078 de
2536 4021 2734 4091 quibus
2770 4019 2860 4091 alii
2888 4017 3082 4091 silent;
3111 4013 3376 4091 potuit_et
3401 4013 3673 4070 Ebionem
3694 4015 3781 4070 di-

2179 4108 2304 4150 cere
2331 4085 2713 4165 philosophum
2730 4090 2895 4165 ,_quia
2913 4085 3185 4165 despectis
3203 4085 3401 4165 opibus
3419 4094 3784 4155 spontaneam

2179 4154 2585 4236 paupertatem}
2624 4154 2824 4236 quoda
2856 4154 3212 4236 scriptoribus
3231 4154 3491 4236 traditur,
3520 4170 3784 4236 sequere-

2179 4225 2438 4290 turfJam
2465 4225 2597 4288 vero
2625 4225 2889 4287 Ebionem
2909 4225 3086 4290 ipsum
3121 4225 3378 4283 credibile
3413 4234 3498 4282 est
3534 4226 3780 4281 auctori-

2180 4313 2293 4361 tate
2322 4304 2559 4360 Μαιηιωί
2581 4342 2598 4369 ,
2629 4301 2788 4357 Lucae
2825 4309 2883 4357 et
2926 4296 3093 4355 Marci
3126 4314 3322 4369 rusum,
3364 4312 3505 4369 cura
3527 4297 3633 4351 tria
3662 4296 3784 4352 haec

2179 4375 2468 4445 Evangelia
2493 4365 2606 4445 jam
2630 4379 2926 4445 exstarent.
2943 4368 3225 4445 Ebionitas
3244 4375 3433 4445 postea
3455 4365 3701 4445 Marcum
3721 4373 3780 4423 et

2177 4435 2379 4504 Lucam
2413 4435 2692 4516 rejecisse,
2736 4443 2863 4516 quia
2904 4443 3066 4516 istum
3107 4435 3453 4511 patiebantur
3483 4435 3778 4494 adversum

2179 4517 2351 4583 illum,
2375 4512 2502 4587 quia
2528 4512 2769 4587 consona
2788 4512 2945 4587 Luca:
2964 4512 3276 4587 scripserat.

2251 4600 2275 4627 ε
2316 4585 2408 4663 Ad
2426 4589 2571 4643 hunc
2596 4586 2774 4663 locum
2797 4585 3046 4663 observa.
3080 4585 3318 4663 Primum
3336 4619 3364 4661 ,⁸
3392 4592 3510 4663 quo
3523 4585 3782 4663 tempore

481 4644 756 4726 religionis
775 4646 1297 4726 scilicet,-partisquAe
1325 4659 1381 4705 et
1401 4648 1522 4707 ﬁdei
1550 4652 1782 4720 ratione,
1810 4644 2067 4726 prapter;
2096 4718 2134 4726 _
2176 4659 2372 4714 vixerit
2389 4656 2774 4721 contradictor,
2799 4644 3462 4726 nimirumjlllinqmﬁinia

481 4716 871 4812 3.9395233?
894 4716 1191 4812 stultas
1208 4716 1495 4812 ἰρίὶρίξξυεν
1534 4731 1725 4812 eontra
1760 4716 2065 4812 senatus
2091 4718 2143 4777 υ
2167 4728 2735 4812 ροειρτωάτηηηεηυπξ
2755 4716 2785 4780 ἀ
2805 4725 3037 4808 Damaso
3055 4716 3351 4812 Βδιιρέυπὶν
3372 4718 3776 4812 rusticanus

481 4784 869 4844 Parineniahus
892 4790 1182 4845 scribebat.
1344 4792 1412 4865 de
1438 4784 1660 4849 auctore
1682 4794 1904 4865 hujusce
1927 4798 2067 4865 libri,

479 4872 639 4935 quem
690 4875 914 4935 censura
968 4876 1076 4935 non
1118 4862 1489 4935 eruditissima
1521 4862 1793 4935 nonnemo
1833 4862 2068 4935 vexavit,

479 4929 724 5055 giclenntts
764 4930 1053 4999 aliquando
1099 4933 1401 5003 copiosius,
1449 4932 1497 4990 si
1538 4933 1680 4993 Deus
1727 4929 2069 4995 occasionem

517 5017 546 5055 ε
584 5016 663 5055 ert
693 5039 706 5053 .

517 5016 706 5055 εαει-ιι.

552 5072 578 5110 ιι
618 5069 923 5149 De_Ebione
949 5087 1013 5149 ea
1035 5072 1197 5149 refert
1228 5073 1494 5149 Mercator
1513 5092 1634 5148 quae
1654 5080 1851 5149 partim
1872 5096 2064 5137 conso-

480 5149 610 5219 nant
638 5143 867 5198 aliorum
887 5143 1140 5219 scriptis,
1177 5148 1372 5219 partim
1413 5143 1554 5219 nova
1598 5143 1827 5219 possunt
1872 5151 2061 5207 videri.

477 5210 793 5295 Consonant
820 5210 1071 5270 omnibus
1098 5210 1484 5295 haeresiologis,
1507 5210 1934 5295 Christumesse
1964 5222 2066 5277 ho-

480 5287 681 5368 minem
710 5300 1049 5368 communem
1069 5326 1103 5368 ,_
1128 5287 1235 5368 qui
1256 5303 1322 5368 ex
1349 5287 1551 5368 Joseph
1576 5299 1632 5347 et
1656 5290 1842 5368 _Ma_ria
1874 5300 2065 5368 natus,

479 5357 675 5433 merito
702 5357 826 5433 vita:
853 5357 1063 5433 ceteris
1091 5357 1399 5433 hominibus
1426 5357 1694 5431 praeiverit
1712 5362 1989 5433 ,‘ideoque
2011 5357 2066 5419 in

480 5424 810 5507 Filiungi
856 5427 1146 5507 adoptatus
1190 5430 1315 5507 sit;_
1332 5424 1607 5507 consonat
1634 5424 2065 5507 et'llierghymo

484 5494 625 5573 (Dib.
657 5497 721 5553 de
749 5496 945 5573 θῆρε.
964 5494 1408 5573 'Ecctes._c.'l9),
1434 5499 1780 5573 Evangelium
1810 5519 1838 5559 a
1860 5494 2070 5562 Joanne

484 5567 741 5651 adversus
753 5567 1028 5651 Ebibnem
1058 5571 1304 5651 maxime
1321 5567 1683 5651 conscriptum
1714 5591 1853 5651 esse.
1884 5575 1954 5651 At
1980 5591 2071 5632 ne-

483 5652 574 5724 mo
588 5638 1131 5724 .tradidituhactenus,
1161 5643 1322 5724 quod
1336 5645 1500 5724 sciam
1513 5638 1553 5724 _,'
1574 5646 1716 5703 hunc
1754 5647 2068 5724 ha-reticum

483 5707 723 5782 Stoicam
748 5707 1141 5782 philosophiam
1177 5707 1423 5771 secutum
1453 5707 1637 5782 fuisse,
1675 5719 2069 5777 testimonium-

481 5794 593 5861 que
618 5780 779 5843 trium
806 5780 1284 5863 evangelistaram,
1303 5784 1539 5847 Matthai
1555 5827 1574 5859 ,
1599 5780 1765 5847 Marci
1805 5797 1860 5848 et
1888 5789 2065 5863 Lucae,

2178 4788 2368 4870 'annii,
2409 4806 2459 4852 et
2486 4816 2546 4870 eo
2589 4797 2727 4870 quod
2770 4796 3029 4870 ercurrit,
3070 4801 3196 4870 post
3246 4788 3433 4870 natum

2176 4860 2402 4935 Deinde,
2432 4868 2585 4938 cujus
2602 4860 2845 4938 civitatis
2863 4865 3047 4938 sedem
3072 4860 3323 4919 Bonosus
3343 4861 3601 4938 tenuerit,
3625 4860 3777 4938 quod

2176 4930 2705 5016 ignotunt_Baronio,
2734 4936 3096 5016 Petavihoqu‘e,
3127 4930 3506 5016 atquenmagni
3534 4930 3775 5016 nominis

2174 5001 2559 5082 scriptoribus,
2601 5001 2700 5064 fuit
2739 5008 2883 5082 enim
2909 5001 3263 5082 Sal-dicensis:
3292 5001 3508 5082 Postea
3530 5014 3639 5082 qua
3662 5018 3776 5082 Ia-

2175 5082 2249 5135 tio
2256 5071 2322 5163 n'e
2334 5071 2597 5163 Dpnosus,
2610 5095 2771 5163 quem
2785 5076 3015 5163 Anysius
3026 5071 3565 5163 ΔἸίιεεειιξρηἰειαξιξιςτίεεέ
3581 5081 3642 5128 ει
3660 5071 3781 5127 hla-

2174 5151 2389 5208 cedonii
2411 5143 2649 5222 episcopi
2673 5143 3001 5222 damnarunt
3025 5144 3361 5222 temporibus
3590 5158 3775 5222 papa,

2173 5223 2386 5278 dicatur
2414 5213 2615 5276 tamen-
2632 5236 2665 5276 a
2703 5221 2935 5275 Damaso
2967 5213 3396 5342 gmdamnatus,
3423 5214 3525 5270 sub
3552 5213 3782 5270 nomine

2173 5294 2382 5342 scilicet
2414 5300 2525 5342 tum
2550 5291 2821 5342 Marcelli.
2844 5299 2957 5342 tum
3023 5286 3231 5342 hotini.
3260 5299 3493 5342 auorum
3519 5284 3781 5340 haeresim

2172 5294 2382 5349 scilicet
2414 5300 2526 5347 tum
2549 5291 2821 5356 Marcelli,
2844 5299 2957 5345 tum
2970 5284 3231 5351 Photini,
3260 5299 3493 5355 quorum
3519 5284 3781 5340 heresim

2176 5364 2490 5437 renovavit;
2521 5363 2597 5437 illi
2620 5362 2765 5418 enim
2785 5359 3078 5437 in_s1no_do
3108 5357 3479 5437 Romana,_ex
3500 5370 3607 5426 qua
3636 5369 3781 5437 pro.

2173 5435 2337 5517 fessio
2360 5426 2534 5517 lideia
2549 5433 2785 5517 Damaso
2797 5431 2863 5488 ad
2884 5426 3169 5487 Paulinum
3193 5426 3591 5482 Antiochenam
3605 5426 3781 5482 missa

2174 5514 2277 5571 est,
2300 5512 2587 5588 proscripti
2620 5512 2763 5561 sunt.
3028 5571 3043 5587 .
3189 5570 3202 5583 _
3328 5567 3342 5581 .
3628 5565 3643 5579 .

2246 5576 2272 5616 ἀ
2316 5575 2505 5646 Arguit
2534 5574 2851 5644 ignorantiae
2889 5581 2984 5629 aut
3028 5576 3394 5640 incogitantia:
3430 5565 3785 5646 Nestorium,

2174 5649 2264 5719 «ιιιε
2284 5638 2623 5728 ieiunia
2652 5646 2786 5728 dim
2814 5661 2914 5717 ιπο
2942 5638 3252 5728 reatris:
3270 5651 3663 5728 9292199921

2176 5714 2324 5775 venit
2358 5714 2623 5785 Praxeas,
2654 5726 2715 5773 ut
2752 5714 2906 5775 suam
2934 5715 3002 5771 de
3030 5714 3293 5771 Trinitate
3319 5714 3648 5785 sententiam
3679 5715 3790 5785 ut:

2177 5804 2412 5871 cumque
2435 5778 2753 5875 explicaret.
2788 5787 2921 5851 Vide
2944 5785 3336 5849 Tertullianum
3352 5779 3493 5841 libro
3514 5778 3793 5855 singulari
