3924 6282
77 198 229 290 ’κθ

1008 225 1325 284 NESTORII
1365 223 1948 286 BLASPHEMIARUM
1983 219 2326 280 CAPITULA
2367 217 2485 275 XII.

3298 211 3408 274 930

119 353 327 427 πάτορα
370 362 519 414 vero,
551 347 696 418 quod
741 346 831 402 hic
877 347 1249 404 insanissimus
1290 347 1439 414 dicit,
1469 347 1717 404 nesciens
1744 351 1790 409 Α
1821 342 2038 413 quando
2063 341 2240 407 Pater,
2265 337 2553 410 aliquando
2572 335 2760 406 Filius,
2783 350 2926 392 unus
2941 342 3103 406 atque
3129 334 3273 392 idem
3292 336 3410 407 ipse

119 441 249 512 quid
278 440 530 510 loquatur
573 440 858 519 νεοπάτορα
889 437 1125 494 Praxeas
1152 441 1389 510 primus,
1434 439 1558 494 inde
1597 445 1718 508 post

121 549 233 589 non
260 531 489 587 multum
515 530 825 601 Montanus,
858 547 982 588 cum
1009 548 1106 588 sua
1125 531 1308 589 Prisca
1352 541 1410 589 et
1427 529 1718 588 Maximilla

119 623 495 697 pronuntiant.
1455 654 1458 658 -

193 713 281 770 18.
315 723 342 752 ι
371 713 503 771 Post
528 715 645 772 haec
665 723 847 772 autem
881 715 1149 773 Sabellius
1174 724 1229 773 et
1248 715 1551 784 Marcellus,
1584 723 1720 770 tem-

119 823 256 878 pore
286 821 396 877 quo
425 807 774 878 impiissimus
813 807 970 864 Arius
997 809 1222 877 exstitit,
1269 808 1638 864 monarchiam
1661 823 1721 863 se

117 901 174 955 in
198 900 502 956 Divinitatis
523 902 823 958 substantia
843 903 1078 958 retinere
1099 903 1298 958 debere
1324 909 1592 974 putantes,
1626 917 1723 957 ne-

117 991 288 1048 fando
318 1008 503 1049 errore
542 993 773 1066 decepti,
797 995 913 1050 ausi
952 1003 1078 1050 sunt
1105 994 1271 1051 Deum
1301 993 1518 1050 Patrem
1547 995 1722 1064 ipsum

115 1084 224 1142 sibi
252 1085 466 1154 Filium,
498 1087 676 1158 ipsum
722 1088 824 1144 sibi
847 1103 966 1144 esse
995 1088 1232 1154 Patrem,
1266 1089 1441 1159 ipsum
1481 1088 1583 1143 sibi
1603 1103 1723 1143 esse

114 1175 380 1248 Spiritum
401 1187 665 1245 sanctum,
691 1180 864 1251 ipsum
896 1181 1253 1246 incarnatum,
1286 1197 1522 1252 passum,
1547 1179 1724 1236 cruci-

114 1267 306 1335 ﬁxum,
339 1269 513 1339 ipsum
541 1285 571 1324 a
593 1268 790 1326 Judaais
818 1272 997 1326 omnia
1029 1272 1336 1342 pertulisse,
1362 1273 1724 1328 resurrexisse

114 1375 150 1414 a
170 1361 422 1427 mortuis,
452 1370 508 1416 et
533 1363 711 1417 omnia
733 1364 1028 1433 peregisse,
1059 1380 1180 1434 quze
1209 1380 1310 1420 nos
1331 1381 1430 1436 per
1449 1362 1724 1420 Christum

115 1453 173 1508 in
195 1469 431 1525 persona
479 1456 697 1526 propria
745 1456 879 1526 ejus,
918 1474 1017 1527 pro
1045 1458 1265 1513 humani
1287 1458 1502 1528 generis
1525 1458 1722 1520 salute,

113 1554 364 1614 gestasse
390 1546 662 1601 credimus
689 1555 746 1603 et
773 1547 1111 1602 confitemur.

191 1637 281 1693 l9.
312 1638 624 1695 Diﬂ'erentia
648 1641 828 1710 itaque
851 1642 992 1696 inter
1019 1641 1432 1698 Samosatenum
1455 1649 1509 1697 et
1538 1641 1725 1696 Photi-

111 1748 269 1798 num,
303 1732 405 1787 ista
426 1733 540 1788 sola
562 1741 662 1799 est,
681 1748 788 1803 qua
805 1733 1005 1790 Paulus
1027 1734 1262 1790 Verbum
1285 1734 1380 1790 Dei
1401 1737 1725 1823 προφορικὸν,

111 1829 198 1880 καὶ
215 1827 496 1903 πρακτικὸν
507 1826 647 1900 λόγον
669 1830 748 1882 καὶ
769 1829 1095 1902 ἐνεργητικὸν,
1122 1828 1173 1883 id
1187 1837 1290 1894 est,
1316 1828 1652 1899 prolativum
1669 1836 1726 1884 et

111 1917 408 1985 potestatis
445 1916 751 1973 etfectivum
787 1918 1022 1974 Verbum
1058 1921 1255 1985 sensit,
1289 1935 1395 1974 non
1423 1921 1722 1977 substanti-

108 2025 264 2074 vum,
295 2011 439 2080 quod
460 2009 632 2068 Graeci
661 2013 925 2082 οὐσιῶδες,
959 2014 1161 2070 dicunt.
1189 2014 1215 2053 δ
1245 2013 1509 2070 Photinus
1541 2023 1722 2069 autem

110 2101 352 2158 Nestorii
401 2104 656 2174 magister
683 2104 920 2161 Verbum
961 2107 1178 2176 quidem
1230 2108 1334 2162 hoc
1369 2106 1462 2161 Dei
1504 2121 1625 2161 esse
1666 2107 1721 2162 in

110 2197 418 2252 substantia
447 2207 629 2268 negat,
680 2199 775 2255 sed
803 2215 924 2256 esse
969 2200 1024 2255 id
1073 2199 1169 2256 Dei
1197 2199 1391 2255 Filium
1435 2215 1544 2254 non
1573 2200 1720 2265 vult;

110 2287 395 2344 habitasse
415 2304 544 2345 vero
563 2290 927 2360 peculiariter,
943 2290 1032 2346 vel
1053 2291 1343 2347 adhzesisse
1361 2289 1575 2345 Christo
1594 2289 1722 2346 Jesu

111 2379 186 2434 de
215 2377 419 2451 Joseph
447 2388 504 2436 et
529 2380 696 2437 Maria
746 2391 896 2449 nato,
946 2399 1050 2439 nec
1095 2383 1390 2453 quidquam
1431 2384 1574 2438 hunc
1601 2382 1724 2452 plus

109 2469 287 2528 fuisse
307 2487 470 2543 quam
497 2473 791 2542 hominem,
808 2491 933 2531 cum
952 2476 1230 2547 impietate
1249 2477 1462 2540 delirat,
1485 2476 1578 2546 qui
1605 2491 1723 2532 om-

108 2579 217 2620 nes
247 2565 469 2620 omnino
497 2565 744 2621 homines
771 2567 892 2622 vita:
920 2567 1114 2622 merito
1145 2568 1501 2622 antevenerit.

187 2654 281 2708 20.
312 2653 605 2710 Photinum
633 2655 877 2712 Romana
906 2656 1167 2722 Ecclesia,
1200 2666 1256 2713 et
1284 2659 1575 2729 participes
1615 2659 1716 2714 hu-

97 2744 350 2814 iusmodi
377 2749 660 2818 pravitatis
692 2761 714 2789 ο
737 2749 1184 2806 Homuncionitas
1212 2751 1456 2805 nominat
1481 2770 1492 2805 :
1527 2750 1718 2807 Sabel-

104 2838 295 2896 lianos
311 2857 442 2896 vero
470 2858 593 2898 cum
621 2844 1013 2913 antiquioribus
1040 2846 1303 2902 similibus
1328 2862 1536 2914 eorum,
1570 2845 1596 2886 ει
1613 2847 1718 2903 Pa-

107 2930 468 3001 tripassianos
495 2935 761 3005 appellat;
793 2937 940 3005 quia,
984 2945 1042 2992 ut
1065 2937 1266 2993 dictum
1286 2947 1386 3004 est,
1412 2939 1588 3010 ipsum
1615 2938 1720 2994 Pa-

108 3029 260 3078 trem
290 3023 464 3094 ipsum
494 3025 689 3081 Filium
713 3027 954 3082 sentiunt
992 3029 1211 3084 nomine
1239 3030 1471 3097 unionis,
1501 3031 1596 3099 qui
1624 3031 1724 3085 ali-

1821 435 1892 491 sit
1918 435 2039 501 sibi,
2071 433 2234 490 etiam
2261 431 2510 504 Spiritus.

1891 527 1980 581 2L
2026 536 2051 565 ε
2081 525 2362 582 Nestorius
2391 539 2524 579 sane
2548 538 2580 577 a
2609 521 2844 578 Photino
2874 527 3098 577 auctore
3132 534 3234 576 suo
3270 519 3327 574 in
3355 518 3411 574 id

1823 630 2032 677 tantum
2059 619 2333 686 dissentit,
2364 617 2512 689 quod
2556 633 2626 673 ex
2650 615 2869 686 Virgine
2918 615 3088 670 Maria
3130 612 3408 670 Christum

1823 713 2015 770 asserit
2041 721 2260 779 natum;
2291 711 2347 766 in
2373 709 2597 780 reliquis
2624 723 2756 766 vero
2787 707 3037 764 omnibus
3074 713 3222 763 totus
3246 705 3414 777 ipsius

1824 823 2028 878 sequax
2045 848 2059 874 ,
2084 805 2326 876 signifer,
2349 804 2734 875 antesignanus
2763 810 2848 858 est
2863 844 2878 870 ,
2903 811 2959 859 et
2988 801 3045 856 in
3073 800 3128 856 id
3155 800 3438 878 maxime“.

1823 871 1969 974 quod
1996 871 2159 973 supra
2188 871 2554 956 memoratum
2575 903 2680 965 est,
2710 896 2808 952 Dei
2837 895 3074 952 Verbum
3098 894 3196 950 Dei
3217 871 3434 949 Filium'

1823 1011 1934 1052 non
1959 1010 2097 1059 esse,
2130 1009 2232 1050 nec
2259 993 2366 1049 dici
2386 992 2603 1058 debere,
2646 1006 2748 1046 nec
2784 989 2974 1055 ullum,
3003 987 3108 1044 nisi
3127 986 3311 1044 Jesum
3347 1001 3448 1084 ex”

1824 1090 1992 1146 Maria
2021 1097 2228 1155 natum,
2260 1087 2454 1142 Filium
2477 1086 2574 1142 Dei
2595 1085 2901 1150 dicendum,
2923 1085 3018 1155 qui
3046 1083 3306 1153 templum
3325 1082 3432 1143 ha-f

1824 1182 2043 1238 bitantis
2071 1183 2126 1236 in
2155 1195 2215 1236 se
2242 1180 2434 1245 factus,
2465 1195 2532 1234 ex
2559 1177 2787 1233 indivisa
2817 1176 2959 1232 inter
2977 1191 3038 1232 se
3056 1182 3113 1230 et
3132 1172 3296 1228 Verbi
3320 1171 3446 1238 Dei.
3519 1174 3524 1179 '

1825 1276 2084 1332 societate
2111 1281 2168 1338 et
2187 1272 2568 1342 conjunctione
2588 1272 2694 1326 hoc
2720 1270 2827 1326 dici
2853 1269 3070 1335 meruit,
3102 1281 3212 1322 non
3233 1246 3442 1387 tamen;

1837 1381 1946 1387 --_-
1973 1374 2160 1387 _._.__..-
2197 1363 2387 1387 D112"...
2412 1363 2506 1387 “A:
2559 1370 2615 1387 -.ι
2648 1363 2735 1387 ...ιε
2770 1377 2829 1387 Α..
2860 1363 2960 1387 1.,..ι
2991 1361 3188 1387 ..κει-...ιι
3211 1361 3383 1387 ἣξ--ε..ζ

1829 1381 1950 1422 esse
1973 1374 2170 1420 natura
2196 1363 2392 1418 Filium
2412 1363 2530 1428 Dei,
2559 1370 2620 1417 ut
2645 1363 2738 1431 qui
2766 1377 2833 1418 ex
2860 1363 2962 1417 hac
2991 1361 3190 1418 unione
3211 1361 3442 1482 Divinth

1829 1463 1951 1482 .-.:-
1982 1459 2254 1482 __:_-:I-..:-
2291 1463 2605 1482 -.._..-...-e--..
2629 1457 2695 1482 ..ει
2745 1471 2850 1482 ...ιη
2870 1472 2927 1482 ...ι
2954 1456 3154 1482 ιιηιιΑηη
3187 1449 3382 1482 ..-ο-....’

1828 1463 1956 1517 tatis
1982 1459 2261 1531 privilegia
2287 1463 2610 1515 consecutus
2629 1457 2718 1523 sit,
2744 1471 2853 1512 non
2867 1472 2933 1512 ea
2952 1456 3158 1513 habens
3185 1465 3377 1513 natura
3397 1497 3416 1525 ,

1829 1552 1922 1607 sed
1952 1551 2142 1620 gratia.
2551 1572 2554 1575 -

1899 1643 1989 1699 22.
2031 1643 2186 1711 Quod
2215 1642 2332 1712 ejus
2360 1641 2650 1713 impietatis
2673 1655 2843 1712 genus
2863 1655 2973 1697 non
2999 1641 3090 1698 hic
3113 1641 3169 1697 in
3201 1641 3308 1698 isto
3328 1656 3420 1698 ca-

1759 1755 1808 1816 Β
1833 1738 2023 1811 pitulo,
2066 1736 2163 1792 sed
2184 1737 2238 1791 in
2268 1735 2385 1791 aliis
2408 1733 2642 1804 scriptis,
2673 1733 2727 1788 in
2749 1733 2855 1788 isto
2892 1740 3075 1788 tamen
3112 1732 3298 1789 codice
3337 1733 3421 1788 in-

1827 1831 2003 1897 sertis,
2037 1836 2091 1886 et
2119 1828 2437 1884 tractatibus
2459 1827 2766 1884 continetur
2792 1834 2848 1882 et
2866 1825 3079 1896 legitur.
3105 1824 3176 1881 Et
3194 1826 3318 1882 inde
3336 1835 3423 1883 est

1827 1925 1971 1996 quod
1996 1925 2294 1981 catholicus
2310 1961 2326 1986 ,
2357 1923 2449 1992 qui
2477 1921 2638 1992 legit,
2670 1927 2861 1978 cautus
2887 1935 3011 1976 esse
3036 1919 3198 1976 debet
3225 1919 3295 1976 de
3320 1935 3417 1974 va-

1825 2020 2019 2075 rietate
2041 2026 2098 2073 et
2124 2016 2486 2072 inconstantia
2503 2056 2519 2081 ,
2547 2029 2710 2084 quam
2748 2022 2930 2069 utrum
2957 2012 3156 2068 astutia
3173 2052 3189 2078 ,
3228 2027 3299 2068 an
3324 2028 3419 2069 ve-

1826 2110 2008 2167 cordia
2038 2109 2106 2164 ad
2135 2107 2476 2164 alliciendum
2505 2106 2804 2162 auditorem
2833 2105 3062 2173 habeat,
3096 2120 3208 2162 non
3230 2114 3314 2162 est
3339 2105 3421 2160 fa-

1826 2204 1929 2259 cile
1956 2219 2117 2258 nosse
2142 2221 2155 2256 :
2188 2202 2381 2272 quovis
2404 2210 2582 2256 tamen
2603 2209 2764 2272 pacto
2780 2240 2796 2266 ,
2820 2207 3036 2255 constat
3056 2214 3182 2255 eum
3210 2199 3421 2254 varium

1827 2311 1946 2351 esse
1963 2337 1978 2362 ,
2027 2296 2239 2364 sibique
2265 2293 2618 2350 contrarium.
2652 2293 2784 2358 Quis
2811 2300 2994 2347 autem
3021 2307 3130 2347 non
3158 2299 3419 2360 agnoscat

1824 2390 2132 2461 huiusmodi
2159 2389 2453 2454 hominem,
2486 2394 2581 2442 aut
2602 2396 2878 2456 tamquam
2903 2395 3139 2442 astutum
3167 2394 3418 2456 captato-

1823 2495 1942 2536 rem
1961 2496 2080 2535 esse
2106 2479 2452 2549 fugiendum;
2485 2486 2578 2533 aut
2605 2487 2878 2547 tamquam
2899 2478 3206 2544 excordem,
3231 2484 3422 2547 utpote

1823 2571 1926 2628 sibi
1943 2571 2335 2635 adversantem,
2353 2578 2411 2626 et
2423 2585 2488 2625 ex
2511 2570 2775 2627 varietate
2785 2569 3087 2636 confusum,
3100 2571 3248 2626 nullo
3259 2569 3421 2649 modo

1817 2679 1941 2722 esse
1968 2665 2302 2735 sequendum
2319 2665 2344 2717 ?

1893 2755 1984 2812 23.
2016 2757 2073 2810 ln
2096 2758 2199 2813 illis
2219 2773 2349 2813 sane
2376 2758 2662 2814 duodecim
2681 2756 2951 2828 capitulis,
2975 2755 3170 2826 quibus
3192 2755 3261 2811 ad
3274 2756 3418 2812 hunc

1825 2851 1998 2921 ipsum
2021 2846 2327 2904 Nestorium
2355 2857 2572 2905 sanctus
2598 2849 2885 2918 episcopus
2902 2845 3134 2918 Cyrillus
3153 2847 3414 2911 scribens,

1825 2947 2028 2998 rectam
2057 2946 2113 2994 et
2138 2954 2327 2994 sanam
2355 2939 2608 3010 exposuit
2637 2939 2795 2993 tidem
2812 2979 2830 3005 ,
2863 2945 2920 2993 et
2965 2937 3055 2993 hic
3081 2953 3113 2992 a
3142 2937 3417 2993 contrario

1828 3031 2053 3100 singulis
2079 3031 2160 3087 eis
2194 3030 2604 3102 respondendo,
2652 3028 3133 3087 contradicendum
3171 3029 3413 3100 putavit,

1257 3182 1806 3242 CASTIGATIONES
1845 3187 1932 3243 ET
1970 3184 2198 3243 NOTAE.

109 3315 638 3393 contra_Praxeam,
678 3331 841 3386 quem
888 3317 1104 3393 scripsit
1139 3316 1380 3393 Montani
1436 3321 1710 3393 erroribus
1738 3324 1784 3388 C
1815 3337 1935 3377 esse
1969 3340 1980 3374 :
2009 3337 2196 3376 verum
2222 3322 2349 3392 quia
2374 3321 2440 3377 de
2463 3320 2681 3393 Photini
2709 3337 2895 3378 errore
2913 3321 3094 3378 futura
3122 3328 3206 3377 est
3224 3321 3414 3393 copio-

106 3390 218 3460 jam
256 3389 485 3444 infectus
511 3409 523 3440 :
555 3403 720 3458 porro
742 3396 927 3460 autem,
949 3388 1096 3460 quod
1124 3389 1200 3443 ait
1238 3389 1524 3455 Mercator,
1556 3392 1708 3447 Mon-

111 3459 301 3538 t_anum
327 3475 542 3530 quoque
567 3461 854 3538 υὶοτερηςοηα
881 3459 1116 3538 dixisse,
1135 3468 1298 3538 atque
1312 3462 1398 3538 ita
1417 3463 1708 3538 adhaesisse

112 3529 360 3596 Praxeai,
384 3539 646 3602 repugnat
664 3529 1250 3602 Epiphanio_scribenii
1267 3531 1502 3602 (Advers.
1521 3534 1707 3589 lueret.

113 3603 148 3656 ι.
183 3620 246 3667 ιι,
293 3602 419 3674 hear.
453 3600 533 3654 ’48
555 3600 596 3670 ),
620 3601 810 3655 eadem
858 3601 926 3674 de
967 3600 1130 3674 Patre
1157 3610 1212 3657 et
1241 3600 1376 3674 Filio
1423 3612 1477 3658 et
1505 3603 1709 3674 Spiritu

110 3681 307 3746 sancito
333 3672 644 3746 Montanum
667 3687 792 3746 cum
805 3673 1088 3746 catholicis
1110 3673 1360 3746 sensisse.
1386 3673 1456 3728 At
1474 3672 1711 3746 Epipha-

113 3747 200 3799 nio
232 3743 489 3798 Socrates
517 3742 749 3814 obsistit,
773 3741 1087 3798 Montanum
1119 3743 1355 3799 Sabellio
1377 3741 1668 3801 accensens
1689 3788 1705 3814 ,

115 3816 285 3870 immo
314 3822 525 3868 veteres
553 3812 883 3884 producens,
915 3815 1007 3883 qui
1036 3815 1108 3868 ita
1138 3816 1417 3870 sentirent.
1449 3816 1583 3870 Cum
1625 3812 1711 3873 res

116 3887 183 3940 sit
209 3885 380 3956 paulo
421 3884 760 3956 implicatior,
793 3885 1160 3956 longiorisque
1187 3887 1316 3952 otii,
1349 3887 1404 3941 id
1431 3888 1711 3944 monuisse

115 3954 287 4020 volui,
315 3970 384 4009 ne
402 3957 525 4024 quis
547 3954 903 4010 Mercatorem
925 3954 1195 4024 argueret.

186 4038 211 4065 ι
260 4026 580 4081 Monarchiae
604 4025 935 4080 mentionem
963 4026 1110 4090 facit,
1143 4025 1294 4095 cujus
1321 4043 1445 4082 cum
1473 4029 1712 4083 retinen-

119 4098 194 4153 dzc
223 4097 405 4160 studio
445 4096 712 4152 Sabellius
741 4103 795 4150 et
823 4095 1109 4152 Marcellus
1157 4106 1487 4162 tenerentur,
1526 4114 1712 4154 errore

121 4168 332 4238 decepti
352 4175 495 4222 sunt.
529 4165 644 4233 Qua
672 4166 978 4232 occasione,
1013 4168 1428 4230 observandum,
1461 4179 1514 4223 et
1537 4169 1709 4223 haere-

120 4242 257 4313 ticos
283 4239 650 4313 etcatholicos
676 4241 970 4313 μοναρχίας
993 4254 1188 4293 nomen
1228 4253 1512 4313 usurpasse
1533 4280 1548 4304 ,
1587 4255 1711 4313 cum

121 4311 183 4366 de
211 4311 478 4364 Trinitate
507 4309 748 4378 agerent,
781 4309 874 4362 sed
902 4309 1006 4363 alio
1035 4325 1195 4363 sensu
1236 4309 1371 4363 alios
1404 4327 1416 4361 :
1452 4326 1574 4362 nam
1606 4311 1713 4363 hac-

122 4381 275 4437 retici
303 4381 630 4435 monarchiae
657 4394 790 4461 voce
813 4379 1116 4461 utebantur,
1136 4387 1217 4461 ut
1227 4380 1427 4461 partim
1455 4380 1713 4461 unitatem

123 4467 473 4522 personarum
492 4493 506 4515 ,
555 4450 754 4519 partim
772 4520 783 4522 Α
801 4450 1409 4522 consubstanlialitatem
1460 4451 1714 4522 exclude—

125 4520 272 4587 rent;
297 4522 566 4587 catholici,
600 4528 712 4574 uta
734 4520 1040 4589 pluralitate
1063 4521 1288 4576 deorum
1325 4521 1509 4575 lidcles
1540 4521 1711 4589 abdu-

126 4581 338 4657 cerent,
371 4601 427 4647 et
459 4581 626 4647 unum
669 4581 1031 4661 ili-Trinitate
1069 4593 1393 4660 ingenitum,
1445 4593 1539 4661 qui
1569 4581 1714 4646 esset

127 4668 266 4792 «ἔρχή
295 4672 386 4725 τῆς
413 4664 680 4730 Θεὸτητος,
711 4669 772 4718 ιιι
796 4660 984 4717 Patres
1006 4661 1180 4718 Graeci
1199 4660 1510 4733 loquuntur,
1530 4672 1714 4720 osten-

165 4745 336 4792 erent.

165 4745 336 4792 erent.

197 4808 222 4846 δ
264 4807 456 4862 Mirum
479 4803 624 4878 quod
651 4805 737 4878 hic
765 4804 967 4878 dicith
990 4804 1057 4878 de
1086 4803 1301 4878 Photini
1332 4803 1633 4878 diil'erentia
1681 4821 1712 4860 a

133 4875 514 4942 Samosateno;
569 4877 720 4946 quasi
761 4876 850 4930 ille
899 4875 1134 4930 Verbum
1190 4875 1284 4930 Dei
1322 4876 1714 4932 substantivum

136 4952 427 5019 agnoverit,
459 4950 557 5004 iste
601 4947 931 5018 prolatitium
981 4948 1300 5019 dumtaxat,
1351 4954 1408 5002 et
1447 4947 1714 5014 energeti-

136 5017 282 5087 cum;
313 5022 359 5075 si
381 5021 526 5076 enim
557 5017 629 5074 ita
658 5033 716 5072 se
736 5033 823 5073 res
852 5019 1034 5083 habet,
1058 5017 1330 5088 quomodo
1370 5034 1478 5072 non
1505 5019 1716 5072 videtur

136 5092 394 5148 Mercator
413 5092 514 5146 sibi
562 5092 676 5160 ipse
707 5104 964 5159 pugnare,
988 5105 1110 5144 cum
1140 5089 1191 5143 in
1222 5089 1444 5160 epistola
1489 5089 1714 5160 de_dis-

137 5163 355 5218 crimine
421 5163 558 5218 inter
584 5157 842 5215 'lnnresim
885 5160 1115 5216 Nestorii
1171 5169 1226 5214 et
1255 5157 1524 5228 'dogmata
1568 5157 1718 5214 Pauli

138 5231 489 5298 Samosateni,
529 5232 780 5293 Ebionis,
831 5231 1067 5286 Marcelli
1097 5239 1150 5285 et
1193 5229 1428 5292 Photini,
1463 5230 1576 5284 hinc
1617 5231 1715 5283 ha-

139 5303 258 5376 beat
289 5323 301 5356 :
342 5303 408 5358 In
448 5322 506 5358 eo
527 5303 662 5376 quod
689 5300 1029 5376 sub_stantiale
1056 5301 1154 5355 Dei
1196 5299 1426 5376 [ei-bimi
1445 5301 1718 5370 conﬁtetur

143 5377 160 5442 (
184 5372 457 5430 Nestorius
483 5379 496 5440 )
519 5370 568 5428 et
595 5391 708 5427 esse
733 5373 797 5426 ab
831 5382 1024 5427 wterno
1055 5389 1168 5426 cum
1199 5371 1359 5425 Patre
1385 5370 1550 5425 Deum
1581 5389 1720 5426 asse-

140 5445 224 5509 rit,
249 5462 280 5499 a
307 5447 602 5499 memoratis
633 5453 766 5498 recte
793 5443 1048 5506 dissentit,
1071 5451 1137 5512 et
1162 5443 1284 5512 ﬁdei
1315 5453 1467 5496 rectae
1493 5443 1718 5512 conjun-

141 5516 311 5586 βίῳγῖ
332 5515 465 5582 Quid
487 5516 630 5586 quod
651 5514 1041 5586 eruditissimus
1063 5511 1309 5586 Petavius
1330 5530 1404 5586 ex
1418 5511 1719 5586 Epiphanio

141 5583 301 5642 refert
331 5587 405 5659 (Τ
407 5583 520 5643 om:
551 5586 616 5641 IV
658 5585 847 5659 Dogpn.
889 5585 926 5659 ιτ
961 5602 996 5659 1,
1029 5601 1074 5638 c.
1109 5585 1204 5656 '5),
1251 5583 1541 5659 Photinum
1571 5585 1719 5659 allir-j

142 5671 313 5714 masse
341 5656 576 5714 Verbum
599 5699 614 5724 ,
645 5656 789 5727 quod
814 5656 1034 5726 perinde
1063 5672 1126 5710 ac
1173 5665 1417 5711 nostrum
1446 5656 1722 5726 hypostasi

144 5738 365 5797 careret,
413 5747 444 5785 a
487 5729 600 5785 Deo
637 5727 982 5800 processisse,
1029 5737 1084 5781 et
1129 5728 1181 5780 in
1211 5742 1430 5782 carnem
1457 5736 1724 5783 mutatum

1811 3462 2050 3527 feretur,
2070 3472 2125 3518 et
2153 3462 2466 3519 Mercatoris
2497 3463 2565 3518 de

1814 3394 1926 3448 sior
1951 3393 2250 3463 disputatio
2274 3393 2529 3464 (Dissert.
2555 3392 2640 3515 12’,
2673 3393 2764 3448 ubi
2793 3409 2916 3448 cum
2931 3393 3252 3448 Nestoriano
3281 3392 3414 3449 eon-

1814 3462 2037 3515 feretur.
2070 3472 2125 3515 et
2153 3463 2466 3515 Mercatoris
2497 3463 2565 3515 de
2638 3465 2826 3515 hotino
2869 3464 3135 3515 sententia
3164 3471 3411 3515 veterum

2638 3465 2826 3518 hotino
2869 3464 3135 3519 sententia
3164 3471 3411 3520 veterum

1815 3534 2142 3606 testimoniis
2171 3533 2530 3603 adjuvabitur,
2556 3534 2660 3588 hoc
2683 3534 2739 3588 in
2760 3534 2879 3590 loco
2901 3535 3252 3606 qumstionem
3277 3535 3416 3590 indi-

1812 3621 1966 3661 casse
2007 3603 2258 3659 sufficiat.

1891 3689 1911 3714 ε
1937 3675 2155 3730 Memini
2193 3690 2281 3730 me
2319 3677 2499 3743 legere
2527 3674 2668 3745 apud
2702 3674 3058 3746 Augustinum
3109 3677 3288 3746 (Tom.
3335 3673 3410 3743 X,

1814 3749 1951 3819 frag.
1985 3746 2088 3817 c2.6)
2106 3747 2418 3820 appellatos
2444 3762 2539 3820 eo
2563 3747 2782 3820 nomine
2821 3748 3134 3820 lucreticos,
3177 3750 3262 3820 qui
3307 3763 3413 3820 non

1813 3816 2353 3872 norernnt'C/iristmn
2397 3819 2497 3871 nisi
2521 3818 2798 3871 hominem.
2852 3817 2977 3884 Legi
3023 3816 3239 3886 quoque
3268 3817 3413 3885 apud

1813 3897 2090 3943 auctorem
2137 3887 2510 3942 Praedcstinati
2559 3887 2800 3957 (Ilwresi
2854 3888 2958 3956 76)
3010 3889 3252 3941 hau-esim
3298 3888 3413 3942 Ho—

1813 3960 2290 4020 muiicionitarum,
2335 3957 2427 4012 sed
2467 3958 2536 4011 ab
2583 3959 2682 4011 ista
2723 3972 2883 4026 quam
2933 3969 3197 4012 memorat
3227 3959 3412 4024 Augu-

1813 4031 1986 4083 stinus
2003 4029 2304 4092 diversam;
2339 4028 2439 4084 fuit
2467 4029 2612 4081 enim
2641 4028 2996 4095 quorumdam
3035 4029 3325 4083 dicentium
3355 4028 3412 4084 in

1813 4114 2042 4169 corpore
2077 4099 2310 4153 hominis
2352 4113 2470 4153 esse
2503 4099 2788 4169 imaginem
2833 4097 2959 4158 Dei,
2996 4115 3100 4151 non
3133 4099 3409 4169 inanima.

1815 4168 2015 4223 Verum
2037 4170 2177 4223 hanc
2200 4169 2448 4224 haarcsim
2478 4170 2591 4222 sine
2617 4168 2834 4222 nomine
2860 4169 3213 4225 sectariorum
3248 4168 3415 4224 refert

1816 4238 2131 4310 Philastrius
2156 4255 2276 4310 cap.
2309 4240 2395 4303 49,
2437 4248 2490 4294 et
2519 4255 2584 4294 ex
2622 4237 2902 4292 Philastrio
2945 4241 3271 4308 AugnSIinus
3301 4241 3413 4294 hi0-

1816 4313 1920 4364 resi
1950 4311 2034 4363 76.
2071 4308 2459 4380 Unde—oportet
2490 4310 2540 4363 in
2573 4310 2799 4364 indicem
2832 4310 3090 4366 hmresum
3125 4311 3409 4380 Augustini

1817 4381 2093 4452 irrepsisse
2121 4397 2312 4435 vocem
2342 4382 2481 4435 hanc
2507 4380 2764 4435 Melitonii
2788 4382 3038 4437 omnibus
3061 4384 3409 4452 incognitam.

1815 4449 1974 4524 Hanc
1996 4452 2240 4524 Incresim
2260 4453 2356 4524 de;
2379 4453 2612 4520 imagine
2643 4452 2738 4506 Dei
2766 4453 2955 4524 tribuit
2996 4449 3252 4509 Audianis
3281 4453 3411 4524 Epi-

1855 4523 2048 4576 hanius
2079 4523 2271 4576 lueresi
2303 4522 2385 4588 70,
2419 4524 2502 4577 cui
2534 4522 2803 4576 consentit
2831 4532 3020 4579 auctor
3042 4522 3415 4580 l’nndestinati

1837 4593 2004 4648 πιπρςὶ
2038 4591 2123 4660 50,
2175 4602 2335 4662 atque
2377 4594 2539 4647 etiam
2587 4593 2915 4662 Augustinus
2962 4595 3149 4651 haeresi
3189 4595 3272 4662 50,
3322 4596 3413 4649 ubi

1818 4663 2045 4734 Vadiani
2076 4676 2339 4719 vocantur
2369 4680 2463 4734 per
2491 4679 2731 4719 errorem
2762 4665 3122 4720 librariorum.

1740 4721 1794 4782 Ι)
1888 4733 1914 4771 ἀ
1953 4735 2091 4789 Sunt
2119 4735 2211 4804 qui
2249 4721 2543 4790 Sabéllium
2574 4744 2769 4803 negent
2802 4737 3031 4791 sensisse
3059 4735 3203 4804 quod
3252 4735 3415 4790 Pater

1819 4806 1934 4877 ipse
1976 4822 2166 4877 passus
2196 4807 2290 4877 sit.
2317 4805 2448 4861 Vide
2478 4805 2923 4877 Epiphaniumiin
2970 4805 3415 4877 Anacephalicosi

1820 4874 2039 4932 secundi
2082 4877 2199 4930 libri
2231 4876 2298 4930 ad
2343 4874 2597 4931 heresim,
2636 4876 2720 4928 50.
2754 4874 2861 4929 Sed
2896 4874 3194 4930 audiendus
3242 4880 3414 4945 magis

1821 4947 2164 5012 Athanasius,
2192 4947 2345 5015 cujus
2367 4947 2480 5001 hinc
2513 4954 2638 5000 sunt
2664 4948 2827 4999 verba
2861 4946 3110 5000 Marianis
3130 4963 3365 5001 consona
3411 4969 3422 5002 :

1826 5019 1974 5072 Tales
2005 5028 2144 5082 sunt,
2183 5019 2271 5089 qui
2298 5017 2436 5088 apud
2470 5016 2733 5089 Romanos
2754 5017 2959 5089 quidem
3000 5016 3410 5089 Putripassiani,

1821 5089 1967 5160 apud
1989 5106 2084 5160 nos
2115 5085 2404 5160 Sabellidni
2433 5085 2776 5160 nominantan
2805 5085 2961 5160 (ALib.
2981 5087 3050 5160 _de
3080 5085 3280 5160 Synod.
3305 5090 3322 5157 )

1899 5173 1920 5196 υ
1953 5159 2145 5238 Mirum
2187 5158 2328 5238 isiud
2357 5171 2600 5238 quoque,
2632 5157 2936 5238 Nestorium
2979 5157 3197 5238 interna
3227 5158 3415 5238 Plinii-

1820 5247 1948 5284 num
1981 5231 2194 5285 unicum
2224 5227 2514 5298 discrimen
2539 5227 2894 5298 intercedere,
2919 5228 3064 5298 quod
3093 5228 3181 5282 ille
3211 5245 3279 5284 ex
3296 5229 3415 5284 Vir~

1823 5302 1966 5370 gine,
1991 5303 2091 5356 iste
2120 5317 2185 5354 ex
2208 5297 2458 5370 conjugio
2477 5295 2747 5370 Christum
2769 5295 2975 5353 diceret
2994 5308 3208 5366 natum;
3241 5302 3410 5355 socie-

1825 5368 1991 5427 tatem
2018 5388 2148 5426 vero
2180 5368 2704 5440 pnecipuaniﬂuod
2737 5377 2964 5440 uterque
2993 5379 3250 5438 negaret,
3284 5371 3420 5426 Ver-

1824 5443 1951 5497 bum
1979 5443 2075 5496 Dei
2125 5437 2282 5509 posse
2331 5437 2436 5492 dici
2476 5437 2669 5492 Filium
2711 5448 2834 5493 ante
2875 5437 3331 5507 incarnationem;
3366 5441 3422 5497 id

1827 5514 1969 5568 enim
1998 5511 2276 5566 Nestorius
2297 5510 2540 5579 pluribus
2561 5509 2692 5565 locis
2713 5510 2927 5564 videtur
2949 5523 3162 5578 negare.
3195 5511 3302 5566 Sed
3336 5512 3423 5567 di~

1828 5584 2076 5652 ligentius
2104 5582 2157 5636 in
2179 5580 2558 5652 dissertatione
2584 5579 2652 5636 de
2681 5580 2886 5638 [heresi
2912 5580 3229 5639 Nestoriana
3245 5591 3422 5640 totum

1827 5650 1972 5710 istud
1999 5650 2418 5709 examinandum
2454 5659 2556 5707 est.

1923 5828 2014 5847 ηρ...
