3982 6278
475 361 586 425 955

990 359 1183 418 MAR“
1221 354 1663 415 MERCATORIS
1701 349 2274 410 TRANSLATIONES
2310 348 2673 408 VARIORUM
2710 347 3246 407 OPUSCULORUU.

3667 342 3791 404 936

476 485 747 543 mulantes
765 479 980 552 quidem
1008 477 1200 534 eadem
1222 490 1344 532 cum
1365 475 1483 545 ipso
1510 472 1730 535 sentire,
1756 462 2148 540 adjuvantesA
2181 467 2362 539 (Joan.
2396 482 2432 533 ι,
2460 465 2572 536 it).
2602 464 2728 522 limo
2754 473 2904 522 recte
2932 463 3297 534 intelligentes
3332 458 3638 519 beatissimi
3665 459 3790 523 Pa-

475 591 609 633 vero
649 571 1024 631 communibus
1064 568 1271 644 [Baluz.
1310 581 1432 622 eum
1481 560 1750 634 omnibus]
1779 561 1984 627 modis;
2015 569 2073 616 et

475 682 571 725 eos
598 667 691 737 qui
718 679 820 737 pro
853 661 1070 719 Christo
1100 659 1249 730 loqui
1277 658 1465 723 velint,
1497 655 1624 712 odio
1651 655 1842 724 dignos
1869 667 2074 708 conan-

473 773 558 821 tes
583 761 801 819 efﬁcere
825 779 840 815 :
868 760 966 817 sed
985 760 1090 815 hoc
1109 758 1230 814 illos
1250 771 1588 826 consequens
1609 753 1784 810 fuerat
1807 754 2067 822 cogitare,

471 857 618 930 quod
648 857 693 914 si
716 856 886 926 magis
909 853 1160 910 doctores
1184 866 1381 922 pravos
1401 848 1792 920 objurgassent,
1823 847 1874 901 id
1897 847 2071 917 ipsum

473 951 579 1007 illis
605 948 803 1005 Christi
832 945 1176 1004 dilectionem
1203 942 1743 1011 benevolentiamque
1772 955 2074 1010 comparas-

470 1053 572 1100 set.
622 1041 776 1113 Nunc
815 1055 946 1095 vero
994 1037 1049 1093 id
1094 1045 1358 1106 egerunt,
1409 1033 1553 1105 quod
1595 1049 1690 1089 eos
1737 1047 1927 1102 gerere
1969 1031 2072 1086 mi-

487 1135 618 1190 iime
653 1134 973 1206 oportebat;
1013 1149 1110 1189 eos
1157 1133 1300 1189 enim
1344 1132 1568 1187 infestos
1614 1131 1716 1185 sibi
1762 1144 1882 1185 esse
1923 1127 2072 1183 dixe-

478 1232 635 1293 runt,
684 1241 914 1295 quorum
964 1225 1009 1282 si
1057 1225 1284 1280 fuissent
1330 1223 1647 1288 imitatores,
1679 1236 1803 1277 cum
1832 1219 1915 1274 his
1944 1218 2073 1290 ipsis

471 1319 648 1390 capita
677 1334 772 1374 sua
794 1333 996 1374 corona
1025 1317 1367 1388 sempiternae
1391 1316 1575 1385 glorim
1602 1313 1960 1370 redimissent.

543 1408 1028 1481 Reprehenderunt
1072 1408 1234 1479 igitur
1273 1406 1753 1463 anathematismos
1781 1404 1934 1474 quasi
1962 1419 2070 1458 non

471 1512 620 1560 recte
645 1501 848 1570 factos;
879 1502 1076 1559 deinde
1104 1501 1328 1570 singulis
1355 1506 1725 1570 apposueram
1750 1513 1857 1552 sua:
1877 1496 2073 1552 mentis

470 1594 708 1662 inventa,
752 1602 808 1650 et
848 1593 1030 1649 nescio
1077 1607 1212 1662 quas
1244 1590 1492 1661 ineptias,
1525 1597 1805 1660 sperantes
1826 1603 1885 1643 se
1911 1603 2073 1658 posse

469 1685 763 1755 subrepere
786 1683 993 1756 (Batus.
1025 1681 1326 1752 subripere]
1355 1681 1636 1751 imperitis,
1671 1691 1725 1735 et
1765 1680 1831 1735 iis
1871 1680 1964 1751 qui
1993 1681 2073 1734 in-

471 1777 687 1835 curiose
716 1791 910 1832 eorum
941 1775 1104 1830 verba
1133 1775 1427 1845 accipiunt.

2175 571 2304 625 tres,
2337 559 2428 630 qui
2457 575 2557 616 suo
2577 567 2823 631 tempore
2853 557 3060 630 [Baluz.
3085 565 3216 614 tunc
3247 554 3533 629 temporis]
3580 555 3788 614 Nicaz

2175 653 2484 722 congregati
2508 658 2654 718 sunt,
2684 651 2860 722 ipsum
2881 651 3140 706 dixerunt
3166 665 3236 706 ex
3253 649 3366 705 Deo
3396 648 3556 704 Patre
3585 657 3787 705 natum

2176 745 2432 810 Verbum,
2455 758 2554 815 per
2579 743 2726 814 quod
2746 741 2955 816 [Batuz.
2987 741 3170 814 quem]
3199 749 3396 798 etcum
3433 756 3545 813 quo
3589 741 3784 797 omnia

2175 837 2302 894 fecit
2339 837 2518 904 Pater,
2569 837 2751 891 lumen
2797 836 2866 892 de
2907 835 3129 899 lumine,
3161 833 3333 890 Deum
3351 849 3545 891 verum
3572 832 3783 890 deDeo

2173 949 2325 999 vero,
2350 935 2708 1000 incarnatum,
2733 942 2788 990 et
2815 933 3090 988 hominem
3118 932 3337 999 factum,
3388 931 3444 987 id
3497 939 3600 997 est,
3645 946 3754 987 con

2170 1028 2416 1099 junctum
2437 1043 2557 1085 esse
2584 1027 2735 1084 carni
2763 1027 2984 1083 habenti
3012 1027 3248 1082 animam
3275 1025 3693 1092 rationabilem;
3722 1031 3778 1081 et

2174 1131 2229 1177 et
2249 1122 2520 1178 hominem
2547 1121 2768 1186 factum,
2793 1121 2962 1176 Deum
2991 1128 3174 1176 tamen
3201 1120 3544 1177 remansisse.

2246 1215 2401 1282 Quod
2450 1231 2580 1271 vero
2619 1215 3108 1270 inconvertibiliter
3127 1221 3185 1270 et
3206 1212 3488 1269 inconfuse
3515 1212 3784 1268 adunatio

2175 1307 2265 1362 illa
2295 1307 2435 1362 facta
2457 1307 2546 1370 sit,
2570 1306 2702 1361 nulli
2730 1321 2849 1362 esse
2877 1307 3100 1362 dubium
3140 1313 3339 1377 potest,
3369 1321 3492 1361 cum
3517 1305 3617 1360 Dei
3645 1304 3786 1360 Ver-

2175 1401 2301 1455 bum
2330 1399 2384 1454 id
2413 1399 2558 1470 quod
2589 1407 2715 1455 ante
2739 1398 2921 1454 fuerat
2940 1399 3279 1465 remanserit,
3312 1399 3439 1453 licet
3465 1396 3672 1453 factum
3708 1397 3784 1453 sit

2173 1504 2318 1546 caro.
2343 1489 2478 1545 Nam
2505 1490 2557 1545 id
2581 1490 2724 1561 quod
2754 1485 3268 1553 dicitur‘incamari,
3305 1505 3413 1544 non.
3443 1489 3498 1544 in
3524 1497 3784 1544 naturam

2173 1586 2352 1641 carnis
2398 1585 2767 1652 convertitur;
2821 1583 2916 1640 sed
2965 1582 3106 1638 aliud
3153 1582 3410 1653 quiddam
3459 1582 3787 1652 intelligitur

2173 1689 2372 1750 praeter
2397 1693 2640 1744 carnem,
2664 1678 2816 1734 carni
2835 1686 3021 1732 tamen
3041 1676 3411 1747 coniunctum.

2245 1768 2305 1824 ld
2333 1769 2629 1825 sentientes
2670 1769 2817 1825 beati
2850 1767 3040 1824 Patres
3068 1777 3311 1825 sanctam
3341 1768 3618 1838 Virginem
3653 1777 3783 1827 Oso-

547 1869 671 1930 Fuit
700 1868 862 1937 igitur
889 1881 1112 1922 necesse
1135 1905 1149 1931 ,
1178 1866 1343 1922 etiam
1372 1866 1734 1936 nosmetipsos
1769 1866 1874 1921 illis
1902 1881 2075 1937 oppo-
2103 1865 2151 1926 B
2177 1862 2318 1917 τόκον
2345 1862 2798 1916 nominaverunt:
2831 1860 3180 1916 crediderunt
3225 1861 3369 1916 enim
3418 1860 3568 1931 quod
3593 1862 3783 1917 incar-

472 1972 606 2018 nere
630 1958 946 2024 veritatem,
976 1967 1034 2016 et
1059 1957 1489 2015 criminationem
1530 1958 1897 2015 inanissimam
1939 1975 2072 2036 pro-

473 2053 706 2124 pulsare,
739 2061 795 2108 et
819 2053 1053 2124 probare
1083 2055 1204 2110 illos
1240 2053 1534 2109 maledicos
1567 2059 1623 2107 et
1649 2051 2070 2122 reprehensores

473 2144 646 2214 magis
669 2159 831 2214 quam
855 2153 1186 2202 scrutatores
1211 2159 1330 2200 esse
1362 2145 1529 2200 totius
1561 2143 1822 2198 veritatis.
1853 2141 2071 2213 Praepo-

475 2235 593 2292 sitis
621 2235 783 2305 igitur
808 2237 1031 2306 singulis
1053 2236 1516 2292 anathematismis
1538 2276 1554 2300 ,
1587 2234 1846 2304 subjectis
1882 2234 2068 2300 etiam,

475 2343 596 2396 qua:
617 2336 741 2384 sunt
763 2329 956 2384 abillis
977 2328 1210 2399 objecta,
1233 2336 1417 2384 nostra
1447 2326 1836 2397 subjunximus,
1871 2327 2072 2397 peritos

477 2428 678 2478 sanctae
713 2421 1002 2493 Scripturse
1025 2421 1234 2491 judices
1257 2422 1538 2487 facientes,
1565 2428 1621 2476 et
1640 2435 1828 2476 eorum
1867 2410 2076 2474 rcctum

477 2513 788 2585 suilragium
833 2524 1150 2587 expetentes
1203 2516 1296 2584 qui
1339 2515 1542 2570 habent
1585 2512 1866 2567 scientiam
1923 2511 2072 2567 veri-

473 2603 619 2658 tatis.

575 2620 602 2660 s
918 2686 1395 2729 ANATHBIA'I‘ISIUS
1433 2686 1643 2728 νιιιιιυι.

545 2783 603 2840 Si
630 2783 752 2853 quis
774 2799 883 2839 non
912 2783 1237 2839 conﬁteatur
1257 2783 1428 2837 Deum
1448 2796 1578 2837 vere
1596 2795 1716 2836 esse
1735 2779 2072 2847 Emmanuel,

469 2882 527 2929 et
553 2882 842 2944 propterea
877 2881 1120 2929 sanctam
1149 2871 1424 2942 Virginem
1475 2886 1596 2927 esse
1643 2871 1912 2938 Θιοτὸκον,
1974 2887 2074 2942 pe-

470 2963 616 3036 perit
660 2965 806 3020 enim
853 2963 1148 3020 carnaliter
1184 2978 1406 3019 carnem
1441 2962 1644 3018 factum
1673 2962 1772 3018 Dei
1801 2963 2070 3029 Verbum;

468 3054 760 3110 anathema
787 3055 878 3110 sit.

859 3140 1224 3182 REPREHENSIO
1261 3139 1677 3182 ιιειιετιαοιιυιι.

2175 1962 2362 2008 natum
2389 1961 2446 2008 et
2465 1953 2742 2008 hominem
2767 1951 2967 2007 factum
3005 1953 3217 2023 peperit
3243 1952 3457 2018 Filium,
3487 1967 3584 2024 per
3607 1967 3783 2023 quem

2175 2046 2355 2100 omnia
2377 2045 2504 2102 fecit
2533 2045 2712 2101 Pater.
2752 2044 2823 2100 At
2861 2039 3300 2101 vero'Nestorius
3357 2061 3618 2102 novarum
3657 2045 3785 2100 bla-

2176 2137 2541 2207 sphemiarum
2564 2138 2722 2194 nobis
2749 2137 3001 2194 inventor
3013 2138 3140 2194 huic
3153 2137 3398 2210 opinioni
3417 2146 3702 2210 repugnat,
3726 2149 3784 2194 et

2176 2231 2446 2302 vituperat
2471 2233 2625 2302 quasi
2652 2248 2762 2288 non
2788 2247 2914 2287 vere
2933 2231 3042 2288 dici
3060 2231 3255 2288 debeat
3278 2233 3552 2299 Θεοτόκοςς
3577 2233 3786 2303 Quippe

2174 2324 2305 2380 dicit
2330 2342 2342 2377 :
2378 2324 2709 2398 Interrogavi
2739 2342 2824 2381 eos
2846 2341 2989 2396 stupe
3013 2343 3028 2378 :
3060 2325 3303 2379 Asancta
3352 2324 3569 2397 Virgine
3595 2323 3784 2378 Deita-

2177 2425 2277 2470 tem
2316 2415 2491 2470 dicitis
2536 2416 2757 2471 natam?
2796 2415 3030 2489 Fugiunt
3068 2417 3245 2470 statim
3267 2417 3677 2488 responsionem.
3713 2414 3785 2469 Et

2174 2508 2307 2580 quis,
2340 2509 2505 2573 aiunt,
2538 2508 2667 2563 adeo
2697 2507 3086 2580 blasphemator
3112 2517 3208 2573 est,
3239 2518 3297 2563 ut
3321 2510 3380 2564 in
3401 2509 3513 2575 illa,
3543 2525 3662 2581 qua!
3691 2527 3787 2580 pe-

2177 2600 2310 2670 perit
2339 2600 2604 2672 templum,
2633 2600 2828 2654 dicata
2856 2599 3061 2672 Spiritu
3089 2601 3257 2656 Deum
3281 2602 3544 2656 creatum?
3577 2601 3786 2656 Deinde

2175 2691 2262 2745 ubi
2300 2709 2396 2764 ego
2439 2693 2722 2764 adjecero:
2755 2691 2895 2758 Quid
2932 2711 3055 2766 ergo
3100 2711 3198 2748 nos
3226 2693 3509 2748 absurdum
3534 2696 3781 2766 facimus,

2176 2785 2545 2854 persuadentes
2600 2785 2738 2839 hanc
2793 2802 2968 2841 vocem
3007 2788 3189 2852 uitare,
3221 2796 3270 2840 et
3308 2787 3484 2840 venire
3508 2787 3686 2857 potius
3715 2784 3786 2840 ad

2175 2891 2496 2931 communem
2543 2878 2985 2948 signiﬁcationem
3013 2878 3235 2933 duarum
3263 2879 3611 2933 naturarum?
3639 2877 3785 2932 Tunc

2173 2969 2281 3024 illis
2337 2969 2658 3040 blasphemia
2707 2971 2908 3025 videtur
2963 2989 3078 3026 esse
3130 2973 3268 3044 quod
3309 2974 3425 3027 dico
3463 2990 3482 3027 .'
3522 2974 3630 3028 Aut
3659 2991 3785 3044 ergo

2174 3069 2351 3131 aperte
2400 3062 2648 3132 conﬁtere
2687 3060 2949 3116 Deitatem
2998 3073 3178 3117 natam
3207 3083 3318 3119 esse
3346 3083 3414 3120 ex
3435 3076 3623 3120 sancta
3658 3063 3784 3119 Vir-

2174 3154 2322 3222 gine;
2353 3163 2444 3206 aut
2474 3154 2520 3206 si
2549 3153 2684 3206 hanc
2713 3169 2884 3208 vocem
2912 3155 3062 3226 quasi
3091 3153 3448 3226 blaspliemam
3497 3157 3660 3229 fugis,
3691 3174 3786 3212 cur

538 3239 740 3311 Ecquis
775 3255 996 3298 carnem
1036 3240 1239 3298 factum
1284 3240 1381 3298 Dei
1422 3240 1691 3310 Verbum,
1736 3256 2076 3299 casuum:
2103 3242 2148 3307 C
2179 3244 2360 3297 cadent
2414 3261 2612 3298 mecum
2653 3246 2882 3299 sentiens
2911 3245 3128 3300 simulas
3169 3263 3273 3302 non
3300 3250 3497 3304 sentire
3526 3248 3655 3321 (Ep.
3682 3249 3785 3322 Cy-

465 3341 652 3387 natum
681 3347 805 3388 esse
830 3332 1192 3389 conﬁteatur?
1239 3332 1374 3388 Nam
1417 3334 1462 3390 si
1509 3350 1848 3390 csamuren
1896 3344 2072 3391 mater

465 3422 675 3498 (Batus.
705 3441 810 3479 om.
837 3424 1032 3496 mater]
1062 3425 1292 3496 peperit,
1323 3425 1598 3496 quomodo
1630 3425 1742 3495 jam
1766 3426 1917 3496 virgo
1945 3426 2073 3482 est?

467 3515 674 3572 Deinde
707 3517 795 3571 ubi
833 3531 1098 3586 ponemus
1133 3517 1338 3572 dictum
1366 3517 1496 3572 illud
1534 3535 1546 3570 :
1587 3516 1819 3589 Spiritus
1853 3527 2070 3573 sanctus

464 3609 788 3678 superveniet
829 3609 884 3662 in
923 3618 1001 3675 te,
1044 3619 1095 3662 et
1137 3611 1298 3664 virtus
1337 3609 1594 3665 Altissimi
1621 3610 1938 3666 inumbrabit
1979 3610 2072 3666 tibi

468 3698 620 3772 (Luc.
654 3715 691 3768 ι,
719 3699 844 3771 35);
876 3701 1140 3771 siquidem
1165 3702 1449 3756 carnaliter
1471 3703 1626 3772 juxta
1657 3704 1852 3774 ipsum,
1876 3716 1933 3761 et
1960 3723 2070 3762 non

465 3789 648 3846 divino
675 3790 837 3847 modo
865 3790 1028 3862 Virgo
1056 3800 1246 3849 sancta
1275 3792 1526 3862 peperit?
1555 3791 1622 3847 Et
1648 3794 1923 3862 quomodo
1945 3811 2070 3851 eum

462 3883 618 3939 stella
643 3883 794 3939 miris
816 3883 988 3940 modis
1007 3898 1276 3954 apparens
1295 3882 1605 3938 indicabat?
1626 3882 1909 3952 Quomodo
1931 3885 2070 3955 Magi

463 3987 532 4029 ex
559 3975 796 4044 Perside,
828 3975 981 4032 stella
1007 3974 1164 4039 duce,
1192 3974 1588 4041 adventabant,
1620 3986 1920 4045 quaerentes
1946 3991 2070 4031 eum

464 4068 558 4139 qui
580 4069 753 4124 luerat
779 4075 969 4133 natus,
1001 4074 1058 4121 et
1085 4065 1304 4122 invento
1334 4064 1634 4121 oll'crebant
1661 4065 1833 4132 dona,
1867 4067 2068 4122 intelli-

463 4160 613 4231 gibili
641 4169 806 4229 atque
836 4157 1031 4214 visibili
1059 4158 1440 4214 convenientia
1473 4157 1690 4230 (Matth.
1724 4175 1782 4225 ιι,
1817 4159 1903 4227 t-l,
1938 4159 2069 4231 19.)?

463 4253 749 4322 Quomodo
771 4252 949 4322 angeli
974 4251 1042 4308 de
1062 4252 1202 4308 coelo
1222 4251 1634 4318 descendentes,
1663 4253 2068 4321 generationem

462 4344 636 4414 ipsius
662 4345 968 4414 pastoribus
1006 4342 1160 4397 mixti
1208 4343 1539 4410 cantabant,
1579 4343 1860 4399 dicentes:
1887 4341 2068 4399 Gloria

462 4439 518 4490 in
539 4437 759 4490 excelsis
789 4434 920 4498 Deo,
952 4444 1002 4489 et
1030 4436 1083 4488 in
1115 4446 1252 4490 terra
1274 4453 1380 4506 pars
1401 4435 1692 4491 hominibus
1714 4436 1862 4491 bona:
1887 4436 2068 4490 volun-

465 4527 591 4580 tatis
623 4524 775 4597 (Luc.
810 4541 864 4589 ιι,
899 4524 1029 4595 lli)?
1053 4523 1390 4592 Carnalisne,
1423 4542 1492 4581 an
1521 4526 1717 4582 divinae
1744 4527 1916 4597 magis
1953 4528 2069 4582 hmo

465 4626 593 4675 sunt
611 4617 981 4688 generationis
1006 4616 1244 4671 indicia?

537 4710 808 4782 Alioquin,
839 4710 884 4765 si
914 4709 1181 4765 incuriose
1209 4719 1264 4765 et
1297 4709 1696 4768 inconsiderate
1733 4713 1877 4784 ipsas
1904 4727 2064 4768 voces

465 4803 853 4874 acceperimus,
883 4803 1292 4858 conversionem
1322 4801 1506 4870 Verbi,
1537 4813 1594 4860 et
1621 4807 1977 4860 mutationem
2008 4806 2064 4861 in

414 4893 420 4921 ί
462 4912 682 4954 carnem
705 4897 897 4951 factam
920 4911 1040 4952 esse
1059 4895 1448 4967 conlingcmus,
1473 4913 1536 4953 ac
1555 4898 1651 4965 sic,
1677 4908 1732 4954 et
1759 4908 2060 4969 peccatum,

464 5001 522 5048 et
547 4991 998 5067 maledictionem,
1036 4991 1211 5063 ipsum
1238 4992 1441 5047 factum
1469 5007 1588 5048 esse
1616 4993 2059 5061 existimabimus,

463 5083 568 5141 nisi
589 5091 644 5139 et
669 5098 732 5138 ea
757 5098 876 5154 quae
902 5092 1219 5152 sequuntur,
1244 5092 1300 5140 et
1326 5100 1389 5141 ea
1417 5099 1537 5156 quae
1565 5087 1888 5142 antecedant
1911 5086 1965 5140 in
1994 5087 2061 5140 li-

462 5178 611 5246 bris,
655 5186 713 5234 et
757 5178 931 5250 ipsam
975 5175 1265 5249 Scriptura:
1310 5178 1756 5235 consuetudinem
1803 5180 2061 5250 inspicia-

461 5286 614 5337 mus,
666 5279 724 5328 et
768 5278 954 5326 natum
990 5284 1108 5326 esse
1145 5267 1382 5324 Verbum
1420 5270 1749 5340 carnaliter,
1793 5271 2063 5326 inhabita-

403 5425 411 5442 ,
460 5364 668 5420 tionem
705 5364 760 5419 in
812 5377 978 5419 carne
1023 5361 1350 5431 accipiamus
1374 5400 1389 5426 ,
1434 5360 1592 5432 juxta
1641 5360 2057 5432 Evangeliorum

396 5453 398 5455 ’
466 5467 707 5510 sensum.

923 5538 1207 5581 RESPONSIO
1245 5538 1575 5580 OBTHODOXI.

531 5637 776 5693 Carnalis
801 5637 1217 5708 dispensationis
1261 5637 1521 5707 unigeniti
1551 5636 1674 5694 Filii
1704 5638 1801 5694 Dei
1848 5648 2056 5711 myste-

460 5731 602 5788 rium
647 5730 1070 5801 sapientissimus
1108 5727 1346 5784 Joannes
1387 5729 1666 5786 evidenter
1694 5731 1939 5787 ostendit
1967 5731 2052 5787 di-

459 5842 590 5883 cens
615 5844 627 5879 :
654 5824 725 5880 Et
755 5822 976 5879 Verbum
995 5839 1116 5878 caro
1137 5824 1331 5894 factum
1349 5832 1446 5890 est,
1477 5833 1528 5877 et
1549 5823 1798 5879 habitauit
1818 5826 1877 5880 in
1899 5825 2052 5884 nobis
2069 5835 2084 5849 ⁸

2175 3337 2284 3390 rilli
2306 3335 2376 3390 ad
2402 3337 2651 3391 Acacium
2682 3335 3022 3393 Beraeensem.
3057 3337 3228 3394 Serm.
3253 3338 3346 3412 5)?

2244 3427 2342 3484 lllo
2371 3430 2532 3498 igitur
2557 3429 2825 3485 violenter
2853 3439 3076 3500 urgente
3099 3429 3307 3501 (Baluz.
3341 3433 3584 3503 agente),
3608 3433 3783 3490 immo

2173 3521 2353 3593 potius
2373 3521 2636 3578 scelerate
2656 3523 2981 3578 sollicitante
2995 3539 3092 3580 eos
3111 3523 3204 3593 qui
3229 3532 3477 3580 sanctam
3501 3524 3786 3594 Virginem

2174 3615 2450 3686 appellant
2479 3617 2749 3680 Θεοτὸκον,
2780 3623 2841 3670 ut
2867 3616 3230 3672 confiteantur
3257 3618 3437 3673 carnis
3463 3617 3628 3674 fuisse
3655 3632 3788 3687 ger-

2173 3723 2296 3761 men
2353 3706 2720 3772 Divinitatem,
2776 3717 2832 3762 et
2877 3709 3160 3763 exstantite
3199 3708 3407 3778 (Batus.
3438 3709 3784 3782 substantia]

2174 3799 2382 3854 initium
2413 3815 2481 3853 ex
2510 3799 2736 3854 muliere
2763 3799 3019 3856 habuisse
3041 3799 3211 3855 Deum
3237 3800 3497 3867 Verbum;
3529 3817 3630 3856 nos
3651 3817 3785 3872 pro-

2171 3892 2302 3947 bare
2330 3893 2574 3948 volentes
2611 3893 2753 3962 quod
2786 3893 2852 3948 ab
2897 3893 3207 3963 hujusmodi
3255 3895 3514 3965 opinione
3551 3910 3782 3966 prorsus

2171 3986 2559 4040 abliurreamus
2610 3987 2808 4058 (neque
2856 3988 3002 4042 enim
3043 3988 3180 4043 adeo
3229 3987 3541 4054 deliramus,
3574 3995 3634 4043 ut
3664 3995 3781 4044 tam

2171 4077 2372 4133 nefarie
2400 4079 2738 4146 sentiamus),
2771 4080 3048 4150 peperisse
3068 4079 3300 4136 diximus
3343 4080 3620 4150 Virginem
3649 4097 3782 4137 car-

2171 4184 2296 4223 nem
2324 4167 2523 4224 factum
2552 4169 2646 4224 Dei
2694 4169 2950 4237 Verbum,
2984 4170 3090 4226 hoc
3128 4179 3230 4239 est,
3275 4171 3573 4238 hominem,
3617 4171 3779 4242 juxta

2169 4260 2504 4332 Scripturas;
2555 4264 2834 4334 peperisse
2863 4272 3044 4319 autem
3070 4265 3377 4329 carnaliter,
3410 4265 3516 4320 huc
3542 4275 3648 4332 est,
3681 4281 3776 4322 se-

2169 4355 2402 4410 cundum
2432 4372 2684 4421 carnem;
2716 4357 2914 4411 etenim
2939 4357 3082 4411 Deus
3105 4365 3159 4412 et
3189 4355 3351 4412 Pater
3377 4356 3560 4412 divino
3607 4357 3778 4414 modo

2168 4451 2380 4519 peperit
2413 4466 2478 4505 ex
2526 4467 2646 4506 sese
2694 4451 2862 4506 Deum
2889 4450 3106 4506 Filium.
3139 4451 3246 4507 Sed
3267 4453 3522 4522 quoniam
3553 4452 3610 4506 id
3635 4455 3781 4526 quod

2168 4557 2232 4594 ex
2255 4557 2412 4594 carne
2432 4544 2685 4605 nascitur,
2712 4559 2835 4597 caro
2851 4551 2928 4597 est
2949 4541 3132 4613 (Joan.
3157 4559 3232 4608 ιιι,
3259 4544 3333 4613 ti),
3354 4545 3565 4614 peperit
3578 4543 3773 4615 Virgo,

2087 4633 2144 4693 Ι)
2166 4633 2318 4700 quasi
2348 4648 2493 4698 caro,
2527 4634 2836 4689 carnaliter.
2871 4635 3057 4703 Neque
3087 4651 3218 4690 vero
3247 4635 3499 4690 interimo
3528 4650 3772 4706 genera-

2173 4721 2334 4776 tionis
2362 4723 2698 4791 miraculum,
2724 4740 2899 4794 neque
2928 4724 3137 4794 abnego
3177 4727 3348 4781 sancti
3374 4726 3609 4797 Spiritus
3637 4745 3780 4798 ope-

2172 4814 2456 4881 rationem,
2489 4832 2587 4886 per
2612 4831 2774 4886 quam
2806 4816 2859 4870 in
2888 4816 3045 4871 vulva
3076 4817 3227 4871 ﬁnxit
3282 4819 3334 4873 id
3381 4819 3528 4888 quod
3576 4828 3778 4876 natum

2172 4914 2283 4972 est;
2329 4907 2423 4962 sed
2450 4909 2621 4977 magis
2649 4908 2962 4964 demonstro
2983 4909 3107 4978 quia
3146 4909 3602 4978 quemadmodum
3624 4912 3780 4968 Deus

2172 4999 2312 5068 parit
2338 4997 2532 5064 divine,
2565 5009 2620 5054 et
2645 5009 2706 5054 ut
2725 4999 2882 5055 decet
2902 5001 3090 5065 Deum,
3109 4999 3266 5070 juxta
3296 5016 3446 5056 suam
3478 5012 3736 5059 naturam
3755 5045 3775 5074 ,

2171 5088 2249 5143 sic
2268 5089 2428 5143 etiam
2452 5089 2634 5155 homo,
2667 5091 2923 5156 humane,
2955 5101 3010 5148 et
3031 5109 3177 5158 caro,
3205 5094 3516 5151 carnaliter.

2239 5179 2375 5235 Cum
2396 5183 2466 5236 sit
2487 5182 2648 5252 igitur
2668 5183 2809 5239 Deus
2831 5195 3022 5240 natura
3050 5185 3301 5254 Verbum,
3325 5187 3452 5244 licet
3471 5187 3676 5243 factum
3701 5190 3779 5245 sit

2166 5288 2313 5339 caro,
2363 5274 2596 5343 prodivit
2637 5275 2835 5342 divine,
2886 5286 2942 5333 et
2972 5285 3030 5333 ut
3057 5295 3241 5335 verum
3271 5280 3527 5337 decuerat
3555 5280 3774 5351 Deum;

2167 5367 2311 5422 solus
2340 5368 2485 5422 enim
2525 5369 2712 5424 habuit
2756 5379 2982 5425 matrem
3023 5372 3321 5443 innuptam,
3346 5381 3402 5428 et
3428 5389 3550 5428 eam
3580 5371 3776 5442 Virgi-

2167 5475 2292 5514 nem
2339 5462 2652 5527 reservavit,
2707 5477 2828 5532 quze
2874 5480 3000 5519 eum
3042 5480 3206 5520 carne
3251 5473 3555 5536 pepererat.
3582 5466 3777 5537 Atque

2171 5550 2300 5606 illud
2321 5553 2577 5621 admiror,
2602 5555 2745 5624 quod
2765 5572 2888 5612 cum
2915 5557 3097 5628 pigeat
3128 5559 3274 5628 ipsos
3293 5566 3539 5614 sanctam
3581 5559 3776 5631 Virgi-

2166 5659 2290 5700 nem
2312 5645 2493 5701 dicere
2521 5649 2781 5715 Θεοτόκον,
2831 5649 3014 5706 divino
3060 5649 3221 5707 modo
3258 5651 3431 5722 ipsam
3470 5651 3777 5722 perhibent

2161 5739 2456 5809 peperisse,
2491 5756 2665 5812 neque
2714 5742 2857 5800 enim
2903 5744 3084 5800 divine
3138 5746 3377 5801 nascitur
3399 5745 3569 5805 homo
3608 5764 3769 5805 com-

2157 5845 2354 5886 munis.
