3924 6282
190 237 289 299 931

892 240 965 316 β.
1005 238 1271 301 CYRILLI
1308 242 1823 305 APOLOGETICUS
1863 247 2229 309 ADVERSUS
2264 250 2711 314 ORIENTALES.

2941 208 3052 232 υτον.»
3108 220 3113 222 .

2957 232 2965 243 ι

3345 262 3449 323 958

255 355 458 415 Deinde
477 356 617 413 dona
655 371 687 413 a
724 359 894 428 magis
936 360 1086 415 aiunt
1113 361 1313 430 oblata,
1346 370 1401 419 et
1440 364 1760 435 intelligibili
1786 370 2046 435 Atatem,
2097 370 2188 439 qui
2230 384 2297 424 ex
2325 385 2419 425 sua
2448 370 2781 441 plenitudine
2805 376 3066 431 creatura:
3094 376 3274 432 omnia
3302 376 3446 435 bona

187 456 243 508 et
258 448 454 505 visibili
473 449 877 517 convenientia;
903 450 1149 507 dividunt
1169 468 1297 523 ergo
1326 471 1510 511 rursus
1531 456 1584 510 in
1606 456 1759 523 duos,

183 547 305 616 post
334 539 804 611 fconjunctionem,
854 559 1020 599 unum
1074 543 1357 601 Dominum
1402 546 1586 603 Jesum
1610 546 1765 603 Chri-

182 640 357 698 stum;
380 631 727 701 intelligibilis
754 635 897 689 enim
919 633 1092 691 factus
1120 645 1204 692 est
1230 637 1473 703 visibilis,
1506 655 1613 695 non
1641 656 1765 697 con-

181 721 429 777 versione
473 728 696 790 naturae,
746 724 841 780 sed
882 725 1259 795 conjunctione
1302 732 1563 800 corporis,
1619 732 1763 801 quod

181 813 393 869 visibile
439 823 537 870 est.
582 815 648 870 Et
699 825 844 873 certe
872 828 1203 889 spectatores
1249 822 1394 893 ipsos
1415 832 1469 879 et
1489 825 1763 883 ministros

181 903 346 961 Verbi
372 904 535 963 fuisse
560 917 775 965 sanctos
816 912 1106 982 apostolos,
1132 929 1297 970 sacrm
1329 915 1520 972 litterm
1563 918 1763 975 docue-

176 1002 333 1063 runt;
356 1010 477 1051 cum
504 997 573 1052 sit
600 999 848 1055 omnibus
875 1001 1111 1071 planum,
1145 1004 1484 1076 incorporale
1511 1016 1568 1063 et
1594 1008 1763 1065 intra-

176 1088 374 1143 ctabile
418 1104 536 1145 esse
583 1090 679 1146 Dei
710 1089 885 1148 Patris
924 1094 1179 1151 Verbum.
1239 1097 1346 1154 Sed
1376 1100 1535 1156 audio
1580 1102 1760 1159 dicere

178 1187 396 1237 sanctos
423 1181 710 1254 discipulos
736 1203 748 1239 :
777 1183 929 1250 Quod
952 1197 1064 1243 erat
1091 1190 1157 1244 ab
1192 1193 1362 1259 initio,
1394 1196 1530 1266 quod
1555 1198 1757 1251 audivi-

173 1288 312 1341 mus,
342 1274 478 1346 quod
504 1276 739 1343 vidimus,
772 1279 911 1351 quod
931 1282 1251 1352 inspeximus
1279 1287 1444 1341 oculis
1470 1291 1682 1357 nostris,
1711 1299 1760 1344 et

170 1380 361 1419 manus
404 1374 598 1422 nostra:
624 1378 1062 1426 contrectaverunt
1094 1373 1157 1428 de
1191 1374 1357 1430 Verbo
1392 1379 1508 1433 vita
1538 1379 1579 1451 (Ι
1597 1380 1755 1436 Joan.

168 1471 209 1519 ι,
240 1455 327 1528 1).
371 1454 759 1515 Convenientia
800 1462 959 1532 igitur
1004 1464 1144 1519 dona
1171 1464 1388 1522 fuerunt
1433 1471 1540 1539 uni,
1573 1471 1628 1526 id
1654 1480 1755 1540 est,

167 1545 421 1615 Christo;
463 1557 545 1605 est
574 1551 718 1606 enim
760 1553 813 1608 in
835 1569 941 1609 uno
971 1554 1111 1609 Deus
1133 1556 1291 1612 simul
1311 1568 1363 1615 et
1383 1561 1580 1629 homo;
1611 1563 1759 1620 ideo-

166 1655 298 1710 que,
344 1649 473 1698 nato
511 1644 649 1714 ipso,
700 1645 853 1701 chori
907 1648 1240 1715 angelorum,
1283 1658 1338 1707 et
1366 1654 1575 1722 agmina
1602 1657 1759 1725 spiri-

1866 460 2116 532 dispescit
2146 462 2349 534 [Baluz.
2373 463 2659 536 dispertit].

1936 550 2117 621 Apage
2140 553 2296 609 istam
2316 554 2658 623 dementiam,
2692 556 2849 612 aliter
2875 571 2976 614 nos
2997 559 3277 616 erudivere
3317 560 3447 616 bea-

1864 643 2055 698 tissimi
2076 644 2263 701 Patres
2287 665 2298 700 :
2330 647 2669 704 incarnatum
2699 650 2845 704 enim
2874 659 2930 706 et
2949 650 3227 707 hominem
3246 652 3447 709 factum

1863 750 1991 790 vere
2051 736 2234 793 dixere
2296 739 2391 794 Dei
2446 739 2620 795 Patris
2671 741 2908 797 Verbum
2965 743 3448 813 incorruptibiliter

1864 826 2070 900 [Baluz.
2094 828 2593 904 inconvertibiliter]
2610 840 2665 886 et
2684 832 2963 889 inconfuse
2981 852 2995 901 ;
3020 850 3251 890 arcanus
3266 843 3447 890 autem

1862 925 1963 983 est,
1995 918 2384 990 ineffabilisque
2412 922 2828 993 dispensationis
2856 924 3078 992 modus;
3119 933 3288 981 testes
3314 939 3445 981 vero

1861 1008 2126 1066 dictorum
2153 1026 2399 1068 meorum
2425 1015 2632 1071 vocabo
2660 1030 2936 1071 sermones
2964 1017 3221 1087 ipsorum.

2050 1162 2209 1203 ιιετιιι
2236 1164 2496 1206 ΜΔΕἹῪΒΙΒ
2522 1167 2592 1206 ΕΤ
2622 1166 3256 1209 ΕριεοοριιΑιΕιΑΝῡιιιΝι.

1932 1256 2265 1330 Evangelista
2292 1264 2557 1318 veritatem
2585 1265 2791 1321 dicens:
2821 1266 3057 1321 Verbum
3077 1283 3204 1323 caro
3243 1268 3443 1326 factum

1861 1360 1962 1418 est,
1987 1361 2041 1407 et
2068 1354 2329 1409 habitavit
2349 1355 2403 1410 in
2429 1358 2585 1412 nobis
2618 1357 2797 1430 (Ioan.
2830 1377 2867 1427 ι,
2893 1359 3002 1431 ﬂ).
3050 1359 3135 1415 Ea:
3182 1361 3273 1417 illo
3314 1371 3443 1418 tem—

1860 1461 1984 1515 pore
2012 1445 2224 1512 scilicet,
2254 1462 2350 1516 quo
2371 1448 2600 1519 Angelus
2628 1450 2871 1505 salutavit
2906 1451 3173 1524 Virginem
3219 1455 3397 1509 dicens
3424 1472 3442 1509 :

1862 1535 1973 1591 Ave
1994 1536 2168 1605 gratia
2192 1537 2370 1606 plena,
2395 1538 2654 1595 Dominus
2682 1546 2862 1597 tec'um
2887 1542 3036 1615 (Luc.
3069 1563 3105 1612 ι,
3128 1544 3241 1616 28).
3267 1547 3443 1601 Domi‘

1860 1644 1959 1681 nus
1978 1629 2115 1683 enim
2165 1636 2349 1696 tecum,
2373 1630 2505 1685 dixit
2528 1630 2757 1697 Gabriel,
2788 1650 2882 1704 pro
2910 1652 2969 1689 eo
2996 1637 3131 1707 quod
3174 1646 3270 1702 est,
3304 1636 3443 1691 Deus

164 1737 343 1799 tuum,
389 1732 714 1790 salvatorem
753 1751 896 1804 eum,
928 1737 1382 1811 liberatoremque
1406 1720 1749 1803 clamabant.

1871 1720 2093 1777 Verbum
2134 1730 2327 1789 tecum;
2367 1726 2631 1795 signiﬁcat
2671 1728 2807 1781 enim
2847 1728 2903 1781 id
2930 1732 3076 1782 nasci
3121 1732 3176 1784 in
3204 1731 3369 1796 vulva,
3394 1740 3443 1785 et

242 1820 349 1877 Sed
386 1814 661 1892 quoniam,
706 1825 1044 1897 Evangelista
1072 1830 1321 1888 dicente:
1364 1834 1585 1891 Verbum
1631 1856 1756 1895 caro

162 1916 365 1986 factum
394 1924 471 1971 est
493 1916 670 1988 (Joan.
696 1936 733 1986 ι,
766 1919 855 1992 id)
873 1940 890 1987 ;
915 1924 1092 1978 vereri
1112 1940 1170 1979 se
1200 1926 1369 1992 aiunt,
1412 1944 1482 1984 ne
1519 1930 1565 1985 si
1604 1946 1756 1988 suam

161 2006 613 2076 signiﬁcationem
634 2021 813 2069 servet
831 2016 890 2071 τὸ
904 2026 1193 2082 ΕΓΕΝΕΤΟ,
1212 2022 1495 2077 conversio
1510 2023 1755 2092 quaedam

160 2098 496 2170 intelligatur
542 2102 679 2160 facta
705 2105 760 2159 in
787 2105 967 2161 divina
995 2107 1158 2164 Verbi
1186 2119 1395 2166 natura.
1428 2112 1613 2170 Laudo
1637 2116 1756 2186 qui-

158 2190 290 2245 dem
318 2191 587 2261 timorem,
611 2195 743 2251 illud
767 2204 947 2253 autem
967 2200 1219 2268 admiror,
1252 2204 1397 2272 quod
1425 2207 1753 2277 excipientes

158 2277 476 2347 dictionem,
504 2291 560 2338 et
583 2299 766 2341 veram
794 2289 1264 2361 necessariumque
1283 2292 1748 2366 signiﬁcationem,

156 2372 239 2428 ita
262 2374 412 2429 aiunt
438 2374 673 2433 Verbum
697 2377 899 2435 factum
926 2397 1045 2437 esse
1072 2400 1311 2453 carnem,
1346 2395 1406 2442 ut
1451 2388 1648 2445 dicitur
1674 2392 1754 2447 fa-

154 2471 312 2520 ctum
360 2466 656 2523 maledictio
700 2478 753 2525 et
782 2483 1046 2542 peccatum
1072 2473 1213 2545 (Gal.
1247 2493 1322 2544 ιιι,
1357 2477 1455 2544 15;
1480 2480 1526 2534 II
1553 2482 1671 2537 Cor.
1696 2499 1749 2551 v,

152 2551 275 2623 21).
299 2555 501 2611 Deinde
513 2571 680 2626 quare
695 2574 817 2614 cum
836 2562 1118 2618 videantur
1143 2566 1245 2621 sibi
1265 2582 1383 2623 esse
1403 2571 1750 2642 sagacissimi,

153 2658 277 2698 non
304 2644 504 2712 vident,
537 2648 681 2716 quod
709 2650 899 2706 beatus
919 2652 1260 2724 Evangelista
1287 2658 1490 2726 dicens,
1539 2663 1749 2736 ἐγένετο,

152 2746 381 2788 omnem
403 2736 712 2804 opinionem
741 2744 1111 2800 conversionis
1149 2747 1444 2818 interimat,
1496 2752 1753 2823 adjiciens

148 2822 347 2876 statim
375 2842 386 2875 :
419 2823 491 2878 Et
510 2826 759 2883 habitavit
779 2832 833 2885 in
854 2832 1043 2888 nobis?

232 2909 501 2969 Prmterea
550 2918 840 2976 absurdum
870 2932 953 2978 est
980 2926 1179 2983 audere
1222 2929 1421 2998 dicere,
1446 2933 1525 2991 sic
1551 2933 1751 2994 factum

149 3016 279 3056 esse
301 3017 516 3060 carnem
545 3005 799 3076 Verbum,
826 3022 884 3067 ut
912 3015 1106 3073 dicitur
1132 3020 1330 3079 factum
1351 3027 1644 3085 maledictio
1694 3039 1750 3087 et

148 3104 451 3164 peccatum:
479 3113 653 3169 neque
674 3103 818 3157 enim
838 3120 965 3163 vere
992 3117 1047 3163 et
1071 3113 1287 3183 proprie
1312 3117 1617 3176 maledictio
1641 3121 1746 3178 fac-
1772 3129 1819 3194 ο

148 3190 274 3239 tum
310 3193 391 3240 est
423 3196 479 3241 et
511 3197 822 3260 peccatum;
865 3196 959 3250 sed
992 3199 1167 3269 justus
1196 3203 1329 3259 inter
1364 3208 1567 3280 iniquos
1596 3229 1746 3283 repu-

148 3283 298 3329 tatus
334 3284 409 3330 est
447 3277 638 3349 (Marc.
671 3299 761 3348 xv,
795 3283 857 3352 8;
897 3286 1028 3343 Isai.
1069 3307 1181 3359 Lm,
1216 3294 1327 3365 12),
1372 3306 1429 3352 ιιι
1454 3277 1743 3369 peccatum

146 3365 477 3437 destrueret,
515 3378 569 3426 et
602 3382 822 3431 vocatus
852 3386 934 3433 est
962 3381 1320 3453 maledictum,
1358 3390 1449 3459 qui
1465 3365 1744 3451 benedicit

145 3468 477 3530 creaturam,
528 3474 587 3521 ut
624 3470 1058 3531 maledictionem
1105 3480 1342 3538 solveret
1386 3495 1647 3554 nostram,
1689 3499 1745 3548 et

144 3553 412 3611 liberaret
432 3574 590 3628 pmna
611 3562 892 3621 credentes
912 3567 966 3623 in
988 3569 1183 3639 ipsum.
1208 3573 1325 3629 Non
1345 3576 1444 3631 fuit
1465 3573 1594 3648 ergo
1617 3598 1742 3638 vere

144 3649 465 3707 maledictio
494 3660 549 3708 et
570 3664 882 3725 peccatum;
913 3661 1008 3716 sed
1039 3670 1325 3735 utrumque
1375 3679 1596 3729 vocatus
1635 3683 1738 3741 est,

145 3749 207 3795 ut
239 3743 679 3802 maledictionem
710 3750 1014 3809 destrueret
1042 3763 1097 3810 et
1123 3767 1423 3827 peccatum.

218 3834 396 3902 Igitur
441 3839 487 3895 si
533 3840 692 3897 simili
732 3844 893 3901 modo
920 3846 1090 3904 factus
1120 3860 1202 3907 est
1225 3869 1371 3924 caro,
1403 3857 1663 3917 destruxit
1684 3872 1741 3921 et

147 3945 395 3998 carnem,
428 3934 564 3990 sicut
585 3938 1020 4000 maledictionem
1047 3948 1297 4006 videlicet
1335 3962 1389 4008 et
1416 3967 1735 4025 peccatum:

149 4028 205 4075 et
233 4037 416 4091 neque
446 4023 615 4083 factus
634 4038 716 4084 est
736 4031 919 4100 homo,
948 4051 1121 4107 neque
1150 4023 1459 4101 incarnatus
1481 4057 1563 4104 est
1594 4064 1737 4117 vere,

148 4115 248 4169 sed
295 4116 348 4170 in
376 4116 578 4179 δοκήσει
630 4129 839 4179 tantum
886 4131 1217 4201 mysterium,
1249 4136 1378 4190 etin
1398 4140 1553 4195 nudis
1578 4115 1741 4198 voca;

148 4204 297 4261 bulis
318 4207 704 4268 lncarnationis
729 4217 867 4272 ratio
895 4218 1199 4278 invenietur
1226 4235 1280 4280 et
1308 4229 1516 4285 modus.

222 4297 459 4354 Tollitur
482 4312 659 4358 autem
688 4308 899 4376 penitus
929 4313 1093 4368 etiam
1138 4322 1548 4379 resurrectionis
1576 4340 1699 4395 spes
1724 4346 1736 4381 :

269 4391 416 4461 cujus
456 4394 612 4465 igitur
657 4408 822 4454 morte
862 4399 1109 4473 baptizati
1133 4426 1309 4465 sumus
1340 4412 1515 4485 (Rom.
1543 4386 1620 4484 Vl:
1643 4419 1740 4490 5)?

153 4475 260 4579 Ubi
290 4489 375 4534 est
413 4483 618 4579 verbum
646 4489 789 4557 ﬁdei,
841 4495 978 4563 quod
1003 4475 1388 4567 praedicamus?
1428 4475 1743 4579 Conﬁtentes
1769 4510 1819 4571 D

151 4570 290 4622 enim
312 4574 447 4642 quod
472 4574 730 4634 Dominus
754 4591 832 4635 est
851 4583 1025 4653 Jesus,
1058 4597 1107 4643 et
1127 4592 1413 4660 credentes,
1441 4570 1574 4670 quod
1600 4600 1741 4657 Deus

154 4852 237 4899 est
260 4852 481 4904 nostra?
504 4852 584 4907 An
614 4871 721 4911 non
749 4859 918 4927 magis
946 4860 999 4915 in
1041 4862 1273 4919 humana
1302 4866 1472 4923 forma
1519 4880 1741 4942 propter

154 4948 256 4989 nos
275 4936 472 4995 factum
493 4941 729 5000 Verbum
750 4948 1072 5007 adoramus?
1091 4953 1210 5009 Non
1230 4970 1358 5025 ergo
1379 4936 1740 5030 accepitservi

152 5023 383 5083 formam
414 5030 668 5105 (Philipp.
702 5054 756 5104 ιι,
802 5039 875 5109 7),
901 5043 993 5110 qui
1026 5044 1180 5113 liber,
1214 5047 1267 5101 id
1296 5023 1396 5115 est,
1430 5023 1589 5107 Deus.
1621 5053 1739 5109 Non

153 5116 456 5215 humiliavit
484 5138 621 5192 sese,
653 5128 743 5195 qui
771 5128 1043 5199 dignitatis
1074 5134 1281 5209 [Baluz.
1315 5140 1549 5215 deitatis]
1591 5144 1740 5200 fasti-

154 5208 260 5276 giis
281 5215 600 5283 conspicuus
629 5226 710 5272 est
731 5219 934 5291 [Baluz.
982 5208 1268 5301 enitescit},
1322 5240 1377 5287 et
1420 5208 1640 5303 qui'est
1685 5238 1739 5295 in

150 5305 462 5372 aequalitate
482 5307 657 5367 Patris
678 5321 731 5367 et
750 5312 939 5370 forma.
960 5317 1076 5375 Non
1092 5336 1149 5376 se
1172 5324 1393 5381 immisit
1415 5327 1471 5382 in
1494 5329 1741 5386 exinani«

1860 1831 2066 1870 carnem
2097 1818 2347 1887 futurum,
2371 1819 2527 1888 juxta
2553 1818 2610 1872 id
2633 1819 2769 1891 quod
2795 1822 3041 1892 scriptum
3067 1829 3182 1877 est:
3213 1821 3443 1893 Spiritus

1858 1915 2077 1963 sanctus
2098 1911 2443 1980 superveniet
2464 1912 2516 1966 in
2540 1920 2613 1979 te,
2644 1920 2699 1967 et
2730 1914 2902 1969 virtus
2950 1913 3209 1970 Altissimi
3250 1917 3441 1971 obumo

1856 2000 2035 2056 brabit
2081 2004 2206 2071 tibi;
2253 2005 2377 2060 ideo
2424 2005 2569 2074 quod
2598 2015 2848 2063 nascetur
2868 2014 3136 2075 sanctum,
3160 2008 3442 2064 vocabitur

1857 2091 2019 2150 Filius
2047 2095 2144 2153 Dei
2168 2095 2353 2169 (Ibid.,
2386 2095 2498 2170 '55).

2172 2249 2455 2291 ATHANASII
2484 2250 2718 2292 EPISCOPI
2745 2252 3115 2293 ALEXANDRIE.

1929 2342 2077 2400 Unde
2127 2347 2284 2400 etiam
2330 2340 2446 2401 cum
2488 2364 2610 2402 caro
2658 2349 2823 2419 ipsius
2852 2359 3153 2405 nasceretur
3179 2368 3245 2405 ex
3264 2351 3440 2407 Maria

1856 2433 2099 2506 Θιοτόκῳ,
2144 2436 2258 2504 ipse
2293 2435 2484 2489 dicitur
2526 2445 2701 2502 natus,
2741 2441 2827 2509 qui
2868 2448 3104 2508 prazstat,
3132 2448 3189 2493 ut
3216 2440 3309 2495 alii
3337 2459 3436 2495 na-

1855 2532 2067 2578 scantur
2087 2524 2291 2595 [Baluz.
2315 2525 2687 2598 nascerentur],
2709 2536 2766 2581 ut
2786 2538 3017 2584 nostram
3036 2532 3091 2585 in
3113 2534 3439 2603 semetipsum

1855 2617 2238 2686 generationem
2268 2619 2595 2689 transferret.

2085 2768 2317 2809 ειυδυειι
2346 2769 2413 2808 DE
2444 2768 2697 2809 EPISTOLA
2726 2771 2793 2809 AD
2824 2763 2850 2792 ⁸
2879 2770 3198 2811 ΕΡΙΟΤΕΤΙῙΜ.

1926 2883 2191 2950 Quomodo
2221 2895 2391 2941 autem
2411 2888 2488 2941 vel
2518 2886 2751 2942 dubitare
2772 2891 2888 2943 ausi
2915 2898 3055 2957 sunt,
3085 2891 3171 2962 qui
3192 2890 3439 2945 dicuntur

1851 2995 1962 3034 esse
1990 2979 2291 3046 Christiani,
2318 2989 2491 3035 utrum
2520 2980 2727 3054 [Baluz.
2757 2983 2881 3055 nisi]
2906 2983 3177 3051 Dominus,
3210 2987 3294 3058 qui
3315 3002 3437 3057 ρνο⁶

1849 3074 2003 3126 cessit
2025 3090 2089 3127 ca:
2116 3071 2314 3138 Maria,
2362 3072 2535 3128 Filius
2582 3074 2785 3146 quidem
2833 3077 2901 3131 sit
2923 3076 3044 3143 Dei,
3072 3077 3360 3132 substantia
3386 3086 3437 3135 et

1849 3174 2065 3231 natura;
2086 3167 2365 3220 secundum
2382 3184 2590 3222 carnem
2615 3185 2753 3235 vero,
2784 3187 2850 3224 ea:
2870 3172 3063 3226 semine
3091 3172 3279 3238 David,
3301 3181 3349 3225 et
3370 3188 3435 3226 ea;

1848 3276 2005 3314 carne
2025 3268 2219 3314 sancta:
2240 3260 2465 3314 Marica?
2488 3259 2588 3325 Qui
2618 3279 2773 3332 porro
2803 3262 2931 3317 adeo
2958 3264 3183 3318 audaces
3206 3265 3435 3335 fuerunt,

1846 3358 1903 3403 ut
1924 3351 2153 3405 dicerent
2175 3349 2453 3419 Christum,
2480 3355 2565 3425 qui
2587 3369 2743 3408 carne
2767 3356 2833 3409 sit
2858 3372 3044 3425 passus
3064 3364 3113 3410 et
3133 3358 3433 3426 cruciﬁxus,

1846 3458 1952 3496 non
1976 3459 2088 3496 esse
2116 3442 2417 3511 Dominum,
2443 3452 2493 3498 et
2513 3444 2858 3513 Salvatorem,
2885 3455 2935 3501 et
2956 3445 3141 3513 Deum,
3163 3457 3214 3503 et
3235 3447 3435 3502 Filium

1846 3529 2063 3586 Patris?
2097 3532 2193 3588 Vel
2219 3533 2473 3606 quomodo
2503 3552 2558 3589 se
2585 3536 2761 3590 volunt
2783 3537 3045 3591 nominari
3085 3534 3433 3605 Christianos,

1844 3622 1929 3693 qui
1969 3622 2147 3677 dicunt
2190 3625 2246 3677 in
2292 3625 2550 3679 hominem
2596 3636 2853 3693 sanctum,
2909 3628 3335 3699 quemadmodum
3379 3631 3434 3684 in

1843 3729 2002 3769 unum
2040 3716 2263 3788 aliquem
2303 3717 2669 3789 prophetarum
2702 3720 3053 3790 supervenisse
3102 3718 3343 3787 Verbum,
3372 3739 3436 3776 ac

1842 3821 1947 3861 non
1976 3809 2142 3878 magis
2169 3809 2339 3878 ipsum
2368 3808 2625 3863 hominem
2647 3810 2860 3879 factum,
2890 3827 3106 3881 corpore
3125 3819 3325 3883 sumpto
3368 3828 3434 3866 ea;

1842 3897 2049 3963 Maria;
2071 3898 2149 3953 vel
2169 3900 2330 3954 alium
2358 3916 2470 3953 esse
2488 3898 2781 3965 Christum,
2810 3900 2957 3955 aliud
3002 3898 3244 3968 Verbum,
3296 3903 3434 3974 quod

1844 3997 1966 4042 ante
1992 3989 2241 4056 Mariam,
2266 3998 2315 4044 et
2335 4000 2455 4044 ante
2494 3991 2686 4046 saecula
2714 4002 2827 4045 erat
2853 3991 3027 4046 Filius
3064 3992 3285 4049 Patris?
3329 3996 3434 4050 Aut

1843 4083 2095 4154 quomodo
2116 4091 2329 4154 possunt
2349 4099 2461 4137 esse
2480 4083 2787 4150 Christiani,
2810 4086 2896 4153 qui
2919 4084 3119 4151 dicunt,
3142 4086 3303 4142 alium
3321 4104 3433 4144 esse

1844 4171 2061 4239 Filium,
2088 4181 2137 4226 et
2158 4174 2304 4227 aliud
2327 4173 2421 4227 Dei
2458 4172 2723 4229 Verbum?

1915 4265 2063 4320 Hanc
2084 4282 2183 4321 nos
2205 4274 2516 4321 sanctorum
2563 4265 2785 4323 Patrum
2817 4269 3130 4340 opinionem
3158 4271 3433 4341 sequimur

1845 4366 1899 4413 et
1924 4357 2111 4424 Iidem;
2144 4359 2226 4413 sin
2252 4373 2382 4413 vero
2411 4366 2513 4426 est,
2563 4360 2656 4429 qui
2685 4360 2896 4417 diversa
2924 4361 3137 4431 doceat,
3180 4370 3235 4418 et
3262 4378 3433 4419 novas

1844 4466 2006 4507 voces
2026 4449 2263 4516 inducat,
2286 4458 2437 4506 extra
2457 4458 2663 4506 rectam
2684 4454 3161 4523 conculcatamque
3183 4455 3430 4509 semitam

1844 4542 2055 4597 videtur
2075 4557 2277 4597 errare.
2311 4542 2463 4609 Quod
2483 4556 2614 4597 vero
2641 4558 2752 4599 non
2779 4544 2850 4599 sit
2872 4544 3204 4613 inusitatum,
3236 4562 3336 4601 nec
3356 4545 3432 4600 in-

1843 4634 2060 4688 solitum
2100 4635 2300 4689 sanctis
2328 4632 2578 4690 Patribus
2618 4635 2799 4692 dicere
2827 4653 3160 4693 CARNALITER
3189 4652 3310 4693 eum
3334 4653 3430 4692 na-

1841 4730 1985 4790 tum;
2009 4725 2103 4780 sed
2122 4726 2289 4795 magis
2309 4726 2423 4782 haec
2452 4726 2617 4782 dictio
2638 4728 2707 4783 sit
2727 4728 2979 4798 frequens
2995 4736 3051 4784 et
3071 4729 3263 4799 smpius
3279 4743 3429 4784 usur-

1841 4826 1986 4887 pata.
2043 4817 2396 4875 Nihilominus
2450 4819 2588 4875 infra
2625 4822 2823 4891 scripta
2851 4821 2992 4877 dicta
3022 4820 3423 4889 monstrabunt,

1843 4923 1962 4976 quae
1985 4924 2042 4965 se
2062 4909 2135 4964 ita
2163 4910 2381 4965 habent.

2181 5040 2209 5080 ι)
2254 5044 2592 5101 Αιιριιιιοοιιιι
2631 5058 2789 5101 rcoun
2833 5058 3084 5103 mscorr.

1921 5150 2058 5207 Nam
2085 5155 2185 5209 nisi
2202 5157 2292 5211 ille
2312 5158 2491 5228 fuisset
2511 5172 2843 5213 canmu'rsn
2863 5167 3178 5229 procreatus,
3204 5166 3255 5213 tu
3275 5172 3427 5213 num-

1843 5260 1995 5315 quam
2025 5247 2208 5316 fuisses
2247 5246 2553 5318 spiritaliter
2579 5257 2879 5314 recreatus;
2921 5258 2970 5304 et
3009 5250 3113 5303 nisi
3151 5248 3241 5303 ille
3268 5251 3427 5304 susti-

1844 5339 2035 5393 nuisset
2066 5341 2285 5411 formam
2312 5341 2562 5407 servilem,
2590 5349 2643 5395 tu
2675 5357 2955 5415 numquam
2976 5343 3157 5415 fuisses
3188 5341 3426 5412 adoptio-

1311 5460 1854 5528 CASTIGATIONES
1891 5472 1981 5529 ET
2017 5474 2243 5531 ΝΟΤᾹΕ.

227 5540 274 5618 τ’
286 5528 421 5618 Vide
440 5549 560 5618 quae
580 5552 678 5594 nos
690 5555 870 5618 nuper
889 5541 1119 5602 diximus
1139 5546 1194 5618 in
1213 5554 1362 5605 tomo
1382 5554 1555 5618 primo
1575 5555 1737 5613 Novae

151 5600 501 5697 ggyegggnis
550 5600 899 5697 conciliorum
952 5600 1085 5687 pag.
1098 5600 1113 5602 ﬁ
1129 5600 1737 5697 “itif-596.3335;

154 5666 286 5741 757,
308 5673 426 5731 9‘22.
446 5677 644 5734 Bawz.

480 5774 752 5838 PATHOL.
798 5775 1074 5846 XLVIII.

1912 5563 1941 5603 ιι
1978 5565 2035 5620 Id
2064 5565 2533 5643 estAmphilochii
2561 5567 2800 5643 episcopi
2840 5567 3133 5631 loonensis.
3172 5570 3305 5631 Vide
3330 5572 3425 5631 ubi

1842 5650 2003 5708 supra
2026 5652 2080 5708 p.
2114 5636 2238 5694 671.
2270 5636 2471 5698 Batus.

3072 5803 3153 5879 30
