  <div class='ocr_page' id='page_1' title='image "/cluster/home/n/w/nwhite01/storage/ocr_20150623/48/hvd.32044015471535/477.png"; bbox 0 0 3982 6278; ppageno 0'>
   <div class='ocr_carea' id='block_1_1' title="bbox 551 317 656 375">
    <p class='ocr_par' dir='ltr' id='par_1_1' title="bbox 551 317 656 375">
     <span class='ocr_line' id='line_1_1' title="bbox 551 317 656 375; baseline -0.029 0"><span class='ocrx_word' id='word_1_1' title='bbox 551 317 656 375; x_wconf 77' lang='lat'><strong>939</strong></span> 
     </span>
    </p>
   </div>
   <div class='ocr_carea' id='block_1_2' title="bbox 1060 301 3303 368">
    <p class='ocr_par' dir='ltr' id='par_1_2' title="bbox 1060 301 3303 368">
     <span class='ocr_line' id='line_1_2' title="bbox 1060 301 3303 368; baseline -0.003 0"><span class='ocrx_word' id='word_1_2' title='bbox 1060 307 1254 368; x_wconf 75' lang='lat' dir='ltr'><strong>IlARll</strong></span> <span class='ocrx_word' id='word_1_3' title='bbox 1293 306 1731 366; x_wconf 77' lang='lat' dir='ltr'><strong>MERCATORIS</strong></span> <span class='ocrx_word' id='word_1_4' title='bbox 1766 307 2337 366; x_wconf 76' lang='lat' dir='ltr'><strong>TRANSLATIONES</strong></span> <span class='ocrx_word' id='word_1_5' title='bbox 2375 305 2736 365; x_wconf 69' lang='lat' dir='ltr'><strong>VARIORUM</strong></span> <span class='ocrx_word' id='word_1_6' title='bbox 2774 301 3303 364; x_wconf 78' lang='lat' dir='ltr'><strong>OPUSCULORUM.</strong></span> 
     </span>
    </p>
   </div>
   <div class='ocr_carea' id='block_1_3' title="bbox 3717 309 3835 369">
    <p class='ocr_par' dir='ltr' id='par_1_3' title="bbox 3717 309 3835 369">
     <span class='ocr_line' id='line_1_3' title="bbox 3717 309 3835 369; baseline 0.008 -1"><span class='ocrx_word' id='word_1_7' title='bbox 3717 309 3835 369; x_wconf 73' lang='grc' dir='ltr'><strong>θιο</strong></span> 
     </span>
    </p>
   </div>
   <div class='ocr_carea' id='block_1_4' title="bbox 550 419 3836 504">
    <p class='ocr_par' dir='ltr' id='par_1_4' title="bbox 550 419 3836 504">
     <span class='ocr_line' id='line_1_4' title="bbox 550 419 3836 504; baseline -0.009 -15"><span class='ocrx_word' id='word_1_8' title='bbox 550 435 632 489; x_wconf 80' lang='lat' dir='ltr'><strong>nis</strong></span> <span class='ocrx_word' id='word_1_9' title='bbox 660 433 881 504; x_wconf 50' lang='lat' dir='ltr'><strong>gloriam</strong></span> <span class='ocrx_word' id='word_1_10' title='bbox 901 434 1215 483; x_wconf 70' lang='lat' dir='ltr'><strong>consecutus.</strong></span> <span class='ocrx_word' id='word_1_11' title='bbox 1239 423 1336 480; x_wconf 80' lang='lat' dir='ltr'><strong>llic</strong></span> <span class='ocrx_word' id='word_1_12' title='bbox 1355 438 1568 495; x_wconf 90' lang='lat' dir='ltr'><strong>quoque</strong></span> <span class='ocrx_word' id='word_1_13' title='bbox 1591 424 1878 482; x_wconf 88' lang='lat' dir='ltr'><strong>carnaliter</strong></span> <span class='ocrx_word' id='word_1_14' title='bbox 1895 426 2127 496; x_wconf 83' lang='lat' dir='ltr'><strong>positum</strong></span> <span class='ocrx_word' id='word_1_15' title='bbox 2151 427 2208 490; x_wconf 74' lang='grc' dir='ltr'>Α</span> <span class='ocrx_word' id='word_1_16' title='bbox 2229 425 2362 486; x_wconf 85' lang='lat' dir='ltr'><strong>hens</strong></span> <span class='ocrx_word' id='word_1_17' title='bbox 2389 424 2446 479; x_wconf 93' lang='lat' dir='ltr'><strong>in</strong></span> <span class='ocrx_word' id='word_1_18' title='bbox 2488 438 2545 480; x_wconf 85' lang='lat' dir='ltr'><strong>se</strong></span> <span class='ocrx_word' id='word_1_19' title='bbox 2586 424 2896 498; x_wconf 74' lang='lat' dir='ltr'><strong>loquentem</strong></span> <span class='ocrx_word' id='word_1_20' title='bbox 2920 419 3194 480; x_wconf 83' lang='lat' dir='ltr'><strong>Christum</strong></span> <span class='ocrx_word' id='word_1_21' title='bbox 3227 440 3241 476; x_wconf 74' lang='grc' dir='ltr'><strong>ε</strong></span> <span class='ocrx_word' id='word_1_22' title='bbox 3273 419 3400 484; x_wconf 58' lang='lat' dir='ltr'><strong>Non</strong></span> <span class='ocrx_word' id='word_1_23' title='bbox 3427 424 3569 488; x_wconf 64' lang='grc' dir='ltr'><strong>ρηίηι</strong></span> <span class='ocrx_word' id='word_1_24' title='bbox 3607 428 3836 498; x_wconf 53' lang='lat' dir='ltr'><strong>me“,</strong></span> 
     </span>
    </p>
   </div>
   <div class='ocr_carea' id='block_1_5' title="bbox 552 516 2136 596">
    <p class='ocr_par' dir='ltr' id='par_1_5' title="bbox 552 516 2136 596">
     <span class='ocr_line' id='line_1_5' title="bbox 552 516 2136 596; baseline -0.005 -16"><span class='ocrx_word' id='word_1_25' title='bbox 552 532 656 592; x_wconf 86' lang='lat' dir='ltr'><strong>est,</strong></span> <span class='ocrx_word' id='word_1_26' title='bbox 686 538 786 596; x_wconf 82' lang='lat' dir='ltr'><strong>pro</strong></span> <span class='ocrx_word' id='word_1_27' title='bbox 816 536 881 576; x_wconf 91' lang='lat' dir='ltr'><strong>eo</strong></span> <span class='ocrx_word' id='word_1_28' title='bbox 910 519 1055 592; x_wconf 90' lang='lat' dir='ltr'><strong>quod</strong></span> <span class='ocrx_word' id='word_1_29' title='bbox 1082 526 1164 574; x_wconf 89' lang='lat' dir='ltr'><strong>est</strong></span> <span class='ocrx_word' id='word_1_30' title='bbox 1190 517 1481 575; x_wconf 91' lang='lat' dir='ltr'><strong>secundum</strong></span> <span class='ocrx_word' id='word_1_31' title='bbox 1509 532 1755 583; x_wconf 89' lang='lat' dir='ltr'><strong>carnem;</strong></span> <span class='ocrx_word' id='word_1_32' title='bbox 1791 516 2136 586; x_wconf 89' lang='lat' dir='ltr'><strong>quemadmo-</strong></span> 
     </span>
    </p>
   </div>
   <div class='ocr_carea' id='block_1_6' title="bbox 551 608 1989 703">
    <p class='ocr_par' dir='ltr' id='par_1_6' title="bbox 551 608 1989 703">
     <span class='ocr_line' id='line_1_6' title="bbox 551 608 1989 703; baseline -0.008 -31"><span class='ocrx_word' id='word_1_33' title='bbox 551 616 681 672; x_wconf 88' lang='lat' dir='ltr'><strong>dum</strong></span> <span class='ocrx_word' id='word_1_34' title='bbox 709 615 871 670; x_wconf 90' lang='lat' dir='ltr'><strong>etiam</strong></span> <span class='ocrx_word' id='word_1_35' title='bbox 897 613 1095 680; x_wconf 84' lang='lat' dir='ltr'><strong>divine,</strong></span> <span class='ocrx_word' id='word_1_36' title='bbox 1122 610 1174 666; x_wconf 87' lang='lat' dir='ltr'><strong>id</strong></span> <span class='ocrx_word' id='word_1_37' title='bbox 1195 617 1294 703; x_wconf 61' lang='lat' dir='ltr'><strong>est,</strong></span> <span class='ocrx_word' id='word_1_38' title='bbox 1320 608 1610 665; x_wconf 89' lang='lat' dir='ltr'><strong>secundum</strong></span> <span class='ocrx_word' id='word_1_39' title='bbox 1639 608 1989 664; x_wconf 78' lang='lat' dir='ltr'><strong>divinitatem.</strong></span> 
     </span>
    </p>
   </div>
   <div class='ocr_carea' id='block_1_7' title="bbox 623 742 2134 818">
    <p class='ocr_par' dir='ltr' id='par_1_7' title="bbox 623 742 2134 818">
     <span class='ocr_line' id='line_1_7' title="bbox 623 742 2134 818; baseline -0.003 -14"><span class='ocrx_word' id='word_1_40' title='bbox 623 747 867 818; x_wconf 80' lang='lat' dir='ltr'><strong>Objectio</strong></span> <span class='ocrx_word' id='word_1_41' title='bbox 898 743 1260 818; x_wconf 66' lang='lat' dir='ltr'><strong>Orientalium</strong></span> <span class='ocrx_word' id='word_1_42' title='bbox 1291 743 1368 818; x_wconf 72' lang='lat' dir='ltr'><strong>ad</strong></span> <span class='ocrx_word' id='word_1_43' title='bbox 1411 742 1704 800; x_wconf 80' lang='lat' dir='ltr'><strong>seclmdum</strong></span> <span class='ocrx_word' id='word_1_44' title='bbox 1753 742 2134 818; x_wconf 72' lang='lat' dir='ltr'><strong>anathematis-</strong></span> 
     </span>
    </p>
   </div>
   <div class='ocr_carea' id='block_1_8' title="bbox 549 813 2131 890">
    <p class='ocr_par' dir='ltr' id='par_1_8' title="bbox 549 813 2131 890">
     <span class='ocr_line' id='line_1_8' title="bbox 549 813 2131 890; baseline -0.004 -16"><span class='ocrx_word' id='word_1_45' title='bbox 549 813 721 886; x_wconf 72' lang='lat' dir='ltr'><strong>mum,</strong></span> <span class='ocrx_word' id='word_1_46' title='bbox 747 817 1034 890; x_wconf 78' lang='lat' dir='ltr'><strong>Cyrillique</strong></span> <span class='ocrx_word' id='word_1_47' title='bbox 1053 813 1342 890; x_wconf 71' lang='lat' dir='ltr'><strong>responsio</strong></span> <span class='ocrx_word' id='word_1_48' title='bbox 1367 828 1631 890; x_wconf 65' lang='lat' dir='ltr'><strong>nusquam</strong></span> <span class='ocrx_word' id='word_1_49' title='bbox 1657 813 1924 884; x_wconf 84' lang='lat' dir='ltr'><strong>reperitur</strong></span> <span class='ocrx_word' id='word_1_50' title='bbox 1957 815 2012 890; x_wconf 86' lang='lat' dir='ltr'><strong>in</strong></span> <span class='ocrx_word' id='word_1_51' title='bbox 2026 829 2131 890; x_wconf 84' lang='lat' dir='ltr'><strong>_co-</strong></span> 
     </span>
    </p>
   </div>
   <div class='ocr_carea' id='block_1_9' title="bbox 551 884 2132 956">
    <p class='ocr_par' dir='ltr' id='par_1_9' title="bbox 551 884 2132 956">
     <span class='ocr_line' id='line_1_9' title="bbox 551 884 2132 956; baseline -0.004 -11"><span class='ocrx_word' id='word_1_52' title='bbox 551 884 758 945; x_wconf 87' lang='lat' dir='ltr'><strong>dicibus</strong></span> <span class='ocrx_word' id='word_1_53' title='bbox 782 884 808 954; x_wconf 71' lang='grc'><strong>,⁷</strong></span> <span class='ocrx_word' id='word_1_54' title='bbox 827 887 911 941; x_wconf 88' lang='lat' dir='ltr'><strong>vel</strong></span> <span class='ocrx_word' id='word_1_55' title='bbox 939 884 1095 956; x_wconf 79' lang='lat' dir='ltr'><strong>editis</strong></span> <span class='ocrx_word' id='word_1_56' title='bbox 1115 927 1131 952; x_wconf 91' lang='lat'><strong>,</strong></span> <span class='ocrx_word' id='word_1_57' title='bbox 1151 884 1246 940; x_wconf 61' lang='lat' dir='ltr'><strong>&#39;vcl</strong></span> <span class='ocrx_word' id='word_1_58' title='bbox 1291 884 1661 956; x_wconf 75' lang='lat' dir='ltr'><strong>manuSCriptis</strong></span> <span class='ocrx_word' id='word_1_59' title='bbox 1684 923 1697 947; x_wconf 86' lang='lat'><strong>,</strong></span> <span class='ocrx_word' id='word_1_60' title='bbox 1728 897 1879 956; x_wconf 75' lang='lat' dir='ltr'><strong>quos</strong></span> <span class='ocrx_word' id='word_1_61' title='bbox 1918 884 2132 954; x_wconf 88' lang='lat' dir='ltr'><strong>quidem</strong></span> 
     </span>
    </p>
   </div>
   <div class='ocr_carea' id='block_1_10' title="bbox 552 953 2129 1028">
    <p class='ocr_par' dir='ltr' id='par_1_10' title="bbox 552 953 2129 1028">
     <span class='ocr_line' id='line_1_10' title="bbox 552 953 2129 1028; baseline -0.004 -14"><span class='ocrx_word' id='word_1_62' title='bbox 552 974 654 1028; x_wconf 97' lang='lat' dir='ltr'><strong>ego</strong></span> <span class='ocrx_word' id='word_1_63' title='bbox 681 953 936 1028; x_wconf 83' lang='lat' dir='ltr'><strong>viderim;</strong></span> <span class='ocrx_word' id='word_1_64' title='bbox 976 953 1140 1028; x_wconf 82' lang='lat' dir='ltr'><strong>fuisse</strong></span> <span class='ocrx_word' id='word_1_65' title='bbox 1166 961 1367 1028; x_wconf 76' lang='lat' dir='ltr'><strong>tamen</strong></span> <span class='ocrx_word' id='word_1_66' title='bbox 1389 953 1632 1028; x_wconf 70' lang='lat' dir='ltr'><strong>aliQuam</strong></span> <span class='ocrx_word' id='word_1_67' title='bbox 1660 953 1899 1028; x_wconf 56' lang='lat' dir='ltr'><strong>vel&#39;inde</strong></span> <span class='ocrx_word' id='word_1_68' title='bbox 1936 953 2093 1028; x_wconf 83' lang='lat' dir='ltr'><strong>patet</strong></span> <span class='ocrx_word' id='word_1_69' title='bbox 2114 996 2129 1021; x_wconf 92' lang='lat'><strong>,</strong></span> 
     </span>
    </p>
   </div>
   <div class='ocr_carea' id='block_1_11' title="bbox 592 1025 2133 1095">
    <p class='ocr_par' dir='ltr' id='par_1_11' title="bbox 592 1025 2133 1095">
     <span class='ocr_line' id='line_1_11' title="bbox 592 1025 2133 1095; baseline -0.003 -12"><span class='ocrx_word' id='word_1_70' title='bbox 592 1025 696 1083; x_wconf 82' lang='lat' dir='ltr'><strong>uod</strong></span> <span class='ocrx_word' id='word_1_71' title='bbox 715 1030 772 1082; x_wconf 88' lang='lat' dir='ltr'><strong>in</strong></span> <span class='ocrx_word' id='word_1_72' title='bbox 809 1026 1113 1095; x_wconf 86' lang='lat' dir='ltr'><strong>objectione</strong></span> <span class='ocrx_word' id='word_1_73' title='bbox 1153 1026 1223 1079; x_wconf 81' lang='lat' dir='ltr'><strong>ad</strong></span> <span class='ocrx_word' id='word_1_74' title='bbox 1247 1026 1465 1080; x_wconf 79' lang='lat' dir='ltr'><strong>tertium</strong></span> <span class='ocrx_word' id='word_1_75' title='bbox 1491 1025 1994 1079; x_wconf 74' lang='lat' dir='ltr'><strong>anathematismum</strong></span> <span class='ocrx_word' id='word_1_76' title='bbox 2023 1025 2133 1078; x_wconf 77' lang='lat' dir='ltr'><strong>An-</strong></span> 
     </span>
    </p>
   </div>
   <div class='ocr_carea' id='block_1_12' title="bbox 551 1045 2133 1178">
    <p class='ocr_par' dir='ltr' id='par_1_12' title="bbox 551 1045 2133 1178">
     <span class='ocr_line' id='line_1_12' title="bbox 592 1045 2133 1095; baseline -0.003 -12"><span class='ocrx_word' id='word_1_77' title='bbox 592 1045 696 1083; x_wconf 78' lang='grc' dir='ltr'><strong>ιιοα</strong></span> <span class='ocrx_word' id='word_1_78' title='bbox 715 1045 772 1082; x_wconf 69' lang='lat' dir='ltr'><strong>In</strong></span> <span class='ocrx_word' id='word_1_79' title='bbox 809 1045 1113 1095; x_wconf 70' lang='grc' dir='ltr'><strong>ουιοοιιοιιο</strong></span> <span class='ocrx_word' id='word_1_80' title='bbox 1153 1045 1223 1079; x_wconf 79' lang='lat' dir='ltr'><strong>au</strong></span> <span class='ocrx_word' id='word_1_81' title='bbox 1247 1045 1465 1080; x_wconf 70' lang='lat' dir='ltr'><strong>seruum</strong></span> <span class='ocrx_word' id='word_1_82' title='bbox 1491 1045 1994 1079; x_wconf 64' lang='lat' dir='ltr'><strong>anzimunm</strong></span> <span class='ocrx_word' id='word_1_83' title='bbox 2023 1045 2133 1078; x_wconf 68' lang='grc' dir='ltr'><strong>ΑΠ-</strong></span> 
     </span>
     <span class='ocr_line' id='line_1_13' title="bbox 551 1045 2133 1178; baseline -0.004 -24"><span class='ocrx_word' id='word_1_84' title='bbox 551 1045 710 1154; x_wconf 59' lang='lat' dir='ltr'><strong>ﬂreas</strong></span> <span class='ocrx_word' id='word_1_85' title='bbox 734 1098 894 1178; x_wconf 71' lang='lat' dir='ltr'><strong>dicat,</strong></span> <span class='ocrx_word' id='word_1_86' title='bbox 927 1095 1125 1165; x_wconf 84' lang='lat' dir='ltr'><strong>aliquid</strong></span> <span class='ocrx_word' id='word_1_87' title='bbox 1155 1111 1213 1151; x_wconf 87' lang='lat' dir='ltr'><strong>se</strong></span> <span class='ocrx_word' id='word_1_88' title='bbox 1241 1110 1454 1178; x_wconf 88' lang='lat' dir='ltr'><strong>rursum</strong></span> <span class='ocrx_word' id='word_1_89' title='bbox 1479 1095 1679 1178; x_wconf 75' lang='lat' dir='ltr'><strong>Cyrillo</strong></span> <span class='ocrx_word' id='word_1_90' title='bbox 1707 1110 1775 1149; x_wconf 81' lang='lat' dir='ltr'><strong>ex</strong></span> <span class='ocrx_word' id='word_1_91' title='bbox 1803 1096 1912 1177; x_wconf 76' lang='lat' dir='ltr'><strong>suis</strong></span> <span class='ocrx_word' id='word_1_92' title='bbox 1939 1095 2133 1178; x_wconf 55' lang='lat' dir='ltr'><strong>ipsius:</strong></span> 
     </span>
    </p>
   </div>
   <div class='ocr_carea' id='block_1_13' title="bbox 548 1165 2131 1237">
    <p class='ocr_par' dir='ltr' id='par_1_13' title="bbox 548 1165 2131 1237">
     <span class='ocr_line' id='line_1_14' title="bbox 548 1165 2131 1237; baseline -0.003 -13"><span class='ocrx_word' id='word_1_93' title='bbox 548 1176 662 1224; x_wconf 89' lang='lat' dir='ltr'><strong>met</strong></span> <span class='ocrx_word' id='word_1_94' title='bbox 689 1169 866 1223; x_wconf 80' lang='lat' dir='ltr'><strong>verbis</strong></span> <span class='ocrx_word' id='word_1_95' title='bbox 892 1182 1185 1237; x_wconf 81' lang='lat' dir='ltr'><strong>opponere,</strong></span> <span class='ocrx_word' id='word_1_96' title='bbox 1213 1183 1340 1222; x_wconf 83' lang='lat' dir='ltr'><strong>cum</strong></span> <span class='ocrx_word' id='word_1_97' title='bbox 1367 1165 1546 1220; x_wconf 80' lang='lat' dir='ltr'><strong>tamen</strong></span> <span class='ocrx_word' id='word_1_98' title='bbox 1586 1165 1713 1220; x_wconf 80' lang='lat' dir='ltr'><strong>inde</strong></span> <span class='ocrx_word' id='word_1_99' title='bbox 1745 1167 1970 1220; x_wconf 88' lang='lat' dir='ltr'><strong>omnino</strong></span> <span class='ocrx_word' id='word_1_100' title='bbox 1999 1165 2131 1219; x_wconf 89' lang='lat' dir='ltr'><strong>nihil</strong></span> 
     </span>
    </p>
   </div>
   <div class='ocr_carea' id='block_1_14' title="bbox 547 1237 2132 1308">
    <p class='ocr_par' dir='ltr' id='par_1_14' title="bbox 547 1237 2132 1308">
     <span class='ocr_line' id='line_1_15' title="bbox 547 1237 2132 1308; baseline -0.003 -13"><span class='ocrx_word' id='word_1_101' title='bbox 547 1238 606 1295; x_wconf 88' lang='lat' dir='ltr'><strong>in</strong></span> <span class='ocrx_word' id='word_1_102' title='bbox 634 1239 936 1306; x_wconf 88' lang='lat' dir='ltr'><strong>objectione</strong></span> <span class='ocrx_word' id='word_1_103' title='bbox 961 1237 1031 1308; x_wconf 85' lang='lat' dir='ltr'><strong>ad</strong></span> <span class='ocrx_word' id='word_1_104' title='bbox 1063 1238 1294 1308; x_wconf 88' lang='lat' dir='ltr'><strong>primum</strong></span> <span class='ocrx_word' id='word_1_105' title='bbox 1333 1237 1836 1308; x_wconf 80' lang='lat' dir='ltr'><strong>anathematismum</strong></span> <span class='ocrx_word' id='word_1_106' title='bbox 1871 1251 2132 1308; x_wconf 47' lang='lat' dir='ltr'><strong>opposuef</strong></span> 
     </span>
    </p>
   </div>
   <div class='ocr_carea' id='block_1_15' title="bbox 547 1306 2130 1380">
    <p class='ocr_par' dir='ltr' id='par_1_15' title="bbox 547 1306 2130 1380">
     <span class='ocr_line' id='line_1_16' title="bbox 547 1306 2130 1380; baseline -0.002 -17"><span class='ocrx_word' id='word_1_107' title='bbox 547 1309 638 1364; x_wconf 86' lang='lat' dir='ltr'><strong>rit.</strong></span> <span class='ocrx_word' id='word_1_108' title='bbox 671 1308 807 1375; x_wconf 85' lang='lat' dir='ltr'><strong>Quid</strong></span> <span class='ocrx_word' id='word_1_109' title='bbox 835 1307 977 1380; x_wconf 89' lang='lat' dir='ltr'><strong>quod</strong></span> <span class='ocrx_word' id='word_1_110' title='bbox 1016 1306 1082 1362; x_wconf 83' lang='lat' dir='ltr'><strong>in</strong></span> <span class='ocrx_word' id='word_1_111' title='bbox 1109 1309 1344 1380; x_wconf 83' lang='lat' dir='ltr'><strong>secundo</strong></span> <span class='ocrx_word' id='word_1_112' title='bbox 1382 1307 1826 1380; x_wconf 83' lang='lat' dir='ltr'><strong>anathematist</strong></span> <span class='ocrx_word' id='word_1_113' title='bbox 1855 1307 2021 1380; x_wconf 83' lang='lat' dir='ltr'><strong>totius</strong></span> <span class='ocrx_word' id='word_1_114' title='bbox 2050 1306 2130 1360; x_wconf 85' lang='lat' dir='ltr'><strong>rei</strong></span> 
     </span>
    </p>
   </div>
   <div class='ocr_carea' id='block_1_16' title="bbox 549 1375 2130 1447">
    <p class='ocr_par' dir='ltr' id='par_1_16' title="bbox 549 1375 2130 1447">
     <span class='ocr_line' id='line_1_17' title="bbox 549 1375 2130 1447; baseline -0.001 -13"><span class='ocrx_word' id='word_1_115' title='bbox 549 1380 712 1434; x_wconf 89' lang='lat' dir='ltr'><strong>cardo</strong></span> <span class='ocrx_word' id='word_1_116' title='bbox 739 1375 1069 1444; x_wconf 58' lang='lat' dir='ltr'><strong>vertebatur,</strong></span> <span class='ocrx_word' id='word_1_117' title='bbox 1089 1379 1524 1447; x_wconf 73' lang='lat' dir='ltr'><strong>quandoquidem</strong></span> <span class='ocrx_word' id='word_1_118' title='bbox 1545 1391 1722 1432; x_wconf 82' lang='lat' dir='ltr'><strong>sermo</strong></span> <span class='ocrx_word' id='word_1_119' title='bbox 1741 1375 1841 1430; x_wconf 74' lang='lat' dir='ltr'><strong>fuit</strong></span> <span class='ocrx_word' id='word_1_120' title='bbox 1865 1376 1932 1431; x_wconf 88' lang='lat' dir='ltr'><strong>de</strong></span> <span class='ocrx_word' id='word_1_121' title='bbox 1954 1378 2130 1432; x_wconf 79' lang='grc' dir='ltr'><strong>ενὼσιι</strong></span> 
     </span>
    </p>
   </div>
   <div class='ocr_carea' id='block_1_17' title="bbox 547 1448 2126 1517">
    <p class='ocr_par' dir='ltr' id='par_1_17' title="bbox 547 1448 2126 1517">
     <span class='ocr_line' id='line_1_18' title="bbox 547 1448 2126 1517; baseline -0.002 -13"><span class='ocrx_word' id='word_1_122' title='bbox 547 1449 652 1504; x_wconf 72' lang='grc' dir='ltr'><strong>καθ’</strong></span> <span class='ocrx_word' id='word_1_123' title='bbox 679 1452 965 1508; x_wconf 77' lang='grc' dir='ltr'><strong>ύποστασιν</strong></span> <span class='ocrx_word' id='word_1_124' title='bbox 989 1490 1003 1512; x_wconf 85' lang='grc'><em>,</em></span> <span class='ocrx_word' id='word_1_125' title='bbox 1037 1448 1089 1504; x_wconf 82' lang='lat' dir='ltr'><strong>id</strong></span> <span class='ocrx_word' id='word_1_126' title='bbox 1113 1457 1199 1508; x_wconf 82' lang='lat' dir='ltr'><strong>est</strong></span> <span class='ocrx_word' id='word_1_127' title='bbox 1219 1491 1233 1516; x_wconf 91' lang='lat'><strong>,</strong></span> <span class='ocrx_word' id='word_1_128' title='bbox 1279 1449 1346 1503; x_wconf 89' lang='lat' dir='ltr'><strong>de</strong></span> <span class='ocrx_word' id='word_1_129' title='bbox 1387 1448 1673 1517; x_wconf 81' lang='lat' dir='ltr'><strong>principio,</strong></span> <span class='ocrx_word' id='word_1_130' title='bbox 1707 1460 1814 1517; x_wconf 82' lang='lat' dir='ltr'><strong>quo</strong></span> <span class='ocrx_word' id='word_1_131' title='bbox 1849 1461 2126 1513; x_wconf 82' lang='lat' dir='ltr'><strong>concesso,</strong></span> 
     </span>
    </p>
   </div>
   <div class='ocr_carea' id='block_1_18' title="bbox 547 1517 2129 1583">
    <p class='ocr_par' dir='ltr' id='par_1_18' title="bbox 547 1517 2129 1583">
     <span class='ocr_line' id='line_1_19' title="bbox 547 1517 2129 1583; baseline -0.002 -10"><span class='ocrx_word' id='word_1_132' title='bbox 547 1525 664 1574; x_wconf 85' lang='lat' dir='ltr'><strong>tota</strong></span> <span class='ocrx_word' id='word_1_133' title='bbox 710 1521 938 1576; x_wconf 74' lang='lat' dir='ltr'><strong>Nestorii</strong></span> <span class='ocrx_word' id='word_1_134' title='bbox 972 1520 1190 1575; x_wconf 66' lang='lat' dir='ltr'><strong>haeresis</strong></span> <span class='ocrx_word' id='word_1_135' title='bbox 1227 1520 1585 1583; x_wconf 87' lang='lat' dir='ltr'><strong>evertebatur,</strong></span> <span class='ocrx_word' id='word_1_136' title='bbox 1618 1526 1672 1572; x_wconf 90' lang='lat' dir='ltr'><strong>et</strong></span> <span class='ocrx_word' id='word_1_137' title='bbox 1710 1517 1841 1574; x_wconf 82' lang='lat' dir='ltr'><strong>ﬁdes</strong></span> <span class='ocrx_word' id='word_1_138' title='bbox 1867 1518 2129 1573; x_wconf 84' lang='lat' dir='ltr'><strong>catholica</strong></span> 
     </span>
    </p>
   </div>
   <div class='ocr_carea' id='block_1_19' title="bbox 547 1587 2129 1653">
    <p class='ocr_par' dir='ltr' id='par_1_19' title="bbox 547 1587 2129 1653">
     <span class='ocr_line' id='line_1_20' title="bbox 547 1587 2129 1653; baseline -0.002 -9"><span class='ocrx_word' id='word_1_139' title='bbox 547 1591 848 1644; x_wconf 88' lang='lat' dir='ltr'><strong>constabat.</strong></span> <span class='ocrx_word' id='word_1_140' title='bbox 878 1590 993 1643; x_wconf 69' lang='lat' dir='ltr'><strong>Non</strong></span> <span class='ocrx_word' id='word_1_141' title='bbox 1023 1597 1105 1643; x_wconf 89' lang='lat' dir='ltr'><strong>est</strong></span> <span class='ocrx_word' id='word_1_142' title='bbox 1134 1597 1310 1643; x_wconf 86' lang='lat' dir='ltr'><strong>autem</strong></span> <span class='ocrx_word' id='word_1_143' title='bbox 1346 1589 1632 1644; x_wconf 85' lang='lat' dir='ltr'><strong>admodum</strong></span> <span class='ocrx_word' id='word_1_144' title='bbox 1660 1587 1914 1642; x_wconf 85' lang='lat' dir='ltr'><strong>credibile</strong></span> <span class='ocrx_word' id='word_1_145' title='bbox 1937 1628 1952 1653; x_wconf 92' lang='lat'><strong>,</strong></span> <span class='ocrx_word' id='word_1_146' title='bbox 1998 1588 2129 1641; x_wconf 87' lang='lat' dir='ltr'><strong>nihil</strong></span> 
     </span>
    </p>
   </div>
   <div class='ocr_carea' id='block_1_20' title="bbox 546 1657 2130 1729">
    <p class='ocr_par' dir='ltr' id='par_1_20' title="bbox 546 1657 2130 1729">
     <span class='ocr_line' id='line_1_21' title="bbox 546 1657 2130 1729; baseline 0 -16"><span class='ocrx_word' id='word_1_147' title='bbox 546 1658 616 1729; x_wconf 66' lang='lat' dir='ltr'><strong>de</strong></span> <span class='ocrx_word' id='word_1_148' title='bbox 643 1676 849 1713; x_wconf 87' lang='lat' dir='ltr'><strong>summa</strong></span> <span class='ocrx_word' id='word_1_149' title='bbox 883 1660 1051 1715; x_wconf 82' lang='lat' dir='ltr'><strong>totius</strong></span> <span class='ocrx_word' id='word_1_150' title='bbox 1078 1661 1156 1713; x_wconf 90' lang='lat' dir='ltr'><strong>rei</strong></span> <span class='ocrx_word' id='word_1_151' title='bbox 1197 1660 1397 1712; x_wconf 80' lang='lat' dir='ltr'><strong>dictum</strong></span> <span class='ocrx_word' id='word_1_152' title='bbox 1435 1659 1599 1715; x_wconf 70' lang='lat' dir='ltr'><strong>fuisse</strong></span> <span class='ocrx_word' id='word_1_153' title='bbox 1642 1657 1710 1712; x_wconf 88' lang='lat' dir='ltr'><strong>ab</strong></span> <span class='ocrx_word' id='word_1_154' title='bbox 1746 1657 1994 1725; x_wconf 84' lang='lat' dir='ltr'><strong>homine,</strong></span> <span class='ocrx_word' id='word_1_155' title='bbox 2037 1659 2130 1729; x_wconf 90' lang='lat' dir='ltr'><strong>qui</strong></span> 
     </span>
    </p>
   </div>
   <div class='ocr_carea' id='block_1_21' title="bbox 545 1726 1523 1800">
    <p class='ocr_par' dir='ltr' id='par_1_21' title="bbox 545 1726 1523 1800">
     <span class='ocr_line' id='line_1_22' title="bbox 545 1726 1523 1800; baseline -0.001 -15"><span class='ocrx_word' id='word_1_156' title='bbox 545 1726 778 1786; x_wconf 84' lang='lat' dir='ltr'><strong>Nestorii</strong></span> <span class='ocrx_word' id='word_1_157' title='bbox 806 1730 1161 1800; x_wconf 68' lang='lat' dir='ltr'><strong>patrocinium</strong></span> <span class='ocrx_word' id='word_1_158' title='bbox 1195 1739 1523 1799; x_wconf 74' lang='lat' dir='ltr'><strong>susceperat.</strong></span> 
     </span>
    </p>
   </div>
   <div class='ocr_carea' id='block_1_22' title="bbox 955 1878 1714 1919">
    <p class='ocr_par' dir='ltr' id='par_1_22' title="bbox 955 1878 1714 1919">
     <span class='ocr_line' id='line_1_23' title="bbox 955 1878 1714 1919; baseline -0.003 0"><span class='ocrx_word' id='word_1_159' title='bbox 955 1878 1429 1919; x_wconf 68' lang='lat' dir='ltr'><strong>ANATHEMA&#39;I‘ISMUS</strong></span> <span class='ocrx_word' id='word_1_160' title='bbox 1471 1878 1714 1918; x_wconf 68' lang='lat' dir='ltr'><strong>TERTIUS.</strong></span> 
     </span>
    </p>
   </div>
   <div class='ocr_carea' id='block_1_23' title="bbox 617 1974 2127 2052">
    <p class='ocr_par' dir='ltr' id='par_1_23' title="bbox 617 1974 2127 2052">
     <span class='ocr_line' id='line_1_24' title="bbox 617 1974 2127 2052; baseline -0.001 -20"><span class='ocrx_word' id='word_1_161' title='bbox 617 1975 806 2052; x_wconf 89' lang='lat' dir='ltr'><strong>Siquis</strong></span> <span class='ocrx_word' id='word_1_162' title='bbox 828 1977 881 2030; x_wconf 90' lang='lat' dir='ltr'><strong>in</strong></span> <span class='ocrx_word' id='word_1_163' title='bbox 905 1992 1014 2034; x_wconf 90' lang='lat' dir='ltr'><strong>uno</strong></span> <span class='ocrx_word' id='word_1_164' title='bbox 1039 1974 1254 2032; x_wconf 83' lang='lat' dir='ltr'><strong>Christo</strong></span> <span class='ocrx_word' id='word_1_165' title='bbox 1280 1976 1481 2038; x_wconf 81' lang='lat' dir='ltr'><strong>dividat</strong></span> <span class='ocrx_word' id='word_1_166' title='bbox 1496 1977 1840 2043; x_wconf 80' lang='lat' dir='ltr'><strong>substantias,</strong></span> <span class='ocrx_word' id='word_1_167' title='bbox 1867 1984 1989 2046; x_wconf 80' lang='lat' dir='ltr'><strong>post</strong></span> <span class='ocrx_word' id='word_1_168' title='bbox 2008 1976 2127 2038; x_wconf 71' lang='lat' dir='ltr'><strong>uni—</strong></span> 
     </span>
    </p>
   </div>
   <div class='ocr_carea' id='block_1_24' title="bbox 545 2066 2127 2138">
    <p class='ocr_par' dir='ltr' id='par_1_24' title="bbox 545 2066 2127 2138">
     <span class='ocr_line' id='line_1_25' title="bbox 545 2066 2127 2138; baseline -0.001 -15"><span class='ocrx_word' id='word_1_169' title='bbox 545 2075 735 2131; x_wconf 80' lang='lat' dir='ltr'><strong>tatem,</strong></span> <span class='ocrx_word' id='word_1_170' title='bbox 779 2076 834 2121; x_wconf 93' lang='lat' dir='ltr'><strong>et</strong></span> <span class='ocrx_word' id='word_1_171' title='bbox 863 2066 1242 2135; x_wconf 90' lang='lat' dir='ltr'><strong>conjunctione</strong></span> <span class='ocrx_word' id='word_1_172' title='bbox 1271 2067 1386 2120; x_wconf 92' lang='lat' dir='ltr'><strong>sola</strong></span> <span class='ocrx_word' id='word_1_173' title='bbox 1414 2066 1706 2138; x_wconf 67' lang='lat' dir='ltr'><strong>coniungat</strong></span> <span class='ocrx_word' id='word_1_174' title='bbox 1725 2067 2018 2128; x_wconf 80' lang='lat' dir='ltr'><strong>secundum</strong></span> <span class='ocrx_word' id='word_1_175' title='bbox 2041 2067 2127 2123; x_wconf 92' lang='lat' dir='ltr'><strong>vel</strong></span> 
     </span>
    </p>
   </div>
   <div class='ocr_carea' id='block_1_25' title="bbox 546 2159 2128 2229">
    <p class='ocr_par' dir='ltr' id='par_1_25' title="bbox 546 2159 2128 2229">
     <span class='ocr_line' id='line_1_26' title="bbox 546 2159 2128 2229; baseline 0 -15"><span class='ocrx_word' id='word_1_176' title='bbox 546 2159 880 2229; x_wconf 89' lang='lat' dir='ltr'><strong>dignitatem,</strong></span> <span class='ocrx_word' id='word_1_177' title='bbox 922 2160 1006 2214; x_wconf 89' lang='lat' dir='ltr'><strong>vel</strong></span> <span class='ocrx_word' id='word_1_178' title='bbox 1035 2160 1429 2225; x_wconf 82' lang='lat' dir='ltr'><strong>auctoritatem,</strong></span> <span class='ocrx_word' id='word_1_179' title='bbox 1455 2159 1538 2213; x_wconf 91' lang='lat' dir='ltr'><strong>vel</strong></span> <span class='ocrx_word' id='word_1_180' title='bbox 1567 2159 1989 2215; x_wconf 84' lang='lat' dir='ltr'><strong>dominationem</strong></span> <span class='ocrx_word' id='word_1_181' title='bbox 2021 2178 2032 2212; x_wconf 93' lang='lat'>:</span> <span class='ocrx_word' id='word_1_182' title='bbox 2065 2175 2128 2214; x_wconf 93' lang='lat' dir='ltr'><strong>ac</strong></span> 
     </span>
    </p>
   </div>
   <div class='ocr_carea' id='block_1_26' title="bbox 544 2252 2129 2323">
    <p class='ocr_par' dir='ltr' id='par_1_26' title="bbox 544 2252 2129 2323">
     <span class='ocr_line' id='line_1_27' title="bbox 544 2252 2129 2323; baseline -0.001 -14"><span class='ocrx_word' id='word_1_183' title='bbox 544 2269 658 2309; x_wconf 87' lang='lat' dir='ltr'><strong>non</strong></span> <span class='ocrx_word' id='word_1_184' title='bbox 702 2255 869 2323; x_wconf 87' lang='lat' dir='ltr'><strong>magis</strong></span> <span class='ocrx_word' id='word_1_185' title='bbox 907 2254 1264 2309; x_wconf 81' lang='lat' dir='ltr'><strong>conventione</strong></span> <span class='ocrx_word' id='word_1_186' title='bbox 1285 2252 1518 2322; x_wconf 78' lang='lat' dir='ltr'><strong>quadam</strong></span> <span class='ocrx_word' id='word_1_187' title='bbox 1542 2293 1556 2320; x_wconf 94' lang='lat'><strong>,</strong></span> <span class='ocrx_word' id='word_1_188' title='bbox 1583 2268 1707 2323; x_wconf 78' lang='lat' dir='ltr'><strong>quae</strong></span> <span class='ocrx_word' id='word_1_189' title='bbox 1753 2253 1820 2309; x_wconf 89' lang='lat' dir='ltr'><strong>sit</strong></span> <span class='ocrx_word' id='word_1_190' title='bbox 1863 2252 2004 2308; x_wconf 86' lang='lat' dir='ltr'><strong>facta</strong></span> <span class='ocrx_word' id='word_1_191' title='bbox 2031 2267 2129 2323; x_wconf 89' lang='lat' dir='ltr'><strong>per</strong></span> 
     </span>
    </p>
   </div>
   <div class='ocr_carea' id='block_1_27' title="bbox 539 2343 1522 2408">
    <p class='ocr_par' dir='ltr' id='par_1_27' title="bbox 539 2343 1522 2408">
     <span class='ocr_line' id='line_1_28' title="bbox 539 2343 1522 2408; baseline -0.006 -4"><span class='ocrx_word' id='word_1_192' title='bbox 539 2343 724 2404; x_wconf 73' lang='grc' dir='ltr'><strong>ἕνωσιν</strong></span> <span class='ocrx_word' id='word_1_193' title='bbox 754 2345 1086 2408; x_wconf 73' lang='lat' dir='ltr'><strong>naturalem;</strong></span> <span class='ocrx_word' id='word_1_194' title='bbox 1113 2345 1404 2406; x_wconf 69' lang='lat' dir='ltr'><strong>anathema</strong></span> <span class='ocrx_word' id='word_1_195' title='bbox 1429 2345 1522 2404; x_wconf 86' lang='lat' dir='ltr'><strong>sit.</strong></span> 
     </span>
    </p>
   </div>
   <div class='ocr_carea' id='block_1_28' title="bbox 932 2491 1736 2536">
    <p class='ocr_par' dir='ltr' id='par_1_28' title="bbox 932 2491 1736 2536">
     <span class='ocr_line' id='line_1_29' title="bbox 932 2491 1736 2536; baseline -0.006 -1"><span class='ocrx_word' id='word_1_196' title='bbox 932 2493 1293 2536; x_wconf 72' lang='lat' dir='ltr'><strong>REPREHENSIO</strong></span> <span class='ocrx_word' id='word_1_197' title='bbox 1323 2491 1736 2532; x_wconf 69' lang='lat' dir='ltr'><strong>HERETICORUM.</strong></span> 
     </span>
    </p>
   </div>
   <div class='ocr_carea' id='block_1_29' title="bbox 614 2588 2124 2655">
    <p class='ocr_par' dir='ltr' id='par_1_29' title="bbox 614 2588 2124 2655">
     <span class='ocr_line' id='line_1_30' title="bbox 614 2588 2124 2655; baseline -0.003 -7"><span class='ocrx_word' id='word_1_198' title='bbox 614 2590 819 2650; x_wconf 74' lang='lat' dir='ltr'><strong>Rursus</strong></span> <span class='ocrx_word' id='word_1_199' title='bbox 868 2591 1018 2648; x_wconf 90' lang='lat' dir='ltr'><strong>illum</strong></span> <span class='ocrx_word' id='word_1_200' title='bbox 1065 2606 1287 2646; x_wconf 92' lang='lat' dir='ltr'><strong>suorum</strong></span> <span class='ocrx_word' id='word_1_201' title='bbox 1333 2589 1740 2645; x_wconf 87' lang='lat' dir='ltr'><strong>admonebimus</strong></span> <span class='ocrx_word' id='word_1_202' title='bbox 1795 2588 2083 2644; x_wconf 86' lang='lat' dir='ltr'><strong>verborum</strong></span> <span class='ocrx_word' id='word_1_203' title='bbox 2110 2630 2124 2655; x_wconf 91' lang='lat'><strong>,</strong></span> 
     </span>
    </p>
   </div>
   <div class='ocr_carea' id='block_1_30' title="bbox 544 2680 2124 2754">
    <p class='ocr_par' dir='ltr' id='par_1_30' title="bbox 544 2680 2124 2754">
     <span class='ocr_line' id='line_1_31' title="bbox 544 2680 2124 2754; baseline -0.004 -12"><span class='ocrx_word' id='word_1_204' title='bbox 544 2686 927 2742; x_wconf 83' lang='lat' dir='ltr'><strong>convincentes</strong></span> <span class='ocrx_word' id='word_1_205' title='bbox 964 2684 1138 2754; x_wconf 89' lang='lat' dir='ltr'><strong>ipsum</strong></span> <span class='ocrx_word' id='word_1_206' title='bbox 1167 2683 1298 2738; x_wconf 90' lang='lat' dir='ltr'><strong>duas</strong></span> <span class='ocrx_word' id='word_1_207' title='bbox 1337 2681 1666 2737; x_wconf 85' lang='lat' dir='ltr'><strong>substantias</strong></span> <span class='ocrx_word' id='word_1_208' title='bbox 1693 2680 1893 2736; x_wconf 79' lang='lat' dir='ltr'><strong>dixisse</strong></span> <span class='ocrx_word' id='word_1_209' title='bbox 1932 2682 1986 2735; x_wconf 92' lang='lat' dir='ltr'><strong>in</strong></span> <span class='ocrx_word' id='word_1_210' title='bbox 2013 2682 2124 2747; x_wconf 90' lang='lat' dir='ltr'><strong>his,</strong></span> 
     </span>
    </p>
   </div>
   <div class='ocr_carea' id='block_1_31' title="bbox 543 2770 2127 2848">
    <p class='ocr_par' dir='ltr' id='par_1_31' title="bbox 543 2770 2127 2848">
     <span class='ocr_line' id='line_1_32' title="bbox 543 2770 2127 2848; baseline -0.005 -16"><span class='ocrx_word' id='word_1_211' title='bbox 543 2791 664 2848; x_wconf 73' lang='lat' dir='ltr'><strong>qua:</strong></span> <span class='ocrx_word' id='word_1_212' title='bbox 687 2777 899 2847; x_wconf 86' lang='lat' dir='ltr'><strong>scripsit</strong></span> <span class='ocrx_word' id='word_1_213' title='bbox 926 2776 981 2830; x_wconf 91' lang='lat' dir='ltr'><strong>in</strong></span> <span class='ocrx_word' id='word_1_214' title='bbox 1007 2775 1184 2846; x_wconf 86' lang='lat' dir='ltr'><strong>primo</strong></span> <span class='ocrx_word' id='word_1_215' title='bbox 1211 2782 1380 2838; x_wconf 81' lang='lat' dir='ltr'><strong>temo,</strong></span> <span class='ocrx_word' id='word_1_216' title='bbox 1409 2774 1522 2828; x_wconf 65' lang='lat' dir='ltr'><strong>‘hoc</strong></span> <span class='ocrx_word' id='word_1_217' title='bbox 1540 2771 1701 2827; x_wconf 86' lang='lat' dir='ltr'><strong>modo</strong></span> <span class='ocrx_word' id='word_1_218' title='bbox 1735 2789 1748 2824; x_wconf 90' lang='lat'><strong>:</strong></span> <span class='ocrx_word' id='word_1_219' title='bbox 1787 2770 1930 2842; x_wconf 82' lang='lat' dir='ltr'><strong>Ergo</strong></span> <span class='ocrx_word' id='word_1_220' title='bbox 1960 2789 2127 2842; x_wconf 89' lang='lat' dir='ltr'><strong>quan-</strong></span> 
     </span>
    </p>
   </div>
   <div class='ocr_carea' id='block_1_32' title="bbox 544 2863 2129 2942">
    <p class='ocr_par' dir='ltr' id='par_1_32' title="bbox 544 2863 2129 2942">
     <span class='ocr_line' id='line_1_33' title="bbox 544 2863 2129 2942; baseline -0.007 -15"><span class='ocrx_word' id='word_1_221' title='bbox 544 2880 651 2927; x_wconf 84' lang='lat' dir='ltr'><strong>tum</strong></span> <span class='ocrx_word' id='word_1_222' title='bbox 677 2871 923 2942; x_wconf 81' lang='lat' dir='ltr'><strong>pertinuit</strong></span> <span class='ocrx_word' id='word_1_223' title='bbox 949 2868 1018 2924; x_wconf 88' lang='lat' dir='ltr'><strong>ad</strong></span> <span class='ocrx_word' id='word_1_224' title='bbox 1045 2869 1305 2939; x_wconf 82' lang='lat' dir='ltr'><strong>propriam</strong></span> <span class='ocrx_word' id='word_1_225' title='bbox 1328 2875 1607 2931; x_wconf 78' lang='lat' dir='ltr'><strong>naturam,</strong></span> <span class='ocrx_word' id='word_1_226' title='bbox 1651 2882 1754 2920; x_wconf 84' lang='lat' dir='ltr'><strong>non</strong></span> <span class='ocrx_word' id='word_1_227' title='bbox 1780 2863 1993 2936; x_wconf 62' lang='grc' dir='ltr'><strong>[Βοιαὶ.</strong></span> <span class='ocrx_word' id='word_1_228' title='bbox 2024 2880 2129 2917; x_wconf 90' lang='lat' dir='ltr'><strong>non</strong></span> 
     </span>
    </p>
   </div>
   <div class='ocr_carea' id='block_1_33' title="bbox 541 2953 2130 3032">
    <p class='ocr_par' dir='ltr' id='par_1_33' title="bbox 541 2953 2130 3032">
     <span class='ocr_line' id='line_1_34' title="bbox 541 2953 2130 3032; baseline -0.005 -17"><span class='ocrx_word' id='word_1_229' title='bbox 541 2961 708 3015; x_wconf 82' lang='lat' dir='ltr'><strong>solum</strong></span> <span class='ocrx_word' id='word_1_230' title='bbox 732 2959 918 3032; x_wconf 84' lang='lat' dir='ltr'><strong>ipsum]</strong></span> <span class='ocrx_word' id='word_1_231' title='bbox 941 2976 1031 3030; x_wconf 88' lang='lat' dir='ltr'><strong>per</strong></span> <span class='ocrx_word' id='word_1_232' title='bbox 1052 2975 1111 3012; x_wconf 86' lang='lat' dir='ltr'><strong>se</strong></span> <span class='ocrx_word' id='word_1_233' title='bbox 1135 2958 1516 3027; x_wconf 78' lang='lat' dir='ltr'><strong>sanctiﬁcatum</strong></span> <span class='ocrx_word' id='word_1_234' title='bbox 1543 2964 1618 3011; x_wconf 88' lang='lat' dir='ltr'><strong>est</strong></span> <span class='ocrx_word' id='word_1_235' title='bbox 1648 2955 1869 3011; x_wconf 84' lang='lat' dir='ltr'><strong>Verbum</strong></span> <span class='ocrx_word' id='word_1_236' title='bbox 1897 2953 1994 3008; x_wconf 91' lang='lat' dir='ltr'><strong>Dei</strong></span> <span class='ocrx_word' id='word_1_237' title='bbox 2021 2953 2130 3008; x_wconf 81' lang='lat' dir='ltr'><strong>Pa-</strong></span> 
     </span>
    </p>
   </div>
   <div class='ocr_carea' id='block_1_34' title="bbox 545 3047 2129 3120">
    <p class='ocr_par' dir='ltr' id='par_1_34' title="bbox 545 3047 2129 3120">
     <span class='ocr_line' id='line_1_35' title="bbox 545 3047 2129 3120; baseline -0.004 -15"><span class='ocrx_word' id='word_1_238' title='bbox 545 3053 671 3116; x_wconf 86' lang='lat' dir='ltr'><strong>tris;</strong></span> <span class='ocrx_word' id='word_1_239' title='bbox 715 3053 796 3104; x_wconf 84' lang='lat' dir='ltr'><strong>sin</strong></span> <span class='ocrx_word' id='word_1_240' title='bbox 833 3068 947 3105; x_wconf 84' lang='lat' dir='ltr'><strong>vero</strong></span> <span class='ocrx_word' id='word_1_241' title='bbox 985 3050 1182 3120; x_wconf 78' lang='lat' dir='ltr'><strong>estqui</strong></span> <span class='ocrx_word' id='word_1_242' title='bbox 1219 3047 1395 3101; x_wconf 83' lang='lat' dir='ltr'><strong>credat</strong></span> <span class='ocrx_word' id='word_1_243' title='bbox 1433 3063 1579 3110; x_wconf 84' lang='lat' dir='ltr'><strong>eum,</strong></span> <span class='ocrx_word' id='word_1_244' title='bbox 1619 3048 1705 3118; x_wconf 85' lang='lat' dir='ltr'><strong>qui</strong></span> <span class='ocrx_word' id='word_1_245' title='bbox 1745 3055 1821 3100; x_wconf 84' lang='lat' dir='ltr'><strong>est</strong></span> <span class='ocrx_word' id='word_1_246' title='bbox 1866 3053 2018 3100; x_wconf 85' lang='lat' dir='ltr'><strong>natus</strong></span> <span class='ocrx_word' id='word_1_247' title='bbox 2063 3061 2129 3098; x_wconf 80' lang='lat' dir='ltr'><strong>ea:</strong></span> 
     </span>
    </p>
   </div>
   <div class='ocr_carea' id='block_1_35' title="bbox 540 3139 2195 3236">
    <p class='ocr_par' dir='ltr' id='par_1_35' title="bbox 540 3139 2195 3236">
     <span class='ocr_line' id='line_1_36' title="bbox 540 3139 2195 3236; baseline -0.004 -39"><span class='ocrx_word' id='word_1_248' title='bbox 540 3153 724 3198; x_wconf 84' lang='lat' dir='ltr'><strong>sancta</strong></span> <span class='ocrx_word' id='word_1_249' title='bbox 763 3142 1010 3215; x_wconf 80' lang='lat' dir='ltr'><strong>Virgine,</strong></span> <span class='ocrx_word' id='word_1_250' title='bbox 1049 3149 1259 3195; x_wconf 88' lang='lat' dir='ltr'><strong>unctum</strong></span> <span class='ocrx_word' id='word_1_251' title='bbox 1292 3157 1400 3194; x_wconf 85' lang='lat' dir='ltr'><strong>esse</strong></span> <span class='ocrx_word' id='word_1_252' title='bbox 1439 3148 1487 3194; x_wconf 88' lang='lat' dir='ltr'><strong>et</strong></span> <span class='ocrx_word' id='word_1_253' title='bbox 1523 3139 1904 3208; x_wconf 76' lang='lat' dir='ltr'><strong>sanctificatum</strong></span> <span class='ocrx_word' id='word_1_254' title='bbox 1959 3139 2124 3193; x_wconf 86' lang='lat' dir='ltr'><strong>solum</strong></span> <span class='ocrx_word' id='word_1_255' title='bbox 2149 3174 2195 3236; x_wconf 65' lang='grc' dir='ltr'><strong>Ο</strong></span> 
     </span>
    </p>
   </div>
   <div class='ocr_carea' id='block_1_36' title="bbox 538 3229 2123 3306">
    <p class='ocr_par' dir='ltr' id='par_1_36' title="bbox 538 3229 2123 3306">
     <span class='ocr_line' id='line_1_37' title="bbox 538 3229 2123 3306; baseline -0.003 -18"><span class='ocrx_word' id='word_1_256' title='bbox 538 3234 709 3306; x_wconf 86' lang='lat' dir='ltr'><strong>ipsum</strong></span> <span class='ocrx_word' id='word_1_257' title='bbox 735 3251 826 3305; x_wconf 85' lang='lat' dir='ltr'><strong>per</strong></span> <span class='ocrx_word' id='word_1_258' title='bbox 864 3250 918 3288; x_wconf 85' lang='lat' dir='ltr'><strong>se</strong></span> <span class='ocrx_word' id='word_1_259' title='bbox 939 3275 953 3299; x_wconf 96' lang='lat'><strong>,</strong></span> <span class='ocrx_word' id='word_1_260' title='bbox 1001 3241 1050 3286; x_wconf 82' lang='lat' dir='ltr'><strong>et</strong></span> <span class='ocrx_word' id='word_1_261' title='bbox 1081 3240 1355 3303; x_wconf 81' lang='lat' dir='ltr'><strong>propterea</strong></span> <span class='ocrx_word' id='word_1_262' title='bbox 1385 3229 1645 3285; x_wconf 74' lang='lat' dir='ltr'><strong>Christum</strong></span> <span class='ocrx_word' id='word_1_263' title='bbox 1685 3230 1842 3300; x_wconf 78' lang='lat' dir='ltr'><strong>fuisse</strong></span> <span class='ocrx_word' id='word_1_264' title='bbox 1880 3230 2123 3283; x_wconf 87' lang='lat' dir='ltr'><strong>nomina-</strong></span> 
     </span>
    </p>
   </div>
   <div class='ocr_carea' id='block_1_37' title="bbox 540 3321 2125 3399">
    <p class='ocr_par' dir='ltr' id='par_1_37' title="bbox 540 3321 2125 3399">
     <span class='ocr_line' id='line_1_38' title="bbox 540 3321 2125 3399; baseline -0.006 -16"><span class='ocrx_word' id='word_1_265' title='bbox 540 3336 668 3394; x_wconf 84' lang='lat' dir='ltr'><strong>tum,</strong></span> <span class='ocrx_word' id='word_1_266' title='bbox 697 3335 800 3383; x_wconf 89' lang='lat' dir='ltr'><strong>etc.</strong></span> <span class='ocrx_word' id='word_1_267' title='bbox 835 3325 960 3399; x_wconf 86' lang='lat' dir='ltr'><strong>(Ep.</strong></span> <span class='ocrx_word' id='word_1_268' title='bbox 991 3326 1059 3379; x_wconf 87' lang='lat' dir='ltr'><strong>ad</strong></span> <span class='ocrx_word' id='word_1_269' title='bbox 1087 3325 1326 3390; x_wconf 86' lang='lat' dir='ltr'><strong>monach,</strong></span> <span class='ocrx_word' id='word_1_270' title='bbox 1357 3341 1497 3377; x_wconf 84' lang='lat' dir='ltr'><strong>num.</strong></span> <span class='ocrx_word' id='word_1_271' title='bbox 1534 3321 1601 3376; x_wconf 85' lang='grc'><strong>15</strong></span> <span class='ocrx_word' id='word_1_272' title='bbox 1624 3330 1672 3376; x_wconf 90' lang='lat' dir='ltr'><strong>et</strong></span> <span class='ocrx_word' id='word_1_273' title='bbox 1702 3321 1810 3392; x_wconf 77' lang='grc'><strong>16).</strong></span> <span class='ocrx_word' id='word_1_274' title='bbox 1844 3321 2125 3389; x_wconf 83' lang='lat' dir='ltr'><strong>Quomodo</strong></span> 
     </span>
    </p>
   </div>
   <div class='ocr_carea' id='block_1_38' title="bbox 537 3416 2123 3491">
    <p class='ocr_par' dir='ltr' id='par_1_38' title="bbox 537 3416 2123 3491">
     <span class='ocr_line' id='line_1_39' title="bbox 537 3416 2123 3491; baseline -0.004 -15"><span class='ocrx_word' id='word_1_275' title='bbox 537 3420 704 3491; x_wconf 90' lang='lat' dir='ltr'><strong>igitur</strong></span> <span class='ocrx_word' id='word_1_276' title='bbox 728 3420 926 3476; x_wconf 92' lang='lat' dir='ltr'><strong>oblitus</strong></span> <span class='ocrx_word' id='word_1_277' title='bbox 955 3434 1204 3486; x_wconf 88' lang='lat' dir='ltr'><strong>suorum,</strong></span> <span class='ocrx_word' id='word_1_278' title='bbox 1237 3418 1292 3472; x_wconf 91' lang='lat' dir='ltr'><strong>in</strong></span> <span class='ocrx_word' id='word_1_279' title='bbox 1320 3433 1482 3478; x_wconf 87' lang='lat' dir='ltr'><strong>unam</strong></span> <span class='ocrx_word' id='word_1_280' title='bbox 1512 3416 1864 3474; x_wconf 86' lang='lat' dir='ltr'><strong>substantiam</strong></span> <span class='ocrx_word' id='word_1_281' title='bbox 1905 3424 2123 3476; x_wconf 88' lang='lat' dir='ltr'><strong>contra-</strong></span> 
     </span>
    </p>
   </div>
   <div class='ocr_carea' id='block_1_39' title="bbox 539 3507 2124 3578">
    <p class='ocr_par' dir='ltr' id='par_1_39' title="bbox 539 3507 2124 3578">
     <span class='ocr_line' id='line_1_40' title="bbox 539 3507 2124 3578; baseline -0.005 -10"><span class='ocrx_word' id='word_1_282' title='bbox 539 3509 639 3577; x_wconf 86' lang='lat' dir='ltr'><strong>hit,</strong></span> <span class='ocrx_word' id='word_1_283' title='bbox 672 3509 1003 3568; x_wconf 80' lang='lat' dir='ltr'><strong>confundens</strong></span> <span class='ocrx_word' id='word_1_284' title='bbox 1031 3518 1258 3574; x_wconf 79' lang='lat' dir='ltr'><strong>naturas</strong></span> <span class='ocrx_word' id='word_1_285' title='bbox 1270 3551 1294 3578; x_wconf 90' lang='lat'><strong>_,</strong></span> <span class='ocrx_word' id='word_1_286' title='bbox 1341 3509 1578 3572; x_wconf 82' lang='lat' dir='ltr'><strong>divinam</strong></span> <span class='ocrx_word' id='word_1_287' title='bbox 1605 3509 1782 3568; x_wconf 74' lang='grc' dir='ltr'><strong>ἕνωσιν</strong></span> <span class='ocrx_word' id='word_1_288' title='bbox 1819 3507 2124 3566; x_wconf 79' lang='lat' dir='ltr'><strong>naturalem</strong></span> 
     </span>
    </p>
   </div>
   <div class='ocr_carea' id='block_1_40' title="bbox 539 3604 779 3658">
    <p class='ocr_par' dir='ltr' id='par_1_40' title="bbox 539 3604 779 3658">
     <span class='ocr_line' id='line_1_41' title="bbox 539 3604 779 3658; baseline -0.004 -1"><span class='ocrx_word' id='word_1_289' title='bbox 539 3611 742 3658; x_wconf 73' lang='lat' dir='ltr'><strong>Vocans</strong></span> <span class='ocrx_word' id='word_1_290' title='bbox 755 3604 779 3656; x_wconf 85' lang='lat'><strong>?</strong></span> 
     </span>
    </p>
   </div>
   <div class='ocr_carea' id='block_1_41' title="bbox 610 3689 2126 3766">
    <p class='ocr_par' dir='ltr' id='par_1_41' title="bbox 610 3689 2126 3766">
     <span class='ocr_line' id='line_1_42' title="bbox 610 3689 2126 3766; baseline -0.005 -16"><span class='ocrx_word' id='word_1_291' title='bbox 610 3693 680 3750; x_wconf 83' lang='lat' dir='ltr'><strong>Et</strong></span> <span class='ocrx_word' id='word_1_292' title='bbox 700 3693 820 3766; x_wconf 82' lang='lat' dir='ltr'><strong>quis</strong></span> <span class='ocrx_word' id='word_1_293' title='bbox 846 3707 1099 3765; x_wconf 88' lang='lat' dir='ltr'><strong>umquam</strong></span> <span class='ocrx_word' id='word_1_294' title='bbox 1118 3692 1345 3763; x_wconf 88' lang='lat' dir='ltr'><strong>accipiat</strong></span> <span class='ocrx_word' id='word_1_295' title='bbox 1365 3691 1664 3746; x_wconf 86' lang='lat' dir='ltr'><strong>naturalem</strong></span> <span class='ocrx_word' id='word_1_296' title='bbox 1688 3689 1925 3750; x_wconf 85' lang='lat' dir='ltr'><strong>divinam</strong></span> <span class='ocrx_word' id='word_1_297' title='bbox 1945 3691 2126 3750; x_wconf 76' lang='grc' dir='ltr'><strong><em>ἕνωσιν</em></strong></span> 
     </span>
    </p>
   </div>
   <div class='ocr_carea' id='block_1_42' title="bbox 539 3781 2124 3866">
    <p class='ocr_par' dir='ltr' id='par_1_42' title="bbox 539 3781 2124 3866">
     <span class='ocr_line' id='line_1_43' title="bbox 539 3781 2124 3866; baseline -0.007 -22"><span class='ocrx_word' id='word_1_298' title='bbox 539 3785 594 3844; x_wconf 92' lang='lat' dir='ltr'><strong>in</strong></span> <span class='ocrx_word' id='word_1_299' title='bbox 611 3785 1021 3866; x_wconf 75' lang='lat' dir='ltr'><strong>dispensationis</strong></span> <span class='ocrx_word' id='word_1_300' title='bbox 1032 3783 1321 3856; x_wconf 84' lang='lat' dir='ltr'><strong>mysterio?</strong></span> <span class='ocrx_word' id='word_1_301' title='bbox 1335 3782 1470 3840; x_wconf 78' lang='lat' dir='ltr'><strong>Nam</strong></span> <span class='ocrx_word' id='word_1_302' title='bbox 1490 3782 1536 3836; x_wconf 89' lang='lat' dir='ltr'><strong>si</strong></span> <span class='ocrx_word' id='word_1_303' title='bbox 1564 3788 1645 3842; x_wconf 86' lang='lat' dir='ltr'><strong>est</strong></span> <span class='ocrx_word' id='word_1_304' title='bbox 1663 3782 1845 3843; x_wconf 79' lang='grc' dir='ltr'><strong>ἕνωσις</strong></span> <span class='ocrx_word' id='word_1_305' title='bbox 1862 3781 1952 3834; x_wconf 90' lang='lat' dir='ltr'><strong>illa</strong></span> <span class='ocrx_word' id='word_1_306' title='bbox 1968 3787 2124 3842; x_wconf 83' lang='lat' dir='ltr'><strong>natu-</strong></span> 
     </span>
    </p>
   </div>
   <div class='ocr_carea' id='block_1_43' title="bbox 536 3871 2124 3948">
    <p class='ocr_par' dir='ltr' id='par_1_43' title="bbox 536 3871 2124 3948">
     <span class='ocr_line' id='line_1_44' title="bbox 536 3871 2124 3948; baseline -0.003 -15"><span class='ocrx_word' id='word_1_307' title='bbox 536 3878 686 3947; x_wconf 76' lang='lat' dir='ltr'><strong>ralis,</strong></span> <span class='ocrx_word' id='word_1_308' title='bbox 717 3879 807 3938; x_wconf 89' lang='lat' dir='ltr'><strong>ubi</strong></span> <span class='ocrx_word' id='word_1_309' title='bbox 834 3884 915 3933; x_wconf 90' lang='lat' dir='ltr'><strong>est</strong></span> <span class='ocrx_word' id='word_1_310' title='bbox 938 3877 1143 3948; x_wconf 88' lang='lat' dir='ltr'><strong>gratia?</strong></span> <span class='ocrx_word' id='word_1_311' title='bbox 1165 3876 1254 3932; x_wconf 87' lang='lat' dir='ltr'><strong>ubi</strong></span> <span class='ocrx_word' id='word_1_312' title='bbox 1281 3875 1519 3934; x_wconf 85' lang='lat' dir='ltr'><strong>divinum</strong></span> <span class='ocrx_word' id='word_1_313' title='bbox 1538 3873 1884 3944; x_wconf 81' lang='lat' dir='ltr'><strong>mysterium?</strong></span> <span class='ocrx_word' id='word_1_314' title='bbox 1912 3871 2124 3928; x_wconf 70' lang='lat' dir='ltr'><strong>Natum</strong></span> 
     </span>
    </p>
   </div>
   <div class='ocr_carea' id='block_1_44' title="bbox 538 3963 2127 4036">
    <p class='ocr_par' dir='ltr' id='par_1_44' title="bbox 538 3963 2127 4036">
     <span class='ocr_line' id='line_1_45' title="bbox 538 3963 2127 4036; baseline -0.005 -9"><span class='ocrx_word' id='word_1_315' title='bbox 538 3970 703 4036; x_wconf 83' lang='lat' dir='ltr'><strong>enim,</strong></span> <span class='ocrx_word' id='word_1_316' title='bbox 733 3969 872 4030; x_wconf 82' lang='lat' dir='ltr'><strong>sicut</strong></span> <span class='ocrx_word' id='word_1_317' title='bbox 890 3969 1067 4028; x_wconf 88' lang='lat' dir='ltr'><strong>edocti</strong></span> <span class='ocrx_word' id='word_1_318' title='bbox 1087 3983 1290 4032; x_wconf 87' lang='lat' dir='ltr'><strong>sumus,</strong></span> <span class='ocrx_word' id='word_1_319' title='bbox 1316 3965 1483 4021; x_wconf 90' lang='lat' dir='ltr'><strong>semel</strong></span> <span class='ocrx_word' id='word_1_320' title='bbox 1504 3981 1536 4020; x_wconf 92' lang='lat' dir='ltr'><strong>a</strong></span> <span class='ocrx_word' id='word_1_321' title='bbox 1561 3963 1673 4020; x_wconf 91' lang='lat' dir='ltr'><strong>Deo</strong></span> <span class='ocrx_word' id='word_1_322' title='bbox 1696 3964 2019 4027; x_wconf 62' lang='lat' dir='ltr'><strong>constitute,</strong></span> <span class='ocrx_word' id='word_1_323' title='bbox 2037 3979 2127 4019; x_wconf 87' lang='lat' dir='ltr'><strong>ne-</strong></span> 
     </span>
    </p>
   </div>
   <div class='ocr_carea' id='block_1_45' title="bbox 538 4056 2124 4130">
    <p class='ocr_par' dir='ltr' id='par_1_45' title="bbox 538 4056 2124 4130">
     <span class='ocr_line' id='line_1_46' title="bbox 538 4056 2124 4130; baseline -0.003 -13"><span class='ocrx_word' id='word_1_324' title='bbox 538 4061 784 4118; x_wconf 88' lang='lat' dir='ltr'><strong>cessariis</strong></span> <span class='ocrx_word' id='word_1_325' title='bbox 805 4061 1010 4130; x_wconf 84' lang='lat' dir='ltr'><strong>legibus</strong></span> <span class='ocrx_word' id='word_1_326' title='bbox 1037 4058 1293 4114; x_wconf 89' lang='lat' dir='ltr'><strong>serviunt.</strong></span> <span class='ocrx_word' id='word_1_327' title='bbox 1326 4056 1411 4114; x_wconf 85' lang='lat' dir='ltr'><strong>Au</strong></span> <span class='ocrx_word' id='word_1_328' title='bbox 1431 4057 1541 4114; x_wconf 88' lang='lat' dir='ltr'><strong>.erit</strong></span> <span class='ocrx_word' id='word_1_329' title='bbox 1561 4057 1776 4122; x_wconf 88' lang='lat' dir='ltr'><strong>iterum,</strong></span> <span class='ocrx_word' id='word_1_330' title='bbox 1807 4072 1906 4128; x_wconf 91' lang='lat' dir='ltr'><strong>per</strong></span> <span class='ocrx_word' id='word_1_331' title='bbox 1935 4059 2124 4113; x_wconf 80' lang='grc' dir='ltr'><strong>ἀνακύ-</strong></span> 
     </span>
    </p>
   </div>
   <div class='ocr_carea' id='block_1_46' title="bbox 538 4148 2120 4224">
    <p class='ocr_par' dir='ltr' id='par_1_46' title="bbox 538 4148 2120 4224">
     <span class='ocr_line' id='line_1_47' title="bbox 538 4148 2120 4224; baseline -0.004 -16"><span class='ocrx_word' id='word_1_332' title='bbox 538 4154 707 4214; x_wconf 73' lang='grc' dir='ltr'><strong>κλησιν</strong></span> <span class='ocrx_word' id='word_1_333' title='bbox 735 4161 787 4208; x_wconf 94' lang='lat' dir='ltr'><strong>et</strong></span> <span class='ocrx_word' id='word_1_334' title='bbox 831 4153 1005 4222; x_wconf 81' lang='lat' dir='ltr'><strong>legem</strong></span> <span class='ocrx_word' id='word_1_335' title='bbox 1052 4159 1288 4215; x_wconf 70' lang='lat' dir='ltr'><strong>naturze,</strong></span> <span class='ocrx_word' id='word_1_336' title='bbox 1331 4148 1744 4224; x_wconf 80' lang='lat' dir='ltr'><strong>dispensationis</strong></span> <span class='ocrx_word' id='word_1_337' title='bbox 1787 4148 1945 4214; x_wconf 87' lang='lat' dir='ltr'><strong>ratio,</strong></span> <span class='ocrx_word' id='word_1_338' title='bbox 1967 4148 2120 4217; x_wconf 71' lang='lat' dir='ltr'><strong>juxta</strong></span> 
     </span>
    </p>
   </div>
   <div class='ocr_carea' id='block_1_47' title="bbox 538 4240 2116 4318">
    <p class='ocr_par' dir='ltr' id='par_1_47' title="bbox 538 4240 2116 4318">
     <span class='ocr_line' id='line_1_48' title="bbox 538 4240 2116 4318; baseline -0.002 -19"><span class='ocrx_word' id='word_1_339' title='bbox 538 4243 781 4299; x_wconf 75' lang='lat' dir='ltr'><strong>fabulosa</strong></span> <span class='ocrx_word' id='word_1_340' title='bbox 810 4244 898 4297; x_wconf 89' lang='lat' dir='ltr'><strong>illa</strong></span> <span class='ocrx_word' id='word_1_341' title='bbox 923 4241 1408 4318; x_wconf 79' lang='grc' dir='ltr'><strong>χιλιονταετηρίδος,</strong></span> <span class='ocrx_word' id='word_1_342' title='bbox 1441 4240 1493 4294; x_wconf 91' lang='lat' dir='ltr'><strong>id</strong></span> <span class='ocrx_word' id='word_1_343' title='bbox 1520 4248 1620 4306; x_wconf 91' lang='lat' dir='ltr'><strong>est,</strong></span> <span class='ocrx_word' id='word_1_344' title='bbox 1657 4240 1804 4296; x_wconf 91' lang='lat' dir='ltr'><strong>mille</strong></span> <span class='ocrx_word' id='word_1_345' title='bbox 1835 4256 2116 4309; x_wconf 84' lang='lat' dir='ltr'><strong>annorum,</strong></span> 
     </span>
    </p>
   </div>
   <div class='ocr_carea' id='block_1_48' title="bbox 541 4331 1724 4409">
    <p class='ocr_par' dir='ltr' id='par_1_48' title="bbox 541 4331 1724 4409">
     <span class='ocr_line' id='line_1_49' title="bbox 541 4331 1724 4409; baseline -0.006 -16"><span class='ocrx_word' id='word_1_346' title='bbox 541 4335 856 4409; x_wconf 73' lang='lat' dir='ltr'><strong>Apollinarii</strong></span> <span class='ocrx_word' id='word_1_347' title='bbox 885 4333 1090 4408; x_wconf 80' lang='lat' dir='ltr'><strong>[Baluz.</strong></span> <span class='ocrx_word' id='word_1_348' title='bbox 1119 4331 1463 4406; x_wconf 77' lang='lat' dir='ltr'><strong>Apollinaris]</strong></span> <span class='ocrx_word' id='word_1_349' title='bbox 1487 4333 1724 4388; x_wconf 89' lang='lat' dir='ltr'><strong>inventa.</strong></span> 
     </span>
    </p>
   </div>
   <div class='ocr_carea' id='block_1_49' title="bbox 612 4465 2118 4542">
    <p class='ocr_par' dir='ltr' id='par_1_49' title="bbox 612 4465 2118 4542">
     <span class='ocr_line' id='line_1_50' title="bbox 612 4465 2118 4542; baseline -0.001 -18"><span class='ocrx_word' id='word_1_350' title='bbox 612 4469 933 4542; x_wconf 78' lang='lat' dir='ltr'><strong>Apollinarii</strong></span> <span class='ocrx_word' id='word_1_351' title='bbox 959 4469 1349 4542; x_wconf 58' lang='lat' dir='ltr'><strong>éuetuunlriﬂw;</strong></span> <span class='ocrx_word' id='word_1_352' title='bbox 1378 4475 1434 4522; x_wconf 90' lang='lat' dir='ltr'><strong>et</strong></span> <span class='ocrx_word' id='word_1_353' title='bbox 1479 4465 1946 4542; x_wconf 56' lang='grc' dir='ltr'><strong>χιλιονςοωεηρίδρς</strong></span> <span class='ocrx_word' id='word_1_354' title='bbox 1968 4481 2118 4542; x_wconf 72' lang='lat' dir='ltr'><strong>tuen-</strong></span> 
     </span>
    </p>
   </div>
   <div class='ocr_carea' id='block_1_50' title="bbox 530 4535 2114 4607">
    <p class='ocr_par' dir='ltr' id='par_1_50' title="bbox 530 4535 2114 4607">
     <span class='ocr_line' id='line_1_51' title="bbox 530 4535 2114 4607; baseline -0.001 -12"><span class='ocrx_word' id='word_1_355' title='bbox 530 4535 746 4607; x_wconf 63' lang='lat' dir='ltr'><strong>tionem</strong></span> <span class='ocrx_word' id='word_1_356' title='bbox 795 4536 995 4594; x_wconf 89' lang='lat' dir='ltr'><strong>nullam</strong></span> <span class='ocrx_word' id='word_1_357' title='bbox 1041 4539 1282 4600; x_wconf 78' lang='lat' dir='ltr'><strong>fecerunt</strong></span> <span class='ocrx_word' id='word_1_358' title='bbox 1315 4535 1687 4607; x_wconf 67' lang='lat' dir='ltr'><strong>haereseologi,</strong></span> <span class='ocrx_word' id='word_1_359' title='bbox 1743 4535 2076 4607; x_wconf 78' lang='lat' dir='ltr'><strong>Epiphanius</strong></span> <span class='ocrx_word' id='word_1_360' title='bbox 2099 4576 2114 4602; x_wconf 93' lang='lat'><strong>,</strong></span> 
     </span>
    </p>
   </div>
   <div class='ocr_carea' id='block_1_51' title="bbox 539 4606 2117 4677">
    <p class='ocr_par' dir='ltr' id='par_1_51' title="bbox 539 4606 2117 4677">
     <span class='ocr_line' id='line_1_52' title="bbox 539 4606 2117 4677; baseline -0.003 -9"><span class='ocrx_word' id='word_1_361' title='bbox 539 4606 877 4673; x_wconf 86' lang='lat' dir='ltr'><strong>Philastrius,</strong></span> <span class='ocrx_word' id='word_1_362' title='bbox 903 4608 1243 4677; x_wconf 79' lang='lat' dir='ltr'><strong>Augustinus,</strong></span> <span class='ocrx_word' id='word_1_363' title='bbox 1269 4606 1655 4670; x_wconf 88' lang='lat' dir='ltr'><strong>Theodoretus,</strong></span> <span class='ocrx_word' id='word_1_364' title='bbox 1682 4614 1737 4662; x_wconf 90' lang='lat' dir='ltr'><strong>et</strong></span> <span class='ocrx_word' id='word_1_365' title='bbox 1765 4606 1953 4663; x_wconf 86' lang='lat' dir='ltr'><strong>auctor</strong></span> <span class='ocrx_word' id='word_1_366' title='bbox 1973 4606 2117 4664; x_wconf 63' lang='grc' dir='ltr'><strong>Ρῐω-</strong></span> 
     </span>
    </p>
   </div>
   <div class='ocr_carea' id='block_1_52' title="bbox 540 4679 2114 4748">
    <p class='ocr_par' dir='ltr' id='par_1_52' title="bbox 540 4679 2114 4748">
     <span class='ocr_line' id='line_1_53' title="bbox 540 4679 2114 4748; baseline -0.001 -12"><span class='ocrx_word' id='word_1_367' title='bbox 540 4680 824 4748; x_wconf 85' lang='lat' dir='ltr'><strong>destinati;</strong></span> <span class='ocrx_word' id='word_1_368' title='bbox 855 4679 1092 4733; x_wconf 79' lang='lat' dir='ltr'><strong>iecerunt</strong></span> <span class='ocrx_word' id='word_1_369' title='bbox 1121 4687 1299 4732; x_wconf 89' lang='lat' dir='ltr'><strong>tamen</strong></span> <span class='ocrx_word' id='word_1_370' title='bbox 1329 4685 1438 4731; x_wconf 90' lang='lat' dir='ltr'><strong>tres</strong></span> <span class='ocrx_word' id='word_1_371' title='bbox 1467 4679 1763 4745; x_wconf 76' lang='lat' dir='ltr'><strong>gravissimi</strong></span> <span class='ocrx_word' id='word_1_372' title='bbox 1805 4680 2114 4748; x_wconf 90' lang='lat' dir='ltr'><strong>scriptores,</strong></span> 
     </span>
    </p>
   </div>
   <div class='ocr_carea' id='block_1_53' title="bbox 533 4747 2121 4820">
    <p class='ocr_par' dir='ltr' id='par_1_53' title="bbox 533 4747 2121 4820">
     <span class='ocr_line' id='line_1_54' title="bbox 533 4747 2121 4820; baseline -0.001 -14"><span class='ocrx_word' id='word_1_373' title='bbox 533 4747 785 4817; x_wconf 83' lang='lat' dir='ltr'><strong>&#39;Basilius,</strong></span> <span class='ocrx_word' id='word_1_374' title='bbox 807 4747 1104 4818; x_wconf 75' lang='lat' dir='ltr'><strong>Gregorius</strong></span> <span class='ocrx_word' id='word_1_375' title='bbox 1131 4748 1528 4820; x_wconf 64' lang='lat' dir='ltr'><strong>Nazianzenus,</strong></span> <span class='ocrx_word' id='word_1_376' title='bbox 1529 4756 1604 4820; x_wconf 87' lang='lat' dir='ltr'><strong>_et</strong></span> <span class='ocrx_word' id='word_1_377' title='bbox 1627 4747 2000 4820; x_wconf 79' lang='lat' dir='ltr'><strong>Hieronymus,</strong></span> <span class='ocrx_word' id='word_1_378' title='bbox 2027 4765 2121 4804; x_wconf 92' lang='lat' dir='ltr'><strong>cu-</strong></span> 
     </span>
    </p>
   </div>
   <div class='ocr_carea' id='block_1_54' title="bbox 531 4816 2120 4893">
    <p class='ocr_par' dir='ltr' id='par_1_54' title="bbox 531 4816 2120 4893">
     <span class='ocr_line' id='line_1_55' title="bbox 531 4816 2120 4893; baseline -0.003 -15"><span class='ocrx_word' id='word_1_379' title='bbox 531 4820 629 4893; x_wconf 64' lang='lat' dir='ltr'><strong>ius</strong></span> <span class='ocrx_word' id='word_1_380' title='bbox 653 4829 780 4893; x_wconf 75' lang='lat' dir='ltr'><strong>sunt</strong></span> <span class='ocrx_word' id='word_1_381' title='bbox 801 4816 1206 4893; x_wconf 56' lang='lat' dir='ltr'><strong>-ha2c&#39;verha_de</strong></span> <span class='ocrx_word' id='word_1_382' title='bbox 1243 4817 1452 4893; x_wconf 76' lang='lat' dir='ltr'><strong>Papia:</strong></span> <span class='ocrx_word' id='word_1_383' title='bbox 1497 4816 1601 4872; x_wconf 84' lang='lat' dir='ltr'><strong>Hie</strong></span> <span class='ocrx_word' id='word_1_384' title='bbox 1629 4819 1815 4874; x_wconf 81' lang='lat' dir='ltr'><strong>dicitur</strong></span> <span class='ocrx_word' id='word_1_385' title='bbox 1833 4816 1982 4893; x_wconf 77' lang='lat' dir='ltr'><strong>mille</strong></span> <span class='ocrx_word' id='word_1_386' title='bbox 2024 4836 2120 4874; x_wconf 86' lang='lat' dir='ltr'><strong>an-</strong></span> 
     </span>
    </p>
   </div>
   <div class='ocr_carea' id='block_1_55' title="bbox 538 4889 2121 4964">
    <p class='ocr_par' dir='ltr' id='par_1_55' title="bbox 538 4889 2121 4964">
     <span class='ocr_line' id='line_1_56' title="bbox 538 4889 2121 4964; baseline -0.003 -18"><span class='ocrx_word' id='word_1_387' title='bbox 538 4889 727 4964; x_wconf 57' lang='lat' dir='ltr'><strong>igorum</strong></span> <span class='ocrx_word' id='word_1_388' title='bbox 744 4889 1268 4964; x_wconf 69' lang='lat' dir='ltr'><strong>Iudaicamedidisse</strong></span> <span class='ocrx_word' id='word_1_389' title='bbox 1296 4889 1618 4964; x_wconf 66' lang='lat' dir='ltr'><strong>Sauripwaw,</strong></span> <span class='ocrx_word' id='word_1_390' title='bbox 1645 4906 1803 4964; x_wconf 74' lang='lat' dir='ltr'><strong>quem</strong></span> <span class='ocrx_word' id='word_1_391' title='bbox 1817 4891 1975 4944; x_wconf 87' lang='lat' dir='ltr'><strong>secuti</strong></span> <span class='ocrx_word' id='word_1_392' title='bbox 2001 4898 2121 4964; x_wconf 80' lang='lat' dir='ltr'><strong>sunt</strong></span> 
     </span>
    </p>
   </div>
   <div class='ocr_carea' id='block_1_56' title="bbox 539 4959 2121 5033">
    <p class='ocr_par' dir='ltr' id='par_1_56' title="bbox 539 4959 2121 5033">
     <span class='ocr_line' id='line_1_57' title="bbox 539 4959 2121 5033; baseline -0.001 -18"><span class='ocrx_word' id='word_1_393' title='bbox 539 4959 776 5033; x_wconf 65' lang='lat' dir='ltr'><strong>Irenwus</strong></span> <span class='ocrx_word' id='word_1_394' title='bbox 809 4969 857 5014; x_wconf 87' lang='lat' dir='ltr'><strong>et</strong></span> <span class='ocrx_word' id='word_1_395' title='bbox 882 4960 1250 5033; x_wconf 66' lang='lat' dir='ltr'><strong>Apollinarius,</strong></span> <span class='ocrx_word' id='word_1_396' title='bbox 1286 4963 1372 5033; x_wconf 86' lang='lat' dir='ltr'><strong>qui</strong></span> <span class='ocrx_word' id='word_1_397' title='bbox 1391 4959 1506 5032; x_wconf 83' lang='lat' dir='ltr'><strong>post</strong></span> <span class='ocrx_word' id='word_1_398' title='bbox 1534 4959 1957 5033; x_wconf 50' lang='lat' dir='ltr'><strong>resurrectionem</strong></span> <span class='ocrx_word' id='word_1_399' title='bbox 1977 4961 2121 5033; x_wconf 89' lang='lat' dir='ltr'><strong>aiunt</strong></span> 
     </span>
    </p>
   </div>
   <div class='ocr_carea' id='block_1_57' title="bbox 540 5027 2112 5105">
    <p class='ocr_par' dir='ltr' id='par_1_57' title="bbox 540 5027 2112 5105">
     <span class='ocr_line' id='line_1_58' title="bbox 540 5027 2112 5105; baseline -0.003 -19"><span class='ocrx_word' id='word_1_400' title='bbox 540 5032 597 5105; x_wconf 58' lang='grc' dir='ltr'><strong>ᾔι</strong></span> <span class='ocrx_word' id='word_1_401' title='bbox 626 5047 782 5105; x_wconf 83' lang='lat' dir='ltr'><strong>carne</strong></span> <span class='ocrx_word' id='word_1_402' title='bbox 795 5048 913 5105; x_wconf 63' lang='lat' dir='ltr'><strong>eum</strong></span> <span class='ocrx_word' id='word_1_403' title='bbox 923 5027 1114 5105; x_wconf 69' lang='lat' dir='ltr'><strong>sanatis</strong></span> <span class='ocrx_word' id='word_1_404' title='bbox 1137 5027 1415 5105; x_wconf 76' lang='lat' dir='ltr'><strong>Dominum</strong></span> <span class='ocrx_word' id='word_1_405' title='bbox 1436 5039 1765 5105; x_wconf 71' lang='lat' dir='ltr'><strong>regnaturum</strong></span> <span class='ocrx_word' id='word_1_406' title='bbox 1793 5027 1893 5105; x_wconf 80' lang='lat' dir='ltr'><strong>(De</strong></span> <span class='ocrx_word' id='word_1_407' title='bbox 1918 5029 2112 5105; x_wconf 64' lang='lat' dir='ltr'><strong>Script.</strong></span> 
     </span>
    </p>
   </div>
   <div class='ocr_carea' id='block_1_58' title="bbox 541 5099 2116 5172">
    <p class='ocr_par' dir='ltr' id='par_1_58' title="bbox 541 5099 2116 5172">
     <span class='ocr_line' id='line_1_59' title="bbox 541 5099 2116 5172; baseline -0.001 -17"><span class='ocrx_word' id='word_1_408' title='bbox 541 5099 689 5155; x_wconf 84' lang='lat' dir='ltr'><strong>Eccl.</strong></span> <span class='ocrx_word' id='word_1_409' title='bbox 721 5117 768 5155; x_wconf 86' lang='lat' dir='ltr'><strong>c.</strong></span> <span class='ocrx_word' id='word_1_410' title='bbox 791 5100 902 5172; x_wconf 77' lang='lat'><strong>28).</strong></span> <span class='ocrx_word' id='word_1_411' title='bbox 932 5101 1102 5156; x_wconf 86' lang='lat' dir='ltr'><strong>immo</strong></span> <span class='ocrx_word' id='word_1_412' title='bbox 1125 5116 1253 5172; x_wconf 17' lang='lat' dir='ltr'><strong>cum,</strong></span> <span class='ocrx_word' id='word_1_413' title='bbox 1274 5099 1529 5157; x_wconf 76' lang='lat' dir='ltr'><strong>adversus</strong></span> <span class='ocrx_word' id='word_1_414' title='bbox 1557 5101 1834 5172; x_wconf 69' lang='lat' dir='ltr'><strong>lrenmum,</strong></span> <span class='ocrx_word' id='word_1_415' title='bbox 1871 5099 2116 5172; x_wconf 85' lang='lat' dir='ltr'><strong>implica—</strong></span> 
     </span>
    </p>
   </div>
   <div class='ocr_carea' id='block_1_59' title="bbox 533 5169 2117 5243">
    <p class='ocr_par' dir='ltr' id='par_1_59' title="bbox 533 5169 2117 5243">
     <span class='ocr_line' id='line_1_60' title="bbox 533 5169 2117 5243; baseline -0.002 -17"><span class='ocrx_word' id='word_1_416' title='bbox 533 5177 658 5243; x_wconf 61' lang='lat' dir='ltr'><strong>tum</strong></span> <span class='ocrx_word' id='word_1_417' title='bbox 678 5172 747 5227; x_wconf 80' lang='lat' dir='ltr'><strong>ad</strong></span> <span class='ocrx_word' id='word_1_418' title='bbox 770 5169 1197 5243; x_wconf 67' lang='lat' dir='ltr'><strong>hunceurgrem,</strong></span> <span class='ocrx_word' id='word_1_419' title='bbox 1231 5171 1523 5243; x_wconf 70' lang='lat' dir='ltr'><strong>Dionysius</strong></span> <span class='ocrx_word' id='word_1_420' title='bbox 1547 5169 1942 5243; x_wconf 70' lang='lat' dir='ltr'><strong>Alexandrinus</strong></span> <span class='ocrx_word' id='word_1_421' title='bbox 1979 5171 2117 5243; x_wconf 78' lang='lat' dir='ltr'><strong>scri-</strong></span> 
     </span>
    </p>
   </div>
   <div class='ocr_carea' id='block_1_60' title="bbox 531 5239 2116 5314">
    <p class='ocr_par' dir='ltr' id='par_1_60' title="bbox 531 5239 2116 5314">
     <span class='ocr_line' id='line_1_61' title="bbox 531 5239 2116 5314; baseline -0.002 -16"><span class='ocrx_word' id='word_1_422' title='bbox 531 5241 756 5314; x_wconf 62' lang='lat' dir='ltr'><strong>psisset,</strong></span> <span class='ocrx_word' id='word_1_423' title='bbox 787 5239 1762 5314; x_wconf 21' lang='lat' dir='ltr'><strong>testaturﬂieronymusXProtem.And.</strong></span> <span class='ocrx_word' id='word_1_424' title='bbox 1778 5257 1823 5314; x_wconf 88' lang='lat' dir='ltr'><strong>c_.</strong></span> <span class='ocrx_word' id='word_1_425' title='bbox 1848 5257 1951 5296; x_wconf 79' lang='lat' dir='ltr'><strong>va</strong></span> <span class='ocrx_word' id='word_1_426' title='bbox 1979 5240 2116 5312; x_wconf 82' lang='lat' dir='ltr'><strong>Isa.)</strong></span> 
     </span>
    </p>
   </div>
   <div class='ocr_carea' id='block_1_61' title="bbox 582 5309 1917 5386">
    <p class='ocr_par' dir='ltr' id='par_1_61' title="bbox 582 5309 1917 5386">
     <span class='ocr_line' id='line_1_62' title="bbox 582 5309 1917 5386; baseline -0.002 -18"><span class='ocrx_word' id='word_1_427' title='bbox 582 5312 751 5370; x_wconf 90' lang='lat' dir='ltr'><strong>uobus</strong></span> <span class='ocrx_word' id='word_1_428' title='bbox 775 5312 1132 5370; x_wconf 87' lang='lat' dir='ltr'><strong>volummibus</strong></span> <span class='ocrx_word' id='word_1_429' title='bbox 1152 5309 1490 5386; x_wconf 80' lang='lat' dir='ltr'><strong>respondisse</strong></span> <span class='ocrx_word' id='word_1_430' title='bbox 1515 5310 1917 5386; x_wconf 78' lang='lat' dir='ltr'><strong>Apollinarium.</strong></span> 
     </span>
    </p>
   </div>
   <div class='ocr_carea' id='block_1_62' title="bbox 980 5460 1621 5506">
    <p class='ocr_par' dir='ltr' id='par_1_62' title="bbox 980 5460 1621 5506">
     <span class='ocr_line' id='line_1_63' title="bbox 980 5460 1621 5506; baseline 0.002 -2"><span class='ocrx_word' id='word_1_431' title='bbox 980 5460 1262 5505; x_wconf 67' lang='lat' dir='ltr'><strong>BESPONSIO</strong></span> <span class='ocrx_word' id='word_1_432' title='bbox 1297 5462 1621 5506; x_wconf 75' lang='grc' dir='ltr'><strong>οιιτιιουοιι.</strong></span> 
     </span>
    </p>
   </div>
   <div class='ocr_carea' id='block_1_63' title="bbox 615 5531 2122 5636">
    <p class='ocr_par' dir='ltr' id='par_1_63' title="bbox 615 5531 2122 5636">
     <span class='ocr_line' id='line_1_64' title="bbox 615 5531 2122 5636; baseline 0.005 -18"><span class='ocrx_word' id='word_1_433' title='bbox 615 5562 831 5620; x_wconf 90' lang='lat' dir='ltr'><strong>Divinus</strong></span> <span class='ocrx_word' id='word_1_434' title='bbox 857 5562 1094 5634; x_wconf 77' lang='lat' dir='ltr'><strong>Paulus,</strong></span> <span class='ocrx_word' id='word_1_435' title='bbox 1130 5566 1586 5636; x_wconf 79' lang='lat' dir='ltr'><strong>quemadmodum</strong></span> <span class='ocrx_word' id='word_1_436' title='bbox 1623 5569 1824 5630; x_wconf 71' lang='lat' dir='ltr'><strong>factum</strong></span> <span class='ocrx_word' id='word_1_437' title='bbox 1849 5570 1932 5627; x_wconf 76' lang='lat' dir='ltr'><strong>sit</strong></span> <span class='ocrx_word' id='word_1_438' title='bbox 1957 5531 2122 5626; x_wconf 85' lang='lat' dir='ltr'><strong>homo</strong></span> 
     </span>
    </p>
   </div>
   <div class='ocr_carea' id='block_1_64' title="bbox 547 5657 2118 5733">
    <p class='ocr_par' dir='ltr' id='par_1_64' title="bbox 547 5657 2118 5733">
     <span class='ocr_line' id='line_1_65' title="bbox 547 5657 2118 5733; baseline 0.004 -20"><span class='ocrx_word' id='word_1_439' title='bbox 547 5657 880 5725; x_wconf 87' lang='lat' dir='ltr'><strong>unigenitum</strong></span> <span class='ocrx_word' id='word_1_440' title='bbox 915 5658 1014 5714; x_wconf 91' lang='lat' dir='ltr'><strong>Dei</strong></span> <span class='ocrx_word' id='word_1_441' title='bbox 1039 5659 1274 5717; x_wconf 82' lang='lat' dir='ltr'><strong>Verbum</strong></span> <span class='ocrx_word' id='word_1_442' title='bbox 1296 5701 1312 5728; x_wconf 96' lang='lat'><strong>,</strong></span> <span class='ocrx_word' id='word_1_443' title='bbox 1342 5662 1563 5733; x_wconf 79' lang='lat' dir='ltr'><strong>planum</strong></span> <span class='ocrx_word' id='word_1_444' title='bbox 1599 5667 1850 5724; x_wconf 88' lang='lat' dir='ltr'><strong>omnibus</strong></span> <span class='ocrx_word' id='word_1_445' title='bbox 1875 5663 2079 5722; x_wconf 79' lang='lat' dir='ltr'><strong>faciens</strong></span> <span class='ocrx_word' id='word_1_446' title='bbox 2103 5706 2118 5732; x_wconf 93' lang='lat'><strong>,</strong></span> 
     </span>
    </p>
   </div>
   <div class='ocr_carea' id='block_1_65' title="bbox 548 5749 2123 5829">
    <p class='ocr_par' dir='ltr' id='par_1_65' title="bbox 548 5749 2123 5829">
     <span class='ocr_line' id='line_1_66' title="bbox 548 5749 2123 5829; baseline 0.006 -24"><span class='ocrx_word' id='word_1_447' title='bbox 548 5755 736 5819; x_wconf 88' lang='lat' dir='ltr'><strong>utpote</strong></span> <span class='ocrx_word' id='word_1_448' title='bbox 762 5749 1098 5823; x_wconf 81' lang='lat' dir='ltr'><strong>dispensator</strong></span> <span class='ocrx_word' id='word_1_449' title='bbox 1128 5754 1508 5824; x_wconf 68' lang='lat' dir='ltr'><strong>mysteriorum</strong></span> <span class='ocrx_word' id='word_1_450' title='bbox 1550 5755 1684 5825; x_wconf 86' lang='lat' dir='ltr'><strong>Dei,</strong></span> <span class='ocrx_word' id='word_1_451' title='bbox 1729 5765 1784 5815; x_wconf 88' lang='lat' dir='ltr'><strong>et</strong></span> <span class='ocrx_word' id='word_1_452' title='bbox 1810 5758 1984 5829; x_wconf 84' lang='lat' dir='ltr'><strong>ipsum</strong></span> <span class='ocrx_word' id='word_1_453' title='bbox 2022 5758 2123 5817; x_wconf 86' lang='lat' dir='ltr'><strong>ha-</strong></span> 
     </span>
    </p>
   </div>
   <div class='ocr_carea' id='block_1_66' title="bbox 2238 512 3833 587">
    <p class='ocr_par' dir='ltr' id='par_1_66' title="bbox 2238 512 3833 587">
     <span class='ocr_line' id='line_1_67' title="bbox 2238 512 3833 587; baseline 0.001 -18"><span class='ocrx_word' id='word_1_454' title='bbox 2238 516 2598 587; x_wconf 82' lang='lat' dir='ltr'><strong>apprehendit,</strong></span> <span class='ocrx_word' id='word_1_455' title='bbox 2631 515 2834 586; x_wconf 87' lang='lat' dir='ltr'><strong>inquit,</strong></span> <span class='ocrx_word' id='word_1_456' title='bbox 2864 513 2954 568; x_wconf 89' lang='lat' dir='ltr'><strong>sed</strong></span> <span class='ocrx_word' id='word_1_457' title='bbox 2981 529 3152 574; x_wconf 81' lang='lat' dir='ltr'><strong>semen</strong></span> <span class='ocrx_word' id='word_1_458' title='bbox 3178 512 3440 575; x_wconf 81' lang='lat' dir='ltr'><strong>Abraham</strong></span> <span class='ocrx_word' id='word_1_459' title='bbox 3461 515 3833 586; x_wconf 74' lang='lat' dir='ltr'><strong>apprehendit.</strong></span> 
     </span>
    </p>
   </div>
   <div class='ocr_carea' id='block_1_67' title="bbox 2241 603 3836 676">
    <p class='ocr_par' dir='ltr' id='par_1_67' title="bbox 2241 603 3836 676">
     <span class='ocr_line' id='line_1_68' title="bbox 2241 603 3836 676; baseline 0.002 -16"><span class='ocrx_word' id='word_1_460' title='bbox 2241 604 2390 660; x_wconf 83' lang='lat' dir='ltr'><strong>Unde</strong></span> <span class='ocrx_word' id='word_1_461' title='bbox 2419 605 2591 660; x_wconf 83' lang='lat' dir='ltr'><strong>debuit</strong></span> <span class='ocrx_word' id='word_1_462' title='bbox 2617 607 2672 660; x_wconf 85' lang='lat' dir='ltr'><strong>in</strong></span> <span class='ocrx_word' id='word_1_463' title='bbox 2701 606 2940 660; x_wconf 88' lang='lat' dir='ltr'><strong>omnibus</strong></span> <span class='ocrx_word' id='word_1_464' title='bbox 2985 605 3269 660; x_wconf 86' lang='lat' dir='ltr'><strong>assimilari</strong></span> <span class='ocrx_word' id='word_1_465' title='bbox 3307 603 3582 676; x_wconf 73' lang='lat' dir='ltr'><strong>fratribus,</strong></span> <span class='ocrx_word' id='word_1_466' title='bbox 3618 615 3679 668; x_wconf 81' lang='lat' dir='ltr'><strong>ut</strong></span> <span class='ocrx_word' id='word_1_467' title='bbox 3724 611 3836 663; x_wconf 86' lang='lat' dir='ltr'><strong>mi-</strong></span> 
     </span>
    </p>
   </div>
   <div class='ocr_carea' id='block_1_68' title="bbox 2233 694 3830 770">
    <p class='ocr_par' dir='ltr' id='par_1_68' title="bbox 2233 694 3830 770">
     <span class='ocr_line' id='line_1_69' title="bbox 2233 694 3830 770; baseline 0.001 -17"><span class='ocrx_word' id='word_1_468' title='bbox 2233 701 2451 754; x_wconf 82' lang='lat' dir='ltr'><strong>sericors</strong></span> <span class='ocrx_word' id='word_1_469' title='bbox 2481 699 2650 770; x_wconf 78' lang='lat' dir='ltr'><strong>ﬁeret,</strong></span> <span class='ocrx_word' id='word_1_470' title='bbox 2681 697 2856 769; x_wconf 79' lang='lat' dir='ltr'><strong>ﬁdelis</strong></span> <span class='ocrx_word' id='word_1_471' title='bbox 2883 697 3120 769; x_wconf 72' lang='lat' dir='ltr'><strong>pontifex</strong></span> <span class='ocrx_word' id='word_1_472' title='bbox 3141 695 3210 750; x_wconf 89' lang='lat' dir='ltr'><strong>ad</strong></span> <span class='ocrx_word' id='word_1_473' title='bbox 3237 694 3517 752; x_wconf 85' lang='lat' dir='ltr'><strong>Dominum</strong></span> <span class='ocrx_word' id='word_1_474' title='bbox 3543 697 3735 769; x_wconf 78' lang='lat' dir='ltr'><strong>(Hebr.</strong></span> <span class='ocrx_word' id='word_1_475' title='bbox 3769 716 3830 766; x_wconf 80' lang='grc' dir='ltr'><strong>ιι,</strong></span> 
     </span>
    </p>
   </div>
   <div class='ocr_carea' id='block_1_69' title="bbox 2233 785 3832 863">
    <p class='ocr_par' dir='ltr' id='par_1_69' title="bbox 2233 785 3832 863">
     <span class='ocr_line' id='line_1_70' title="bbox 2233 785 3832 863; baseline 0.003 -19"><span class='ocrx_word' id='word_1_476' title='bbox 2233 789 2345 863; x_wconf 76' lang='grc'><strong>16).</strong></span> <span class='ocrx_word' id='word_1_477' title='bbox 2374 789 2445 845; x_wconf 79' lang='lat' dir='ltr'><strong>At</strong></span> <span class='ocrx_word' id='word_1_478' title='bbox 2486 805 2584 846; x_wconf 90' lang='lat' dir='ltr'><strong>nos</strong></span> <span class='ocrx_word' id='word_1_479' title='bbox 2623 789 2674 844; x_wconf 90' lang='lat' dir='ltr'><strong>id</strong></span> <span class='ocrx_word' id='word_1_480' title='bbox 2716 789 2915 844; x_wconf 89' lang='lat' dir='ltr'><strong>dictum</strong></span> <span class='ocrx_word' id='word_1_481' title='bbox 2952 788 3117 844; x_wconf 91' lang='lat' dir='ltr'><strong>rectis</strong></span> <span class='ocrx_word' id='word_1_482' title='bbox 3162 785 3427 858; x_wconf 74' lang='lat' dir='ltr'><strong>suffragiis</strong></span> <span class='ocrx_word' id='word_1_483' title='bbox 3468 797 3832 857; x_wconf 84' lang='lat' dir='ltr'><strong>coronantes,</strong></span> 
     </span>
    </p>
   </div>
   <div class='ocr_carea' id='block_1_70' title="bbox 2232 879 3832 952">
    <p class='ocr_par' dir='ltr' id='par_1_70' title="bbox 2232 879 3832 952">
     <span class='ocr_line' id='line_1_71' title="bbox 2232 879 3832 952; baseline 0.001 -16"><span class='ocrx_word' id='word_1_484' title='bbox 2232 889 2472 936; x_wconf 89' lang='lat' dir='ltr'><strong>sanctam</strong></span> <span class='ocrx_word' id='word_1_485' title='bbox 2511 879 2846 952; x_wconf 87' lang='lat' dir='ltr'><strong>Scripturam</strong></span> <span class='ocrx_word' id='word_1_486' title='bbox 2874 879 3072 950; x_wconf 82' lang='lat' dir='ltr'><strong>ubique</strong></span> <span class='ocrx_word' id='word_1_487' title='bbox 3101 887 3404 948; x_wconf 86' lang='lat' dir='ltr'><strong>sequentes,</strong></span> <span class='ocrx_word' id='word_1_488' title='bbox 3433 888 3489 934; x_wconf 91' lang='lat' dir='ltr'><strong>et</strong></span> <span class='ocrx_word' id='word_1_489' title='bbox 3515 879 3832 942; x_wconf 85' lang='lat' dir='ltr'><strong>divinorum</strong></span> 
     </span>
    </p>
   </div>
   <div class='ocr_carea' id='block_1_71' title="bbox 2231 971 3833 1042">
    <p class='ocr_par' dir='ltr' id='par_1_71' title="bbox 2231 971 3833 1042">
     <span class='ocr_line' id='line_1_72' title="bbox 2231 971 3833 1042; baseline 0.001 -13"><span class='ocrx_word' id='word_1_490' title='bbox 2231 973 2610 1042; x_wconf 86' lang='lat' dir='ltr'><strong>magistrorum</strong></span> <span class='ocrx_word' id='word_1_491' title='bbox 2629 987 2791 1028; x_wconf 88' lang='lat' dir='ltr'><strong>voces</strong></span> <span class='ocrx_word' id='word_1_492' title='bbox 2811 972 3156 1035; x_wconf 87' lang='lat' dir='ltr'><strong>admirantes,</strong></span> <span class='ocrx_word' id='word_1_493' title='bbox 3185 971 3350 1026; x_wconf 89' lang='lat' dir='ltr'><strong>immo</strong></span> <span class='ocrx_word' id='word_1_494' title='bbox 3378 986 3509 1028; x_wconf 89' lang='lat' dir='ltr'><strong>vero</strong></span> <span class='ocrx_word' id='word_1_495' title='bbox 3529 972 3682 1042; x_wconf 82' lang='lat' dir='ltr'><strong>leges</strong></span> <span class='ocrx_word' id='word_1_496' title='bbox 3705 989 3833 1029; x_wconf 87' lang='lat' dir='ltr'><strong>esse</strong></span> 
     </span>
    </p>
   </div>
   <div class='ocr_carea' id='block_1_72' title="bbox 2233 1065 3830 1136">
    <p class='ocr_par' dir='ltr' id='par_1_72' title="bbox 2233 1065 3830 1136">
     <span class='ocr_line' id='line_1_73' title="bbox 2233 1065 3830 1136; baseline 0 -15"><span class='ocrx_word' id='word_1_497' title='bbox 2233 1081 2325 1122; x_wconf 91' lang='lat' dir='ltr'><strong>eas</strong></span> <span class='ocrx_word' id='word_1_498' title='bbox 2353 1066 2718 1122; x_wconf 88' lang='lat' dir='ltr'><strong>sanctissimas</strong></span> <span class='ocrx_word' id='word_1_499' title='bbox 2748 1065 3070 1127; x_wconf 78' lang='lat' dir='ltr'><strong>arbitrantes</strong></span> <span class='ocrx_word' id='word_1_500' title='bbox 3090 1106 3106 1131; x_wconf 86' lang='lat'><strong>,</strong></span> <span class='ocrx_word' id='word_1_501' title='bbox 3151 1079 3262 1122; x_wconf 87' lang='lat' dir='ltr'><strong>non</strong></span> <span class='ocrx_word' id='word_1_502' title='bbox 3307 1071 3618 1122; x_wconf 86' lang='lat' dir='ltr'><strong>sanctorum</strong></span> <span class='ocrx_word' id='word_1_503' title='bbox 3660 1080 3830 1136; x_wconf 83' lang='lat' dir='ltr'><strong>ange-</strong></span> 
     </span>
    </p>
   </div>
   <div class='ocr_carea' id='block_1_73' title="bbox 2232 1158 3830 1232">
    <p class='ocr_par' dir='ltr' id='par_1_73' title="bbox 2232 1158 3830 1232">
     <span class='ocr_line' id='line_1_74' title="bbox 2232 1158 3830 1232; baseline 0.001 -19"><span class='ocrx_word' id='word_1_504' title='bbox 2232 1158 2427 1222; x_wconf 91' lang='lat' dir='ltr'><strong>lorum,</strong></span> <span class='ocrx_word' id='word_1_505' title='bbox 2463 1173 2638 1228; x_wconf 88' lang='lat' dir='ltr'><strong>neque</strong></span> <span class='ocrx_word' id='word_1_506' title='bbox 2667 1174 2821 1213; x_wconf 91' lang='lat' dir='ltr'><strong>suam</strong></span> <span class='ocrx_word' id='word_1_507' title='bbox 2854 1165 3132 1228; x_wconf 84' lang='lat' dir='ltr'><strong>naturam,</strong></span> <span class='ocrx_word' id='word_1_508' title='bbox 3160 1158 3568 1232; x_wconf 84' lang='lat' dir='ltr'><strong>apprehendere</strong></span> <span class='ocrx_word' id='word_1_509' title='bbox 3597 1158 3830 1214; x_wconf 83' lang='lat' dir='ltr'><strong>dicimus</strong></span> 
     </span>
    </p>
   </div>
   <div class='ocr_carea' id='block_1_74' title="bbox 2231 1246 3830 1318">
    <p class='ocr_par' dir='ltr' id='par_1_74' title="bbox 2231 1246 3830 1318">
     <span class='ocr_line' id='line_1_75' title="bbox 2231 1246 3830 1318; baseline 0.002 -16"><span class='ocrx_word' id='word_1_510' title='bbox 2231 1248 2328 1304; x_wconf 90' lang='lat' dir='ltr'><strong>Dei</strong></span> <span class='ocrx_word' id='word_1_511' title='bbox 2356 1249 2593 1308; x_wconf 86' lang='lat' dir='ltr'><strong>Verbum</strong></span> <span class='ocrx_word' id='word_1_512' title='bbox 2621 1257 2677 1303; x_wconf 89' lang='lat' dir='ltr'><strong>et</strong></span> <span class='ocrx_word' id='word_1_513' title='bbox 2705 1246 2910 1316; x_wconf 85' lang='lat' dir='ltr'><strong>Patris;</strong></span> <span class='ocrx_word' id='word_1_514' title='bbox 2957 1249 3051 1310; x_wconf 88' lang='lat' dir='ltr'><strong>sed</strong></span> <span class='ocrx_word' id='word_1_515' title='bbox 3097 1258 3158 1303; x_wconf 90' lang='lat' dir='ltr'><strong>ut</strong></span> <span class='ocrx_word' id='word_1_516' title='bbox 3199 1249 3456 1318; x_wconf 81' lang='lat' dir='ltr'><strong>placitum</strong></span> <span class='ocrx_word' id='word_1_517' title='bbox 3502 1261 3587 1305; x_wconf 86' lang='lat' dir='ltr'><strong>est</strong></span> <span class='ocrx_word' id='word_1_518' title='bbox 3628 1250 3830 1310; x_wconf 80' lang='lat' dir='ltr'><strong>divinis</strong></span> 
     </span>
    </p>
   </div>
   <div class='ocr_carea' id='block_1_75' title="bbox 2229 1338 3830 1412">
    <p class='ocr_par' dir='ltr' id='par_1_75' title="bbox 2229 1338 3830 1412">
     <span class='ocr_line' id='line_1_76' title="bbox 2229 1338 3830 1412; baseline 0.001 -19"><span class='ocrx_word' id='word_1_519' title='bbox 2229 1338 2444 1407; x_wconf 89' lang='lat' dir='ltr'><strong>litteris,</strong></span> <span class='ocrx_word' id='word_1_520' title='bbox 2473 1339 2740 1395; x_wconf 89' lang='lat' dir='ltr'><strong>credimus</strong></span> <span class='ocrx_word' id='word_1_521' title='bbox 2767 1338 3104 1393; x_wconf 89' lang='lat' dir='ltr'><strong>inumbrasse</strong></span> <span class='ocrx_word' id='word_1_522' title='bbox 3129 1347 3326 1396; x_wconf 76' lang='lat' dir='ltr'><strong>sancta:</strong></span> <span class='ocrx_word' id='word_1_523' title='bbox 3357 1338 3590 1408; x_wconf 80' lang='lat' dir='ltr'><strong>Virgini,</strong></span> <span class='ocrx_word' id='word_1_524' title='bbox 3622 1341 3830 1412; x_wconf 87' lang='lat' dir='ltr'><strong>quippe</strong></span> 
     </span>
    </p>
   </div>
   <div class='ocr_carea' id='block_1_76' title="bbox 2231 1429 3828 1495">
    <p class='ocr_par' dir='ltr' id='par_1_76' title="bbox 2231 1429 3828 1495">
     <span class='ocr_line' id='line_1_77' title="bbox 2231 1429 3828 1495; baseline 0 -7"><span class='ocrx_word' id='word_1_525' title='bbox 2231 1448 2352 1488; x_wconf 90' lang='lat' dir='ltr'><strong>cum</strong></span> <span class='ocrx_word' id='word_1_526' title='bbox 2383 1431 2453 1486; x_wconf 89' lang='lat' dir='ltr'><strong>sit</strong></span> <span class='ocrx_word' id='word_1_527' title='bbox 2479 1431 2646 1485; x_wconf 88' lang='lat' dir='ltr'><strong>virtus</strong></span> <span class='ocrx_word' id='word_1_528' title='bbox 2688 1429 2864 1486; x_wconf 89' lang='lat' dir='ltr'><strong>Patris</strong></span> <span class='ocrx_word' id='word_1_529' title='bbox 2891 1430 3167 1495; x_wconf 88' lang='lat' dir='ltr'><strong>altissimi,</strong></span> <span class='ocrx_word' id='word_1_530' title='bbox 3211 1437 3267 1484; x_wconf 91' lang='lat' dir='ltr'><strong>et</strong></span> <span class='ocrx_word' id='word_1_531' title='bbox 3303 1429 3519 1485; x_wconf 83' lang='lat' dir='ltr'><strong>ﬁnxisse</strong></span> <span class='ocrx_word' id='word_1_532' title='bbox 3568 1433 3670 1488; x_wconf 88' lang='lat' dir='ltr'><strong>sibi</strong></span> <span class='ocrx_word' id='word_1_533' title='bbox 3700 1449 3828 1490; x_wconf 90' lang='lat' dir='ltr'><strong>cor-</strong></span> 
     </span>
    </p>
   </div>
   <div class='ocr_carea' id='block_1_77' title="bbox 2227 1522 3827 1598">
    <p class='ocr_par' dir='ltr' id='par_1_77' title="bbox 2227 1522 3827 1598">
     <span class='ocr_line' id='line_1_78' title="bbox 2227 1522 3827 1598; baseline 0.001 -18"><span class='ocrx_word' id='word_1_534' title='bbox 2227 1539 2329 1598; x_wconf 89' lang='lat' dir='ltr'><strong>pus</strong></span> <span class='ocrx_word' id='word_1_535' title='bbox 2357 1539 2425 1579; x_wconf 82' lang='lat' dir='ltr'><strong>ex</strong></span> <span class='ocrx_word' id='word_1_536' title='bbox 2453 1539 2536 1591; x_wconf 89' lang='lat' dir='ltr'><strong>ea,</strong></span> <span class='ocrx_word' id='word_1_537' title='bbox 2575 1523 2891 1594; x_wconf 88' lang='lat' dir='ltr'><strong>operatione</strong></span> <span class='ocrx_word' id='word_1_538' title='bbox 2919 1531 3098 1585; x_wconf 81' lang='lat' dir='ltr'><strong>tamen</strong></span> <span class='ocrx_word' id='word_1_539' title='bbox 3129 1522 3360 1594; x_wconf 89' lang='lat' dir='ltr'><strong>Spiritus</strong></span> <span class='ocrx_word' id='word_1_540' title='bbox 3398 1526 3600 1591; x_wconf 89' lang='lat' dir='ltr'><strong>sancti,</strong></span> <span class='ocrx_word' id='word_1_541' title='bbox 3643 1535 3706 1582; x_wconf 86' lang='lat' dir='ltr'><strong>et</strong></span> <span class='ocrx_word' id='word_1_542' title='bbox 3743 1526 3827 1581; x_wconf 71' lang='lat' dir='ltr'><strong>fa-</strong></span> 
     </span>
    </p>
   </div>
   <div class='ocr_carea' id='block_1_78' title="bbox 2230 1616 3826 1698">
    <p class='ocr_par' dir='ltr' id='par_1_78' title="bbox 2230 1616 3826 1698">
     <span class='ocr_line' id='line_1_79' title="bbox 2230 1616 3826 1698; baseline 0.001 -23"><span class='ocrx_word' id='word_1_543' title='bbox 2230 1626 2375 1676; x_wconf 89' lang='lat' dir='ltr'><strong>ctum</strong></span> <span class='ocrx_word' id='word_1_544' title='bbox 2405 1635 2524 1674; x_wconf 88' lang='lat' dir='ltr'><strong>esse</strong></span> <span class='ocrx_word' id='word_1_545' title='bbox 2549 1619 2822 1675; x_wconf 88' lang='lat' dir='ltr'><strong>hominem</strong></span> <span class='ocrx_word' id='word_1_546' title='bbox 2840 1658 2855 1685; x_wconf 94' lang='lat'><strong>,</strong></span> <span class='ocrx_word' id='word_1_547' title='bbox 2888 1625 2943 1673; x_wconf 92' lang='lat' dir='ltr'><strong>et</strong></span> <span class='ocrx_word' id='word_1_548' title='bbox 2972 1626 3340 1698; x_wconf 81' lang='lat' dir='ltr'><strong>nuncupatum</strong></span> <span class='ocrx_word' id='word_1_549' title='bbox 3363 1616 3557 1678; x_wconf 84' lang='lat' dir='ltr'><strong>Filium</strong></span> <span class='ocrx_word' id='word_1_550' title='bbox 3593 1619 3826 1676; x_wconf 65' lang='lat' dir='ltr'><strong>Abrahae</strong></span> 
     </span>
    </p>
   </div>
   <div class='ocr_carea' id='block_1_79' title="bbox 2231 1709 3826 1779">
    <p class='ocr_par' dir='ltr' id='par_1_79' title="bbox 2231 1709 3826 1779">
     <span class='ocr_line' id='line_1_80' title="bbox 2231 1709 3826 1779; baseline 0.001 -12"><span class='ocrx_word' id='word_1_551' title='bbox 2231 1718 2288 1767; x_wconf 93' lang='lat' dir='ltr'><strong>et</strong></span> <span class='ocrx_word' id='word_1_552' title='bbox 2329 1711 2530 1779; x_wconf 86' lang='lat' dir='ltr'><strong>David;</strong></span> <span class='ocrx_word' id='word_1_553' title='bbox 2559 1726 2681 1767; x_wconf 91' lang='lat' dir='ltr'><strong>cum</strong></span> <span class='ocrx_word' id='word_1_554' title='bbox 2710 1727 2820 1768; x_wconf 89' lang='lat' dir='ltr'><strong>non</strong></span> <span class='ocrx_word' id='word_1_555' title='bbox 2848 1709 3099 1770; x_wconf 73' lang='lat' dir='ltr'><strong>desrisset</strong></span> <span class='ocrx_word' id='word_1_556' title='bbox 3130 1725 3249 1766; x_wconf 90' lang='lat' dir='ltr'><strong>esse</strong></span> <span class='ocrx_word' id='word_1_557' title='bbox 3283 1725 3410 1770; x_wconf 84' lang='lat' dir='ltr'><strong>vere</strong></span> <span class='ocrx_word' id='word_1_558' title='bbox 3435 1711 3604 1768; x_wconf 85' lang='lat' dir='ltr'><strong>Filius</strong></span> <span class='ocrx_word' id='word_1_559' title='bbox 3643 1713 3743 1768; x_wconf 90' lang='lat' dir='ltr'><strong>Dei</strong></span> <span class='ocrx_word' id='word_1_560' title='bbox 3771 1720 3826 1768; x_wconf 89' lang='lat' dir='ltr'><strong>et</strong></span> 
     </span>
    </p>
   </div>
   <div class='ocr_carea' id='block_1_80' title="bbox 2155 1799 3826 1870">
    <p class='ocr_par' dir='ltr' id='par_1_80' title="bbox 2155 1799 3826 1870">
     <span class='ocr_line' id='line_1_81' title="bbox 2155 1799 3826 1870; baseline -0.003 -10"><span class='ocrx_word' id='word_1_561' title='bbox 2155 1799 2203 1860; x_wconf 87' lang='grc' dir='ltr'><strong>Β</strong></span> <span class='ocrx_word' id='word_1_562' title='bbox 2231 1801 2427 1870; x_wconf 86' lang='lat' dir='ltr'><strong>Patris,</strong></span> <span class='ocrx_word' id='word_1_563' title='bbox 2460 1802 2555 1858; x_wconf 90' lang='lat' dir='ltr'><strong>sed</strong></span> <span class='ocrx_word' id='word_1_564' title='bbox 2585 1801 2872 1856; x_wconf 87' lang='lat' dir='ltr'><strong>mansisset</strong></span> <span class='ocrx_word' id='word_1_565' title='bbox 2899 1801 2953 1856; x_wconf 90' lang='lat' dir='ltr'><strong>in</strong></span> <span class='ocrx_word' id='word_1_566' title='bbox 2975 1816 3075 1858; x_wconf 83' lang='lat' dir='ltr'><strong>sua</strong></span> <span class='ocrx_word' id='word_1_567' title='bbox 3095 1809 3309 1870; x_wconf 69' lang='lat' dir='ltr'><strong>natura,</strong></span> <span class='ocrx_word' id='word_1_568' title='bbox 3341 1807 3396 1856; x_wconf 89' lang='lat' dir='ltr'><strong>et</strong></span> <span class='ocrx_word' id='word_1_569' title='bbox 3423 1802 3732 1870; x_wconf 82' lang='lat' dir='ltr'><strong>majestate,</strong></span> <span class='ocrx_word' id='word_1_570' title='bbox 3769 1810 3826 1858; x_wconf 88' lang='lat' dir='ltr'><strong>et</strong></span> 
     </span>
    </p>
   </div>
   <div class='ocr_carea' id='block_1_81' title="bbox 2227 1893 3824 1966">
    <p class='ocr_par' dir='ltr' id='par_1_81' title="bbox 2227 1893 3824 1966">
     <span class='ocr_line' id='line_1_82' title="bbox 2227 1893 3824 1966; baseline 0.003 -18"><span class='ocrx_word' id='word_1_571' title='bbox 2227 1894 2400 1966; x_wconf 77' lang='lat' dir='ltr'><strong>gloria</strong></span> <span class='ocrx_word' id='word_1_572' title='bbox 2425 1893 2641 1948; x_wconf 91' lang='lat' dir='ltr'><strong>deitatis</strong></span> <span class='ocrx_word' id='word_1_573' title='bbox 2658 1934 2672 1958; x_wconf 93' lang='lat'><strong>,</strong></span> <span class='ocrx_word' id='word_1_574' title='bbox 2710 1893 2838 1949; x_wconf 90' lang='lat' dir='ltr'><strong>licet</strong></span> <span class='ocrx_word' id='word_1_575' title='bbox 2865 1893 3066 1954; x_wconf 83' lang='lat' dir='ltr'><strong>factum</strong></span> <span class='ocrx_word' id='word_1_576' title='bbox 3091 1893 3164 1948; x_wconf 90' lang='lat' dir='ltr'><strong>sit</strong></span> <span class='ocrx_word' id='word_1_577' title='bbox 3190 1908 3318 1954; x_wconf 83' lang='lat' dir='ltr'><strong>caro</strong></span> <span class='ocrx_word' id='word_1_578' title='bbox 3351 1911 3364 1945; x_wconf 89' lang='lat'><strong>:</strong></span> <span class='ocrx_word' id='word_1_579' title='bbox 3390 1894 3824 1956; x_wconf 80' lang='lat' dir='ltr'><strong>inconvertibilis</strong></span> 
     </span>
    </p>
   </div>
   <div class='ocr_carea' id='block_1_82' title="bbox 2227 1983 3638 2052">
    <p class='ocr_par' dir='ltr' id='par_1_82' title="bbox 2227 1983 3638 2052">
     <span class='ocr_line' id='line_1_83' title="bbox 2227 1983 3638 2052; baseline -0.001 -12"><span class='ocrx_word' id='word_1_580' title='bbox 2227 1986 2371 2040; x_wconf 91' lang='lat' dir='ltr'><strong>enim</strong></span> <span class='ocrx_word' id='word_1_581' title='bbox 2400 1985 2542 2040; x_wconf 87' lang='lat' dir='ltr'><strong>Deus</strong></span> <span class='ocrx_word' id='word_1_582' title='bbox 2568 1992 2650 2040; x_wconf 88' lang='lat' dir='ltr'><strong>est</strong></span> <span class='ocrx_word' id='word_1_583' title='bbox 2668 2026 2684 2052; x_wconf 92' lang='lat'><strong>,</strong></span> <span class='ocrx_word' id='word_1_584' title='bbox 2711 1992 2766 2039; x_wconf 90' lang='lat' dir='ltr'><strong>et</strong></span> <span class='ocrx_word' id='word_1_585' title='bbox 2795 1985 2941 2046; x_wconf 88' lang='lat' dir='ltr'><strong>omni</strong></span> <span class='ocrx_word' id='word_1_586' title='bbox 2967 1985 3328 2046; x_wconf 84' lang='lat' dir='ltr'><strong>conversione</strong></span> <span class='ocrx_word' id='word_1_587' title='bbox 3359 1983 3638 2040; x_wconf 82' lang='lat' dir='ltr'><strong>valentior.</strong></span> 
     </span>
    </p>
   </div>
   <div class='ocr_carea' id='block_1_83' title="bbox 2295 2061 3822 2144">
    <p class='ocr_par' dir='ltr' id='par_1_83' title="bbox 2295 2061 3822 2144">
     <span class='ocr_line' id='line_1_84' title="bbox 2295 2061 3822 2144; baseline 0 -15"><span class='ocrx_word' id='word_1_588' title='bbox 2295 2074 2393 2130; x_wconf 90' lang='lat' dir='ltr'><strong>Est</strong></span> <span class='ocrx_word' id='word_1_589' title='bbox 2421 2075 2581 2144; x_wconf 80' lang='lat' dir='ltr'><strong>igitur</strong></span> <span class='ocrx_word' id='word_1_590' title='bbox 2609 2090 2743 2129; x_wconf 91' lang='lat' dir='ltr'><strong>unus</strong></span> <span class='ocrx_word' id='word_1_591' title='bbox 2770 2082 2929 2144; x_wconf 87' lang='lat' dir='ltr'><strong>atque</strong></span> <span class='ocrx_word' id='word_1_592' title='bbox 2957 2073 3118 2140; x_wconf 89' lang='lat' dir='ltr'><strong>idem,</strong></span> <span class='ocrx_word' id='word_1_593' title='bbox 3150 2073 3317 2128; x_wconf 89' lang='lat' dir='ltr'><strong>Filius</strong></span> <span class='ocrx_word' id='word_1_594' title='bbox 3355 2081 3412 2135; x_wconf 90' lang='lat' dir='ltr'><strong>et</strong></span> <span class='ocrx_word' id='word_1_595' title='bbox 3447 2061 3822 2141; x_wconf 87' lang='lat' dir='ltr'><strong>Dominus,et</strong></span> 
     </span>
    </p>
   </div>
   <div class='ocr_carea' id='block_1_84' title="bbox 2228 2164 3824 2236">
    <p class='ocr_par' dir='ltr' id='par_1_84' title="bbox 2228 2164 3824 2236">
     <span class='ocr_line' id='line_1_85' title="bbox 2228 2164 3824 2236; baseline -0.004 -14"><span class='ocrx_word' id='word_1_596' title='bbox 2228 2175 2353 2224; x_wconf 88' lang='lat' dir='ltr'><strong>ante</strong></span> <span class='ocrx_word' id='word_1_597' title='bbox 2382 2166 2809 2221; x_wconf 87' lang='lat' dir='ltr'><strong>incarnationem</strong></span> <span class='ocrx_word' id='word_1_598' title='bbox 2838 2173 2892 2220; x_wconf 93' lang='lat' dir='ltr'><strong>et</strong></span> <span class='ocrx_word' id='word_1_599' title='bbox 2931 2173 3055 2236; x_wconf 90' lang='lat' dir='ltr'><strong>post</strong></span> <span class='ocrx_word' id='word_1_600' title='bbox 3095 2164 3541 2226; x_wconf 85' lang='lat' dir='ltr'><strong>incarnationem.</strong></span> <span class='ocrx_word' id='word_1_601' title='bbox 3591 2165 3662 2222; x_wconf 86' lang='lat' dir='ltr'><strong>Et</strong></span> <span class='ocrx_word' id='word_1_602' title='bbox 3686 2166 3824 2224; x_wconf 79' lang='lat' dir='ltr'><strong>divi-</strong></span> 
     </span>
    </p>
   </div>
   <div class='ocr_carea' id='block_1_85' title="bbox 2227 2253 3823 2323">
    <p class='ocr_par' dir='ltr' id='par_1_85' title="bbox 2227 2253 3823 2323">
     <span class='ocr_line' id='line_1_86' title="bbox 2227 2253 3823 2323; baseline -0.003 -9"><span class='ocrx_word' id='word_1_603' title='bbox 2227 2259 2356 2314; x_wconf 91' lang='lat' dir='ltr'><strong>dere</strong></span> <span class='ocrx_word' id='word_1_604' title='bbox 2386 2273 2550 2314; x_wconf 89' lang='lat' dir='ltr'><strong>unum</strong></span> <span class='ocrx_word' id='word_1_605' title='bbox 2578 2257 2631 2310; x_wconf 91' lang='lat' dir='ltr'><strong>in</strong></span> <span class='ocrx_word' id='word_1_606' title='bbox 2672 2256 2826 2323; x_wconf 92' lang='lat' dir='ltr'><strong>duos,</strong></span> <span class='ocrx_word' id='word_1_607' title='bbox 2859 2262 2914 2310; x_wconf 89' lang='lat' dir='ltr'><strong>et</strong></span> <span class='ocrx_word' id='word_1_608' title='bbox 2958 2269 3140 2310; x_wconf 88' lang='lat' dir='ltr'><strong>veram</strong></span> <span class='ocrx_word' id='word_1_609' title='bbox 3167 2253 3344 2311; x_wconf 77' lang='grc' dir='ltr'><strong>ἓνωσιν</strong></span> <span class='ocrx_word' id='word_1_610' title='bbox 3373 2254 3736 2322; x_wconf 59' lang='lat' dir='ltr'><strong>labefactare,</strong></span> <span class='ocrx_word' id='word_1_611' title='bbox 3765 2264 3823 2312; x_wconf 86' lang='lat' dir='ltr'><strong>et</strong></span> 
     </span>
    </p>
   </div>
   <div class='ocr_carea' id='block_1_86' title="bbox 2227 2345 3824 2422">
    <p class='ocr_par' dir='ltr' id='par_1_86' title="bbox 2227 2345 3824 2422">
     <span class='ocr_line' id='line_1_87' title="bbox 2227 2345 3824 2422; baseline -0.003 -17"><span class='ocrx_word' id='word_1_612' title='bbox 2227 2365 2479 2422; x_wconf 86' lang='lat' dir='ltr'><strong>separare</strong></span> <span class='ocrx_word' id='word_1_613' title='bbox 2508 2349 2562 2403; x_wconf 93' lang='lat' dir='ltr'><strong>in</strong></span> <span class='ocrx_word' id='word_1_614' title='bbox 2583 2356 2784 2418; x_wconf 90' lang='lat' dir='ltr'><strong>partes,</strong></span> <span class='ocrx_word' id='word_1_615' title='bbox 2805 2355 2860 2401; x_wconf 91' lang='lat' dir='ltr'><strong>et</strong></span> <span class='ocrx_word' id='word_1_616' title='bbox 2886 2361 3131 2401; x_wconf 88' lang='lat' dir='ltr'><strong>seorsum</strong></span> <span class='ocrx_word' id='word_1_617' title='bbox 3155 2345 3335 2402; x_wconf 86' lang='lat' dir='ltr'><strong>dicere</strong></span> <span class='ocrx_word' id='word_1_618' title='bbox 3354 2346 3648 2411; x_wconf 86' lang='lat' dir='ltr'><strong>hominem,</strong></span> <span class='ocrx_word' id='word_1_619' title='bbox 3665 2361 3824 2406; x_wconf 82' lang='lat' dir='ltr'><strong>seor-</strong></span> 
     </span>
    </p>
   </div>
   <div class='ocr_carea' id='block_1_87' title="bbox 2227 2435 3493 2510">
    <p class='ocr_par' dir='ltr' id='par_1_87' title="bbox 2227 2435 3493 2510">
     <span class='ocr_line' id='line_1_88' title="bbox 2227 2435 3493 2510; baseline -0.006 -14"><span class='ocrx_word' id='word_1_620' title='bbox 2227 2455 2347 2496; x_wconf 90' lang='lat' dir='ltr'><strong>sum</strong></span> <span class='ocrx_word' id='word_1_621' title='bbox 2374 2439 2562 2505; x_wconf 90' lang='lat' dir='ltr'><strong>Deum,</strong></span> <span class='ocrx_word' id='word_1_622' title='bbox 2592 2436 2881 2510; x_wconf 88' lang='lat' dir='ltr'><strong>impietatis</strong></span> <span class='ocrx_word' id='word_1_623' title='bbox 2902 2443 2984 2491; x_wconf 87' lang='lat' dir='ltr'><strong>est</strong></span> <span class='ocrx_word' id='word_1_624' title='bbox 3011 2436 3216 2491; x_wconf 88' lang='lat' dir='ltr'><strong>crimen</strong></span> <span class='ocrx_word' id='word_1_625' title='bbox 3244 2435 3493 2506; x_wconf 80' lang='lat' dir='ltr'><strong>ingentis.</strong></span> 
     </span>
    </p>
   </div>
   <div class='ocr_carea' id='block_1_88' title="bbox 2303 2547 3819 2622">
    <p class='ocr_par' dir='ltr' id='par_1_88' title="bbox 2303 2547 3819 2622">
     <span class='ocr_line' id='line_1_89' title="bbox 2303 2547 3819 2622; baseline -0.003 -14"><span class='ocrx_word' id='word_1_626' title='bbox 2303 2554 2493 2612; x_wconf 65' lang='lat' dir='ltr'><strong>Veram</strong></span> <span class='ocrx_word' id='word_1_627' title='bbox 2505 2554 2682 2609; x_wconf 75' lang='grc' dir='ltr'><strong>ἕνωσιν</strong></span> <span class='ocrx_word' id='word_1_628' title='bbox 2701 2557 2878 2622; x_wconf 87' lang='lat' dir='ltr'><strong>vocat,</strong></span> <span class='ocrx_word' id='word_1_629' title='bbox 2895 2565 3056 2619; x_wconf 85' lang='lat' dir='ltr'><strong>quam</strong></span> <span class='ocrx_word' id='word_1_630' title='bbox 3071 2549 3203 2622; x_wconf 75' lang='lat' dir='ltr'><strong>alias</strong></span> <span class='ocrx_word' id='word_1_631' title='bbox 3221 2553 3439 2622; x_wconf 61' lang='grc' dir='ltr'><strong>φυσικὴν</strong></span> <span class='ocrx_word' id='word_1_632' title='bbox 3465 2547 3588 2604; x_wconf 82' lang='lat' dir='ltr'><strong>dicit</strong></span> <span class='ocrx_word' id='word_1_633' title='bbox 3619 2564 3632 2599; x_wconf 71' lang='grc' dir='ltr'>ε</span> <span class='ocrx_word' id='word_1_634' title='bbox 3667 2548 3819 2622; x_wconf 61' lang='lat' dir='ltr'><strong>uti]:</strong></span> 
     </span>
    </p>
   </div>
   <div class='ocr_carea' id='block_1_89' title="bbox 2227 2619 3817 2690">
    <p class='ocr_par' dir='ltr' id='par_1_89' title="bbox 2227 2619 3817 2690">
     <span class='ocr_line' id='line_1_90' title="bbox 2227 2619 3817 2690; baseline -0.006 -9"><span class='ocrx_word' id='word_1_635' title='bbox 2227 2626 2372 2682; x_wconf 87' lang='lat' dir='ltr'><strong>enim</strong></span> <span class='ocrx_word' id='word_1_636' title='bbox 2401 2639 2527 2678; x_wconf 91' lang='lat' dir='ltr'><strong>vera</strong></span> <span class='ocrx_word' id='word_1_637' title='bbox 2552 2631 2653 2687; x_wconf 87' lang='lat' dir='ltr'><strong>est,</strong></span> <span class='ocrx_word' id='word_1_638' title='bbox 2686 2621 2788 2675; x_wconf 83' lang='lat' dir='ltr'><strong>nisi</strong></span> <span class='ocrx_word' id='word_1_639' title='bbox 2817 2635 2936 2690; x_wconf 81' lang='lat' dir='ltr'><strong>quae</strong></span> <span class='ocrx_word' id='word_1_640' title='bbox 2957 2635 3044 2676; x_wconf 89' lang='lat' dir='ltr'><strong>res</strong></span> <span class='ocrx_word' id='word_1_641' title='bbox 3072 2619 3550 2690; x_wconf 57' lang='lat' dir='ltr'><strong>ipsas,&#39;senydouc</strong></span> <span class='ocrx_word' id='word_1_642' title='bbox 3579 2619 3817 2690; x_wconf 81' lang='lat' dir='ltr'><strong>conjun-</strong></span> 
     </span>
    </p>
   </div>
   <div class='ocr_carea' id='block_1_90' title="bbox 2228 2689 3817 2764">
    <p class='ocr_par' dir='ltr' id='par_1_90' title="bbox 2228 2689 3817 2764">
     <span class='ocr_line' id='line_1_91' title="bbox 2228 2689 3817 2764; baseline -0.005 -15"><span class='ocrx_word' id='word_1_643' title='bbox 2228 2696 2323 2764; x_wconf 85' lang='lat' dir='ltr'><strong>git,</strong></span> <span class='ocrx_word' id='word_1_644' title='bbox 2349 2709 2464 2749; x_wconf 83' lang='lat' dir='ltr'><strong>non</strong></span> <span class='ocrx_word' id='word_1_645' title='bbox 2484 2695 2612 2748; x_wconf 89' lang='lat' dir='ltr'><strong>item</strong></span> <span class='ocrx_word' id='word_1_646' title='bbox 2638 2692 2780 2746; x_wconf 89' lang='lat' dir='ltr'><strong>solas</strong></span> <span class='ocrx_word' id='word_1_647' title='bbox 2799 2689 2980 2764; x_wconf 81' lang='lat' dir='ltr'><strong>rerum</strong></span> <span class='ocrx_word' id='word_1_648' title='bbox 3002 2689 3472 2764; x_wconf 71' lang='lat' dir='ltr'><strong>qua_lit_ates_._N_am</strong></span> <span class='ocrx_word' id='word_1_649' title='bbox 3500 2689 3680 2764; x_wconf 70' lang='lat' dir='ltr'><strong>omnis</strong></span> <span class='ocrx_word' id='word_1_650' title='bbox 3693 2689 3817 2764; x_wconf 54' lang='grc' dir='ltr'><strong>ἔνορ-</strong></span> 
     </span>
    </p>
   </div>
   <div class='ocr_carea' id='block_1_91' title="bbox 2227 2757 3815 2829">
    <p class='ocr_par' dir='ltr' id='par_1_91' title="bbox 2227 2757 3815 2829">
     <span class='ocr_line' id='line_1_92' title="bbox 2227 2757 3815 2829; baseline -0.006 -8"><span class='ocrx_word' id='word_1_651' title='bbox 2227 2757 2370 2828; x_wconf 58' lang='grc' dir='ltr'><strong>ἓιξθ</strong></span> <span class='ocrx_word' id='word_1_652' title='bbox 2387 2766 2573 2819; x_wconf 80' lang='lat' dir='ltr'><strong>multis</strong></span> <span class='ocrx_word' id='word_1_653' title='bbox 2601 2778 2766 2816; x_wconf 77' lang='lat' dir='ltr'><strong>unum</strong></span> <span class='ocrx_word' id='word_1_654' title='bbox 2805 2757 3056 2829; x_wconf 79' lang='lat' dir='ltr'><strong>quiddam</strong></span> <span class='ocrx_word' id='word_1_655' title='bbox 3085 2759 3238 2824; x_wconf 82' lang='lat' dir='ltr'><strong>facit;</strong></span> <span class='ocrx_word' id='word_1_656' title='bbox 3269 2757 3401 2813; x_wconf 89' lang='lat' dir='ltr'><strong>illud</strong></span> <span class='ocrx_word' id='word_1_657' title='bbox 3429 2758 3632 2829; x_wconf 10' lang='lat' dir='ltr'><strong>verofsi</strong></span> <span class='ocrx_word' id='word_1_658' title='bbox 3651 2757 3815 2812; x_wconf 77' lang='lat' dir='ltr'><strong>fuerit</strong></span> 
     </span>
    </p>
   </div>
   <div class='ocr_carea' id='block_1_92' title="bbox 2227 2828 3815 2901">
    <p class='ocr_par' dir='ltr' id='par_1_92' title="bbox 2227 2828 3815 2901">
     <span class='ocr_line' id='line_1_93' title="bbox 2227 2828 3815 2901; baseline -0.006 -10"><span class='ocrx_word' id='word_1_659' title='bbox 2227 2836 2575 2891; x_wconf 88' lang='lat' dir='ltr'><strong>substantiale</strong></span> <span class='ocrx_word' id='word_1_660' title='bbox 2596 2828 2962 2901; x_wconf 25' lang='lat' dir='ltr'><strong>aliquid,’vera</strong></span> <span class='ocrx_word' id='word_1_661' title='bbox 2978 2838 3068 2891; x_wconf 73' lang='lat' dir='ltr'><strong>est</strong></span> <span class='ocrx_word' id='word_1_662' title='bbox 3089 2830 3506 2901; x_wconf 74' lang='lat' dir='ltr'><strong>simpliciterque</strong></span> <span class='ocrx_word' id='word_1_663' title='bbox 3529 2828 3672 2885; x_wconf 87' lang='lat' dir='ltr'><strong>dicta</strong></span> <span class='ocrx_word' id='word_1_664' title='bbox 3691 2829 3815 2901; x_wconf 64' lang='grc' dir='ltr'><strong>ἔνερ-</strong></span> 
     </span>
    </p>
   </div>
   <div class='ocr_carea' id='block_1_93' title="bbox 2226 2899 3817 2980">
    <p class='ocr_par' dir='ltr' id='par_1_93' title="bbox 2226 2899 3817 2980">
     <span class='ocr_line' id='line_1_94' title="bbox 2226 2899 3817 2980; baseline 0.019 -27"><span class='ocrx_word' id='word_1_665' title='bbox 2226 2924 2343 2976; x_wconf 57' lang='grc' dir='ltr'><strong>σςω</strong></span> <span class='ocrx_word' id='word_1_666' title='bbox 2375 2907 2420 2980; x_wconf 84' lang='lat' dir='ltr'><strong>si</strong></span> <span class='ocrx_word' id='word_1_667' title='bbox 2446 2899 2904 2980; x_wconf 46' lang='lat' dir='ltr'><strong>qualitas—aliqua,</strong></span> <span class='ocrx_word' id='word_1_668' title='bbox 2928 2902 3024 2980; x_wconf 81' lang='lat' dir='ltr'><strong>vel_</strong></span> <span class='ocrx_word' id='word_1_669' title='bbox 3043 2900 3182 2980; x_wconf 79' lang='lat' dir='ltr'><strong>aliud</strong></span> <span class='ocrx_word' id='word_1_670' title='bbox 3196 2899 3454 2980; x_wconf 48' lang='lat' dir='ltr'><strong>illiillde</strong></span> <span class='ocrx_word' id='word_1_671' title='bbox 3479 2906 3684 2980; x_wconf 60' lang='grc' dir='ltr'><strong>ιηιοτ</strong></span> <span class='ocrx_word' id='word_1_672' title='bbox 3695 2900 3817 2980; x_wconf 59' lang='lat' dir='ltr'><strong>sub?</strong></span> 
     </span>
    </p>
   </div>
   <div class='ocr_carea' id='block_1_94' title="bbox 2227 2971 3814 3044">
    <p class='ocr_par' dir='ltr' id='par_1_94' title="bbox 2227 2971 3814 3044">
     <span class='ocr_line' id='line_1_95' title="bbox 2227 2971 3814 3044; baseline -0.004 -13"><span class='ocrx_word' id='word_1_673' title='bbox 2227 2971 2497 3039; x_wconf 76' lang='lat' dir='ltr'><strong>stantiam,</strong></span> <span class='ocrx_word' id='word_1_674' title='bbox 2522 2992 2629 3029; x_wconf 84' lang='lat' dir='ltr'><strong>non</strong></span> <span class='ocrx_word' id='word_1_675' title='bbox 2658 2981 2740 3028; x_wconf 89' lang='lat' dir='ltr'><strong>est</strong></span> <span class='ocrx_word' id='word_1_676' title='bbox 2767 2988 2915 3044; x_wconf 86' lang='lat' dir='ltr'><strong>vera,</strong></span> <span class='ocrx_word' id='word_1_677' title='bbox 2925 2971 3035 3044; x_wconf 67' lang='lat' dir='ltr'><strong>sed</strong></span> <span class='ocrx_word' id='word_1_678' title='bbox 3055 2979 3263 3044; x_wconf 84' lang='lat' dir='ltr'><strong>tantum</strong></span> <span class='ocrx_word' id='word_1_679' title='bbox 3278 2971 3409 3044; x_wconf 69' lang='grc' dir='ltr'><strong>κατάε</strong></span> <span class='ocrx_word' id='word_1_680' title='bbox 3435 2991 3487 3025; x_wconf 83' lang='grc' dir='ltr'><strong>τι</strong></span> <span class='ocrx_word' id='word_1_681' title='bbox 3515 2976 3814 3044; x_wconf 52' lang='lat' dir='ltr'><strong>etp-xenia</strong></span> 
     </span>
    </p>
   </div>
   <div class='ocr_carea' id='block_1_95' title="bbox 2221 3039 3817 3114">
    <p class='ocr_par' dir='ltr' id='par_1_95' title="bbox 2221 3039 3817 3114">
     <span class='ocr_line' id='line_1_96' title="bbox 2221 3039 3817 3114; baseline -0.006 -11"><span class='ocrx_word' id='word_1_682' title='bbox 2221 3050 2422 3112; x_wconf 66' lang='grc' dir='ltr'><strong>ἕνωσις,</strong></span> <span class='ocrx_word' id='word_1_683' title='bbox 2447 3045 2728 3114; x_wconf 83' lang='lat' dir='ltr'><strong>siquidem,</strong></span> <span class='ocrx_word' id='word_1_684' title='bbox 2747 3052 2804 3114; x_wconf 86' lang='lat' dir='ltr'><strong>ut</strong></span> <span class='ocrx_word' id='word_1_685' title='bbox 2821 3043 2896 3114; x_wconf 84' lang='lat' dir='ltr'><strong>ait</strong></span> <span class='ocrx_word' id='word_1_686' title='bbox 2923 3039 3299 3114; x_wconf 76' lang='lat' dir='ltr'><strong>Philosophus,</strong></span> <span class='ocrx_word' id='word_1_687' title='bbox 3329 3039 3711 3114; x_wconf 68' lang='lat' dir='ltr'><strong>substantiam</strong></span> <span class='ocrx_word' id='word_1_688' title='bbox 3731 3047 3817 3095; x_wconf 84' lang='lat' dir='ltr'><strong>est</strong></span> 
     </span>
    </p>
   </div>
   <div class='ocr_carea' id='block_1_96' title="bbox 2221 3110 3814 3179">
    <p class='ocr_par' dir='ltr' id='par_1_96' title="bbox 2221 3110 3814 3179">
     <span class='ocr_line' id='line_1_97' title="bbox 2221 3110 3814 3179; baseline -0.006 -5"><span class='ocrx_word' id='word_1_689' title='bbox 2221 3134 2324 3176; x_wconf 75' lang='lat' dir='ltr'><strong>.ens</strong></span> <span class='ocrx_word' id='word_1_690' title='bbox 2351 3110 2543 3179; x_wconf 48' lang='lat' dir='ltr'><strong>haec&quot;,</strong></span> <span class='ocrx_word' id='word_1_691' title='bbox 2577 3116 2650 3169; x_wconf 90' lang='lat' dir='ltr'><strong>ita</strong></span> <span class='ocrx_word' id='word_1_692' title='bbox 2679 3123 2735 3168; x_wconf 87' lang='lat' dir='ltr'><strong>et</strong></span> <span class='ocrx_word' id='word_1_693' title='bbox 2781 3113 2832 3168; x_wconf 76' lang='grc' dir='ltr'><strong><em>ἓν</em></strong></span> <span class='ocrx_word' id='word_1_694' title='bbox 2855 3112 3049 3173; x_wconf 73' lang='grc' dir='ltr'><strong>ἁπλῶς.</strong></span> <span class='ocrx_word' id='word_1_695' title='bbox 3271 3112 3444 3166; x_wconf 66' lang='lat' dir='ltr'><strong>ominis</strong></span> <span class='ocrx_word' id='word_1_696' title='bbox 3463 3112 3666 3176; x_wconf 77' lang='grc' dir='ltr'><strong>ἕνωσις,</strong></span> <span class='ocrx_word' id='word_1_697' title='bbox 3693 3125 3814 3179; x_wconf 68' lang='lat' dir='ltr'><strong>qua:</strong></span> 
     </span>
    </p>
   </div>
   <div class='ocr_carea' id='block_1_97' title="bbox 2227 3181 3808 3254">
    <p class='ocr_par' dir='ltr' id='par_1_97' title="bbox 2227 3181 3808 3254">
     <span class='ocr_line' id='line_1_98' title="bbox 2227 3181 3808 3254; baseline -0.006 -10"><span class='ocrx_word' id='word_1_698' title='bbox 2227 3205 2336 3246; x_wconf 91' lang='lat' dir='ltr'><strong>non</strong></span> <span class='ocrx_word' id='word_1_699' title='bbox 2355 3197 2467 3254; x_wconf 84' lang='lat' dir='ltr'><strong>est,</strong></span> <span class='ocrx_word' id='word_1_700' title='bbox 2501 3196 2559 3246; x_wconf 85' lang='lat' dir='ltr'><strong>ut</strong></span> <span class='ocrx_word' id='word_1_701' title='bbox 2583 3186 2730 3240; x_wconf 87' lang='lat' dir='ltr'><strong>aiunt</strong></span> <span class='ocrx_word' id='word_1_702' title='bbox 2759 3185 2811 3238; x_wconf 88' lang='lat' dir='ltr'><strong>in</strong></span> <span class='ocrx_word' id='word_1_703' title='bbox 2841 3182 3054 3250; x_wconf 79' lang='lat' dir='ltr'><strong>scholis,</strong></span> <span class='ocrx_word' id='word_1_704' title='bbox 3087 3183 3142 3235; x_wconf 92' lang='lat' dir='ltr'><strong>in</strong></span> <span class='ocrx_word' id='word_1_705' title='bbox 3174 3182 3434 3254; x_wconf 81' lang='lat' dir='ltr'><strong>unitatem</strong></span> <span class='ocrx_word' id='word_1_706' title='bbox 3471 3181 3808 3254; x_wconf 61' lang='lat' dir='ltr'><strong>substantia,</strong></span> 
     </span>
    </p>
   </div>
   <div class='ocr_carea' id='block_1_98' title="bbox 2229 3251 3813 3326">
    <p class='ocr_par' dir='ltr' id='par_1_98' title="bbox 2229 3251 3813 3326">
     <span class='ocr_line' id='line_1_99' title="bbox 2229 3251 3813 3326; baseline -0.006 -11"><span class='ocrx_word' id='word_1_707' title='bbox 2229 3260 2342 3314; x_wconf 91' lang='lat' dir='ltr'><strong>sive</strong></span> <span class='ocrx_word' id='word_1_708' title='bbox 2372 3251 2666 3314; x_wconf 80' lang='lat' dir='ltr'><strong>substantia</strong></span> <span class='ocrx_word' id='word_1_709' title='bbox 2693 3269 2794 3326; x_wconf 89' lang='lat' dir='ltr'><strong>pro</strong></span> <span class='ocrx_word' id='word_1_710' title='bbox 2828 3260 3017 3326; x_wconf 63' lang='lat' dir='ltr'><strong>natura</strong></span> <span class='ocrx_word' id='word_1_711' title='bbox 3061 3260 3318 3326; x_wconf 73' lang='lat' dir='ltr'><strong>sumatur,</strong></span> <span class='ocrx_word' id='word_1_712' title='bbox 3342 3251 3456 3326; x_wconf 84' lang='lat' dir='ltr'><strong>sive</strong></span> <span class='ocrx_word' id='word_1_713' title='bbox 3484 3266 3584 3326; x_wconf 75' lang='lat' dir='ltr'><strong>pro</strong></span> <span class='ocrx_word' id='word_1_714' title='bbox 3610 3251 3813 3326; x_wconf 48' lang='lat' dir='ltr'><strong>hypos:</strong></span> 
     </span>
    </p>
   </div>
   <div class='ocr_carea' id='block_1_99' title="bbox 2225 3320 3814 3395">
    <p class='ocr_par' dir='ltr' id='par_1_99' title="bbox 2225 3320 3814 3395">
     <span class='ocr_line' id='line_1_100' title="bbox 2225 3320 3814 3395; baseline -0.004 -13"><span class='ocrx_word' id='word_1_715' title='bbox 2225 3331 2349 3395; x_wconf 75' lang='lat' dir='ltr'><strong>tusi,</strong></span> <span class='ocrx_word' id='word_1_716' title='bbox 2381 3345 2490 3384; x_wconf 89' lang='lat' dir='ltr'><strong>non</strong></span> <span class='ocrx_word' id='word_1_717' title='bbox 2509 3337 2611 3392; x_wconf 88' lang='lat' dir='ltr'><strong>est,</strong></span> <span class='ocrx_word' id='word_1_718' title='bbox 2645 3320 2935 3395; x_wconf 74' lang='lat' dir='ltr'><strong>secundum</strong></span> <span class='ocrx_word' id='word_1_719' title='bbox 2959 3320 3238 3395; x_wconf 65' lang='lat' dir='ltr'><strong>Cyrillum,</strong></span> <span class='ocrx_word' id='word_1_720' title='bbox 3270 3325 3401 3378; x_wconf 82' lang='grc' dir='ltr'><strong><em>κατὰ</em></strong></span> <span class='ocrx_word' id='word_1_721' title='bbox 3418 3320 3699 3395; x_wconf 50' lang='lat' dir='ltr'><strong>abiectas;</strong></span> <span class='ocrx_word' id='word_1_722' title='bbox 3719 3321 3814 3375; x_wconf 86' lang='lat' dir='ltr'><strong>sed</strong></span> 
     </span>
    </p>
   </div>
   <div class='ocr_carea' id='block_1_100' title="bbox 2221 3391 3813 3468">
    <p class='ocr_par' dir='ltr' id='par_1_100' title="bbox 2221 3391 3813 3468">
     <span class='ocr_line' id='line_1_101' title="bbox 2221 3391 3813 3468; baseline -0.008 -10"><span class='ocrx_word' id='word_1_723' title='bbox 2221 3391 2438 3458; x_wconf 68' lang='lat' dir='ltr'><strong>tantum</strong></span> <span class='ocrx_word' id='word_1_724' title='bbox 2468 3391 2604 3455; x_wconf 79' lang='grc' dir='ltr'><strong>κατᾶ</strong></span> <span class='ocrx_word' id='word_1_725' title='bbox 2628 3391 3140 3468; x_wconf 52' lang='grc' dir='ltr'><strong>σχέσινωιιάβῷοε</strong></span> <span class='ocrx_word' id='word_1_726' title='bbox 3167 3393 3221 3468; x_wconf 75' lang='lat' dir='ltr'><strong>in</strong></span> <span class='ocrx_word' id='word_1_727' title='bbox 3250 3392 3470 3460; x_wconf 79' lang='lat' dir='ltr'><strong>negotio</strong></span> <span class='ocrx_word' id='word_1_728' title='bbox 3497 3406 3813 3468; x_wconf 70' lang='lat' dir='ltr'><strong>synonyma:</strong></span> 
     </span>
    </p>
   </div>
   <div class='ocr_carea' id='block_1_101' title="bbox 2219 3463 3814 3537">
    <p class='ocr_par' dir='ltr' id='par_1_101' title="bbox 2219 3463 3814 3537">
     <span class='ocr_line' id='line_1_102' title="bbox 2219 3463 3814 3537; baseline -0.006 -9"><span class='ocrx_word' id='word_1_729' title='bbox 2219 3479 2352 3534; x_wconf 75' lang='lat' dir='ltr'><strong>sunt</strong></span> <span class='ocrx_word' id='word_1_730' title='bbox 2391 3471 2508 3526; x_wconf 84' lang='lat' dir='ltr'><strong>istae</strong></span> <span class='ocrx_word' id='word_1_731' title='bbox 2544 3463 2724 3532; x_wconf 68' lang='lat' dir='ltr'><strong>voces,</strong></span> <span class='ocrx_word' id='word_1_732' title='bbox 2748 3468 2937 3524; x_wconf 77' lang='grc' dir='ltr'><strong>ἱνωσις</strong></span> <span class='ocrx_word' id='word_1_733' title='bbox 2967 3464 3159 3537; x_wconf 74' lang='grc' dir='ltr'><strong>ἁπλῶς,</strong></span> <span class='ocrx_word' id='word_1_734' title='bbox 3185 3465 3370 3525; x_wconf 68' lang='lat' dir='ltr'><strong>quat:</strong></span> <span class='ocrx_word' id='word_1_735' title='bbox 3392 3467 3608 3537; x_wconf 63' lang='grc' dir='ltr'><strong>φυσική,</strong></span> <span class='ocrx_word' id='word_1_736' title='bbox 3629 3463 3814 3537; x_wconf 55' lang='lat' dir='ltr'><strong>Erant:</strong></span> 
     </span>
    </p>
   </div>
   <div class='ocr_carea' id='block_1_102' title="bbox 2226 3533 3814 3606">
    <p class='ocr_par' dir='ltr' id='par_1_102' title="bbox 2226 3533 3814 3606">
     <span class='ocr_line' id='line_1_103' title="bbox 2226 3533 3814 3606; baseline -0.008 -8"><span class='ocrx_word' id='word_1_737' title='bbox 2226 3543 2337 3598; x_wconf 78' lang='grc' dir='ltr'>καθ’</span> <span class='ocrx_word' id='word_1_738' title='bbox 2369 3541 2679 3606; x_wconf 77' lang='grc' dir='ltr'><strong>ὑπόστασιν,</strong></span> <span class='ocrx_word' id='word_1_739' title='bbox 2727 3538 2905 3597; x_wconf 79' lang='grc' dir='ltr'><strong>ἕνωσις</strong></span> <span class='ocrx_word' id='word_1_740' title='bbox 2949 3536 3061 3590; x_wconf 76' lang='grc' dir='ltr'>κατ’</span> <span class='ocrx_word' id='word_1_741' title='bbox 3077 3535 3326 3596; x_wconf 77' lang='grc' dir='ltr'><strong>ἀλήθειαν,</strong></span> <span class='ocrx_word' id='word_1_742' title='bbox 3358 3533 3814 3606; x_wconf 65' lang='lat' dir='ltr'><strong>quemadmodum</strong></span> 
     </span>
    </p>
   </div>
   <div class='ocr_carea' id='block_1_103' title="bbox 2227 3604 3813 3682">
    <p class='ocr_par' dir='ltr' id='par_1_103' title="bbox 2227 3604 3813 3682">
     <span class='ocr_line' id='line_1_104' title="bbox 2227 3604 3813 3682; baseline -0.008 -15"><span class='ocrx_word' id='word_1_743' title='bbox 2227 3628 2294 3668; x_wconf 82' lang='lat' dir='ltr'><strong>ex</strong></span> <span class='ocrx_word' id='word_1_744' title='bbox 2324 3613 2572 3682; x_wconf 85' lang='lat' dir='ltr'><strong>opposito</strong></span> <span class='ocrx_word' id='word_1_745' title='bbox 2602 3604 2780 3668; x_wconf 74' lang='grc' dir='ltr'><strong>ἔνὼσις</strong></span> <span class='ocrx_word' id='word_1_746' title='bbox 2818 3607 2964 3682; x_wconf 62' lang='grc' dir='ltr'><strong>κοιτὸιΔ</strong></span> <span class='ocrx_word' id='word_1_747' title='bbox 2994 3627 3043 3660; x_wconf 84' lang='grc' dir='ltr'><strong>τι</strong></span> <span class='ocrx_word' id='word_1_748' title='bbox 3063 3645 3078 3670; x_wconf 86' lang='grc'><strong><em>,</em></strong></span> <span class='ocrx_word' id='word_1_749' title='bbox 3106 3607 3289 3682; x_wconf 56' lang='lat' dir='ltr'><strong>iuerat;</strong></span> <span class='ocrx_word' id='word_1_750' title='bbox 3329 3608 3548 3682; x_wconf 72' lang='grc' dir='ltr'><strong>σχετική</strong></span> <span class='ocrx_word' id='word_1_751' title='bbox 3568 3643 3592 3682; x_wconf 42' lang='grc'><strong>.,</strong></span> <span class='ocrx_word' id='word_1_752' title='bbox 3608 3604 3813 3682; x_wconf 35' lang='grc' dir='ltr'><strong>Ξανθία-ις</strong></span> 
     </span>
    </p>
   </div>
   <div class='ocr_carea' id='block_1_104' title="bbox 2221 3671 3809 3755">
    <p class='ocr_par' dir='ltr' id='par_1_104' title="bbox 2221 3671 3809 3755">
     <span class='ocr_line' id='line_1_105' title="bbox 2221 3671 3809 3755; baseline -0.009 -15"><span class='ocrx_word' id='word_1_753' title='bbox 2221 3683 2335 3740; x_wconf 67' lang='grc' dir='ltr'><strong>κατ’</strong></span> <span class='ocrx_word' id='word_1_754' title='bbox 2355 3671 2598 3755; x_wconf 51' lang='lat' dir='ltr'><strong>Egi-donius,</strong></span> <span class='ocrx_word' id='word_1_755' title='bbox 2623 3683 2810 3755; x_wconf 54' lang='lat' dir='ltr'><strong>ipsiet:</strong></span> <span class='ocrx_word' id='word_1_756' title='bbox 2838 3679 2975 3755; x_wconf 58' lang='grc' dir='ltr'><strong>ξιξεῖά</strong></span> <span class='ocrx_word' id='word_1_757' title='bbox 2992 3682 3080 3735; x_wconf 76' lang='grc' dir='ltr'><strong>τὸν</strong></span> <span class='ocrx_word' id='word_1_758' title='bbox 3093 3679 3266 3755; x_wconf 62' lang='grc' dir='ltr'><strong>ἀξίαν,</strong></span> <span class='ocrx_word' id='word_1_759' title='bbox 3279 3671 3538 3755; x_wconf 42' lang='lat' dir='ltr'><strong>exsuperat</strong></span> <span class='ocrx_word' id='word_1_760' title='bbox 3553 3675 3584 3731; x_wconf 73' lang='grc' dir='ltr'>ἡ</span> <span class='ocrx_word' id='word_1_761' title='bbox 3599 3671 3809 3755; x_wconf 40' lang='lat' dir='ltr'><strong>“Resp,</strong></span> 
     </span>
    </p>
   </div>
   <div class='ocr_carea' id='block_1_105' title="bbox 2227 3741 3814 3826">
    <p class='ocr_par' dir='ltr' id='par_1_105' title="bbox 2227 3741 3814 3826">
     <span class='ocr_line' id='line_1_106' title="bbox 2227 3741 3814 3826; baseline -0.009 -17"><span class='ocrx_word' id='word_1_762' title='bbox 2227 3762 2331 3809; x_wconf 91' lang='lat' dir='ltr'><strong>etc.</strong></span> <span class='ocrx_word' id='word_1_763' title='bbox 2355 3752 2505 3808; x_wconf 91' lang='lat' dir='ltr'><strong>Unde</strong></span> <span class='ocrx_word' id='word_1_764' title='bbox 2528 3741 2675 3826; x_wconf 68' lang='lat' dir='ltr'><strong>quod</strong></span> <span class='ocrx_word' id='word_1_765' title='bbox 2703 3747 2996 3826; x_wconf 82' lang='lat' dir='ltr'><strong>mirabilius</strong></span> <span class='ocrx_word' id='word_1_766' title='bbox 3021 3754 3122 3826; x_wconf 76' lang='lat' dir='ltr'><strong>est,</strong></span> <span class='ocrx_word' id='word_1_767' title='bbox 3155 3745 3296 3826; x_wconf 82' lang='lat' dir='ltr'><strong>apud</strong></span> <span class='ocrx_word' id='word_1_768' title='bbox 3311 3741 3596 3826; x_wconf 71' lang='lat' dir='ltr'><strong>Cyrillum,</strong></span> <span class='ocrx_word' id='word_1_769' title='bbox 3626 3744 3720 3796; x_wconf 83' lang='lat' dir='ltr'><strong>ubi</strong></span> <span class='ocrx_word' id='word_1_770' title='bbox 3743 3742 3814 3826; x_wconf 70' lang='lat' dir='ltr'><strong>de</strong></span> 
     </span>
    </p>
   </div>
   <div class='ocr_carea' id='block_1_106' title="bbox 2227 3812 3806 3895">
    <p class='ocr_par' dir='ltr' id='par_1_106' title="bbox 2227 3812 3806 3895">
     <span class='ocr_line' id='line_1_107' title="bbox 2227 3812 3806 3895; baseline -0.009 -15"><span class='ocrx_word' id='word_1_771' title='bbox 2227 3826 2405 3880; x_wconf 78' lang='grc' dir='ltr'><strong>ενὼσει</strong></span> <span class='ocrx_word' id='word_1_772' title='bbox 2428 3812 2605 3878; x_wconf 69' lang='lat' dir='ltr'><strong>seruio</strong></span> <span class='ocrx_word' id='word_1_773' title='bbox 2634 3829 2734 3886; x_wconf 89' lang='lat' dir='ltr'><strong>est,</strong></span> <span class='ocrx_word' id='word_1_774' title='bbox 2761 3824 2910 3895; x_wconf 74' lang='grc' dir='ltr'><strong>φὺσις</strong></span> <span class='ocrx_word' id='word_1_775' title='bbox 2931 3832 3034 3890; x_wconf 85' lang='lat' dir='ltr'><strong>pro</strong></span> <span class='ocrx_word' id='word_1_776' title='bbox 3061 3812 3344 3875; x_wconf 73' lang='grc' dir='ltr'><strong>ὐποσῖτάσει</strong></span> <span class='ocrx_word' id='word_1_777' title='bbox 3363 3812 3632 3884; x_wconf 74' lang='lat' dir='ltr'><strong>accipitur</strong></span> <span class='ocrx_word' id='word_1_778' title='bbox 3659 3831 3673 3866; x_wconf 88' lang='lat'><strong>:</strong></span> <span class='ocrx_word' id='word_1_779' title='bbox 3708 3812 3806 3867; x_wconf 89' lang='lat' dir='ltr'><strong>sed</strong></span> 
     </span>
    </p>
   </div>
   <div class='ocr_carea' id='block_1_107' title="bbox 2221 3895 2842 3965">
    <p class='ocr_par' dir='ltr' id='par_1_107' title="bbox 2221 3895 2842 3965">
     <span class='ocr_line' id='line_1_108' title="bbox 2221 3895 2842 3965; baseline -0.01 -15"><span class='ocrx_word' id='word_1_780' title='bbox 2221 3895 2280 3950; x_wconf 87' lang='lat' dir='ltr'><strong>id</strong></span> <span class='ocrx_word' id='word_1_781' title='bbox 2307 3902 2494 3965; x_wconf 89' lang='lat' dir='ltr'><strong>postea</strong></span> <span class='ocrx_word' id='word_1_782' title='bbox 2525 3900 2842 3963; x_wconf 78' lang='lat' dir='ltr'><strong>exponetur.</strong></span> 
     </span>
    </p>
   </div>
   <div class='ocr_carea' id='block_1_108' title="bbox 2290 3996 3805 4074">
    <p class='ocr_par' dir='ltr' id='par_1_108' title="bbox 2290 3996 3805 4074">
     <span class='ocr_line' id='line_1_109' title="bbox 2290 3996 3805 4074; baseline -0.006 -12"><span class='ocrx_word' id='word_1_783' title='bbox 2290 4006 2491 4062; x_wconf 81' lang='lat' dir='ltr'><strong>&#39;Verum</strong></span> <span class='ocrx_word' id='word_1_784' title='bbox 2532 4005 2616 4060; x_wconf 91' lang='lat' dir='ltr'><strong>his</strong></span> <span class='ocrx_word' id='word_1_785' title='bbox 2643 4003 2888 4060; x_wconf 89' lang='lat' dir='ltr'><strong>omnibus</strong></span> <span class='ocrx_word' id='word_1_786' title='bbox 2923 3999 3291 4074; x_wconf 89' lang='lat' dir='ltr'><strong>comtemptis,</strong></span> <span class='ocrx_word' id='word_1_787' title='bbox 3328 3996 3609 4054; x_wconf 86' lang='lat' dir='ltr'><strong>Nestorius</strong></span> <span class='ocrx_word' id='word_1_788' title='bbox 3637 4012 3805 4053; x_wconf 89' lang='lat' dir='ltr'><strong>ausus</strong></span> 
     </span>
    </p>
   </div>
   <div class='ocr_carea' id='block_1_109' title="bbox 2194 4088 3812 4170">
    <p class='ocr_par' dir='ltr' id='par_1_109' title="bbox 2194 4088 3812 4170">
     <span class='ocr_line' id='line_1_110' title="bbox 2194 4088 3812 4170; baseline -0.007 -15"><span class='ocrx_word' id='word_1_789' title='bbox 2194 4112 2196 4116; x_wconf 80' lang='lat'>&#39;</span> <span class='ocrx_word' id='word_1_790' title='bbox 2225 4106 2309 4155; x_wconf 89' lang='lat' dir='ltr'><strong>est</strong></span> <span class='ocrx_word' id='word_1_791' title='bbox 2328 4099 2429 4153; x_wconf 89' lang='lat' dir='ltr'><strong>ista</strong></span> <span class='ocrx_word' id='word_1_792' title='bbox 2448 4097 2611 4152; x_wconf 88' lang='lat' dir='ltr'><strong>verba</strong></span> <span class='ocrx_word' id='word_1_793' title='bbox 2633 4094 2876 4170; x_wconf 80' lang='lat' dir='ltr'><strong>proferre</strong></span> <span class='ocrx_word' id='word_1_794' title='bbox 2899 4092 3090 4164; x_wconf 84' lang='lat' dir='ltr'><strong>(Serm.</strong></span> <span class='ocrx_word' id='word_1_795' title='bbox 3119 4090 3169 4157; x_wconf 88' lang='lat'><strong>7,</strong></span> <span class='ocrx_word' id='word_1_796' title='bbox 3193 4107 3334 4144; x_wconf 88' lang='lat' dir='ltr'><strong>num.</strong></span> <span class='ocrx_word' id='word_1_797' title='bbox 3355 4088 3473 4160; x_wconf 71' lang='lat'><strong>12):</strong></span> <span class='ocrx_word' id='word_1_798' title='bbox 3501 4088 3617 4144; x_wconf 79' lang='lat' dir='ltr'><strong>Hoc</strong></span> <span class='ocrx_word' id='word_1_799' title='bbox 3638 4099 3812 4143; x_wconf 80' lang='lat' dir='ltr'><strong>autem</strong></span> 
     </span>
    </p>
   </div>
   <div class='ocr_carea' id='block_1_110' title="bbox 2223 4179 3812 4258">
    <p class='ocr_par' dir='ltr' id='par_1_110' title="bbox 2223 4179 3812 4258">
     <span class='ocr_line' id='line_1_111' title="bbox 2223 4179 3812 4258; baseline -0.008 -13"><span class='ocrx_word' id='word_1_800' title='bbox 2223 4190 2407 4245; x_wconf 86' lang='lat' dir='ltr'><strong>sentite</strong></span> <span class='ocrx_word' id='word_1_801' title='bbox 2437 4190 2493 4242; x_wconf 89' lang='lat' dir='ltr'><strong>in</strong></span> <span class='ocrx_word' id='word_1_802' title='bbox 2522 4187 2694 4254; x_wconf 83' lang='lat' dir='ltr'><strong>vobis,</strong></span> <span class='ocrx_word' id='word_1_803' title='bbox 2723 4183 2860 4258; x_wconf 88' lang='lat' dir='ltr'><strong>quod</strong></span> <span class='ocrx_word' id='word_1_804' title='bbox 2897 4191 2946 4238; x_wconf 89' lang='lat' dir='ltr'><strong>et</strong></span> <span class='ocrx_word' id='word_1_805' title='bbox 2980 4184 3036 4237; x_wconf 88' lang='lat' dir='ltr'><strong>in</strong></span> <span class='ocrx_word' id='word_1_806' title='bbox 3065 4180 3268 4236; x_wconf 85' lang='lat' dir='ltr'><strong>Christo</strong></span> <span class='ocrx_word' id='word_1_807' title='bbox 3311 4179 3465 4247; x_wconf 76' lang='lat' dir='ltr'><strong>Iesu,</strong></span> <span class='ocrx_word' id='word_1_808' title='bbox 3496 4181 3582 4252; x_wconf 85' lang='lat' dir='ltr'><strong>qui</strong></span> <span class='ocrx_word' id='word_1_809' title='bbox 3613 4195 3728 4233; x_wconf 84' lang='lat' dir='ltr'><strong>cum</strong></span> <span class='ocrx_word' id='word_1_810' title='bbox 3755 4179 3812 4233; x_wconf 78' lang='lat' dir='ltr'><strong>in</strong></span> 
     </span>
    </p>
   </div>
   <div class='ocr_carea' id='block_1_111' title="bbox 2225 4274 3809 4354">
    <p class='ocr_par' dir='ltr' id='par_1_111' title="bbox 2225 4274 3809 4354">
     <span class='ocr_line' id='line_1_112' title="bbox 2225 4274 3809 4354; baseline -0.007 -16"><span class='ocrx_word' id='word_1_811' title='bbox 2225 4285 2393 4354; x_wconf 79' lang='lat' dir='ltr'><strong>forma</strong></span> <span class='ocrx_word' id='word_1_812' title='bbox 2412 4280 2510 4335; x_wconf 85' lang='lat' dir='ltr'><strong>Dei</strong></span> <span class='ocrx_word' id='word_1_813' title='bbox 2539 4288 2688 4347; x_wconf 81' lang='lat' dir='ltr'><strong>esset,</strong></span> <span class='ocrx_word' id='word_1_814' title='bbox 2714 4295 2768 4333; x_wconf 88' lang='lat' dir='ltr'><strong>se</strong></span> <span class='ocrx_word' id='word_1_815' title='bbox 2795 4278 3095 4344; x_wconf 74' lang='lat' dir='ltr'><strong>exinanivit,</strong></span> <span class='ocrx_word' id='word_1_816' title='bbox 3114 4278 3333 4347; x_wconf 80' lang='lat' dir='ltr'><strong>formam</strong></span> <span class='ocrx_word' id='word_1_817' title='bbox 3363 4274 3493 4328; x_wconf 81' lang='lat' dir='ltr'><strong>servi</strong></span> <span class='ocrx_word' id='word_1_818' title='bbox 3523 4274 3809 4342; x_wconf 78' lang='lat' dir='ltr'><strong>accipiens.</strong></span> 
     </span>
    </p>
   </div>
   <div class='ocr_carea' id='block_1_112' title="bbox 2223 4362 3808 4439">
    <p class='ocr_par' dir='ltr' id='par_1_112' title="bbox 2223 4362 3808 4439">
     <span class='ocr_line' id='line_1_113' title="bbox 2223 4362 3808 4439; baseline -0.006 -11"><span class='ocrx_word' id='word_1_819' title='bbox 2223 4371 2349 4429; x_wconf 87' lang='lat' dir='ltr'><strong>Non</strong></span> <span class='ocrx_word' id='word_1_820' title='bbox 2371 4374 2504 4427; x_wconf 69' lang='lat' dir='ltr'><strong>dixit</strong></span> <span class='ocrx_word' id='word_1_821' title='bbox 2526 4389 2542 4427; x_wconf 91' lang='lat'><strong><em>:</em></strong></span> <span class='ocrx_word' id='word_1_822' title='bbox 2566 4370 2683 4426; x_wconf 86' lang='lat' dir='ltr'><strong>Hoc</strong></span> <span class='ocrx_word' id='word_1_823' title='bbox 2704 4371 2890 4425; x_wconf 86' lang='lat' dir='ltr'><strong>sentite</strong></span> <span class='ocrx_word' id='word_1_824' title='bbox 2910 4370 2964 4424; x_wconf 91' lang='lat' dir='ltr'><strong>in</strong></span> <span class='ocrx_word' id='word_1_825' title='bbox 2983 4367 3144 4434; x_wconf 79' lang='lat' dir='ltr'><strong>vobis,</strong></span> <span class='ocrx_word' id='word_1_826' title='bbox 3163 4367 3300 4439; x_wconf 85' lang='lat' dir='ltr'><strong>quod</strong></span> <span class='ocrx_word' id='word_1_827' title='bbox 3322 4375 3371 4420; x_wconf 90' lang='lat' dir='ltr'><strong>et</strong></span> <span class='ocrx_word' id='word_1_828' title='bbox 3399 4367 3452 4420; x_wconf 89' lang='lat' dir='ltr'><strong>in</strong></span> <span class='ocrx_word' id='word_1_829' title='bbox 3473 4362 3586 4418; x_wconf 90' lang='lat' dir='ltr'><strong>Deo</strong></span> <span class='ocrx_word' id='word_1_830' title='bbox 3617 4363 3808 4430; x_wconf 81' lang='lat' dir='ltr'><strong>Verbo,</strong></span> 
     </span>
    </p>
   </div>
   <div class='ocr_carea' id='block_1_113' title="bbox 2221 4459 3807 4538">
    <p class='ocr_par' dir='ltr' id='par_1_113' title="bbox 2221 4459 3807 4538">
     <span class='ocr_line' id='line_1_114' title="bbox 2221 4459 3807 4538; baseline -0.008 -17"><span class='ocrx_word' id='word_1_831' title='bbox 2221 4465 2358 4538; x_wconf 88' lang='lat' dir='ltr'><strong>quod</strong></span> <span class='ocrx_word' id='word_1_832' title='bbox 2385 4483 2498 4519; x_wconf 81' lang='lat' dir='ltr'><strong>cum</strong></span> <span class='ocrx_word' id='word_1_833' title='bbox 2524 4467 2578 4520; x_wconf 86' lang='lat' dir='ltr'><strong>in</strong></span> <span class='ocrx_word' id='word_1_834' title='bbox 2621 4467 2787 4537; x_wconf 77' lang='lat' dir='ltr'><strong>forma</strong></span> <span class='ocrx_word' id='word_1_835' title='bbox 2816 4462 2914 4518; x_wconf 88' lang='lat' dir='ltr'><strong>Dei</strong></span> <span class='ocrx_word' id='word_1_836' title='bbox 2960 4470 3118 4527; x_wconf 87' lang='lat' dir='ltr'><strong>esset,</strong></span> <span class='ocrx_word' id='word_1_837' title='bbox 3163 4464 3386 4533; x_wconf 71' lang='lat' dir='ltr'><strong>formam</strong></span> <span class='ocrx_word' id='word_1_838' title='bbox 3429 4459 3558 4513; x_wconf 76' lang='lat' dir='ltr'><strong>servi</strong></span> <span class='ocrx_word' id='word_1_839' title='bbox 3588 4459 3807 4528; x_wconf 77' lang='lat' dir='ltr'><strong>accepit.</strong></span> 
     </span>
    </p>
   </div>
   <div class='ocr_carea' id='block_1_114' title="bbox 2143 4551 3814 4624">
    <p class='ocr_par' dir='ltr' id='par_1_114' title="bbox 2143 4551 3814 4624">
     <span class='ocr_line' id='line_1_115' title="bbox 2143 4551 3814 4624; baseline -0.007 -11"><span class='ocrx_word' id='word_1_840' title='bbox 2143 4561 2197 4623; x_wconf 89' lang='lat' dir='ltr'><strong>D</strong></span> <span class='ocrx_word' id='word_1_841' title='bbox 2223 4556 2330 4612; x_wconf 86' lang='lat' dir='ltr'><strong>Sed</strong></span> <span class='ocrx_word' id='word_1_842' title='bbox 2357 4558 2441 4611; x_wconf 87' lang='lat' dir='ltr'><strong>ubi</strong></span> <span class='ocrx_word' id='word_1_843' title='bbox 2470 4557 2620 4620; x_wconf 80' lang='lat' dir='ltr'><strong>dixit,</strong></span> <span class='ocrx_word' id='word_1_844' title='bbox 2655 4554 2932 4622; x_wconf 83' lang='lat' dir='ltr'><strong>Christum,</strong></span> <span class='ocrx_word' id='word_1_845' title='bbox 2963 4556 3109 4624; x_wconf 87' lang='lat' dir='ltr'><strong>quasi</strong></span> <span class='ocrx_word' id='word_1_846' title='bbox 3143 4551 3358 4605; x_wconf 86' lang='lat' dir='ltr'><strong>duarum</strong></span> <span class='ocrx_word' id='word_1_847' title='bbox 3385 4560 3695 4605; x_wconf 82' lang='lat' dir='ltr'><strong>naturarum</strong></span> <span class='ocrx_word' id='word_1_848' title='bbox 3722 4567 3814 4620; x_wconf 85' lang='lat' dir='ltr'><strong>ap-</strong></span> 
     </span>
    </p>
   </div>
   <div class='ocr_carea' id='block_1_115' title="bbox 2219 4643 3810 4720">
    <p class='ocr_par' dir='ltr' id='par_1_115' title="bbox 2219 4643 3810 4720">
     <span class='ocr_line' id='line_1_116' title="bbox 2219 4643 3810 4720; baseline -0.006 -18"><span class='ocrx_word' id='word_1_849' title='bbox 2219 4649 2566 4720; x_wconf 84' lang='lat' dir='ltr'><strong>pellationem,</strong></span> <span class='ocrx_word' id='word_1_850' title='bbox 2599 4649 2711 4702; x_wconf 83' lang='lat' dir='ltr'><strong>sine</strong></span> <span class='ocrx_word' id='word_1_851' title='bbox 2738 4646 2966 4720; x_wconf 83' lang='lat' dir='ltr'><strong>periculo</strong></span> <span class='ocrx_word' id='word_1_852' title='bbox 3001 4662 3133 4712; x_wconf 91' lang='lat' dir='ltr'><strong>eum,</strong></span> <span class='ocrx_word' id='word_1_853' title='bbox 3166 4653 3216 4699; x_wconf 88' lang='lat' dir='ltr'><strong>et</strong></span> <span class='ocrx_word' id='word_1_854' title='bbox 3243 4646 3462 4715; x_wconf 83' lang='lat' dir='ltr'><strong>formam</strong></span> <span class='ocrx_word' id='word_1_855' title='bbox 3489 4643 3623 4696; x_wconf 82' lang='lat' dir='ltr'><strong>servi</strong></span> <span class='ocrx_word' id='word_1_856' title='bbox 3651 4658 3810 4712; x_wconf 84' lang='lat' dir='ltr'><strong>quam</strong></span> 
     </span>
    </p>
   </div>
   <div class='ocr_carea' id='block_1_116' title="bbox 2219 4733 3810 4812">
    <p class='ocr_par' dir='ltr' id='par_1_116' title="bbox 2219 4733 3810 4812">
     <span class='ocr_line' id='line_1_117' title="bbox 2219 4733 3810 4812; baseline -0.006 -16"><span class='ocrx_word' id='word_1_857' title='bbox 2219 4743 2452 4812; x_wconf 86' lang='lat' dir='ltr'><strong>accepit,</strong></span> <span class='ocrx_word' id='word_1_858' title='bbox 2486 4741 2797 4806; x_wconf 81' lang='lat' dir='ltr'><strong>nominavit,</strong></span> <span class='ocrx_word' id='word_1_859' title='bbox 2832 4749 2882 4794; x_wconf 90' lang='lat' dir='ltr'><strong>et</strong></span> <span class='ocrx_word' id='word_1_860' title='bbox 2910 4738 3107 4803; x_wconf 85' lang='lat' dir='ltr'><strong>Deum;</strong></span> <span class='ocrx_word' id='word_1_861' title='bbox 3138 4753 3251 4790; x_wconf 88' lang='lat' dir='ltr'><strong>cum</strong></span> <span class='ocrx_word' id='word_1_862' title='bbox 3290 4753 3352 4789; x_wconf 85' lang='lat' dir='ltr'><strong>ea</strong></span> <span class='ocrx_word' id='word_1_863' title='bbox 3379 4733 3569 4806; x_wconf 82' lang='lat' dir='ltr'><strong>absque</strong></span> <span class='ocrx_word' id='word_1_864' title='bbox 3595 4743 3810 4804; x_wconf 82' lang='lat' dir='ltr'><strong>peccato</strong></span> 
     </span>
    </p>
   </div>
   <div class='ocr_carea' id='block_1_117' title="bbox 2219 4823 3807 4900">
    <p class='ocr_par' dir='ltr' id='par_1_117' title="bbox 2219 4823 3807 4900">
     <span class='ocr_line' id='line_1_118' title="bbox 2219 4823 3807 4900; baseline -0.007 -13"><span class='ocrx_word' id='word_1_865' title='bbox 2219 4833 2460 4888; x_wconf 87' lang='lat' dir='ltr'><strong>dicantur</strong></span> <span class='ocrx_word' id='word_1_866' title='bbox 2509 4832 2570 4886; x_wconf 87' lang='lat' dir='ltr'><strong>de</strong></span> <span class='ocrx_word' id='word_1_867' title='bbox 2618 4839 2921 4884; x_wconf 90' lang='lat' dir='ltr'><strong>naturarum</strong></span> <span class='ocrx_word' id='word_1_868' title='bbox 2968 4828 3159 4900; x_wconf 86' lang='lat' dir='ltr'><strong>duplici</strong></span> <span class='ocrx_word' id='word_1_869' title='bbox 3184 4836 3234 4880; x_wconf 91' lang='lat' dir='ltr'><strong>et</strong></span> <span class='ocrx_word' id='word_1_870' title='bbox 3264 4823 3545 4898; x_wconf 79' lang='lat' dir='ltr'><strong>separabili</strong></span> <span class='ocrx_word' id='word_1_871' title='bbox 3575 4825 3807 4879; x_wconf 80' lang='lat' dir='ltr'><strong>ratione.</strong></span> 
     </span>
    </p>
   </div>
   <div class='ocr_carea' id='block_1_118' title="bbox 2220 4914 3814 4992">
    <p class='ocr_par' dir='ltr' id='par_1_118' title="bbox 2220 4914 3814 4992">
     <span class='ocr_line' id='line_1_119' title="bbox 2220 4914 3814 4992; baseline -0.006 -12"><span class='ocrx_word' id='word_1_872' title='bbox 2220 4924 2289 4980; x_wconf 87' lang='lat' dir='ltr'><strong>Et</strong></span> <span class='ocrx_word' id='word_1_873' title='bbox 2331 4941 2514 4982; x_wconf 89' lang='lat' dir='ltr'><strong>rursus</strong></span> <span class='ocrx_word' id='word_1_874' title='bbox 2543 4925 2597 4978; x_wconf 90' lang='lat' dir='ltr'><strong>in</strong></span> <span class='ocrx_word' id='word_1_875' title='bbox 2627 4923 2732 4978; x_wconf 91' lang='lat' dir='ltr'><strong>alio</strong></span> <span class='ocrx_word' id='word_1_876' title='bbox 2763 4929 2992 4980; x_wconf 88' lang='lat' dir='ltr'><strong>tractatu</strong></span> <span class='ocrx_word' id='word_1_877' title='bbox 3036 4919 3230 4992; x_wconf 89' lang='lat' dir='ltr'><strong>(Serm.</strong></span> <span class='ocrx_word' id='word_1_878' title='bbox 3267 4917 3319 4985; x_wconf 84' lang='grc'><strong>1,</strong></span> <span class='ocrx_word' id='word_1_879' title='bbox 3351 4934 3496 4972; x_wconf 86' lang='lat' dir='ltr'><strong>num.</strong></span> <span class='ocrx_word' id='word_1_880' title='bbox 3526 4914 3626 4985; x_wconf 86' lang='lat'><strong>9):</strong></span> <span class='ocrx_word' id='word_1_881' title='bbox 3655 4914 3726 4971; x_wconf 89' lang='lat' dir='ltr'><strong>Ut</strong></span> <span class='ocrx_word' id='word_1_882' title='bbox 3754 4917 3814 4970; x_wconf 77' lang='lat' dir='ltr'><strong>in</strong></span> 
     </span>
    </p>
   </div>
   <div class='ocr_carea' id='block_1_119' title="bbox 2221 5007 3811 5086">
    <p class='ocr_par' dir='ltr' id='par_1_119' title="bbox 2221 5007 3811 5086">
     <span class='ocr_line' id='line_1_120' title="bbox 2221 5007 3811 5086; baseline -0.007 -14"><span class='ocrx_word' id='word_1_883' title='bbox 2221 5019 2454 5083; x_wconf 88' lang='lat' dir='ltr'><strong>nomine,</strong></span> <span class='ocrx_word' id='word_1_884' title='bbox 2487 5015 2690 5086; x_wconf 89' lang='lat' dir='ltr'><strong>inquit,</strong></span> <span class='ocrx_word' id='word_1_885' title='bbox 2719 5013 2844 5068; x_wconf 77' lang='lat' dir='ltr'><strong>Iesu</strong></span> <span class='ocrx_word' id='word_1_886' title='bbox 2875 5030 3020 5070; x_wconf 88' lang='lat' dir='ltr'><strong>omne</strong></span> <span class='ocrx_word' id='word_1_887' title='bbox 3047 5029 3178 5084; x_wconf 83' lang='lat' dir='ltr'><strong>genu</strong></span> <span class='ocrx_word' id='word_1_888' title='bbox 3207 5011 3464 5080; x_wconf 78' lang='lat' dir='ltr'><strong>ﬂectatur,</strong></span> <span class='ocrx_word' id='word_1_889' title='bbox 3501 5007 3811 5072; x_wconf 65' lang='lat' dir='ltr'><strong>caelestium,</strong></span> 
     </span>
    </p>
   </div>
   <div class='ocr_carea' id='block_1_120' title="bbox 2221 5100 3813 5179">
    <p class='ocr_par' dir='ltr' id='par_1_120' title="bbox 2221 5100 3813 5179">
     <span class='ocr_line' id='line_1_121' title="bbox 2221 5100 3813 5179; baseline -0.008 -13"><span class='ocrx_word' id='word_1_890' title='bbox 2221 5120 2272 5166; x_wconf 89' lang='lat' dir='ltr'><strong>et</strong></span> <span class='ocrx_word' id='word_1_891' title='bbox 2301 5110 2637 5174; x_wconf 88' lang='lat' dir='ltr'><strong>terrestrium,</strong></span> <span class='ocrx_word' id='word_1_892' title='bbox 2671 5116 2722 5161; x_wconf 87' lang='lat' dir='ltr'><strong>et</strong></span> <span class='ocrx_word' id='word_1_893' title='bbox 2747 5109 3088 5179; x_wconf 76' lang='lat' dir='ltr'><strong>infernarum,</strong></span> <span class='ocrx_word' id='word_1_894' title='bbox 3121 5112 3171 5160; x_wconf 87' lang='lat' dir='ltr'><strong>et</strong></span> <span class='ocrx_word' id='word_1_895' title='bbox 3216 5104 3386 5161; x_wconf 90' lang='lat' dir='ltr'><strong>omnis</strong></span> <span class='ocrx_word' id='word_1_896' title='bbox 3426 5102 3604 5173; x_wconf 80' lang='lat' dir='ltr'><strong>lingua</strong></span> <span class='ocrx_word' id='word_1_897' title='bbox 3630 5100 3813 5170; x_wconf 80' lang='lat' dir='ltr'><strong>conﬁ—</strong></span> 
     </span>
    </p>
   </div>
   <div class='ocr_carea' id='block_1_121' title="bbox 2225 5189 3810 5271">
    <p class='ocr_par' dir='ltr' id='par_1_121' title="bbox 2225 5189 3810 5271">
     <span class='ocr_line' id='line_1_122' title="bbox 2225 5189 3810 5271; baseline -0.008 -16"><span class='ocrx_word' id='word_1_898' title='bbox 2225 5209 2407 5266; x_wconf 88' lang='lat' dir='ltr'><strong>teatur,</strong></span> <span class='ocrx_word' id='word_1_899' title='bbox 2439 5201 2558 5271; x_wconf 83' lang='lat' dir='ltr'><strong>quia</strong></span> <span class='ocrx_word' id='word_1_900' title='bbox 2589 5198 2838 5254; x_wconf 86' lang='lat' dir='ltr'><strong>Dominus</strong></span> <span class='ocrx_word' id='word_1_901' title='bbox 2879 5206 2954 5251; x_wconf 89' lang='lat' dir='ltr'><strong>est</strong></span> <span class='ocrx_word' id='word_1_902' title='bbox 2981 5196 3132 5252; x_wconf 74' lang='lat' dir='ltr'><strong>Iesus</strong></span> <span class='ocrx_word' id='word_1_903' title='bbox 3153 5193 3399 5252; x_wconf 64' lang='lat' dir='ltr'><strong>.Christus</strong></span> <span class='ocrx_word' id='word_1_904' title='bbox 3425 5191 3643 5264; x_wconf 85' lang='lat' dir='ltr'><strong>[Baluz.</strong></span> <span class='ocrx_word' id='word_1_905' title='bbox 3677 5189 3810 5254; x_wconf 82' lang='lat' dir='ltr'><strong>add.</strong></span> 
     </span>
    </p>
   </div>
   <div class='ocr_carea' id='block_1_122' title="bbox 2221 5282 3814 5362">
    <p class='ocr_par' dir='ltr' id='par_1_122' title="bbox 2221 5282 3814 5362">
     <span class='ocr_line' id='line_1_123' title="bbox 2221 5282 3814 5362; baseline -0.007 -17"><span class='ocrx_word' id='word_1_906' title='bbox 2221 5291 2278 5345; x_wconf 89' lang='lat' dir='ltr'><strong>in</strong></span> <span class='ocrx_word' id='word_1_907' title='bbox 2309 5290 2476 5362; x_wconf 87' lang='lat' dir='ltr'><strong>gloria</strong></span> <span class='ocrx_word' id='word_1_908' title='bbox 2498 5287 2596 5342; x_wconf 89' lang='lat' dir='ltr'><strong>Dei</strong></span> <span class='ocrx_word' id='word_1_909' title='bbox 2615 5285 2839 5358; x_wconf 84' lang='lat' dir='ltr'><strong>Patris].</strong></span> <span class='ocrx_word' id='word_1_910' title='bbox 2871 5285 3093 5357; x_wconf 88' lang='lat' dir='ltr'><strong>Propter</strong></span> <span class='ocrx_word' id='word_1_911' title='bbox 3130 5283 3276 5338; x_wconf 87' lang='lat' dir='ltr'><strong>illum</strong></span> <span class='ocrx_word' id='word_1_912' title='bbox 3309 5284 3396 5355; x_wconf 87' lang='lat' dir='ltr'><strong>qui</strong></span> <span class='ocrx_word' id='word_1_913' title='bbox 3419 5282 3664 5353; x_wconf 85' lang='lat' dir='ltr'><strong>portauit,</strong></span> <span class='ocrx_word' id='word_1_914' title='bbox 3689 5296 3814 5335; x_wconf 80' lang='lat' dir='ltr'><strong>eum</strong></span> 
     </span>
    </p>
   </div>
   <div class='ocr_carea' id='block_1_123' title="bbox 2225 5376 3813 5458">
    <p class='ocr_par' dir='ltr' id='par_1_123' title="bbox 2225 5376 3813 5458">
     <span class='ocr_line' id='line_1_124' title="bbox 2225 5376 3813 5458; baseline -0.008 -19"><span class='ocrx_word' id='word_1_915' title='bbox 2225 5386 2312 5458; x_wconf 88' lang='lat' dir='ltr'><strong>qui</strong></span> <span class='ocrx_word' id='word_1_916' title='bbox 2340 5390 2574 5455; x_wconf 88' lang='lat' dir='ltr'><strong>portatus</strong></span> <span class='ocrx_word' id='word_1_917' title='bbox 2601 5389 2697 5448; x_wconf 88' lang='lat' dir='ltr'><strong>est,</strong></span> <span class='ocrx_word' id='word_1_918' title='bbox 2721 5380 2864 5445; x_wconf 86' lang='lat' dir='ltr'><strong>colo;</strong></span> <span class='ocrx_word' id='word_1_919' title='bbox 2888 5387 3097 5451; x_wconf 81' lang='lat' dir='ltr'><strong>prOpter</strong></span> <span class='ocrx_word' id='word_1_920' title='bbox 3117 5376 3440 5441; x_wconf 79' lang='lat' dir='ltr'><strong>inuisibilem,</strong></span> <span class='ocrx_word' id='word_1_921' title='bbox 3472 5390 3683 5428; x_wconf 70' lang='lat' dir='ltr'><strong>veneror</strong></span> <span class='ocrx_word' id='word_1_922' title='bbox 3707 5390 3813 5444; x_wconf 83' lang='lat' dir='ltr'><strong>ap-</strong></span> 
     </span>
    </p>
   </div>
   <div class='ocr_carea' id='block_1_124' title="bbox 2223 5465 3818 5550">
    <p class='ocr_par' dir='ltr' id='par_1_124' title="bbox 2223 5465 3818 5550">
     <span class='ocr_line' id='line_1_125' title="bbox 2223 5465 3818 5550; baseline -0.009 -17"><span class='ocrx_word' id='word_1_923' title='bbox 2223 5484 2518 5550; x_wconf 84' lang='lat' dir='ltr'><strong>parentem;</strong></span> <span class='ocrx_word' id='word_1_924' title='bbox 2547 5489 2823 5546; x_wconf 89' lang='lat' dir='ltr'><strong>numquam</strong></span> <span class='ocrx_word' id='word_1_925' title='bbox 2851 5471 2914 5525; x_wconf 89' lang='lat' dir='ltr'><strong>ab</strong></span> <span class='ocrx_word' id='word_1_926' title='bbox 2942 5487 3001 5525; x_wconf 84' lang='lat' dir='ltr'><strong>eo</strong></span> <span class='ocrx_word' id='word_1_927' title='bbox 3038 5471 3125 5541; x_wconf 88' lang='lat' dir='ltr'><strong>qui</strong></span> <span class='ocrx_word' id='word_1_928' title='bbox 3151 5475 3384 5540; x_wconf 88' lang='lat' dir='ltr'><strong>apparet,</strong></span> <span class='ocrx_word' id='word_1_929' title='bbox 3418 5465 3562 5520; x_wconf 84' lang='lat' dir='ltr'><strong>Deus</strong></span> <span class='ocrx_word' id='word_1_930' title='bbox 3592 5481 3818 5536; x_wconf 74' lang='lat' dir='ltr'><strong>separa.-</strong></span> 
     </span>
    </p>
   </div>
   <div class='ocr_carea' id='block_1_125' title="bbox 2213 5560 3811 5642">
    <p class='ocr_par' dir='ltr' id='par_1_125' title="bbox 2213 5560 3811 5642">
     <span class='ocr_line' id='line_1_126' title="bbox 2213 5560 3811 5642; baseline -0.009 -16"><span class='ocrx_word' id='word_1_931' title='bbox 2213 5580 2308 5626; x_wconf 67' lang='grc' dir='ltr'><strong>ων</strong></span> <span class='ocrx_word' id='word_1_932' title='bbox 2345 5588 2364 5625; x_wconf 90' lang='lat'><strong><em>:</em></strong></span> <span class='ocrx_word' id='word_1_933' title='bbox 2401 5570 2517 5625; x_wconf 85' lang='lat' dir='ltr'><strong>ideo</strong></span> <span class='ocrx_word' id='word_1_934' title='bbox 2543 5583 2636 5624; x_wconf 81' lang='lat' dir='ltr'><strong>nec</strong></span> <span class='ocrx_word' id='word_1_935' title='bbox 2663 5583 2758 5642; x_wconf 80' lang='lat' dir='ltr'><strong>ego</strong></span> <span class='ocrx_word' id='word_1_936' title='bbox 2795 5566 3038 5622; x_wconf 79' lang='lat' dir='ltr'><strong>honorem</strong></span> <span class='ocrx_word' id='word_1_937' title='bbox 3073 5577 3277 5634; x_wconf 78' lang='lat' dir='ltr'><strong>separo.</strong></span> <span class='ocrx_word' id='word_1_938' title='bbox 3322 5560 3524 5630; x_wconf 80' lang='lat' dir='ltr'><strong>Separo</strong></span> <span class='ocrx_word' id='word_1_939' title='bbox 3563 5566 3811 5623; x_wconf 81' lang='lat' dir='ltr'><strong>naturas,</strong></span> 
     </span>
    </p>
   </div>
   <div class='ocr_carea' id='block_1_126' title="bbox 2222 5654 3818 5736">
    <p class='ocr_par' dir='ltr' id='par_1_126' title="bbox 2222 5654 3818 5736">
     <span class='ocr_line' id='line_1_127' title="bbox 2222 5654 3818 5736; baseline -0.009 -15"><span class='ocrx_word' id='word_1_940' title='bbox 2222 5667 2315 5721; x_wconf 86' lang='lat' dir='ltr'><strong>sed</strong></span> <span class='ocrx_word' id='word_1_941' title='bbox 2331 5682 2490 5720; x_wconf 87' lang='lat' dir='ltr'><strong>unam</strong></span> <span class='ocrx_word' id='word_1_942' title='bbox 2510 5665 2646 5736; x_wconf 78' lang='lat' dir='ltr'><strong>facio</strong></span> <span class='ocrx_word' id='word_1_943' title='bbox 2668 5661 3061 5718; x_wconf 84' lang='lat' dir='ltr'><strong>venerationem.</strong></span> <span class='ocrx_word' id='word_1_944' title='bbox 3087 5654 3158 5712; x_wconf 80' lang='lat' dir='ltr'><strong>Et</strong></span> <span class='ocrx_word' id='word_1_945' title='bbox 3184 5671 3372 5712; x_wconf 89' lang='lat' dir='ltr'><strong>rursus</strong></span> <span class='ocrx_word' id='word_1_946' title='bbox 3392 5655 3448 5710; x_wconf 92' lang='lat' dir='ltr'><strong>in</strong></span> <span class='ocrx_word' id='word_1_947' title='bbox 3469 5654 3578 5709; x_wconf 87' lang='lat' dir='ltr'><strong>alio</strong></span> <span class='ocrx_word' id='word_1_948' title='bbox 3607 5658 3818 5708; x_wconf 83' lang='lat' dir='ltr'><strong>tracta-</strong></span> 
     </span>
    </p>
   </div>
   <div class='ocr_carea' id='block_1_127' title="bbox 2222 5746 3826 5826">
    <p class='ocr_par' dir='ltr' id='par_1_127' title="bbox 2222 5746 3826 5826">
     <span class='ocr_line' id='line_1_128' title="bbox 2222 5746 3826 5826; baseline -0.009 -7"><span class='ocrx_word' id='word_1_949' title='bbox 2222 5766 2283 5819; x_wconf 83' lang='lat' dir='ltr'><strong>tu</strong></span> <span class='ocrx_word' id='word_1_950' title='bbox 2303 5758 2494 5824; x_wconf 84' lang='lat' dir='ltr'><strong>(Serm.</strong></span> <span class='ocrx_word' id='word_1_951' title='bbox 2527 5756 2588 5823; x_wconf 75' lang='grc'><strong>2,</strong></span> <span class='ocrx_word' id='word_1_952' title='bbox 2623 5756 2679 5812; x_wconf 83' lang='lat' dir='ltr'><strong>in</strong></span> <span class='ocrx_word' id='word_1_953' title='bbox 2707 5753 2838 5826; x_wconf 73' lang='lat' dir='ltr'><strong>ﬁne)</strong></span> <span class='ocrx_word' id='word_1_954' title='bbox 2865 5771 2879 5810; x_wconf 83' lang='lat'><strong>:</strong></span> <span class='ocrx_word' id='word_1_955' title='bbox 2905 5750 3010 5820; x_wconf 77' lang='lat' dir='ltr'><strong>Dic</strong></span> <span class='ocrx_word' id='word_1_956' title='bbox 3043 5767 3179 5820; x_wconf 71' lang='lat' dir='ltr'><strong>om,</strong></span> <span class='ocrx_word' id='word_1_957' title='bbox 3225 5749 3312 5822; x_wconf 74' lang='lat' dir='ltr'><strong>qui</strong></span> <span class='ocrx_word' id='word_1_958' title='bbox 3339 5747 3655 5819; x_wconf 79' lang='lat' dir='ltr'><strong>assumpsit,</strong></span> <span class='ocrx_word' id='word_1_959' title='bbox 3687 5746 3826 5818; x_wconf 70' lang='lat' dir='ltr'><strong>quia</strong></span> 
     </span>
    </p>
   </div>
   <div class='ocr_carea' id='block_1_128' title="bbox 2371 5877 2570 5893">
    <p class='ocr_par' dir='ltr' id='par_1_128' title="bbox 2371 5877 2570 5893">
     <span class='ocr_line' id='line_1_129' title="bbox 2371 5877 2570 5893; baseline 0.005 -1"><span class='ocrx_word' id='word_1_960' title='bbox 2371 5877 2495 5892; x_wconf 52' lang='grc' dir='ltr'><strong>νιν-ρ·</strong></span> <span class='ocrx_word' id='word_1_961' title='bbox 2519 5885 2526 5892; x_wconf 68' lang='grc' dir='ltr'>ι</span> <span class='ocrx_word' id='word_1_962' title='bbox 2547 5885 2570 5893; x_wconf 50' lang='grc' dir='ltr'><strong>ς.</strong></span> 
     </span>
    </p>
   </div>
  </div>
