3924 6282
154 342 252 404 9η

865 342 926 403 S.
965 340 1242 404 C’lBlLLl
1277 341 1707 402 APOLOGETIC

1828 340 2195 402 Αυνεκευδ
2226 338 2677 404 ωιεκηιεε.

3302 351 3407 413 M2

154 464 290 521 Deus
337 469 441 528 est;
482 463 564 516 dic
611 477 726 517 eum
761 460 847 534 qui
887 467 1177 531 assumptus
1223 468 1332 523 est,
1366 461 1485 532 quia
1528 474 1719 513 servus.
1748 456 2158 527 Aunigenitum
2185 456 2281 513 Dei
2307 456 2544 513 Verbum
2583 478 2595 512 :
2637 473 2825 514 verum
2870 458 3010 517 scire
3057 461 3111 518 id
3145 464 3220 521 ita
3262 481 3402 538 esse,

151 555 295 610 Adde
321 554 697 628 conjunctionis
739 552 923 608 deinde
968 554 1296 625 dignitatem,
1338 553 1457 624 quia
1505 551 1723 606 duorum

151 651 431 704 auctoritas
469 649 753 704 communis
789 656 892 713 est;
933 648 1053 719 quia
1092 647 1307 701 duorum
1347 645 1525 700 eadem
1553 644 1723 716 digni-

151 751 248 810 tas,
281 741 605 797 manentibus
631 743 850 809 naturis,
882 742 1127 811 conﬁtere
1154 739 1424 811 dignitatis
1451 740 1716 792 unitatem.

222 835 381 892 Vides
408 851 532 889 eum
574 843 791 889 naturas
836 834 1033 903 ubique
1070 847 1351 903 separare;
1393 847 1555 886 unam
1591 848 1721 889 vero

143 932 339 997 facere,
389 938 449 983 ut
495 930 611 1001 ipse
658 929 751 996 ait,
800 928 1200 985 venerationem
1222 967 1235 992 ,
1285 932 1340 981 et
1382 941 1719 981 communem

142 1023 517 1078 auctoritatem
537 1020 732 1085 dicere,
759 1028 813 1077 et
832 1022 1005 1084 solam
1024 1019 1295 1088 dignitatis
1314 1020 1544 1080 ἔνήτητα.
1564 1016 1723 1087 Quid-

140 1113 269 1184 quid
296 1121 479 1169 autem
504 1128 789 1169 commune
815 1121 915 1181 est,
947 1128 1057 1168 non
1085 1112 1177 1167 uni
1204 1119 1382 1182 potest
1410 1126 1531 1167 esse
1565 1127 1717 1167 com-

132 1219 332 1273 mune,
366 1206 461 1265 sed
489 1204 574 1261 vel
600 1204 808 1261 duobus
835 1213 1011 1270 certe,
1042 1205 1129 1259 vel
1155 1203 1395 1275 pluribus
1430 1204 1718 1273 separatim

135 1302 188 1351 et
219 1296 445 1351 seorsim
474 1295 849 1367 intelligendis.
882 1294 988 1351 Pro
1016 1309 1120 1369 qua
1150 1295 1310 1362 igitur
1335 1309 1495 1350 causa
1533 1294 1715 1349 crimi-

133 1386 250 1442 nati
276 1395 400 1443 sunt
438 1403 760 1459 sermonem,
789 1401 897 1461 quo
918 1385 1125 1459 [Baluz.
1164 1382 1309 1458 quia]
1340 1385 1453 1440 haec
1491 1385 1716 1440 anathe-

133 1479 481 1535 matizamus?
503 1478 657 1551 Quod
684 1487 891 1551 tantum
919 1478 1122 1535 crimen
1149 1476 1475 1544 admisimus,
1515 1476 1559 1533 si
1591 1492 1718 1547 pro-

130 1572 273 1629 fanis
302 1581 357 1629 et
385 1574 541 1630 novis
558 1573 792 1631 Nestorii
816 1572 1008 1631 fabulis
1035 1572 1252 1645 pietatis
1272 1571 1520 1641 dogmata
1542 1587 1714 1642 oppo-

130 1670 361 1731 nentes,
417 1663 660 1727 tuitionis
707 1664 933 1737 fratrum
989 1670 1384 1741 competentem
1428 1662 1714 1723 habuimus

127 1754 434 1811 rationem?

1824 562 1934 604 non
1961 556 2045 605 est
2071 548 2307 605 dividere
2332 559 2550 606 naturas
2573 558 2697 621 post
2716 552 2996 607 unitatem.

1892 669 2122 752 l‘laturas
2150 688 2245 727 seu
2272 675 2447 752 φύρας
2475 674 2656 752 posuit
2696 690 2795 752 pro
2820 676 3222 752 hypostasibus,
3257 686 3402 752 quod

1821 742 2040 820 curiose
2061 742 2602 820 observandmnised
2626 742 3065 820 nominee—deam,-
3098 742 3241 805 aliud
3268 742 3401 813 nihil

1821 811 2089 894 intelligit,
2120 829 2280 882 quam
2317 816 2461 894 quod
2490 815 2544 869 in
2574 817 2771 894 scholis
2938 828 3143 894 naturai
3182 811 3401 894 dicitur,
3460 834 3463 837 ’

1821 885 2236 961 opponiturqtie,
2268 887 2524 961 ut_aiunt,
2560 888 2668 943 enti
2699 889 2909 955 morali,
2941 899 3033 961 aut
3068 893 3231 949 etiam
3258 885 3401 961 aeni-'-

1816 951 1984 1030 denti.
2018 951 2195 1030 Quare
2216 956 2627 1030 vox‘istaoedatc,
2659 968 2817 1028 prout
2845 951 2909 1015 ei
2935 958 3196 1030 adjunctis
3219 951 3397 1021 deter-

1820 1024 2186 1104 minatur,__i_ta
2216 1026 2391 1104 varias
2416 1024 2832 1104 significationes
2860 1024 3098 1097 sortitur,
3138 1044 3298 1104 atque
3324 1039 3398 1094 ita

1820 1094 1959 1178 apud
1980 1091 2234 1178 erinpm
2259 1096 2406 1178 sum
2426 1091 2516 1154 τᾱῡ
2542 1100 2688 1178 λόγῳ
2711 1100 2939 1170 idipsum
2960 1110 3041 1157 est
3061 1091 3401 1178 quod-hypo;

1814 1170 1976 1243 stasis
2006 1170 2190 1231 Verbi;
2221 1170 2567 1243 centra‘vero
2588 1170 2741 1243 φύσις
2767 1178 2858 1229 τοῦ
2900 1181 3026 1231 Θεοῦ
3052 1170 3134 1231 est
3158 1170 3399 1237 conititu-

1814 1235 1902 1321 πύξ
1930 1250 2281 1321 personarum
2321 1235 2817 1321 divinitas,'pariter
2845 1243 2897 1321 in
2939 1244 3212 1321 humanis;
3245 1235 3398 1321 φύάις

1816 1312 1904 1386 eoi)
1934 1307 2170 1387 ιυριῇλον
2196 1309 2411 1381 propria
2451 1307 2634 1436 utique
2672 1322 2753 1367 est
2794 1312 2976 1387 ipsius,
3007 1322 3065 1367 ut
3086 1307 3395 1387 loquuntur,

1818 1377 2184 1436 Singillantas;
2216 1381 2367 1436 φύσις
2395 1387 2482 1436 τοῦ
2561 1384 2784 1436 νθοώπου
2830 1392 2911 1436 est
2940 1392 3127 1436 natura
3153 1402 3395 1436 cmnmn-

1818 1377 2367 1459 singularitasjeoaic
2395 1387 2482 1438 τοῦ
2526 1377 2784 1459 ἇνθρώπου
2813 1377 2911 1438 ἐει
2940 1377 3128 1441 natura
3153 1377 3395 1444 comma-3

1818 1454 1923 1513 nis,
1944 1454 2048 1502 etc.

1889 1562 2089 1621 Verum
2117 1564 2161 1620 si
2180 1566 2300 1637 quis
2327 1566 2457 1621 velit
2478 1567 2584 1641 vim
2611 1570 2852 1641 mysterii
2882 1572 3173 1641 perspicaci
3197 1575 3396 1631 mentis

1816 1654 1974 1712 oculo
2004 1655 2218 1725 intueri,
2249 1665 2304 1713 et
2333 1656 2539 1732 [Baluz.
2565 1658 2653 1732 ex]
2686 1676 2753 1718 eo
2781 1661 2897 1733 ipso
2928 1661 3083 1719 facile
3108 1666 3394 1736 intelligat,

1815 1748 1960 1819 quod
1986 1764 2016 1803 a
2044 1750 2307 1825 principio
2354 1751 2603 1821 diximus,
2652 1755 2776 1841 quia
2816 1771 2923 1811 non
2960 1772 3112 1812 suam
3150 1768 3395 1815 naturam

196 1843 308 1901 Sed
329 1846 583 1919 quoniam
611 1846 761 1911 aiunt
786 1863 875 1909 me
900 1847 1036 1911 meis
1062 1846 1333 1905 adversari
1354 1846 1707 1915 sermonibus,
1741 1847 1790 1909 Β
1815 1841 2170 1911 apprehendit
2197 1842 2339 1900 Deus
2362 1843 2618 1912 Verbum,
2641 1845 2847 1919 [Baluz.
2893 1848 3018 1902 add.
3050 1848 3166 1921 sed]
3209 1865 3396 1925 semen

126 1940 182 1991 et
217 1935 285 1989 ad
325 1935 701 2007 probationem
728 1938 949 2013 hujusce
984 1938 1064 1997 rei
1089 1938 1319 1995 recitant
1346 1946 1553 2011 partem
1592 1940 1710 2010 epi-

126 2025 286 2083 Stolre
331 2042 484 2098 meae,
532 2043 651 2099 quae
689 2038 770 2085 est
797 2030 867 2087 ad
902 2038 1118 2086 sanctos
1156 2031 1451 2085 monachos
1478 2031 1707 2105 scripta;

124 2114 320 2173 decere
346 2118 675 2192 existimavi,
708 2119 776 2176 ad
802 2121 907 2177 hoc
932 2136 1146 2193 quoque
1173 2120 1351 2176 verbis
1376 2136 1463 2175 me
1488 2136 1709 2191 compe-

124 2210 364 2269 tentibus
391 2211 753 2285 respondere:
780 2213 932 2270 aiunt
957 2213 1099 2269 enim
1127 2213 1260 2268 duas
1296 2220 1351 2267 et
1376 2228 1465 2267 me
1510 2212 1710 2273 dixisse

118 2301 482 2371 substantias,
516 2306 699 2361 ethoc
725 2306 825 2362 sibi
856 2305 924 2363 ad
949 2307 1320 2379 probationem
1350 2302 1594 2363 suiiicere
1622 2322 1710 2362 ar-

121 2392 413 2452 bitrantur.
439 2393 621 2453 Posita
659 2398 820 2473 igitur
855 2405 1011 2471 parte
1046 2399 1305 2470 epistolae,
1334 2398 1561 2455 inferam
1582 2415 1711 2455 mox

118 2500 210 2553 ea,
255 2488 448 2559 quibus
492 2489 780 2549 mendaces
825 2490 1025 2561 ubique
1069 2497 1126 2545 et
1169 2489 1443 2561 vaniloqui
1489 2490 1711 2547 convin.

116 2586 339 2637 cantur.

200 2663 446 2737 Epistula
470 2685 484 2722 :
514 2667 659 2741 Ergo
686 2679 931 2745 quantum
960 2672 1208 2743 pertinuit
1237 2671 1306 2725 ad
1328 2673 1592 2747 proprium
1614 2691 1711 2731 no-

114 2766 319 2824 turam,
352 2777 456 2815 non
486 2758 868 2834 sanctiﬁcatum
906 2772 984 2818 est
1020 2763 1187 2818 solum
1215 2765 1382 2837 ipsum
1410 2781 1501 2837 per
1527 2782 1582 2820 se
1611 2764 1711 2821 Dei

123 2847 380 2917 Verbum;
408 2853 489 2906 sin
516 2871 631 2909 vero
651 2862 749 2923 est,
767 2856 852 2926 qui
873 2856 1129 2911 existimet
1150 2873 1264 2911 eum
1284 2858 1368 2929 qui
1382 2866 1459 2911 est
1474 2865 1625 2925 natus
1646 2875 1711 2915 ea:

115 2950 313 3005 salicta
350 2942 580 3021 Virgine,
605 2957 814 3013 unctum
843 2948 1022 3018 fuisse,
1057 2955 1107 3003 et
1134 2948 1515 3019 sanctiﬁcatum
1543 2950 1708 3007 solum

113 3035 292 3107 ipsum
310 3053 402 3109 per
430 3053 510 3104 se,
541 3047 911 3111 proptereaque
934 3036 1201 3095 Christum
1225 3056 1338 3099 esse
1363 3042 1702 3111 nominatum,

110 3124 367 3205 procedat
393 3128 447 3180 in
474 3128 714 3197 medium,
747 3137 796 3182 et
816 3128 1011 3202 probet,
1043 3130 1177 3202 quod
1204 3131 1378 3185 unctio
1406 3131 1519 3185 sola
1559 3133 1704 3205 suﬁi-

1814 1931 2072 1999 Abrahm;
2106 1943 2132 1972 ι
2161 1949 2269 2007 quo
2308 1942 2520 2011 sumpto
2561 1951 2629 1991 ex
2665 1937 2824 1992 beata
2852 1937 3091 2008 Virgine,
3133 1943 3396 2010 processit

1812 2014 1996 2090 homo,
2027 2032 2085 2078 ut
2114 2023 2366 2081 fratribus
2387 2027 2793 2095 assimilaretur,
2820 2039 2876 2084 et
2903 2012 3265 2101 appellaretur
3284 2034 3395 2102 pri-

1811 2114 2147 2187 mogenitus,
2189 2116 2281 2191 qui
2318 2123 2403 2172 est
2428 2118 2750 2191 unigenitus.
2781 2118 2888 2174 Sed
2934 2121 3148 2176 tametsi
3175 2121 3396 2178 alterius

1809 2215 2016 2263 naturae
2056 2210 2125 2264 sit
2152 2224 2367 2282 corpus,
2407 2219 2602 2285 praeter
2630 2211 2865 2268 Verbum
2894 2212 2989 2267 Dei
3028 2213 3220 2281 Patris,
3253 2222 3393 2271 atta-

1810 2313 1935 2359 men
1958 2306 2040 2354 est
2069 2317 2227 2365 unus,
2251 2308 2306 2356 et
2338 2299 2602 2370 Christus,
2634 2310 2687 2358 et
2715 2302 2900 2369 Filius,
2940 2313 2995 2359 et
3019 2305 3180 2372 Deus,
3204 2314 3258 2361 et
3281 2306 3393 2363 Do.

1811 2390 2008 2459 minus,
2032 2392 2156 2447 licet
2183 2393 2356 2450 factus
2376 2395 2444 2450 sit
2465 2410 2620 2461 caro;
2652 2402 2708 2449 et
2732 2411 2873 2451 verae
2893 2398 3110 2453 unitatis
3128 2399 3393 2456 rationem

1808 2481 2135 2539 labefactare
2174 2485 2535 2557 periculosum
2583 2495 2685 2555 est,
2733 2496 2789 2543 et
2836 2503 3119 2544 secernere
3160 2490 3217 2545 in
3260 2490 3394 2547 duos

1811 2575 1952 2635 ﬁlios
1981 2577 2184 2652 [Baluz.
2213 2580 2267 2633 in
2295 2579 2428 2635 duas
2456 2578 2658 2653 partes]
2688 2582 3043 2651 substantias,
3085 2591 3139 2639 et
3178 2598 3270 2639 eas
3308 2584 3394 2640 di-

1811 2684 1997 2727 versas
2023 2669 2240 2742 quidem
2268 2686 2388 2727 esse
2408 2671 2587 2727 dicere
2610 2673 2752 2729 inter
2777 2689 2856 2743 se,
2879 2681 2934 2729 et
2960 2682 3236 2745 separatas
3261 2666 3393 2746 pro-

1810 2762 2043 2851 prietate
2083 2780 2177 2820 sua
2201 2804 2216 2835 ,
2270 2765 2442 2820 solam
2489 2772 2670 2823 autem
2712 2756 2913 2824 habere
2960 2767 3395 2839 conjunctionem

1813 2857 2170 2925 extrinsecus,
2199 2863 2253 2914 et
2280 2859 2645 2915 honorariam.

1883 2948 1941 3007 Si
1964 2963 2091 3005 vero
2108 2948 2347 3005 dicamus
2371 2951 2671 3008 naturalem
2699 2950 2893 3018 ἕνωσιν,
2915 2965 3100 3008 veram
3124 2952 3392 3027 dicemus;

1809 3041 2043 3111 maxime
2070 3057 2192 3098 cum
2219 3041 2395 3098 divina
2426 3040 2699 3116 Scriptura
2726 3045 2831 3100 hac
2865 3044 3098 3101 dictione
3136 3053 3248 3100 tam
3284 3044 3395 3103 fre-

1809 3139 2039 3217 quenter
2059 3142 2260 3190 utatur.
2284 3133 2481 3190 Scribit
2505 3134 2699 3193 alicubi
2722 3136 2913 3192 beatus
2930 3134 3130 3195 Paulus
3153 3155 3166 3192 :
3192 3136 3265 3193 Et
3283 3154 3396 3194 era-

113 3216 254 3282 ciat,
283 3234 415 3283 eum,
441 3219 526 3288 qui
552 3220 779 3290 ungitur,
816 3219 1082 3275 declarare
1110 3219 1291 3292 gloria:
1322 3220 1499 3277 Patris
1526 3226 1702 3279 consi-
1730 3225 1777 3291 C
1804 3242 1918 3283 mus
1954 3234 2146 3301 neutra
2170 3228 2272 3301 ﬁlii
2299 3229 2422 3297 irin,
2456 3230 2588 3284 sicut
2617 3230 2789 3284 cateri
2815 3228 2982 3311 (Eph.
3008 3246 3073 3297 ιι,
3103 3230 3189 3301 5).
3220 3229 3392 3286 Nemo

113 3306 315 3373 mitem,
338 3308 659 3382 ejusdemque
679 3310 816 3366 sedis
842 3329 953 3367 esse
979 3328 1095 3367 cum
1113 3311 1245 3379 Deo,
1267 3315 1352 3386 qui
1372 3322 1450 3370 est
1469 3315 1705 3373 omnibus

112 3399 447 3454 eminentior.

111 3511 118 3536 ε
183 3489 329 3549 Nam
353 3492 479 3561 quia
506 3492 606 3561 ,Dei
647 3493 883 3567 Verbum
908 3497 1134 3557 seorsim
1174 3500 1510 3573 nomian
1546 3502 1706 3571 Chri-

104 3590 285 3650 stum,
314 3582 591 3643 Nestorius
618 3602 879 3659 novarum
904 3589 1360 3663 blasphemiarum
1390 3595 1547 3657 nobis
1568 3595 1702 3668 [Ba-

110 3674 215 3741 tua.
244 3676 443 3749 novus]
470 3679 719 3751 inventor
733 3680 995 3750 afﬁrmat;
1027 3684 1255 3742 seorsim
1276 3694 1455 3743 autem
1475 3695 1531 3755 et
1548 3703 1705 3761 sepa-

110 3770 283 3831 ratim
304 3769 576 3837 Christum
600 3773 785 3847 alium,
808 3774 908 3844 qui
929 3783 1013 3833 est
1031 3784 1194 3835 natus
1220 3791 1287 3837 ex
1317 3777 1536 3850 Virgine
1556 3798 1575 3832 ;
1601 3795 1702 3839 nos

110 3859 426 3931 huiusmodi
450 3864 617 3935 ipsius
636 3865 967 3936 opinionem,
1297 3870 1475 3931 minus
1495 3880 1698 3945 aptam,

113 3961 169 4009 et
196 3954 580 4029 incongruam,
619 3965 676 4015 et
711 3965 865 4023 extra
894 3961 1151 4027 terminos
1172 3962 1411 4033 positam
1436 3964 1699 4032 veritatis,

114 4044 510 4114 vituperamus;
560 4056 616 4107 et
658 4064 835 4127 neque
889 4051 987 4107 Dei
1025 4050 1199 4111 Patris
1244 4053 1479 4125 Verbum
1526 4056 1703 4115 solum

113 4135 297 4206 ipsum
334 4153 433 4208 per
458 4154 518 4197 se
560 4149 618 4201 et
907 4150 1127 4213 unctum
1170 4160 1292 4211 esse
1338 4146 1459 4215 oleo
1503 4147 1701 4209 laetitiae

114 4226 466 4297 animamus,
488 4246 668 4301 neque
690 4248 856 4303 porro
875 4235 1101 4299 seorsim
1124 4243 1186 4303 et
1210 4236 1388 4294 solum
1410 4236 1583 4308 ipsum
1601 4254 1699 4311 per

116 4332 173 4375 se
201 4318 412 4393 [Boiam
457 4323 581 4385 add.
626 4320 706 4394 ut]
733 4324 1025 4393 hominem,
1071 4334 1127 4389 et
1169 4326 1333 4384 alium
1360 4342 1478 4384 esse
1504 4328 1698 4387 Filium

118 4405 356 4464 Verbum
406 4411 503 4466 Dei
546 4411 739 4480 Patris,
769 4421 965 4484 praeter
992 4415 1161 4482 illum,
1202 4416 1293 4484 qui
1338 4424 1421 4472 est
1448 4425 1605 4474 natus
1632 4434 1699 4475 ex

122 4500 354 4571 virgine;
386 4502 482 4559 sed
510 4520 674 4563 unum
700 4507 869 4575 magis
890 4504 1159 4563 Christum
1183 4516 1435 4580 oportere
1461 4508 1698 4567 afﬁrma-

1806 3323 1890 3375 est
1935 3324 2116 3383 autem
2143 3317 2237 3390 qui
2274 3317 2451 3387 dicat,
2490 3318 2629 3375 iram
2677 3319 2913 3379 divinam
2957 3329 3148 3374 natura
3189 3320 3394 3377 habere

1802 3408 2193 3485 substantiam,
2225 3409 2299 3467 ita
2344 3416 2404 3467 ut
2442 3410 2606 3466 etiam
2650 3410 2815 3481 ipsius
2862 3408 2956 3465 lilii
2999 3410 3247 3466 dicantur
3274 3425 3393 3469 esse

1804 3508 2119 3575 peccantes:
2139 3517 2263 3571 nam
2285 3502 2331 3560 si
2353 3501 2428 3556 ita
2448 3502 2758 3575 dixerimus,
2782 3502 2981 3575 erimus
3005 3516 3199 3573 nempe
3217 3502 3391 3559 Mani-

1800 3594 2078 3669 chaeorum
2117 3593 2287 3663 fiu'ori
2313 3593 2648 3667 consimiles;
2691 3592 2787 3650 sed
2808 3609 3043 3664 uarum,
3084 3593 3265 3667 posuit
3289 3609 3390 3666 pro

1802 3702 1871 3763 eo
1896 3686 2043 3761 quod
2072 3694 2174 3754 est,
2205 3701 2493 3743 VEMTATE.

1874 3778 2017 3855 Ergo
2044 3795 2153 3839 non
2191 3777 2579 3836 confundentes
2605 3787 2827 3834 naturas
2844 3819 2859 3848 ,
2887 3794 3014 3855 nec,
3041 3780 3392 3850 quemadmO-

1803 3871 1933 3929 dum
1975 3871 2269 3937 adversarii
2311 3878 2765 3937 commemorant,
2795 3858 2937 3926 inter
2963 3886 3021 3927 se
3049 3885 3141 3925 eas
3164 3870 3390 3925 commi-

1800 3970 2034 4031 scentes,
2082 3962 2383 4027 naturalem
2427 3961 2653 4017 dicimus
2697 3960 2871 4018 smn
2918 3962 3141 4027 factam;
3185 3960 3279 4015 sed
3318 3973 3388 4015 ex

1802 4052 2009 4115 duabus
2028 4053 2189 4109 rebus
2217 4052 2581 4118 dissimilibus,
2610 4050 2664 4105 id
2683 4058 2786 4117 est,
2809 4065 2876 4105 ex
2895 4050 3097 4105 deitate
3117 4058 3172 4105 et
3196 4049 3389 4105 huma-

1802 4142 1990 4208 nitate,
2017 4159 2180 4198 unum
2206 4142 2408 4199 factum
2429 4157 2548 4198 esse
2566 4140 2859 4207 Christum,
2885 4140 3099 4209 Filium,
3129 4148 3184 4196 et
3202 4139 3387 4195 Domi-

1802 4250 1951 4303 num,
1981 4234 2180 4306 ubique
2219 4232 2567 4290 aflirmamus.
2599 4232 2924 4305 Apollinaris
2964 4246 3095 4287 vero
3133 4230 3387 4300 dogmata

1800 4325 1935 4380 nulli
1963 4325 2183 4381 omnino
2224 4339 2366 4380 curae
2408 4323 2613 4398 [Baluz.
2657 4321 2853 4397 causae]
2894 4328 3018 4378 sunt
3059 4323 3243 4389 nobis;
3291 4336 3387 4379 eos

1802 4417 1999 4475 etenim
2017 4457 2033 4485 ,
2080 4418 2173 4487 qui
2222 4418 2390 4473 semel.
2441 4424 2716 4487 tamquam
2755 4415 2998 4481 veritatis
3040 4420 3387 4487 corruptores

1800 4492 2040 4564 damnati
2066 4515 2211 4573 sunt,
2243 4506 2495 4563 convenit
2522 4507 2778 4562 aversari.

120 4592 1399 4711 233313.2‘ff‘.‘33i“£i‘3‘3?fﬂ°i'£3¥?:ff
1425 4600 1700 4711 29????
1723 4599 1778 4662 θ
1874 4639 1958 4695 Ex
1983 4639 2210 4705 duabus.
2251 4646 2313 4695 ιιι
2350 4638 2665 4711 loquuntur.
2694 4639 2877 4711 specie
3288 4652 3385 4693 na-

121 4679 319 4743 factum
338 4684 669 4757 unigenitum
688 4685 785 4742 Dei
803 4685 1037 4742 Verbum
1056 4706 1067 4740 :
1092 4685 1242 4743 Unus
1261 4688 1403 4745 enim
1427 4688 1701 4757 Dominus,

122 4789 229 4826 una
254 4773 415 4845 ﬁdes,
445 4792 603 4843 unum
630 4776 887 4848 baptisma
910 4776 1083 4851 .(Eplt.
1128 4796 1200 4844 ιν,
1233 4777 1313 4851 5).
1360 4779 1500 4836 Nulli
1544 4781 1703 4852 igitur

121 4864 328 4921 volenti
364 4875 513 4931 recta
552 4869 755 4937 sent-ire
796 4869 1083 4937 obscurum
1111 4877 1193 4931 est
1212 4910 1227 4936 ,
1259 4870 1380 4929 illos
1408 4871 1704 4943 depravare

117 4971 331 5025 eorum,
375 4974 497 5031 quin
522 4976 556 5016 a
592 4977 681 5023 me
719 4971 844 5033 sunt
881 4963 1107 5035 scripta,
1138 4964 1489 5033 sententiam,
1532 4973 1588 5023 et
1613 4965 1702 5023 hic

90 5065 94 5069 ⁴
117 5063 336 5121 (lumine
363 5052 685 5113 calumniam
700 5053 878 5113 facere
896 5056 1129 5113 veritati.

186 5138 250 5194 1d
268 5149 449 5201 autem
473 5144 636 5213 etiam
656 5144 726 5213 ob
753 5145 912 5207 aliam
940 5152 1155 5203 causam
1179 5154 1389 5219 rectum
1417 5154 1519 5215 est,
1545 5155 1599 5206 et
1627 5149 1695 5206 ab

117 5234 270 5288 omni
293 5236 480 5305 procul
501 5237 890 5310 vituperatione
908 5247 1231 5299 summotum
1253 5260 1266 5296 :
1289 5242 1536 5307 novimus
1556 5242 1700 5297 enim

115 5325 387 5397 videlicet,
420 5332 557 5401 quia
603 5332 747 5393 aliud
780 5334 1038 5405 quiddam
1063 5334 1267 5408 [Batus
1300 5335 1407 5391 alia
1434 5333 1699 5409 quaedam]

118 5423 203 5469 est
224 5431 351 5474 caro
370 5422 699 5492 proprietate
717 5432 920 5479 natura:
939 5440 1047 5480 suae
1067 5432 1262 5495 praeter
1284 5424 1535 5499 Verbum,
1557 5423 1701 5499 quod

116 5513 203 5564 est
231 5517 418 5568 natum
448 5527 517 5570 ex
541 5511 729 5586 Patre;
760 5515 904 5572 aliud
932 5531 1095 5591 porro
1118 5515 1329 5575 ratione
1357 5523 1563 5572 naturae
1590 5530 1701 5571 sua:

1798 4712 1938 4789 turis
1960 4711 2103 4769 facta
2122 4720 2216 4789 est
2224 4725 2335 4789 una
2349 4707 2679 4789 hypostasis,
2697 4707 2939 4779 unusque
2957 4707 3218 4789 Christus,
3236 4721 3383 4789 unus

1802 4782 1986 4846 Filius,
2016 4798 2154 4839 unus
2182 4777 2461 4849 Dominus,
2480 4798 2636 4848 unus,
2665 4777 2902 4851 inquam,
2934 4777 3378 4851 substantialiter,

1802 4860 1858 4907 et
1903 4852 2012 4927 καθ’
2040 4853 2346 4927 ortionem,
2391 4866 2501 4909 non
2543 4867 2682 4907 unus
2728 4849 2936 4907 tantum
2977 4849 3275 4915 moraliter,
3327 4854 3383 4901 et

1801 4924 1934 4982 κατὰ
1954 4926 2164 4996 σχᾶσιν.

2203 5051 2676 5097 ΔΝΔΤΠΕΗΔΤῙΒΙΠΒ
2709 5049 2969 5100 QUARTUS.

1869 5145 1927 5219 Si
1942 5148 2060 5219 quis
2066 5150 2317 5221 personis
2331 5149 2555 5217 duabus,
2578 5148 2691 5205 sive
2705 5146 3035 5215 substantiis,
3056 5162 3239 5214 voces,
3261 5161 3381 5217 qua:

1799 5247 1924 5297 sunt
1951 5241 2007 5296 in
2034 5241 2354 5313 evangelicis
2373 5240 2460 5297 vel
2487 5238 2797 5312 apostolicis
2821 5240 3053 5311 scriptis,
3076 5238 3375 5311 dispertiat;

1800 5332 1884 5388 vel
1914 5348 2032 5405 quae
2058 5334 2126 5391 de
2151 5331 2364 5409 Christo
2409 5349 2442 5390 a
2478 5334 2676 5391 sanctis
2714 5332 2980 5403 dicuntur,
3025 5335 3112 5390 vel
3149 5349 3267 5405 qua:
3311 5335 3379 5390 ab

1801 5421 2009 5498 [Βαιςιι.
2040 5424 2127 5498 ex]
2157 5425 2275 5495 ipso
2299 5425 2366 5482 de
2394 5442 2453 5482 se
2481 5426 2620 5497 ipso,
2650 5433 2705 5481 et
2729 5425 2829 5481 has
2856 5427 3093 5497 quidem,
3116 5434 3176 5481 ut
3197 5426 3372 5482 homi-

1792 5515 1886 5586 'ni,
1917 5516 2008 5601 qui
2034 5525 2231 5590 praeter
2256 5518 2354 5574 Dei
2379 5517 2615 5576 Verbum
2640 5519 2869 5577 seorsim
2904 5519 3250 5590 intelligatur,
3279 5517 3376 5576 de-

1272 5626 1819 5693 CASTIGATIONES
1851 5624 1945 5703 Er
1978 5628 2211 5693 noras.

192 5726 221 5809 ξ
252 5718 439 5809 Βτξιιητζ
469 5725 615 5781 addit
640 5726 763 5784 hic:
794 5721 907 5782 Nec
929 5739 1047 5781 uero
1076 5731 1157 5781 est
1184 5720 1335 5780 verba
1364 5721 1462 5803 Dei
1484 5722 1539 5777 in
1569 5723 1707 5803 subst

1816 5723 1863 5783 ut
1877 5724 2051 5784 simile
2074 5735 2323 5809 sanetum
2338 5730 2717 5803 corpusng
2731 5736 2812 5787 est
2829 5746 2903 5788 ea:
2916 5729 3115 5789 “utine
3123 5728 3391 5797 nam;

114 5805 246 5862 pro,
276 5800 376 5849 etc.
400 5794 555 5851 Enn.
1183 5855 1197 5865 ,
1232 5862 1243 5877 δ
1262 5836 1271 5873 χ

2604 5865 2613 5874 ι
2644 5862 2683 5874 ,οι
2700 5860 2713 5872 ε
2768 5820 2837 5854 A
