3982 6278
523 383 632 441 9ιῖ

525 501 696 569 putet,
724 493 824 549 has
848 498 998 552 vero,
1029 489 1090 538 ut
1109 479 1333 543 divinas,
1357 472 1459 533 soli
1487 468 1600 526 Deo
1633 464 1842 530 Verbo;
1873 457 2099 517 anathe-

526 603 615 648 ma
640 587 728 646 sit.

919 700 1278 753 DEPRIBENSIO
1305 688 1712 738 HERETICORUI.

598 842 701 900 llic
727 849 937 912 quoque
961 833 1134 902 ipsum
1153 837 1373 880 suorum
1399 818 1708 884 dogmatum
1739 807 1989 865 convenit
2017 801 2110 857 ad-

527 895 770 998 sumi—er;
799 895 1077 995 iniquibus
1118 919 1193 972 ait
1232 911 1454 986 (Homil.
1495 908 1581 973 l7,
1612 900 1883 970 Paschal.)
1921 918 1933 951 :
1979 895 2112 951 Etsi

532 995 765 1084 audieris
785 1019 989 1094 [Baluz.
1032 1007 1304 1079 audierit],
1336 1003 1479 1075 quod
1518 996 1831 1071 proﬁciebat
1871 999 2030 1047 aetate
2058 995 2114 1044 et

531 1082 804 1190 sapientis;
826 1118 881 1167 et
903 1107 1093 1180 gratia,
1124 1120 1188 1158 ne
1210 1101 1440 1172 profectu
1465 1093 1672 1163 sapiens
1699 1087 1856 1158 {uisse
1885 1082 2035 1155 (Luc.
2053 1095 2110 1145 ιι,

532 1170 760 1279 Dei
797 1170 1019 1256 Verhum
1058 1170 1348 1267 putaveris;
1387 1183 1562 1241 sedne
1598 1177 1727 1233 illud
1748 1173 1950 1248 quidem
1973 1170 2113 1279 ausis

533 1259 731 1361 dicere,
765 1290 900 1366 quod
927 1259 1214 1360 profectum
1243 1277 1409 1334 astatis
1424 1314 1439 1340 ,
1462 1269 1729 1342 sapientia
1752 1272 1800 1319 et
1820 1263 2004 1335 gratia:
2025 1259 2116 1312 ho-

532 1391 662 1446 mini
703 1353 1041 1456 ass'ignemus;
1082 1374 1190 1432 Sed
1228 1371 1330 1428 etsi
1357 1374 1516 1435 neget
1554 1361 1844 1430 Scriptura:
1871 1353 2115 1408 testimo-

533 1483 704 1546 nium,
738 1440 970 1537 docens,
1001 1467 1148 1539 quod
1169 1464 1321 1534 juxta
1357 1455 1623 1514 visibilem
1652 1462 1871 1506 carnem
1906 1440 2118 1498 Domini

532 1535 808 1644 profectus
832 1535 1154 1626 fiebam—non
1181 1560 1263 1610 est
1297 1559 1476 1605 tamen
1517 1553 1728 1613 tempus
1755 1537 1918 1593 modo
1947 1535 2120 1604 ipsum

535 1624 878 1723 convincere,
896 1624 1052 1710 nobis
1075 1647 1144 1704 ad
1163 1642 1456 1716 capitulum
1477 1635 1812 1709 propositum
1829 1624 2124 1685 festinanti-

534 1759 636 1814 bus
659 1771 673 1810 :
699 1760 760 1808 ιιι
783 1718 926 1806 enim
948 1744 1259 1816 probemus,
1280 1737 1454 1806 ipsum
1482 1731 1614 1787 duas
1633 1723 1959 1782 substantias
1979 1718 2125 1773 dice-

536 1862 619 1914 re,
654 1851 710 1901 et
734 1815 1053 1907 sibimetipsi
1077 1842 1398 1904 repugnare,
1427 1821 1704 1895 posuimus
1745 1831 1810 1872 ea
1837 1826 1956 1882 qua:
1998 1815 2123 1863 ante

540 1936 698 1992 dixit.

612 2023 865 2083 Personis
893 2026 1076 2075 autem
1095 2012 1322 2076 duabus,
1349 2006 1437 2063 vel
1456 1999 1771 2060 substantiis
1791 1995 2018 2059 duabus,
2043 1992 2129 2047 vel

543 2121 754 2178 duobus
781 2113 987 2189 [Baluz.
1012 2125 1113 2164 om.
1137 2097 1368 2173 duobus]
1388 2097 1510 2153 filiis
1524 2135 1540 2163 ,
1571 2095 1913 2162 sejungentes
1931 2087 2129 2149 ἕνωσιν,

543 2213 660 2269 sive
679 2175 846 2265 unum
872 2203 1087 2266 Filium,
1114 2209 1278 2252 voces
1306 2199 1495 2262 aptare
1523 2202 1631 2242 non
1658 2179 1911 2239 convenit
1939 2197 1950 2230 :
1989 2175 2130 2231 indi-

545 2302 708 2360 vidua
722 2298 865 2355 enim
886 2302 942 2350 et
961 2285 1334 2362 inseparabilis
1353 2295 1560 2338 summa
1582 2278 1672 2332 illa
1694 2279 1894 2338 imm,
1915 2278 1970 2325 et
1998 2283 2135 2324 unus

549 2405 632 2456 est
658 2394 852 2457 Filius,
881 2387 1028 2445 omni
1057 2382 1296 2445 ratione,
1327 2385 1382 2432 et
1410 2372 1657 2428 omnibus
1684 2366 1877 2421 modis.
1910 2362 2136 2418 Servata

546 2488 711 2560 igitur
737 2452 963 2545 unilate,
998 2487 1212 2543 unoque
1235 2479 1289 2525 et
1316 2466 1453 2522 Filio
1492 2470 1547 2517 et
1572 2459 1788 2514 Christo
1827 2463 1882 2510 et
1907 2452 2137 2509 Domino

551 2546 942 2638 demonstrato,
971 2568 1066 2626 uni
1103 2564 1388 2632 eidemque
1430 2555 1587 2618 Filio,
1619 2568 1683 2607 ea
1710 2564 1829 2619 qua:
1867 2546 2137 2608 dicuntur,

551 2677 770 2746 oportet
789 2673 995 2738 aptare.
1010 2659 1131 2716 Non
1149 2653 1388 2712 dividere
1409 2657 1588 2704 autem
1603 2659 1766 2700 voces
1786 2639 2138 2706 evangelicas,

551 2729 642 2822 vel
667 2774 787 2834 quae
814 2729 882 2813 ab
909 2756 1025 2826 ipso
1053 2746 1281 2806 Domino
1308 2743 1376 2798 de
1404 2741 1580 2809 seipso
1607 2736 1875 2796 dicuntur,
1907 2729 1992 2783 vel
2025 2741 2142 2797 quae

552 2857 613 2914 in
639 2820 833 2912 liiteris
862 2820 1171 2918 apostolicis
1198 2835 1388 2910 positae
1409 2838 1535 2886 sunt
1562 2825 1759 2882 furoris
1786 2820 2016 2890 ingentis
2036 2824 2138 2872 est.

625 2943 763 3000 Nam
789 2941 836 2997 si
861 2950 1022 2994 voces
1060 2947 1170 2988 non
1198 2925 1524 2986 dividamus,
1553 2917 1748 2988 quibus
1776 2911 1946 2968 oculis
1974 2905 2142 2977 inspi-

556 3039 763 3098 ciamus
779 3027 1165 3090 Eunomianos,
1194 3021 1282 3077 vel
1313 3017 1561 3078 Arianos,
1590 3010 1683 3081 qui
1701 3005 1902 3071 omnia,
1924 3015 2042 3072 quae
2065 2999 2147 3055 di-

557 3137 775 3194 cuntur,
805 3125 861 3181 in
879 3133 1043 3178 unam
1070 3089 1246 3173 solent
1269 3107 1515 3166 conferre
1543 3108 1811 3163 naturam,
1834 3102 1888 3150 et
1919 3089 2148 3148 humiles

1021 366 1212 428 MAR“
1250 355 1693 424 MEBCATORIS
1729 343 2140 412 TRANSLATK

2249 342 2297 399 ιε
2337 335 2696 397 ιΑιιιοιιιιιι
2732 328 3260 392 ορυεουιοιιιιιι.

2129 458 2177 520 Α
2204 453 2251 510 si
2273 465 2434 508 voces
2462 451 2564 507 sint
2593 445 2908 505 individuus?
2934 442 3349 500 Ascribemusne
3371 452 3561 495 vocem
3589 447 3801 497 natura

3691 329 3800 387 ομ

2209 542 2391 600 Batus.
2425 537 2746 611 naturalem]
2774 538 2870 603 illi,
2901 550 3022 606 qua:
3050 532 3358 590 novissimis
3376 532 3716 601 temporibus
3731 546 3802 587 ex

2206 636 2412 694 semine
2440 633 2607 688 David
2626 624 2627 627 “
2649 630 2786 686 facta
2817 637 2930 696 est,
2958 627 3199 683 dicentes
3227 640 3421 695 nempe
3451 622 3660 696 [Baluz.
3691 641 3796 678 om.

2208 728 2449 784 dicentes
2476 721 2716 794 nempe],
2747 730 3032 791 antequam
3064 718 3333 774 Abraham
3359 723 3527 781 esset,
3550 723 3607 770 et
3629 714 3800 770 David

2209 825 2370 884 esset,
2393 817 2562 887 ipsam
2587 813 2770 878 fuisse,
2801 819 2856 866 et
2883 810 3062 866 omnia
3086 824 3182 879 per
3209 808 3379 877 ipsam
3407 805 3584 860 facta?

2281 913 2363 966 An
2393 908 2561 976 magis
2587 905 2804 977 pietatis
2831 903 3028 957 intuitu
3051 942 3066 968 ,
3110 899 3316 954 naturis
3361 895 3640 952 inconfuse
3683 909 3801 949 ma-

2212 1002 2462 1059 nentibus
2485 1040 2499 1066 ,
2550 1005 2605 1054 et
2645 997 2850 1052 unitate
2896 992 3141 1058 indivisa,
3163 1005 3328 1044 voces
3372 985 3671 1043 secundum
3696 984 3801 1040 vim

2213 1095 2620 1166 conjunctarum
2647 1099 2977 1153 naturarum,
3001 1085 3140 1140 sicut
3167 1097 3328 1153 supra
3355 1080 3557 1136 dictum
3586 1085 3690 1142 est,
3709 1078 3805 1130 im-

2212 1195 2480 1260 putemus,
2512 1184 2566 1238 in
2595 1195 2761 1237 unum
2781 1177 2967 1241 tilium,
3000 1183 3054 1230 et
3083 1173 3386 1236 Dominum,
3428 1176 3484 1225 et
3509 1167 3804 1230 Christum,

2216 1292 2325 1333 non
2354 1276 2407 1330 in
2436 1288 2598 1328 unam
2627 1278 2895 1331 naturam,
2927 1264 3110 1321 omnia
3136 1259 3508 1318 conferentes?
3536 1256 3628 1312 Sic
3657 1263 3720 1310 ut
3742 1270 3806 1310 ex

2217 1381 2326 1422 uno
2353 1364 2571 1420 nomine
2599 1368 2845 1416 naturam
2863 1366 3148 1425 utramque
3168 1351 3556 1419 intelligamus,
3587 1352 3808 1418 propter

2220 1456 2410 1513 ἒυώσιν
2433 1467 2697 1510 summam
2716 1491 2731 1516 ,
2760 1457 2816 1504 et
2847 1448 3002 1503 nobis
3029 1440 3476 1511 inintelligibilem
3507 1457 3520 1492 :
3557 1437 3626 1492 Ut
3662 1452 3807 1490 nemo

2222 1547 2454 1602 ascendit
2488 1547 2542 1598 in
2575 1542 2788 1607 caelum,
2821 1540 2923 1593 nisi
2955 1539 3042 1609 qui
3074 1535 3137 1589 de
3177 1533 3301 1588 calo
3337 1529 3627 1591 descendit,
3677 1526 3809 1596 ﬁlius

2224 1640 2464 1704 hominis,
2494 1637 2579 1708 qui
2605 1642 2680 1688 est
2709 1634 2764 1686 in
2792 1629 2917 1685 coelo
2942 1627 3129 1700 (Joan.
3161 1641 3247 1690 ιιι,
3280 1622 3401 1693 l3);
3433 1628 3488 1676 et
3507 1633 3675 1690 porro
3711 1633 3722 1668 :
3755 1613 3810 1670 Si

2223 1731 2453 1788 videritis
2502 1725 2722 1782 hominis
2761 1723 2926 1794 ﬁlium
2956 1716 3335 1778 ascendentem,
3374 1711 3460 1765 ubi
3500 1716 3613 1763 erat
3668 1715 3815 1759 antea

2154 1833 2201 1894 Β
2227 1822 2416 1895 (Ιοαη.
2453 1837 2521 1885 vr,
2553 1817 2678 1888 65);
2712 1828 2894 1870 nonne
2922 1828 2990 1868 ex
3018 1807 3384 1880 appellatione
3421 1801 3516 1855 ﬁlii
3544 1797 3812 1861 hominis,

2229 1921 2284 1969 et
2311 1912 2480 1974 illum,
2512 1909 2606 1978 qui
2645 1903 2922 1961 inconfuse
2951 1909 3007 1956 et
3046 1893 3478 1968 inseparabiliter
3503 1897 3587 1946 est
3613 1888 3667 1943 ei
3695 1902 3819 1942 cono

2224 2008 2461 2079 junctus,
2513 1998 2838 2071 accipimus?
2866 1995 2895 2036 ι’
2927 2009 3052 2049 nam
3098 2000 3154 2047 et
3193 1991 3239 2046 si
3279 1987 3445 2042 lilium
3493 1981 3730 2039 hominis
3766 1993 3823 2035 se

2229 2077 2444 2162 dixerit,
2470 2101 2691 2165 propter
2712 2095 2999 2157 assumpta:
3027 2093 3082 2140 et
3104 2079 3326 2137 visibilis
3347 2077 3523 2134 carnis
3553 2082 3819 2135 naturam,

2233 2189 2404 2244 Deum
2432 2164 2492 2242 se
2537 2192 2720 2239 tamen
2764 2179 2920 2235 factis
2956 2174 3303 2239 ostendebat,
3359 2177 3416 2226 et
3459 2182 3625 2239 porro
3679 2164 3824 2219 Jesus

2234 2279 2466 2334 Christus
2497 2294 2587 2349 per
2614 2291 2763 2349 quem
2799 2272 2973 2327 omnia
3005 2266 3173 2340 (Heb.
3205 2282 3261 2331 ιι,
3291 2261 3413 2334 10),
3435 2267 3493 2316 et
3518 2272 3708 2330 porro,
3733 2253 3823 2308 Je-

2235 2391 2324 2429 sus
2343 2347 2577 2426 Christus
2606 2347 2716 2423 heri
2745 2374 2794 2421 et
2814 2365 2984 2430 hodie,
3002 2363 3138 2416 idem
3164 2362 3274 2431 ipse
3292 2366 3342 2412 et
3366 2357 3421 2410 in
3443 2353 3638 2409 uacula
3670 2347 3822 2422 (Heb.

2238 2481 2352 2531 xm,
2377 2463 2454 2533 8).
2487 2461 2545 2516 Si
2573 2460 2692 2516 heri
2712 2466 2767 2514 et
2787 2456 2967 2521 hodie,
3000 2451 3271 2524 quomodo
3293 2463 3391 2520 per
3413 2447 3590 2516 ipsum
3612 2437 3827 2496 omnia?

2239 2555 2309 2612 Et
2335 2528 2382 2612 si
2410 2528 2507 2626 per
2535 2555 2711 2624 ipsum
2731 2550 2934 2617 omnia,
2958 2544 3228 2618 quomodo
3253 2540 3373 2596 heri
3399 2548 3453 2595 et
3498 2534 3698 2592 hodie?
3726 2528 3832 2586 Sed

2243 2657 2298 2706 et
2326 2624 2470 2718 quod
2500 2647 2674 2702 omnia
2703 2627 2794 2715 per
2823 2645 2999 2715 ipsum
3039 2651 3226 2692 verum
3253 2641 3365 2698 est;
3397 2639 3453 2686 et
3479 2625 3627 2699 quod
3653 2624 3762 2678 heri
3789 2629 3832 2676 et

2245 2739 2416 2805 hodie,
2440 2736 2768 2793 credendum
2789 2739 2903 2799 est;
2933 2740 2988 2787 et
3015 2728 3157 2801 quod
3180 2727 3317 2781 idem
3338 2733 3387 2779 et
3407 2725 3461 2776 in
3489 2719 3706 2781 swcula,
3725 2729 3834 2770 cer-

2247 2832 2508 2888 tissimum
2537 2837 2637 2895 est,
2679 2828 2725 2884 si
2771 2823 3065 2882 secundum
3107 2818 3476 2876 diversitatem
3525 2819 3835 2868 naturarum

2247 2923 2525 2982 inconfuse
2579 2928 2634 2976 et
2683 2915 3110 2988 inseparabiliter
3160 2909 3572 2979 conjunctarnm
3600 2943 3617 2968 ,
3678 2912 3834 2955 voces

2249 3015 2629 3089 aptaverimus,
2674 3009 3071 3078 intelligentes,
3118 3001 3410 3060 secundum
3451 2994 3601 3066 quod
3632 2988 3837 3046 visibile

2249 3083 2353 3174 est,
2383 3107 2494 3161 heri
2513 3113 2560 3160 et
2585 3103 2766 3168 hodie,
2801 3099 3095 3157 secundum
3133 3091 3485 3163 intelligibile,
3515 3091 3571 3142 in
3608 3083 3836 3147 saecula,-

556 3216 908 3281 humanitatis
940 3224 1104 3267 voces
1148 3204 1217 3261 ad
1261 3196 1554 3258 divinitatis
1598 3191 1801 3247 referre
1846 3182 2147 3281 fastigium?
2175 3211 2222 3276 ο
2251 3198 2543 3256 secundum
2581 3211 2713 3252 vero
2741 3192 2975 3248 metatis
3007 3185 3473 3258 coniunctionem,
3503 3195 3668 3233 unum
3703 3191 3841 3230 eum-

557 3277 661 3369 ἧὲι
687 3304 960 3382 quomodo
986 3298 1347 3366 intelligamus
1370 3285 1783 3382 Dominivoces,
1807 3277 1900 3350 qui
1926 3281 2148 3347 propter
2250 3291 2481 3362 demque.

560 3403 738 3462 carnis
767 3404 1018 3454 naturam
1042 3388 1311 3447 visibilem
1335 3381 1472 3439 dixit
1508 3397 1521 3433 :
1570 3374 1692 3431 Non
1721 3373 1834 3428 veni
1863 3385 2032 3425 meam
2061 3383 2150 3422 vo-

561 3458 814 3549 luntatem
854 3488 1020 3558 facere
1044 3479 1235 3554 (Ioan.
1269 3491 1356 3539 v1,
1385 3470 1506 3540 58).
1540 3466 1607 3521 Et
1633 3461 1764 3520 illud
1794 3480 1806 3514 :
1840 3458 2150 3515 Mandatum

563 3547 761 3651 incepi,
789 3547 911 3651 quid
932 3547 1122 3638 dicam,
1152 3577 1202 3624 et
1225 3563 1348 3640 quid
1376 3563 1556 3634 loquar
1587 3556 1766 3629 (Ioan.
1791 3569 1886 3617 xu,
1904 3549 2015 3620 49).
2046 3547 2148 3602 Et:

562 3638 772 3745 Ego'ea:
792 3638 871 3722 me
891 3663 1020 3719 nihil
1044 3662 1178 3733 facio
1210 3638 1259 3729 (1
1269 3671 1389 3711 οαη.
1413 3667 1523 3716 vin,
1550 3647 1665 3718 28).
1696 3644 1801 3699 Et:
1826 3640 2060 3696 Ascendo
2081 3638 2153 3692 ad

564 3761 780 3819 Patrem
813 3771 1000 3820 meum,
1032 3761 1080 3808 et
1107 3750 1318 3806 Patrem
1344 3750 1583 3806 vestrum,
1619 3746 1668 3792 et
1692 3735 1858 3790 Deum
1887 3748 2074 3797 meum,
2103 3738 2154 3785 et

565 3852 732 3910 Deum
761 3857 980 3905 vestrum
1006 3841 1181 3915 (Ioan.
1207 3854 1298 3905 xx,
1321 3835 1442 3904 i7),
1473 3840 1530 3888 et
1553 3836 1747 3886 caetera
1776 3822 2118 3895 hujusmodi?

637 3946 770 4001 Nam
797 3941 844 3998 si
873 3933 1158 3995 individua
1186 3932 1295 3988 sint
1324 3941 1504 3991 voces,
1535 3924 1673 3980 sicut
1699 3928 1754 3977 et
1792 3929 2018 3980 naturas,
2051 3914 2155 3970 erit

565 4042 733 4113 ipsius
754 4053 851 4109 per
871 4049 930 4091 se
950 4028 1212 4100 unigeniti
1231 4025 1330 4083 Dei
1351 4024 1494 4078 Deus
1515 4019 1706 4084 Pater;
1737 4015 1981 4072 minister
2001 4025 2152 4075 vero,

566 4101 623 4190 et
651 4101 1009 4188 internuntius
1035 4120 1415 4177 mandatorum
1441 4112 1617 4167 Patris
1645 4110 1831 4173 Filius,
1863 4105 2015 4175 juxta
2041 4101 2155 4157 dei-

566 4236 752 4284 tatem.
789 4223 859 4279 Et
884 4221 930 4276 si
955 4216 1186 4275 humiles
1212 4225 1377 4268 voces
1402 4208 1457 4262 in
1487 4212 1736 4260 naturam
1768 4199 1982 4255 deitatis
2009 4191 2153 4250 refe-

567 4333 767 4382 ramus,
799 4314 886 4370 cui
914 4309 1284 4366 ascribamus:
1319 4301 1432 4372 Ego
1476 4306 1525 4351 et
1573 4295 1735 4349 Pater
1772 4306 1932 4345 unum
1979 4299 2154 4340 sumus

571 4411 756 4480 (Joan.
793 4423 855 4470 x,
901 4403 1031 4473 '50);
1065 4408 1155 4455 et:
1190 4393 1342 4461 Quod
1388 4389 1568 4445 eadem
1601 4386 1763 4459 faciat
1790 4385 1920 4453 ipse,
1951 4393 2064 4449 qua:
2106 4384 2156 4429 et

573 4476 752 4557 Pater.
766 4499 834 4552 Ει
849 4515 862 4549 :
879 4489 1320 4560 Quemadmodum
1340 4485 1475 4538 enim
1494 4480 1655 4534 Pater
1675 4476 2151 4532 suscitatmortuos,

570 4597 648 4650 ita
673 4600 719 4646 et
742 4557 932 4652 Filius,
963 4600 1087 4657 quos
1115 4581 1240 4643 vult,
1261 4575 1485 4646 viviﬁcat
1502 4570 1683 4642 (Joan.
1709 4584 1759 4631 v,
1788 4563 1873 4658 19,
1896 4562 2023 4631 ‘21)?
2045 4557 2153 4614 Sed
2187 4597 2237 4658 Β

573 4695 655 4741 est
693 4691 866 4745 certe,
909 4655 1062 4747 juxta
1093 4672 1298 4747 [Βαίας.
1333 4665 1455 4721 add.
1486 4659 1674 4733 ipsius]
1704 4655 1915 4713 Domini
1943 4665 2154 4715 vocem,

573 4786 600 4814 ⁸
631 4774 812 4837 Pater,
844 4742 1077 4825 etbater
1096 4742 1155 4819 et
1181 4763 1322 4817 Deus
1353 4757 1519 4828 ipsius
1544 4773 1557 4807 :
1591 4752 1732 4807 Deus
1761 4746 1975 4817 quidem
1997 4742 2157 4806 illius,

572 4867 667 4936 qui
713 4861 1015 4920 novissimis
1060 4850 1392 4924 temporibus
1433 4863 1501 4902 ex
1538 4842 1743 4901 semine
1782 4834 1947 4892 David
1967 4831 2159 4897 factus,

574 4955 866 5011 secundum
887 4962 1102 5006 carnem
1125 4952 1233 5010 est;
1261 4941 1424 4994 Pater
1442 4951 1572 4993 vero
1595 4929 1779 4996 Verbi,
1793 4925 1938 4997 quod
1958 4939 2026 4979 ex
2045 4923 2164 4992 ipso

524 5088 530 5095 .
575 5048 832 5101 aiternum
849 5041 1053 5115 [Batus.
1073 5032 1242 5104 caste]
1257 5025 1767 5102 impassibiliterque
1787 5026 1842 5075 et
1854 5029 2068 5085 semper
2082 5019 2166 5068 est

529 5116 538 5150 ι

523 5153 537 5226 ἱ

579 5148 782 5203 natum,
820 5105 1041 5190 ﬁlietate
1069 5146 1177 5185 uno
1216 5125 1379 5182 modo
1407 5125 1618 5178 servata
1646 5115 1852 5190 [Boium
1881 5105 2166 5176 servanda]

579 5241 635 5288 et
650 5228 948 5287 manifesta.
967 5221 1248 5291 Quomodo
1263 5219 1407 5273 enim
1431 5212 1753 5284 accipiemus
1773 5224 1785 5258 :
1810 5205 1994 5268 Amen,
2013 5213 2164 5254 amen

579 5325 695 5379 dico
742 5320 903 5386 vobis,
936 5326 1208 5388 antequam
1246 5307 1508 5365 Abraham
1541 5309 1691 5366 esset,
1721 5313 1815 5370 ego
1845 5310 1958 5349 sum
1981 5291 2159 5363 (Joan.

580 5432 701 5484 vus,
721 5413 842 5486 58);
864 5382 950 5468 et:
976 5382 1165 5465 Omnia
1194 5422 1285 5476 per
1309 5404 1478 5475 ipsum
1503 5399 1641 5471 facta
1662 5401 1782 5450 sunt
1802 5389 1981 5462 (Joan.
2006 5402 2044 5449 ι,
2074 5382 2161 5455 '5);

2715 3431 2997 3476 RESPONSIO
3033 3426 3356 3472 οιιτιιοιιοιι.

2325 3539 2588 3596 Videlicet
2612 3538 2728 3594 haec
2754 3534 2982 3591 intentio
3011 3531 3091 3588 eis
3114 3536 3217 3595 est,
3247 3527 3340 3596 qui
3373 3521 3778 3580 inconsiderate
3797 3524 3851 3574 et

2254 3642 2459 3690 temere
2499 3629 2772 3701 objurgari
2807 3623 3141 3683 contendunt
3182 3615 3686 3679 anathematismos,
3717 3625 3851 3681 quos

2255 3732 2366 3780 tam
2393 3723 2614 3789 utiliter,
2661 3729 2716 3777 et
2758 3714 3062 3775 necessario
3097 3712 3340 3778 fecimus,
3383 3707 3517 3764 nihil
3545 3713 3610 3760 ut
3648 3703 3853 3775 possint

2257 3815 2462 3889 [Baluz.
2500 3814 2630 3869 nihil
2657 3806 2930 3884 prorsum]
2957 3813 3165 3863 rectum
3189 3843 3204 3870 ,
3252 3816 3354 3857 nec
3381 3799 3606 3862 sentire,
3637 3811 3743 3851 nec
3769 3793 3850 3849 di-

2256 3929 2397 3975 cere,
2427 3909 2522 3964 sed
2551 3921 2609 3961 se
2639 3911 2844 3958 tantum
2869 3897 3164 3954 maledicos
3178 3901 3234 3949 et
3255 3892 3654 3948 obtrectatores
3676 3892 3854 3940 osten—

2256 4007 2386 4063 dere
2419 4021 2430 4056 :
2465 4015 2589 4055 nam
2617 3997 2665 4053 si
2686 4010 2795 4050 sua:
2835 3989 3033 4047 mentis
3061 3985 3274 4043 oculum
3313 3979 3527 4051 scriptis
3569 3977 3856 4046 diligenter
3893 3989 3924 4013 »ν

2256 4097 2555 4155 voluissent
2581 4087 2862 4146 intendere
2884 4125 2900 4152 ,
2932 4088 3078 4139 certe
3106 4081 3496 4147 cognoscerent
3515 4113 3530 4136 ,
3580 4085 3645 4126 se
3683 4067 3851 4136 magis

2238 4186 2764 4278 aganathematismum
2803 4176 3071 4246 sutl‘ragiis
3118 4169 3506 4240 comprobare,
3553 4171 3612 4219 et
3642 4179 3712 4218 ex
3757 4159 3857 4222 his,

2261 4267 2379 4354 quae
2408 4280 2506 4352 ipsi
2538 4279 2811 4338 accusant,
2842 4268 3120 4326 evidenter
3141 4259 3451 4323 ostendere,
3467 4271 3579 4310 non
3611 4251 3862 4323 imperite

2261 4346 2379 4430 esse
2429 4346 2463 4425 ὲ.
2508 4367 2664 4424 nobis
2709 4363 2930 4427 factum,
2967 4369 2990 4398 ο
3021 4364 3078 4413 et
3124 4349 3399 4425 quomodo
3453 4346 3509 4403 id
3553 4350 3859 4415 praestent,

2260 4465 2454 4521 dicam.

2329 4557 2426 4611 Vir
2451 4557 2626 4610 bonus
2651 4547 2931 4606 Nestorius
2953 4583 2969 4611 ,
2999 4557 3124 4598 cum
3165 4541 3219 4595 in
3259 4533 3505 4593 Ecclesia
3531 4531 3862 4603 prmdicaret

2259 4653 2365 4706 hoc
2385 4648 2519 4704 dixit
2549 4647 2566 4716 (
2594 4645 2762 4700 Serm.
2792 4638 2842 4705 5,
2869 4639 2954 4712 qui
2973 4635 3009 4688 2
3031 4637 3085 4689 in
3125 4629 3401 4700 Proclum)
3436 4646 3448 4682 :
3481 4625 3549 4681 Ut
3566 4626 3629 4678 id
3657 4623 3866 4678 euiden-

2263 4745 2362 4798 tius
2391 4740 2678 4808 clariusque
2707 4731 2942 4790 omnibus
2967 4731 3081 4800 ﬁat,
3105 4735 3153 4780 et
3173 4723 3384 4778 Arionis
3412 4730 3462 4775 et
3487 4715 3866 4777 Eunomianis,

2263 4842 2314 4888 et
2339 4806 2728 4902 Apollinaristis
2747 4865 2761 4890 ,
2783 4832 2831 4877 et
2853 4818 3109 4883 omnibus,
3137 4817 3224 4887 qui
3246 4820 3367 4868 sunt
3400 4809 3641 4882 ejusdem
3673 4806 3868 4879 gregis,

2267 4923 2491 4979 studium
2513 4928 2589 4974 est
2611 4919 2798 4978 dicere,
2821 4911 3087 4973 Θεοτὸκον,
3117 4907 3287 4980 quasi,
3325 4903 3704 4958 commixtione
3740 4916 3870 4970 qua-

2271 5016 2390 5069 dam
2413 5015 2572 5085 facta,
2616 5017 2664 5062 et
2692 5005 2894 5060 naturis
2926 5001 3134 5056 minime
3163 4997 3342 5051 divisis
3364 4993 3579 5066 [Baluz.
3627 4989 3872 5044 dividen-

2271 5104 2383 5176 dis]
2410 5120 2555 5159 voces
2585 5098 2800 5154 humiles
2826 5111 2932 5150 non
2960 5093 3023 5147 de
3050 5089 3374 5144 humanitate
3411 5087 3806 5154 acciperentur,
3829 5090 3876 5133 ct

2271 5197 2439 5252 locum
2475 5193 2762 5247 invenirent
2799 5185 3042 5240 adversus
3077 5181 3339 5244 deitatem,
3363 5186 3630 5247 tamquam
3675 5172 3877 5233 omnia,

2270 5302 2384 5360 qua:
2407 5285 2669 5347 dicuntur,
2704 5279 2767 5334 de
2790 5293 2894 5332 uno
2938 5272 3214 5343 eodemque
3255 5269 3514 5323 dicantur.
3547 5263 3652 5319 His
3685 5264 3766 5317 ita
3797 5261 3879 5315 di-

2270 5351 2390 5444 ctis,
2435 5371 2866 5432 commodissime
2913 5361 3391 5420 anathematismus
3413 5371 3446 5413 a
3472 5354 3636 5413 nobis
3688 5361 3779 5410 est
3806 5351 3881 5404 fa-

1757 5493 2302 5562 CASTIGATIONES
2340 5492 2429 5550 ET
2466 5489 2693 5548 NOTIE.

655 5631 684 5662 ⁸
719 5622 901 5680 Baluz.
938 5636 952 5672 :
990 5617 1152 5674 Pater
1182 5611 1326 5666 Deus
1353 5606 1566 5680 quidem
1583 5589 2170 5680 carnis,iqu‘ce‘novissi-

582 5695 682 5767 [iis
1039 5666 1323 5743 33mm
1346 5666 1514 5736 Dauid
1541 5678 1684 5750 facta
1710 5666 2020 5756 est—Pater,
2062 5669 2167 5719 etc.

581 5758 738 5825 Eutr.

2344 5583 2375 5624 ι
2413 5583 2598 5637 Baluz.
2621 5598 2635 5633 :
2662 5577 2806 5634 Nam
2833 5577 2880 5633 si
2906 5583 2957 5633 et
2975 5574 3256 5632 Dominum
3284 5566 3509 5625 hominis
3528 5563 3741 5618 diceret
3765 5574 3889 5633 pro-

2273 5660 2534 5730 pter,_etc_.
2568 5650 2722 5706 Enrr.

2348 5704 2578 5794 é'v'éiya
2603 5704 2663 5776 et
2681 5704 2931 5794 quomodo
2951 5718 3006 5773 id
3025 5720 3271 5789 ρνωειειιι
3289 5710 3465 5767 dicam
3481 5704 3753 5764 Baluzius
3783 5714 3893 5760 non

2273 5798 2461 5858 habet.
2496 5792 2656 5856 Εοιτ.
