  <div class='ocr_page' id='page_1' title='image "/cluster/home/n/w/nwhite01/storage/ocr_20150623/48/hvd.32044015471535/480.png"; bbox 0 0 3924 6282; ppageno 0'>
   <div class='ocr_carea' id='block_1_1' title="bbox 135 320 239 381">
    <p class='ocr_par' dir='ltr' id='par_1_1' title="bbox 135 320 239 381">
     <span class='ocr_line' id='line_1_1' title="bbox 135 320 239 381; baseline -0.048 -1"><span class='ocrx_word' id='word_1_1' title='bbox 135 320 239 381; x_wconf 73' lang='grc'><strong>945</strong></span> 
     </span>
    </p>
   </div>
   <div class='ocr_carea' id='block_1_2' title="bbox 842 314 2675 377">
    <p class='ocr_par' dir='ltr' id='par_1_2' title="bbox 842 314 2675 377">
     <span class='ocr_line' id='line_1_2' title="bbox 842 314 2675 377; baseline 0 0"><span class='ocrx_word' id='word_1_2' title='bbox 842 316 900 377; x_wconf 88' lang='lat' dir='ltr'><strong>S.</strong></span> <span class='ocrx_word' id='word_1_3' title='bbox 940 316 1218 376; x_wconf 70' lang='lat' dir='ltr'><strong>CYRILLI</strong></span> <span class='ocrx_word' id='word_1_4' title='bbox 1256 314 1785 376; x_wconf 75' lang='lat' dir='ltr'><strong>APOLOGETICUS</strong></span> <span class='ocrx_word' id='word_1_5' title='bbox 1821 314 2189 376; x_wconf 76' lang='lat' dir='ltr'><strong>ADVERSUS</strong></span> <span class='ocrx_word' id='word_1_6' title='bbox 2217 316 2675 377; x_wconf 72' lang='lat' dir='ltr'><strong>ORIENTALES.</strong></span> 
     </span>
    </p>
   </div>
   <div class='ocr_carea' id='block_1_3' title="bbox 3308 325 3414 388">
    <p class='ocr_par' dir='ltr' id='par_1_3' title="bbox 3308 325 3414 388">
     <span class='ocr_line' id='line_1_3' title="bbox 3308 325 3414 388; baseline 0.047 -4"><span class='ocrx_word' id='word_1_7' title='bbox 3308 325 3414 388; x_wconf 72' lang='grc'><strong>916</strong></span> 
     </span>
    </p>
   </div>
   <div class='ocr_carea' id='block_1_4' title="bbox 136 415 3420 512">
    <p class='ocr_par' dir='ltr' id='par_1_4' title="bbox 136 415 3420 512">
     <span class='ocr_line' id='line_1_4' title="bbox 136 415 3420 512; baseline 0.001 -19"><span class='ocrx_word' id='word_1_8' title='bbox 136 415 268 499; x_wconf 81' lang='lat' dir='ltr'><strong>ctus,</strong></span> <span class='ocrx_word' id='word_1_9' title='bbox 292 446 400 488; x_wconf 89' lang='lat' dir='ltr'><strong>non</strong></span> <span class='ocrx_word' id='word_1_10' title='bbox 426 430 748 499; x_wconf 90' lang='lat' dir='ltr'><strong>concedens,</strong></span> <span class='ocrx_word' id='word_1_11' title='bbox 773 430 829 488; x_wconf 91' lang='lat' dir='ltr'><strong>in</strong></span> <span class='ocrx_word' id='word_1_12' title='bbox 865 433 999 490; x_wconf 91' lang='lat' dir='ltr'><strong>duas</strong></span> <span class='ocrx_word' id='word_1_13' title='bbox 1026 448 1286 505; x_wconf 84' lang='lat' dir='ltr'><strong>personas</strong></span> <span class='ocrx_word' id='word_1_14' title='bbox 1313 433 1519 500; x_wconf 88' lang='lat' dir='ltr'><strong>dividi,</strong></span> <span class='ocrx_word' id='word_1_15' title='bbox 1551 432 1635 489; x_wconf 85' lang='lat' dir='ltr'><strong>vel</strong></span> <span class='ocrx_word' id='word_1_16' title='bbox 1662 433 1717 488; x_wconf 90' lang='lat' dir='ltr'><strong>in</strong></span> <span class='ocrx_word' id='word_1_17' title='bbox 1744 434 1795 496; x_wconf 75' lang='grc' dir='ltr'><strong>Α</strong></span> <span class='ocrx_word' id='word_1_18' title='bbox 1825 434 1927 499; x_wconf 87' lang='lat' dir='ltr'><strong>tiis,</strong></span> <span class='ocrx_word' id='word_1_19' title='bbox 1958 450 2051 488; x_wconf 87' lang='lat' dir='ltr'><strong>nec</strong></span> <span class='ocrx_word' id='word_1_20' title='bbox 2101 434 2298 490; x_wconf 87' lang='lat' dir='ltr'><strong>duabus</strong></span> <span class='ocrx_word' id='word_1_21' title='bbox 2342 438 2575 507; x_wconf 76' lang='lat' dir='ltr'><strong>personis</strong></span> <span class='ocrx_word' id='word_1_22' title='bbox 2607 438 2896 494; x_wconf 79' lang='lat' dir='ltr'><strong>dividimus.</strong></span> <span class='ocrx_word' id='word_1_23' title='bbox 2941 437 3122 512; x_wconf 84' lang='lat' dir='ltr'><strong>Neque</strong></span> <span class='ocrx_word' id='word_1_24' title='bbox 3156 434 3293 495; x_wconf 88' lang='lat' dir='ltr'><strong>enim</strong></span> <span class='ocrx_word' id='word_1_25' title='bbox 3320 441 3420 497; x_wconf 87' lang='lat' dir='ltr'><strong>du-</strong></span> 
     </span>
    </p>
   </div>
   <div class='ocr_carea' id='block_1_5' title="bbox 136 527 1645 585">
    <p class='ocr_par' dir='ltr' id='par_1_5' title="bbox 136 527 1645 585">
     <span class='ocr_line' id='line_1_5' title="bbox 136 527 1645 585; baseline -0.002 -1"><span class='ocrx_word' id='word_1_26' title='bbox 136 529 264 584; x_wconf 91' lang='lat' dir='ltr'><strong>duas</strong></span> <span class='ocrx_word' id='word_1_27' title='bbox 293 527 622 581; x_wconf 78' lang='lat' dir='ltr'><strong>substantias</strong></span> <span class='ocrx_word' id='word_1_28' title='bbox 651 543 815 583; x_wconf 88' lang='lat' dir='ltr'><strong>unum</strong></span> <span class='ocrx_word' id='word_1_29' title='bbox 840 528 1126 584; x_wconf 90' lang='lat' dir='ltr'><strong>Dominum</strong></span> <span class='ocrx_word' id='word_1_30' title='bbox 1151 527 1333 585; x_wconf 83' lang='lat' dir='ltr'><strong>Jesum</strong></span> <span class='ocrx_word' id='word_1_31' title='bbox 1352 528 1645 584; x_wconf 79' lang='lat' dir='ltr'><strong>Christum.</strong></span> 
     </span>
    </p>
   </div>
   <div class='ocr_carea' id='block_1_6' title="bbox 148 620 1721 692">
    <p class='ocr_par' dir='ltr' id='par_1_6' title="bbox 148 620 1721 692">
     <span class='ocr_line' id='line_1_6' title="bbox 148 620 1721 692; baseline 0.001 -17"><span class='ocrx_word' id='word_1_32' title='bbox 148 642 152 645; x_wconf 92' lang='grc'>·</span> <span class='ocrx_word' id='word_1_33' title='bbox 204 620 357 689; x_wconf 86' lang='lat' dir='ltr'><strong>Quod</strong></span> <span class='ocrx_word' id='word_1_34' title='bbox 383 635 515 675; x_wconf 90' lang='lat' dir='ltr'><strong>vero</strong></span> <span class='ocrx_word' id='word_1_35' title='bbox 560 621 663 690; x_wconf 87' lang='lat' dir='ltr'>ipsi</span> <span class='ocrx_word' id='word_1_36' title='bbox 691 636 906 692; x_wconf 92' lang='lat' dir='ltr'><strong>quoque</strong></span> <span class='ocrx_word' id='word_1_37' title='bbox 949 622 1107 679; x_wconf 89' lang='lat' dir='ltr'><strong>dictis</strong></span> <span class='ocrx_word' id='word_1_38' title='bbox 1153 623 1354 679; x_wconf 85' lang='lat' dir='ltr'><strong>nostris</strong></span> <span class='ocrx_word' id='word_1_39' title='bbox 1405 623 1721 688; x_wconf 85' lang='lat' dir='ltr'><strong>assentiant,</strong></span> 
     </span>
    </p>
   </div>
   <div class='ocr_carea' id='block_1_7' title="bbox 134 715 1723 786">
    <p class='ocr_par' dir='ltr' id='par_1_7' title="bbox 134 715 1723 786">
     <span class='ocr_line' id='line_1_7' title="bbox 134 715 1723 786; baseline -0.001 -15"><span class='ocrx_word' id='word_1_40' title='bbox 134 715 481 785; x_wconf 89' lang='lat' dir='ltr'><strong>conspicuum</strong></span> <span class='ocrx_word' id='word_1_41' title='bbox 505 722 588 770; x_wconf 90' lang='lat' dir='ltr'><strong>est</strong></span> <span class='ocrx_word' id='word_1_42' title='bbox 612 729 680 769; x_wconf 86' lang='lat' dir='ltr'><strong>ex</strong></span> <span class='ocrx_word' id='word_1_43' title='bbox 707 715 789 770; x_wconf 91' lang='lat' dir='ltr'><strong>his</strong></span> <span class='ocrx_word' id='word_1_44' title='bbox 814 730 933 784; x_wconf 79' lang='lat' dir='ltr'><strong>quae</strong></span> <span class='ocrx_word' id='word_1_45' title='bbox 962 724 1017 772; x_wconf 91' lang='lat' dir='ltr'><strong>et</strong></span> <span class='ocrx_word' id='word_1_46' title='bbox 1039 716 1240 774; x_wconf 89' lang='lat' dir='ltr'><strong>sentire</strong></span> <span class='ocrx_word' id='word_1_47' title='bbox 1262 716 1384 786; x_wconf 90' lang='lat' dir='ltr'><strong>ipsi,</strong></span> <span class='ocrx_word' id='word_1_48' title='bbox 1412 722 1466 771; x_wconf 91' lang='lat' dir='ltr'><strong>et</strong></span> <span class='ocrx_word' id='word_1_49' title='bbox 1490 715 1723 770; x_wconf 82' lang='lat' dir='ltr'><strong>scribere</strong></span> 
     </span>
    </p>
   </div>
   <div class='ocr_carea' id='block_1_8' title="bbox 133 806 1722 875">
    <p class='ocr_par' dir='ltr' id='par_1_8' title="bbox 133 806 1722 875">
     <span class='ocr_line' id='line_1_8' title="bbox 133 806 1722 875; baseline 0.001 -15"><span class='ocrx_word' id='word_1_50' title='bbox 133 806 471 870; x_wconf 87' lang='lat' dir='ltr'><strong>studuerunt,</strong></span> <span class='ocrx_word' id='word_1_51' title='bbox 505 821 623 875; x_wconf 68' lang='lat' dir='ltr'><strong>qum</strong></span> <span class='ocrx_word' id='word_1_52' title='bbox 651 822 710 861; x_wconf 93' lang='lat' dir='ltr'><strong>se</strong></span> <span class='ocrx_word' id='word_1_53' title='bbox 738 807 811 861; x_wconf 90' lang='lat' dir='ltr'><strong>ita</strong></span> <span class='ocrx_word' id='word_1_54' title='bbox 834 809 1035 863; x_wconf 81' lang='lat' dir='ltr'><strong>habent</strong></span> <span class='ocrx_word' id='word_1_55' title='bbox 1069 827 1080 860; x_wconf 92' lang='lat'>:</span> <span class='ocrx_word' id='word_1_56' title='bbox 1114 809 1365 863; x_wconf 89' lang='lat' dir='ltr'><strong>Personis</strong></span> <span class='ocrx_word' id='word_1_57' title='bbox 1393 816 1565 862; x_wconf 87' lang='lat' dir='ltr'><strong>autem</strong></span> <span class='ocrx_word' id='word_1_58' title='bbox 1591 808 1722 862; x_wconf 87' lang='lat' dir='ltr'><strong>dua-</strong></span> 
     </span>
    </p>
   </div>
   <div class='ocr_carea' id='block_1_9' title="bbox 131 898 1719 975">
    <p class='ocr_par' dir='ltr' id='par_1_9' title="bbox 131 898 1719 975">
     <span class='ocr_line' id='line_1_9' title="bbox 131 898 1719 975; baseline 0.002 -21"><span class='ocrx_word' id='word_1_59' title='bbox 131 901 244 965; x_wconf 87' lang='lat' dir='ltr'><strong>bus,</strong></span> <span class='ocrx_word' id='word_1_60' title='bbox 268 900 341 953; x_wconf 85' lang='lat' dir='ltr'><strong>vel</strong></span> <span class='ocrx_word' id='word_1_61' title='bbox 371 898 570 953; x_wconf 87' lang='lat' dir='ltr'><strong>duabus</strong></span> <span class='ocrx_word' id='word_1_62' title='bbox 598 898 918 967; x_wconf 79' lang='lat' dir='ltr'><strong>substantiis,</strong></span> <span class='ocrx_word' id='word_1_63' title='bbox 958 903 1034 957; x_wconf 92' lang='lat' dir='ltr'><strong>vel</strong></span> <span class='ocrx_word' id='word_1_64' title='bbox 1061 903 1188 973; x_wconf 90' lang='lat' dir='ltr'><strong>ﬁliis</strong></span> <span class='ocrx_word' id='word_1_65' title='bbox 1209 902 1404 958; x_wconf 89' lang='lat' dir='ltr'><strong>duobus</strong></span> <span class='ocrx_word' id='word_1_66' title='bbox 1435 903 1719 975; x_wconf 88' lang='lat' dir='ltr'><strong>(unitatem</strong></span> 
     </span>
    </p>
   </div>
   <div class='ocr_carea' id='block_1_10' title="bbox 132 989 1721 1065">
    <p class='ocr_par' dir='ltr' id='par_1_10' title="bbox 132 989 1721 1065">
     <span class='ocr_line' id='line_1_10' title="bbox 132 989 1721 1065; baseline 0.003 -21"><span class='ocrx_word' id='word_1_67' title='bbox 132 989 417 1044; x_wconf 70' lang='lat' dir='ltr'><strong>dividentes</strong></span> <span class='ocrx_word' id='word_1_68' title='bbox 443 991 548 1043; x_wconf 83' lang='lat' dir='ltr'><strong>sive</strong></span> <span class='ocrx_word' id='word_1_69' title='bbox 576 1007 734 1044; x_wconf 92' lang='lat' dir='ltr'><strong>unum</strong></span> <span class='ocrx_word' id='word_1_70' title='bbox 766 991 989 1063; x_wconf 87' lang='lat' dir='ltr'><strong>ﬁlium)</strong></span> <span class='ocrx_word' id='word_1_71' title='bbox 1010 1010 1154 1048; x_wconf 86' lang='lat' dir='ltr'><strong>voces</strong></span> <span class='ocrx_word' id='word_1_72' title='bbox 1185 1003 1366 1065; x_wconf 89' lang='lat' dir='ltr'><strong>aptare</strong></span> <span class='ocrx_word' id='word_1_73' title='bbox 1406 1011 1511 1049; x_wconf 89' lang='lat' dir='ltr'><strong>non</strong></span> <span class='ocrx_word' id='word_1_74' title='bbox 1541 1012 1721 1049; x_wconf 87' lang='lat' dir='ltr'><strong>conve-</strong></span> 
     </span>
    </p>
   </div>
   <div class='ocr_carea' id='block_1_11' title="bbox 132 1079 1720 1155">
    <p class='ocr_par' dir='ltr' id='par_1_11' title="bbox 132 1079 1720 1155">
     <span class='ocr_line' id='line_1_11' title="bbox 132 1079 1720 1155; baseline 0.006 -22"><span class='ocrx_word' id='word_1_75' title='bbox 132 1082 246 1134; x_wconf 89' lang='lat' dir='ltr'><strong>nit:</strong></span> <span class='ocrx_word' id='word_1_76' title='bbox 273 1079 539 1133; x_wconf 89' lang='lat' dir='ltr'><strong>individua</strong></span> <span class='ocrx_word' id='word_1_77' title='bbox 562 1082 697 1134; x_wconf 89' lang='lat' dir='ltr'><strong>enim</strong></span> <span class='ocrx_word' id='word_1_78' title='bbox 722 1090 771 1135; x_wconf 91' lang='lat' dir='ltr'><strong>et</strong></span> <span class='ocrx_word' id='word_1_79' title='bbox 792 1083 1153 1155; x_wconf 83' lang='lat' dir='ltr'><strong>inseparabilis</strong></span> <span class='ocrx_word' id='word_1_80' title='bbox 1177 1102 1378 1140; x_wconf 90' lang='lat' dir='ltr'><strong>summa</strong></span> <span class='ocrx_word' id='word_1_81' title='bbox 1399 1084 1493 1141; x_wconf 88' lang='lat' dir='ltr'><strong>illa</strong></span> <span class='ocrx_word' id='word_1_82' title='bbox 1517 1088 1720 1152; x_wconf 78' lang='grc' dir='ltr'><strong>ἕνωσις,</strong></span> 
     </span>
    </p>
   </div>
   <div class='ocr_carea' id='block_1_12' title="bbox 130 1173 1728 1244">
    <p class='ocr_par' dir='ltr' id='par_1_12' title="bbox 130 1173 1728 1244">
     <span class='ocr_line' id='line_1_12' title="bbox 130 1173 1728 1244; baseline 0.006 -19"><span class='ocrx_word' id='word_1_83' title='bbox 130 1182 177 1226; x_wconf 88' lang='lat' dir='ltr'><strong>et</strong></span> <span class='ocrx_word' id='word_1_84' title='bbox 206 1190 339 1226; x_wconf 87' lang='lat' dir='ltr'><strong>unus</strong></span> <span class='ocrx_word' id='word_1_85' title='bbox 367 1181 444 1225; x_wconf 88' lang='lat' dir='ltr'><strong>est</strong></span> <span class='ocrx_word' id='word_1_86' title='bbox 464 1173 625 1242; x_wconf 89' lang='lat' dir='ltr'><strong>ﬁlius,</strong></span> <span class='ocrx_word' id='word_1_87' title='bbox 648 1176 789 1228; x_wconf 89' lang='lat' dir='ltr'><strong>omni</strong></span> <span class='ocrx_word' id='word_1_88' title='bbox 810 1177 1033 1243; x_wconf 85' lang='lat' dir='ltr'><strong>ratione,</strong></span> <span class='ocrx_word' id='word_1_89' title='bbox 1057 1186 1107 1231; x_wconf 89' lang='lat' dir='ltr'><strong>et</strong></span> <span class='ocrx_word' id='word_1_90' title='bbox 1133 1178 1368 1233; x_wconf 87' lang='lat' dir='ltr'><strong>omnibus</strong></span> <span class='ocrx_word' id='word_1_91' title='bbox 1400 1179 1600 1244; x_wconf 58' lang='lat' dir='ltr'><strong>raedis;</strong></span> <span class='ocrx_word' id='word_1_92' title='bbox 1623 1196 1728 1233; x_wconf 91' lang='lat' dir='ltr'><strong>ser-</strong></span> 
     </span>
    </p>
   </div>
   <div class='ocr_carea' id='block_1_13' title="bbox 130 1266 1724 1342">
    <p class='ocr_par' dir='ltr' id='par_1_13' title="bbox 130 1266 1724 1342">
     <span class='ocr_line' id='line_1_13' title="bbox 130 1266 1724 1342; baseline 0.005 -22"><span class='ocrx_word' id='word_1_93' title='bbox 130 1274 249 1320; x_wconf 83' lang='lat' dir='ltr'><strong>vata</strong></span> <span class='ocrx_word' id='word_1_94' title='bbox 270 1266 428 1336; x_wconf 85' lang='lat' dir='ltr'><strong>igitur</strong></span> <span class='ocrx_word' id='word_1_95' title='bbox 449 1282 650 1319; x_wconf 87' lang='lat' dir='ltr'><strong>summa</strong></span> <span class='ocrx_word' id='word_1_96' title='bbox 670 1269 890 1333; x_wconf 90' lang='lat' dir='ltr'><strong>unitate,</strong></span> <span class='ocrx_word' id='word_1_97' title='bbox 932 1286 1150 1342; x_wconf 87' lang='lat' dir='ltr'><strong>unoque,</strong></span> <span class='ocrx_word' id='word_1_98' title='bbox 1167 1280 1217 1326; x_wconf 91' lang='lat' dir='ltr'><strong>et</strong></span> <span class='ocrx_word' id='word_1_99' title='bbox 1244 1271 1409 1339; x_wconf 86' lang='lat' dir='ltr'><strong>Filio,</strong></span> <span class='ocrx_word' id='word_1_100' title='bbox 1431 1284 1479 1327; x_wconf 91' lang='lat' dir='ltr'><strong>et</strong></span> <span class='ocrx_word' id='word_1_101' title='bbox 1499 1272 1724 1339; x_wconf 82' lang='lat' dir='ltr'><strong>Christo,</strong></span> 
     </span>
    </p>
   </div>
   <div class='ocr_carea' id='block_1_14' title="bbox 128 1358 1728 1441">
    <p class='ocr_par' dir='ltr' id='par_1_14' title="bbox 128 1358 1728 1441">
     <span class='ocr_line' id='line_1_14' title="bbox 128 1358 1728 1441; baseline 0.006 -29"><span class='ocrx_word' id='word_1_102' title='bbox 128 1368 176 1413; x_wconf 85' lang='lat' dir='ltr'><strong>et</strong></span> <span class='ocrx_word' id='word_1_103' title='bbox 196 1358 444 1425; x_wconf 89' lang='lat' dir='ltr'><strong>Domino,</strong></span> <span class='ocrx_word' id='word_1_104' title='bbox 466 1361 840 1429; x_wconf 84' lang='lat' dir='ltr'><strong>demonstrato,</strong></span> <span class='ocrx_word' id='word_1_105' title='bbox 870 1366 960 1418; x_wconf 89' lang='lat' dir='ltr'><strong>uni</strong></span> <span class='ocrx_word' id='word_1_106' title='bbox 980 1366 1242 1439; x_wconf 86' lang='lat' dir='ltr'><strong>eidemque</strong></span> <span class='ocrx_word' id='word_1_107' title='bbox 1266 1368 1377 1438; x_wconf 88' lang='lat' dir='ltr'><strong>ﬁlio</strong></span> <span class='ocrx_word' id='word_1_108' title='bbox 1404 1386 1485 1434; x_wconf 91' lang='lat' dir='ltr'><strong>ea,</strong></span> <span class='ocrx_word' id='word_1_109' title='bbox 1512 1384 1625 1441; x_wconf 80' lang='lat' dir='ltr'><strong>qua:</strong></span> <span class='ocrx_word' id='word_1_110' title='bbox 1647 1369 1728 1422; x_wconf 89' lang='lat' dir='ltr'><strong>di-</strong></span> 
     </span>
    </p>
   </div>
   <div class='ocr_carea' id='block_1_15' title="bbox 128 1453 1726 1528">
    <p class='ocr_par' dir='ltr' id='par_1_15' title="bbox 128 1453 1726 1528">
     <span class='ocr_line' id='line_1_15' title="bbox 128 1453 1726 1528; baseline 0.006 -25"><span class='ocrx_word' id='word_1_111' title='bbox 128 1460 335 1516; x_wconf 86' lang='lat' dir='ltr'><strong>cuntur,</strong></span> <span class='ocrx_word' id='word_1_112' title='bbox 366 1460 564 1523; x_wconf 86' lang='lat' dir='ltr'><strong>oportet</strong></span> <span class='ocrx_word' id='word_1_113' title='bbox 585 1462 784 1522; x_wconf 89' lang='lat' dir='ltr'><strong>aptare.</strong></span> <span class='ocrx_word' id='word_1_114' title='bbox 806 1453 1080 1519; x_wconf 65' lang='lat' dir='ltr'><strong>Caeterum,</strong></span> <span class='ocrx_word' id='word_1_115' title='bbox 1104 1459 1263 1528; x_wconf 75' lang='lat' dir='ltr'><strong>juxta</strong></span> <span class='ocrx_word' id='word_1_116' title='bbox 1288 1460 1389 1513; x_wconf 85' lang='lat' dir='ltr'><strong>vim</strong></span> <span class='ocrx_word' id='word_1_117' title='bbox 1419 1468 1726 1513; x_wconf 86' lang='lat' dir='ltr'><strong>naturarum</strong></span> 
     </span>
    </p>
   </div>
   <div class='ocr_carea' id='block_1_16' title="bbox 128 1549 1724 1628">
    <p class='ocr_par' dir='ltr' id='par_1_16' title="bbox 128 1549 1724 1628">
     <span class='ocr_line' id='line_1_16' title="bbox 128 1549 1724 1628; baseline 0.008 -30"><span class='ocrx_word' id='word_1_118' title='bbox 128 1549 556 1618; x_wconf 80' lang='lat' dir='ltr'><strong>conjunctarum,</strong></span> <span class='ocrx_word' id='word_1_119' title='bbox 582 1551 671 1603; x_wconf 89' lang='lat' dir='ltr'><strong>uni</strong></span> <span class='ocrx_word' id='word_1_120' title='bbox 700 1550 811 1619; x_wconf 85' lang='lat' dir='ltr'><strong>ﬁlio</strong></span> <span class='ocrx_word' id='word_1_121' title='bbox 852 1568 965 1623; x_wconf 74' lang='lat' dir='ltr'><strong>qua:</strong></span> <span class='ocrx_word' id='word_1_122' title='bbox 990 1552 1252 1622; x_wconf 89' lang='lat' dir='ltr'><strong>dicuntur,</strong></span> <span class='ocrx_word' id='word_1_123' title='bbox 1293 1564 1476 1626; x_wconf 88' lang='lat' dir='ltr'><strong>aptare</strong></span> <span class='ocrx_word' id='word_1_124' title='bbox 1505 1565 1724 1628; x_wconf 83' lang='lat' dir='ltr'><strong>oportet.</strong></span> 
     </span>
    </p>
   </div>
   <div class='ocr_carea' id='block_1_17' title="bbox 126 1643 1727 1721">
    <p class='ocr_par' dir='ltr' id='par_1_17' title="bbox 126 1643 1727 1721">
     <span class='ocr_line' id='line_1_17' title="bbox 126 1643 1727 1721; baseline 0.005 -22"><span class='ocrx_word' id='word_1_125' title='bbox 126 1643 274 1716; x_wconf 81' lang='lat' dir='ltr'><strong>Ergo</strong></span> <span class='ocrx_word' id='word_1_126' title='bbox 302 1646 348 1701; x_wconf 89' lang='lat' dir='ltr'><strong>si</strong></span> <span class='ocrx_word' id='word_1_127' title='bbox 377 1662 584 1701; x_wconf 89' lang='lat' dir='ltr'><strong>summa</strong></span> <span class='ocrx_word' id='word_1_128' title='bbox 608 1647 696 1702; x_wconf 89' lang='lat' dir='ltr'><strong>illa</strong></span> <span class='ocrx_word' id='word_1_129' title='bbox 724 1649 1172 1710; x_wconf 68' lang='lat' dir='ltr'><strong>ivueigservanda</strong></span> <span class='ocrx_word' id='word_1_130' title='bbox 1203 1658 1304 1718; x_wconf 88' lang='lat' dir='ltr'><strong>est,</strong></span> <span class='ocrx_word' id='word_1_131' title='bbox 1346 1667 1465 1721; x_wconf 66' lang='lat' dir='ltr'><strong>qua:</strong></span> <span class='ocrx_word' id='word_1_132' title='bbox 1500 1652 1613 1721; x_wconf 88' lang='lat' dir='ltr'><strong>jam</strong></span> <span class='ocrx_word' id='word_1_133' title='bbox 1643 1652 1727 1707; x_wconf 92' lang='lat' dir='ltr'><strong>di-</strong></span> 
     </span>
    </p>
   </div>
   <div class='ocr_carea' id='block_1_18' title="bbox 127 1742 1730 1818">
    <p class='ocr_par' dir='ltr' id='par_1_18' title="bbox 127 1742 1730 1818">
     <span class='ocr_line' id='line_1_18' title="bbox 127 1742 1730 1818; baseline 0.004 -23"><span class='ocrx_word' id='word_1_134' title='bbox 127 1742 351 1798; x_wconf 79' lang='lat' dir='ltr'><strong>visionis</strong></span> <span class='ocrx_word' id='word_1_135' title='bbox 381 1743 519 1798; x_wconf 85' lang='lat' dir='ltr'><strong>ratio</strong></span> <span class='ocrx_word' id='word_1_136' title='bbox 547 1744 719 1813; x_wconf 87' lang='lat' dir='ltr'><strong>possit</strong></span> <span class='ocrx_word' id='word_1_137' title='bbox 748 1744 1730 1818; x_wconf 79' lang='lat' dir='ltr'><strong>irrumpere[Baluz.interrumpere]?</strong></span> 
     </span>
    </p>
   </div>
   <div class='ocr_carea' id='block_1_19' title="bbox 126 1826 1725 1907">
    <p class='ocr_par' dir='ltr' id='par_1_19' title="bbox 126 1832 1725 1907">
     <span class='ocr_line' id='line_1_19' title="bbox 126 1832 1725 1907; baseline 0.004 -21"><span class='ocrx_word' id='word_1_138' title='bbox 126 1841 183 1886; x_wconf 89' lang='lat' dir='ltr'><strong>et</strong></span> <span class='ocrx_word' id='word_1_139' title='bbox 213 1833 260 1887; x_wconf 88' lang='lat' dir='ltr'><strong>si</strong></span> <span class='ocrx_word' id='word_1_140' title='bbox 284 1832 403 1903; x_wconf 90' lang='lat' dir='ltr'><strong>quis</strong></span> <span class='ocrx_word' id='word_1_141' title='bbox 432 1833 674 1889; x_wconf 88' lang='lat' dir='ltr'><strong>dividere</strong></span> <span class='ocrx_word' id='word_1_142' title='bbox 702 1835 919 1903; x_wconf 82' lang='lat' dir='ltr'><strong>audeat,</strong></span> <span class='ocrx_word' id='word_1_143' title='bbox 966 1838 1155 1907; x_wconf 90' lang='lat' dir='ltr'><strong>procul</strong></span> <span class='ocrx_word' id='word_1_144' title='bbox 1184 1852 1215 1891; x_wconf 92' lang='lat' dir='ltr'><strong>a</strong></span> <span class='ocrx_word' id='word_1_145' title='bbox 1244 1846 1389 1893; x_wconf 89' lang='lat' dir='ltr'><strong>recta</strong></span> <span class='ocrx_word' id='word_1_146' title='bbox 1431 1838 1622 1893; x_wconf 86' lang='lat' dir='ltr'><strong>semita</strong></span> <span class='ocrx_word' id='word_1_147' title='bbox 1651 1838 1725 1893; x_wconf 89' lang='lat' dir='ltr'><strong>vi-</strong></span> 
     </span>
    </p>
   </div>
   <div class='ocr_carea' id='block_1_20' title="bbox 1837 1826 3115 1907">
    <p class='ocr_par' dir='ltr' id='par_1_20' title="bbox 1837 1826 3115 1901">
     <span class='ocr_line' id='line_1_20' title="bbox 1837 1826 3115 1901; baseline 0 -18"><span class='ocrx_word' id='word_1_148' title='bbox 1837 1830 2097 1883; x_wconf 83' lang='lat' dir='ltr'><strong>veritatem</strong></span> <span class='ocrx_word' id='word_1_149' title='bbox 2126 1826 2265 1883; x_wconf 86' lang='lat' dir='ltr'><strong>vobis</strong></span> <span class='ocrx_word' id='word_1_150' title='bbox 2293 1828 2493 1884; x_wconf 87' lang='lat' dir='ltr'><strong>locutus</strong></span> <span class='ocrx_word' id='word_1_151' title='bbox 2534 1846 2647 1883; x_wconf 91' lang='lat' dir='ltr'><strong>sum</strong></span> <span class='ocrx_word' id='word_1_152' title='bbox 2679 1828 2857 1901; x_wconf 88' lang='lat' dir='ltr'><strong>(Joan.</strong></span> <span class='ocrx_word' id='word_1_153' title='bbox 2900 1847 2999 1896; x_wconf 83' lang='lat' dir='ltr'><strong>vu,</strong></span> <span class='ocrx_word' id='word_1_154' title='bbox 3026 1831 3115 1901; x_wconf 86' lang='lat' dir='ltr'><strong>l);</strong></span> 
     </span>
    </p>
   </div>
   <div class='ocr_carea' id='block_1_21' title="bbox 127 1922 1599 1997">
    <p class='ocr_par' dir='ltr' id='par_1_21' title="bbox 127 1922 1599 1997">
     <span class='ocr_line' id='line_1_21' title="bbox 127 1922 1599 1997; baseline 0.003 -20"><span class='ocrx_word' id='word_1_155' title='bbox 127 1922 290 1979; x_wconf 80' lang='lat' dir='ltr'><strong>detur</strong></span> <span class='ocrx_word' id='word_1_156' title='bbox 310 1940 511 1990; x_wconf 90' lang='lat' dir='ltr'><strong>errare,</strong></span> <span class='ocrx_word' id='word_1_157' title='bbox 542 1933 598 1979; x_wconf 91' lang='lat' dir='ltr'><strong>et</strong></span> <span class='ocrx_word' id='word_1_158' title='bbox 625 1940 655 1980; x_wconf 88' lang='lat' dir='ltr'><strong>a</strong></span> <span class='ocrx_word' id='word_1_159' title='bbox 684 1926 900 1995; x_wconf 89' lang='lat' dir='ltr'><strong>pietatis</strong></span> <span class='ocrx_word' id='word_1_160' title='bbox 924 1927 1264 1997; x_wconf 84' lang='lat' dir='ltr'><strong>dogmatibus</strong></span> <span class='ocrx_word' id='word_1_161' title='bbox 1286 1929 1599 1984; x_wconf 85' lang='lat' dir='ltr'><strong>abhorrere.</strong></span> 
     </span>
    </p>
   </div>
   <div class='ocr_carea' id='block_1_22' title="bbox 130 2016 1731 2095">
    <p class='ocr_par' dir='ltr' id='par_1_22' title="bbox 130 2016 1731 2095">
     <span class='ocr_line' id='line_1_22' title="bbox 130 2016 1731 2095; baseline 0.002 -23"><span class='ocrx_word' id='word_1_162' title='bbox 130 2082 133 2083; x_wconf 19' lang='grc' dir='ltr'><em>ν</em></span> <span class='ocrx_word' id='word_1_163' title='bbox 200 2026 231 2055; x_wconf 70' lang='grc' dir='ltr'><strong>ει</strong></span> <span class='ocrx_word' id='word_1_164' title='bbox 270 2016 410 2083; x_wconf 88' lang='lat' dir='ltr'><strong>Quid</strong></span> <span class='ocrx_word' id='word_1_165' title='bbox 440 2017 600 2087; x_wconf 83' lang='lat' dir='ltr'><strong>igitur</strong></span> <span class='ocrx_word' id='word_1_166' title='bbox 628 2017 756 2073; x_wconf 91' lang='lat' dir='ltr'><strong>dicit</strong></span> <span class='ocrx_word' id='word_1_167' title='bbox 791 2021 1311 2076; x_wconf 88' lang='lat' dir='ltr'><strong>anathematismus?</strong></span> <span class='ocrx_word' id='word_1_168' title='bbox 1340 2021 1400 2077; x_wconf 89' lang='lat' dir='ltr'><strong>Si</strong></span> <span class='ocrx_word' id='word_1_169' title='bbox 1443 2024 1556 2095; x_wconf 87' lang='lat' dir='ltr'><strong>quis</strong></span> <span class='ocrx_word' id='word_1_170' title='bbox 1601 2021 1731 2076; x_wconf 86' lang='lat' dir='ltr'><strong>divi-</strong></span> 
     </span>
    </p>
   </div>
   <div class='ocr_carea' id='block_1_23' title="bbox 126 2110 1729 2186">
    <p class='ocr_par' dir='ltr' id='par_1_23' title="bbox 126 2110 1729 2186">
     <span class='ocr_line' id='line_1_23' title="bbox 126 2110 1729 2186; baseline 0.002 -24"><span class='ocrx_word' id='word_1_171' title='bbox 126 2110 223 2163; x_wconf 87' lang='lat' dir='ltr'><strong>dat</strong></span> <span class='ocrx_word' id='word_1_172' title='bbox 248 2126 392 2164; x_wconf 82' lang='lat' dir='ltr'><strong>voces</strong></span> <span class='ocrx_word' id='word_1_173' title='bbox 414 2110 509 2164; x_wconf 92' lang='lat' dir='ltr'><strong>hoc</strong></span> <span class='ocrx_word' id='word_1_174' title='bbox 538 2111 712 2177; x_wconf 92' lang='lat' dir='ltr'><strong>modo,</strong></span> <span class='ocrx_word' id='word_1_175' title='bbox 750 2121 805 2164; x_wconf 90' lang='lat' dir='ltr'><strong>ut</strong></span> <span class='ocrx_word' id='word_1_176' title='bbox 834 2112 929 2165; x_wconf 89' lang='lat' dir='ltr'><strong>has</strong></span> <span class='ocrx_word' id='word_1_177' title='bbox 968 2113 1174 2184; x_wconf 84' lang='lat' dir='ltr'><strong>quidem</strong></span> <span class='ocrx_word' id='word_1_178' title='bbox 1216 2123 1477 2186; x_wconf 86' lang='lat' dir='ltr'><strong>tamquam</strong></span> <span class='ocrx_word' id='word_1_179' title='bbox 1513 2112 1729 2175; x_wconf 86' lang='lat' dir='ltr'><strong>homini,</strong></span> 
     </span>
    </p>
   </div>
   <div class='ocr_carea' id='block_1_24' title="bbox 125 2201 1728 2277">
    <p class='ocr_par' dir='ltr' id='par_1_24' title="bbox 125 2201 1728 2277">
     <span class='ocr_line' id='line_1_24' title="bbox 125 2201 1728 2277; baseline 0.004 -26"><span class='ocrx_word' id='word_1_180' title='bbox 125 2202 214 2270; x_wconf 87' lang='lat' dir='ltr'><strong>qui</strong></span> <span class='ocrx_word' id='word_1_181' title='bbox 240 2211 426 2271; x_wconf 69' lang='lat' dir='ltr'><strong>praeter</strong></span> <span class='ocrx_word' id='word_1_182' title='bbox 447 2201 545 2256; x_wconf 88' lang='lat' dir='ltr'><strong>Dei</strong></span> <span class='ocrx_word' id='word_1_183' title='bbox 582 2202 806 2257; x_wconf 82' lang='lat' dir='ltr'><strong>Verbum</strong></span> <span class='ocrx_word' id='word_1_184' title='bbox 840 2207 1058 2259; x_wconf 89' lang='lat' dir='ltr'><strong>seorsim</strong></span> <span class='ocrx_word' id='word_1_185' title='bbox 1086 2205 1440 2277; x_wconf 85' lang='lat' dir='ltr'><strong>intelligatur,</strong></span> <span class='ocrx_word' id='word_1_186' title='bbox 1481 2205 1728 2276; x_wconf 83' lang='lat' dir='ltr'><strong>deputet;</strong></span> 
     </span>
    </p>
   </div>
   <div class='ocr_carea' id='block_1_25' title="bbox 127 2292 1731 2365">
    <p class='ocr_par' dir='ltr' id='par_1_25' title="bbox 127 2292 1731 2365">
     <span class='ocr_line' id='line_1_25' title="bbox 127 2292 1731 2365; baseline 0.006 -22"><span class='ocrx_word' id='word_1_187' title='bbox 127 2292 226 2345; x_wconf 86' lang='lat' dir='ltr'><strong>has</strong></span> <span class='ocrx_word' id='word_1_188' title='bbox 251 2309 364 2347; x_wconf 89' lang='lat' dir='ltr'><strong>vero</strong></span> <span class='ocrx_word' id='word_1_189' title='bbox 396 2301 662 2365; x_wconf 90' lang='lat' dir='ltr'><strong>tamquam</strong></span> <span class='ocrx_word' id='word_1_190' title='bbox 684 2296 905 2361; x_wconf 90' lang='lat' dir='ltr'><strong>divinas,</strong></span> <span class='ocrx_word' id='word_1_191' title='bbox 937 2298 1036 2351; x_wconf 85' lang='lat' dir='ltr'><strong>soli</strong></span> <span class='ocrx_word' id='word_1_192' title='bbox 1066 2296 1176 2351; x_wconf 92' lang='lat' dir='ltr'><strong>Deo</strong></span> <span class='ocrx_word' id='word_1_193' title='bbox 1210 2296 1377 2352; x_wconf 89' lang='lat' dir='ltr'><strong>Verbo</strong></span> <span class='ocrx_word' id='word_1_194' title='bbox 1395 2315 1413 2363; x_wconf 89' lang='lat'><strong>;</strong></span> <span class='ocrx_word' id='word_1_195' title='bbox 1446 2298 1731 2352; x_wconf 90' lang='lat' dir='ltr'><strong>anathema</strong></span> 
     </span>
    </p>
   </div>
   <div class='ocr_carea' id='block_1_26' title="bbox 123 2383 1749 2458">
    <p class='ocr_par' dir='ltr' id='par_1_26' title="bbox 123 2383 1749 2458">
     <span class='ocr_line' id='line_1_26' title="bbox 123 2383 1749 2458; baseline 0.005 -23"><span class='ocrx_word' id='word_1_196' title='bbox 123 2384 217 2436; x_wconf 89' lang='lat' dir='ltr'><strong>sit.</strong></span> <span class='ocrx_word' id='word_1_197' title='bbox 258 2383 397 2451; x_wconf 85' lang='lat' dir='ltr'><strong>Ergo</strong></span> <span class='ocrx_word' id='word_1_198' title='bbox 426 2386 471 2440; x_wconf 92' lang='lat' dir='ltr'><strong>si</strong></span> <span class='ocrx_word' id='word_1_199' title='bbox 496 2386 570 2451; x_wconf 89' lang='lat' dir='ltr'><strong>hi,</strong></span> <span class='ocrx_word' id='word_1_200' title='bbox 601 2387 694 2455; x_wconf 89' lang='lat' dir='ltr'><strong>qui</strong></span> <span class='ocrx_word' id='word_1_201' title='bbox 721 2387 967 2442; x_wconf 91' lang='lat' dir='ltr'><strong>dividunt</strong></span> <span class='ocrx_word' id='word_1_202' title='bbox 995 2396 1050 2443; x_wconf 91' lang='lat' dir='ltr'><strong>et</strong></span> <span class='ocrx_word' id='word_1_203' title='bbox 1088 2399 1344 2458; x_wconf 86' lang='lat' dir='ltr'><strong>separant</strong></span> <span class='ocrx_word' id='word_1_204' title='bbox 1373 2392 1425 2443; x_wconf 93' lang='lat' dir='ltr'><strong>in</strong></span> <span class='ocrx_word' id='word_1_205' title='bbox 1454 2390 1749 2445; x_wconf 85' lang='lat' dir='ltr'><strong>hominem</strong></span> 
     </span>
    </p>
   </div>
   <div class='ocr_carea' id='block_1_27' title="bbox 121 2477 1728 2552">
    <p class='ocr_par' dir='ltr' id='par_1_27' title="bbox 121 2477 1728 2552">
     <span class='ocr_line' id='line_1_27' title="bbox 121 2477 1728 2552; baseline 0.003 -22"><span class='ocrx_word' id='word_1_206' title='bbox 121 2477 377 2543; x_wconf 87' lang='lat' dir='ltr'><strong>seorsim,</strong></span> <span class='ocrx_word' id='word_1_207' title='bbox 410 2485 465 2532; x_wconf 92' lang='lat' dir='ltr'><strong>et</strong></span> <span class='ocrx_word' id='word_1_208' title='bbox 494 2479 547 2533; x_wconf 91' lang='lat' dir='ltr'><strong>in</strong></span> <span class='ocrx_word' id='word_1_209' title='bbox 576 2478 671 2532; x_wconf 90' lang='lat' dir='ltr'><strong>Dei</strong></span> <span class='ocrx_word' id='word_1_210' title='bbox 703 2478 910 2550; x_wconf 78' lang='lat' dir='ltr'><strong>[Baluz.</strong></span> <span class='ocrx_word' id='word_1_211' title='bbox 962 2479 1152 2552; x_wconf 89' lang='lat' dir='ltr'><strong>Deum]</strong></span> <span class='ocrx_word' id='word_1_212' title='bbox 1183 2481 1420 2536; x_wconf 87' lang='lat' dir='ltr'><strong>Verbum</strong></span> <span class='ocrx_word' id='word_1_213' title='bbox 1467 2483 1728 2547; x_wconf 80' lang='lat' dir='ltr'><strong>seorsiin,</strong></span> 
     </span>
    </p>
   </div>
   <div class='ocr_carea' id='block_1_28' title="bbox 121 2569 1730 2639">
    <p class='ocr_par' dir='ltr' id='par_1_28' title="bbox 121 2569 1730 2639">
     <span class='ocr_line' id='line_1_28' title="bbox 121 2569 1730 2639; baseline 0.004 -19"><span class='ocrx_word' id='word_1_214' title='bbox 121 2583 243 2622; x_wconf 91' lang='lat' dir='ltr'><strong>non</strong></span> <span class='ocrx_word' id='word_1_215' title='bbox 266 2569 507 2623; x_wconf 88' lang='lat' dir='ltr'><strong>dividunt</strong></span> <span class='ocrx_word' id='word_1_216' title='bbox 545 2586 711 2625; x_wconf 90' lang='lat' dir='ltr'><strong>unum</strong></span> <span class='ocrx_word' id='word_1_217' title='bbox 749 2570 1043 2639; x_wconf 87' lang='lat' dir='ltr'><strong>Christum,</strong></span> <span class='ocrx_word' id='word_1_218' title='bbox 1073 2574 1339 2629; x_wconf 75' lang='lat' dir='ltr'><strong>nec-duos</strong></span> <span class='ocrx_word' id='word_1_219' title='bbox 1360 2574 1499 2628; x_wconf 84' lang='lat' dir='ltr'><strong>ﬁlios</strong></span> <span class='ocrx_word' id='word_1_220' title='bbox 1526 2572 1730 2637; x_wconf 90' lang='lat' dir='ltr'><strong>dicunt,</strong></span> 
     </span>
    </p>
   </div>
   <div class='ocr_carea' id='block_1_29' title="bbox 119 2660 1735 2734">
    <p class='ocr_par' dir='ltr' id='par_1_29' title="bbox 119 2660 1735 2734">
     <span class='ocr_line' id='line_1_29' title="bbox 119 2660 1735 2734; baseline 0.003 -19"><span class='ocrx_word' id='word_1_221' title='bbox 119 2660 331 2717; x_wconf 86' lang='lat' dir='ltr'><strong>merito</strong></span> <span class='ocrx_word' id='word_1_222' title='bbox 360 2662 490 2715; x_wconf 91' lang='lat' dir='ltr'><strong>mihi</strong></span> <span class='ocrx_word' id='word_1_223' title='bbox 519 2672 872 2719; x_wconf 89' lang='lat' dir='ltr'><strong>succenseant</strong></span> <span class='ocrx_word' id='word_1_224' title='bbox 920 2664 1322 2734; x_wconf 89' lang='lat' dir='ltr'><strong>objurgatores;</strong></span> <span class='ocrx_word' id='word_1_225' title='bbox 1373 2666 1455 2719; x_wconf 87' lang='lat' dir='ltr'><strong>sin</strong></span> <span class='ocrx_word' id='word_1_226' title='bbox 1480 2680 1610 2720; x_wconf 88' lang='lat' dir='ltr'><strong>vero</strong></span> <span class='ocrx_word' id='word_1_227' title='bbox 1658 2665 1735 2720; x_wconf 91' lang='lat' dir='ltr'><strong>ita</strong></span> 
     </span>
    </p>
   </div>
   <div class='ocr_carea' id='block_1_30' title="bbox 119 2754 1732 2827">
    <p class='ocr_par' dir='ltr' id='par_1_30' title="bbox 119 2754 1732 2827">
     <span class='ocr_line' id='line_1_30' title="bbox 119 2754 1732 2827; baseline 0.001 -17"><span class='ocrx_word' id='word_1_228' title='bbox 119 2754 356 2819; x_wconf 74' lang='lat' dir='ltr'><strong>sentire,</strong></span> <span class='ocrx_word' id='word_1_229' title='bbox 383 2755 543 2824; x_wconf 84' lang='lat' dir='ltr'><strong>plane</strong></span> <span class='ocrx_word' id='word_1_230' title='bbox 562 2756 755 2812; x_wconf 89' lang='lat' dir='ltr'><strong>divisio</strong></span> <span class='ocrx_word' id='word_1_231' title='bbox 784 2765 885 2823; x_wconf 90' lang='lat' dir='ltr'><strong>est,</strong></span> <span class='ocrx_word' id='word_1_232' title='bbox 915 2758 1267 2826; x_wconf 87' lang='lat' dir='ltr'><strong>quamobrem</strong></span> <span class='ocrx_word' id='word_1_233' title='bbox 1296 2774 1447 2814; x_wconf 90' lang='lat' dir='ltr'><strong>meos</strong></span> <span class='ocrx_word' id='word_1_234' title='bbox 1476 2758 1732 2827; x_wconf 85' lang='lat' dir='ltr'><strong>objurga-</strong></span> 
     </span>
    </p>
   </div>
   <div class='ocr_carea' id='block_1_31' title="bbox 123 2844 1732 2925">
    <p class='ocr_par' dir='ltr' id='par_1_31' title="bbox 123 2844 1732 2925">
     <span class='ocr_line' id='line_1_31' title="bbox 123 2844 1732 2925; baseline 0.004 -27"><span class='ocrx_word' id='word_1_235' title='bbox 123 2844 311 2899; x_wconf 90' lang='lat' dir='ltr'><strong>verint</strong></span> <span class='ocrx_word' id='word_1_236' title='bbox 332 2861 643 2915; x_wconf 89' lang='lat' dir='ltr'><strong>sermones;</strong></span> <span class='ocrx_word' id='word_1_237' title='bbox 668 2864 790 2904; x_wconf 91' lang='lat' dir='ltr'><strong>eum</strong></span> <span class='ocrx_word' id='word_1_238' title='bbox 817 2850 1117 2918; x_wconf 66' lang='lat' dir='ltr'><strong>prsesertim</strong></span> <span class='ocrx_word' id='word_1_239' title='bbox 1144 2850 1247 2920; x_wconf 87' lang='lat' dir='ltr'><strong>ipsi</strong></span> <span class='ocrx_word' id='word_1_240' title='bbox 1275 2865 1493 2925; x_wconf 89' lang='lat' dir='ltr'><strong>quoque</strong></span> <span class='ocrx_word' id='word_1_241' title='bbox 1519 2865 1587 2905; x_wconf 83' lang='lat' dir='ltr'><strong>ex</strong></span> <span class='ocrx_word' id='word_1_242' title='bbox 1608 2850 1691 2905; x_wconf 88' lang='lat' dir='ltr'><strong>bis</strong></span> <span class='ocrx_word' id='word_1_243' title='bbox 1715 2890 1732 2915; x_wconf 90' lang='lat'><strong>,</strong></span> 
     </span>
    </p>
   </div>
   <div class='ocr_carea' id='block_1_32' title="bbox 122 2937 1734 3013">
    <p class='ocr_par' dir='ltr' id='par_1_32' title="bbox 122 2937 1734 3013">
     <span class='ocr_line' id='line_1_32' title="bbox 122 2937 1734 3013; baseline 0.004 -22"><span class='ocrx_word' id='word_1_244' title='bbox 122 2952 256 3007; x_wconf 65' lang='lat' dir='ltr'><strong>qua:</strong></span> <span class='ocrx_word' id='word_1_245' title='bbox 275 2937 480 3004; x_wconf 87' lang='lat' dir='ltr'><strong>dicunt,</strong></span> <span class='ocrx_word' id='word_1_246' title='bbox 515 2939 847 2996; x_wconf 90' lang='lat' dir='ltr'><strong>individuum</strong></span> <span class='ocrx_word' id='word_1_247' title='bbox 892 2949 948 2997; x_wconf 92' lang='lat' dir='ltr'><strong>et</strong></span> <span class='ocrx_word' id='word_1_248' title='bbox 976 2958 1141 2997; x_wconf 88' lang='lat' dir='ltr'><strong>unum</strong></span> <span class='ocrx_word' id='word_1_249' title='bbox 1171 2958 1271 3013; x_wconf 90' lang='lat' dir='ltr'><strong>per</strong></span> <span class='ocrx_word' id='word_1_250' title='bbox 1300 2944 1559 2999; x_wconf 88' lang='lat' dir='ltr'><strong>unitatem</strong></span> <span class='ocrx_word' id='word_1_251' title='bbox 1589 2958 1734 2999; x_wconf 92' lang='lat' dir='ltr'><strong>sum-</strong></span> 
     </span>
    </p>
   </div>
   <div class='ocr_carea' id='block_1_33' title="bbox 123 3029 1197 3089">
    <p class='ocr_par' dir='ltr' id='par_1_33' title="bbox 123 3029 1197 3089">
     <span class='ocr_line' id='line_1_33' title="bbox 123 3029 1197 3089; baseline 0.007 -7"><span class='ocrx_word' id='word_1_252' title='bbox 123 3045 279 3083; x_wconf 86' lang='lat' dir='ltr'><strong>mam</strong></span> <span class='ocrx_word' id='word_1_253' title='bbox 307 3029 668 3087; x_wconf 86' lang='lat' dir='ltr'><strong>conliteantur</strong></span> <span class='ocrx_word' id='word_1_254' title='bbox 694 3049 812 3089; x_wconf 91' lang='lat' dir='ltr'><strong>esse</strong></span> <span class='ocrx_word' id='word_1_255' title='bbox 842 3033 1197 3089; x_wconf 86' lang='lat' dir='ltr'><strong>Emmanuel?</strong></span> 
     </span>
    </p>
   </div>
   <div class='ocr_carea' id='block_1_34' title="bbox 200 3118 1736 3195">
    <p class='ocr_par' dir='ltr' id='par_1_34' title="bbox 200 3118 1736 3195">
     <span class='ocr_line' id='line_1_34' title="bbox 200 3118 1736 3195; baseline 0.007 -20"><span class='ocrx_word' id='word_1_256' title='bbox 200 3118 233 3159; x_wconf 72' lang='grc' dir='ltr'><strong>ι’</strong></span> <span class='ocrx_word' id='word_1_257' title='bbox 274 3119 448 3177; x_wconf 81' lang='lat' dir='ltr'><strong>Voces</strong></span> <span class='ocrx_word' id='word_1_258' title='bbox 486 3122 703 3192; x_wconf 89' lang='lat' dir='ltr'><strong>quidem</strong></span> <span class='ocrx_word' id='word_1_259' title='bbox 732 3125 985 3194; x_wconf 88' lang='lat' dir='ltr'><strong>singulas,</strong></span> <span class='ocrx_word' id='word_1_260' title='bbox 1018 3141 1137 3194; x_wconf 61' lang='lat' dir='ltr'><strong>qua:</strong></span> <span class='ocrx_word' id='word_1_261' title='bbox 1183 3134 1309 3181; x_wconf 91' lang='lat' dir='ltr'><strong>sunt</strong></span> <span class='ocrx_word' id='word_1_262' title='bbox 1335 3127 1523 3195; x_wconf 83' lang='lat' dir='ltr'><strong>dictae,</strong></span> <span class='ocrx_word' id='word_1_263' title='bbox 1551 3129 1639 3185; x_wconf 88' lang='lat' dir='ltr'><strong>vel</strong></span> <span class='ocrx_word' id='word_1_264' title='bbox 1665 3130 1736 3185; x_wconf 88' lang='lat' dir='ltr'><strong>de</strong></span> 
     </span>
    </p>
   </div>
   <div class='ocr_carea' id='block_1_35' title="bbox 1828 524 3418 597">
    <p class='ocr_par' dir='ltr' id='par_1_35' title="bbox 1828 524 3418 597">
     <span class='ocr_line' id='line_1_35' title="bbox 1828 524 3418 597; baseline 0.006 -19"><span class='ocrx_word' id='word_1_265' title='bbox 1828 524 1974 596; x_wconf 74' lang='lat' dir='ltr'><strong>plex,</strong></span> <span class='ocrx_word' id='word_1_266' title='bbox 2014 526 2105 579; x_wconf 89' lang='lat' dir='ltr'><strong>sed</strong></span> <span class='ocrx_word' id='word_1_267' title='bbox 2149 543 2280 581; x_wconf 88' lang='lat' dir='ltr'><strong>unus</strong></span> <span class='ocrx_word' id='word_1_268' title='bbox 2322 537 2398 583; x_wconf 89' lang='lat' dir='ltr'><strong>est</strong></span> <span class='ocrx_word' id='word_1_269' title='bbox 2424 536 2475 583; x_wconf 89' lang='lat' dir='ltr'><strong>et</strong></span> <span class='ocrx_word' id='word_1_270' title='bbox 2500 529 2639 584; x_wconf 89' lang='lat' dir='ltr'><strong>solus</strong></span> <span class='ocrx_word' id='word_1_271' title='bbox 2661 528 2927 597; x_wconf 80' lang='lat' dir='ltr'><strong>Christus,</strong></span> <span class='ocrx_word' id='word_1_272' title='bbox 2958 531 3075 586; x_wconf 88' lang='lat' dir='ltr'><strong>licet</strong></span> <span class='ocrx_word' id='word_1_273' title='bbox 3117 548 3182 586; x_wconf 76' lang='lat' dir='ltr'><strong>ea:</strong></span> <span class='ocrx_word' id='word_1_274' title='bbox 3218 531 3418 589; x_wconf 79' lang='lat' dir='ltr'><strong>duabus</strong></span> 
     </span>
    </p>
   </div>
   <div class='ocr_carea' id='block_1_36' title="bbox 1826 610 3421 703">
    <p class='ocr_par' dir='ltr' id='par_1_36' title="bbox 1826 610 3421 703">
     <span class='ocr_line' id='line_1_36' title="bbox 1826 610 3421 703; baseline 0.008 -30"><span class='ocrx_word' id='word_1_275' title='bbox 1826 620 1975 674; x_wconf 90' lang='lat' dir='ltr'><strong>rebus</strong></span> <span class='ocrx_word' id='word_1_276' title='bbox 2020 622 2233 678; x_wconf 86' lang='lat' dir='ltr'><strong>diversis</strong></span> <span class='ocrx_word' id='word_1_277' title='bbox 2282 610 2601 696; x_wconf 88' lang='lat' dir='ltr'><strong>intelligatur</strong></span> <span class='ocrx_word' id='word_1_278' title='bbox 2648 628 2701 681; x_wconf 88' lang='lat' dir='ltr'><strong>in</strong></span> <span class='ocrx_word' id='word_1_279' title='bbox 2728 644 2887 681; x_wconf 89' lang='lat' dir='ltr'><strong>unam</strong></span> <span class='ocrx_word' id='word_1_280' title='bbox 2923 626 3421 703; x_wconf 75' lang='lat' dir='ltr'><strong>inseparabilemque</strong></span> 
     </span>
    </p>
   </div>
   <div class='ocr_carea' id='block_1_37' title="bbox 1826 717 3422 787">
    <p class='ocr_par' dir='ltr' id='par_1_37' title="bbox 1826 717 3422 787">
     <span class='ocr_line' id='line_1_37' title="bbox 1826 717 3422 787; baseline 0.008 -20"><span class='ocrx_word' id='word_1_281' title='bbox 1826 717 2076 768; x_wconf 87' lang='lat' dir='ltr'><strong>unitatem</strong></span> <span class='ocrx_word' id='word_1_282' title='bbox 2105 717 2265 787; x_wconf 88' lang='lat' dir='ltr'><strong>fuisse</strong></span> <span class='ocrx_word' id='word_1_283' title='bbox 2311 717 2531 774; x_wconf 87' lang='lat' dir='ltr'><strong>collatus</strong></span> <span class='ocrx_word' id='word_1_284' title='bbox 2567 735 2585 773; x_wconf 91' lang='lat'><strong><em>:</em></strong></span> <span class='ocrx_word' id='word_1_285' title='bbox 2617 719 2751 773; x_wconf 89' lang='lat' dir='ltr'><strong>sicut</strong></span> <span class='ocrx_word' id='word_1_286' title='bbox 2786 720 2944 773; x_wconf 89' lang='lat' dir='ltr'><strong>etiam</strong></span> <span class='ocrx_word' id='word_1_287' title='bbox 2983 718 3165 787; x_wconf 90' lang='lat' dir='ltr'><strong>homo,</strong></span> <span class='ocrx_word' id='word_1_288' title='bbox 3197 720 3315 775; x_wconf 83' lang='lat' dir='ltr'><strong>licet</strong></span> <span class='ocrx_word' id='word_1_289' title='bbox 3354 737 3422 779; x_wconf 67' lang='lat' dir='ltr'><strong>es</strong></span> 
     </span>
    </p>
   </div>
   <div class='ocr_carea' id='block_1_38' title="bbox 1826 812 3423 888">
    <p class='ocr_par' dir='ltr' id='par_1_38' title="bbox 1826 812 3423 888">
     <span class='ocr_line' id='line_1_38' title="bbox 1826 812 3423 888; baseline 0.004 -23"><span class='ocrx_word' id='word_1_290' title='bbox 1826 812 2004 865; x_wconf 91' lang='lat' dir='ltr'><strong>anima</strong></span> <span class='ocrx_word' id='word_1_291' title='bbox 2030 812 2350 883; x_wconf 86' lang='lat' dir='ltr'><strong>intelligatur</strong></span> <span class='ocrx_word' id='word_1_292' title='bbox 2378 822 2428 868; x_wconf 88' lang='lat' dir='ltr'><strong>et</strong></span> <span class='ocrx_word' id='word_1_293' title='bbox 2456 831 2689 886; x_wconf 84' lang='lat' dir='ltr'><strong>corpore,</strong></span> <span class='ocrx_word' id='word_1_294' title='bbox 2720 832 2825 871; x_wconf 88' lang='lat' dir='ltr'><strong>non</strong></span> <span class='ocrx_word' id='word_1_295' title='bbox 2852 816 2968 871; x_wconf 90' lang='lat' dir='ltr'><strong>ideo</strong></span> <span class='ocrx_word' id='word_1_296' title='bbox 2990 816 3181 888; x_wconf 76' lang='lat' dir='ltr'><strong>duplex</strong></span> <span class='ocrx_word' id='word_1_297' title='bbox 3207 825 3303 883; x_wconf 85' lang='lat' dir='ltr'><strong>est,</strong></span> <span class='ocrx_word' id='word_1_298' title='bbox 3330 816 3423 872; x_wconf 86' lang='lat' dir='ltr'><strong>sed</strong></span> 
     </span>
    </p>
   </div>
   <div class='ocr_carea' id='block_1_39' title="bbox 1826 906 3425 977">
    <p class='ocr_par' dir='ltr' id='par_1_39' title="bbox 1826 906 3425 977">
     <span class='ocr_line' id='line_1_39' title="bbox 1826 906 3425 977; baseline 0.004 -19"><span class='ocrx_word' id='word_1_299' title='bbox 1826 921 1957 959; x_wconf 90' lang='lat' dir='ltr'><strong>unus</strong></span> <span class='ocrx_word' id='word_1_300' title='bbox 1992 921 2057 958; x_wconf 78' lang='lat' dir='ltr'><strong>ea;</strong></span> <span class='ocrx_word' id='word_1_301' title='bbox 2084 913 2316 977; x_wconf 88' lang='lat' dir='ltr'><strong>utroque.</strong></span> <span class='ocrx_word' id='word_1_302' title='bbox 2357 906 2464 961; x_wconf 90' lang='lat' dir='ltr'><strong>Sed</strong></span> <span class='ocrx_word' id='word_1_303' title='bbox 2510 908 2763 964; x_wconf 89' lang='lat' dir='ltr'><strong>humanas</strong></span> <span class='ocrx_word' id='word_1_304' title='bbox 2804 924 2971 975; x_wconf 90' lang='lat' dir='ltr'><strong>voces,</strong></span> <span class='ocrx_word' id='word_1_305' title='bbox 3018 925 3219 964; x_wconf 82' lang='lat' dir='ltr'><strong>necnon</strong></span> <span class='ocrx_word' id='word_1_306' title='bbox 3265 909 3425 964; x_wconf 89' lang='lat' dir='ltr'><strong>etiam</strong></span> 
     </span>
    </p>
   </div>
   <div class='ocr_carea' id='block_1_40' title="bbox 1829 998 3419 1073">
    <p class='ocr_par' dir='ltr' id='par_1_40' title="bbox 1829 998 3419 1073">
     <span class='ocr_line' id='line_1_40' title="bbox 1829 998 3419 1073; baseline 0.004 -22"><span class='ocrx_word' id='word_1_307' title='bbox 1829 998 2047 1065; x_wconf 89' lang='lat' dir='ltr'><strong>divinas,</strong></span> <span class='ocrx_word' id='word_1_308' title='bbox 2079 998 2143 1052; x_wconf 92' lang='lat' dir='ltr'><strong>ab</strong></span> <span class='ocrx_word' id='word_1_309' title='bbox 2172 1000 2285 1070; x_wconf 89' lang='lat' dir='ltr'><strong>ipso</strong></span> <span class='ocrx_word' id='word_1_310' title='bbox 2326 1002 2557 1071; x_wconf 85' lang='lat' dir='ltr'><strong>prolatas</strong></span> <span class='ocrx_word' id='word_1_311' title='bbox 2587 1019 2728 1069; x_wconf 88' lang='lat' dir='ltr'><strong>esse,</strong></span> <span class='ocrx_word' id='word_1_312' title='bbox 2770 1004 3053 1058; x_wconf 84' lang='lat' dir='ltr'><strong>rectissime</strong></span> <span class='ocrx_word' id='word_1_313' title='bbox 3092 1004 3419 1073; x_wconf 87' lang='lat' dir='ltr'><strong>conﬁtemur.</strong></span> 
     </span>
    </p>
   </div>
   <div class='ocr_carea' id='block_1_41' title="bbox 1834 1092 3425 1171">
    <p class='ocr_par' dir='ltr' id='par_1_41' title="bbox 1834 1092 3425 1171">
     <span class='ocr_line' id='line_1_41' title="bbox 1834 1092 3425 1171; baseline 0.003 -25"><span class='ocrx_word' id='word_1_314' title='bbox 1834 1092 1931 1147; x_wconf 90' lang='lat' dir='ltr'><strong>Ubi</strong></span> <span class='ocrx_word' id='word_1_315' title='bbox 1955 1095 2111 1160; x_wconf 90' lang='lat' dir='ltr'><strong>enim,</strong></span> <span class='ocrx_word' id='word_1_316' title='bbox 2142 1104 2197 1147; x_wconf 89' lang='lat' dir='ltr'><strong>ut</strong></span> <span class='ocrx_word' id='word_1_317' title='bbox 2225 1094 2385 1160; x_wconf 85' lang='lat' dir='ltr'><strong>Deus,</strong></span> <span class='ocrx_word' id='word_1_318' title='bbox 2417 1095 2479 1150; x_wconf 89' lang='lat' dir='ltr'><strong>de</strong></span> <span class='ocrx_word' id='word_1_319' title='bbox 2500 1114 2555 1152; x_wconf 90' lang='lat' dir='ltr'><strong>se</strong></span> <span class='ocrx_word' id='word_1_320' title='bbox 2578 1098 2723 1152; x_wconf 86' lang='lat' dir='ltr'><strong>docet</strong></span> <span class='ocrx_word' id='word_1_321' title='bbox 2748 1098 2953 1171; x_wconf 76' lang='lat' dir='ltr'><strong>[Baluz.</strong></span> <span class='ocrx_word' id='word_1_322' title='bbox 2979 1095 3125 1168; x_wconf 87' lang='lat' dir='ltr'><strong>dicit]</strong></span> <span class='ocrx_word' id='word_1_323' title='bbox 3158 1116 3170 1150; x_wconf 89' lang='lat'><strong>:</strong></span> <span class='ocrx_word' id='word_1_324' title='bbox 3206 1094 3307 1161; x_wconf 85' lang='lat' dir='ltr'><strong>Qui</strong></span> <span class='ocrx_word' id='word_1_325' title='bbox 3341 1112 3425 1151; x_wconf 77' lang='lat' dir='ltr'><strong>me</strong></span> 
     </span>
    </p>
   </div>
   <div class='ocr_carea' id='block_1_42' title="bbox 1830 1184 3507 1263">
    <p class='ocr_par' dir='ltr' id='par_1_42' title="bbox 1830 1184 3507 1263">
     <span class='ocr_line' id='line_1_42' title="bbox 1830 1184 3507 1263; baseline 0.004 -25"><span class='ocrx_word' id='word_1_326' title='bbox 1830 1184 1982 1251; x_wconf 76' lang='lat' dir='ltr'><strong>videt;</strong></span> <span class='ocrx_word' id='word_1_327' title='bbox 2014 1185 2147 1240; x_wconf 89' lang='lat' dir='ltr'><strong>videt</strong></span> <span class='ocrx_word' id='word_1_328' title='bbox 2176 1196 2225 1239; x_wconf 91' lang='lat' dir='ltr'><strong>et</strong></span> <span class='ocrx_word' id='word_1_329' title='bbox 2252 1186 2467 1242; x_wconf 88' lang='lat' dir='ltr'><strong>Patrem</strong></span> <span class='ocrx_word' id='word_1_330' title='bbox 2494 1206 2663 1245; x_wconf 89' lang='lat' dir='ltr'><strong>meum</strong></span> <span class='ocrx_word' id='word_1_331' title='bbox 2689 1189 2871 1263; x_wconf 81' lang='lat' dir='ltr'><strong>(Ioan.</strong></span> <span class='ocrx_word' id='word_1_332' title='bbox 2902 1208 3012 1257; x_wconf 71' lang='lat' dir='ltr'><strong>xxv,</strong></span> <span class='ocrx_word' id='word_1_333' title='bbox 3054 1190 3107 1260; x_wconf 87' lang='grc'><strong>9)</strong></span> <span class='ocrx_word' id='word_1_334' title='bbox 3135 1209 3149 1258; x_wconf 88' lang='grc'>;</span> <span class='ocrx_word' id='word_1_335' title='bbox 3187 1198 3278 1245; x_wconf 91' lang='lat' dir='ltr'><strong>et:</strong></span> <span class='ocrx_word' id='word_1_336' title='bbox 3304 1188 3421 1262; x_wconf 87' lang='lat' dir='ltr'><strong>Ego</strong></span> <span class='ocrx_word' id='word_1_337' title='bbox 3504 1254 3507 1261; x_wconf 24' lang='grc' dir='ltr'><strong>η</strong></span> 
     </span>
    </p>
   </div>
   <div class='ocr_carea' id='block_1_43' title="bbox 1829 1277 3423 1352">
    <p class='ocr_par' dir='ltr' id='par_1_43' title="bbox 1829 1277 3423 1352">
     <span class='ocr_line' id='line_1_43' title="bbox 1829 1277 3423 1352; baseline 0.004 -22"><span class='ocrx_word' id='word_1_338' title='bbox 1829 1286 1878 1331; x_wconf 89' lang='lat' dir='ltr'><strong>et</strong></span> <span class='ocrx_word' id='word_1_339' title='bbox 1920 1277 2079 1332; x_wconf 89' lang='lat' dir='ltr'><strong>Pater</strong></span> <span class='ocrx_word' id='word_1_340' title='bbox 2118 1292 2276 1332; x_wconf 88' lang='lat' dir='ltr'><strong>unum</strong></span> <span class='ocrx_word' id='word_1_341' title='bbox 2314 1296 2487 1334; x_wconf 88' lang='lat' dir='ltr'><strong>sumus</strong></span> <span class='ocrx_word' id='word_1_342' title='bbox 2536 1280 2714 1351; x_wconf 85' lang='lat' dir='ltr'><strong>(Joan.</strong></span> <span class='ocrx_word' id='word_1_343' title='bbox 2740 1299 2805 1349; x_wconf 73' lang='grc' dir='ltr'><strong>χ,</strong></span> <span class='ocrx_word' id='word_1_344' title='bbox 2839 1281 2957 1352; x_wconf 81' lang='grc'><strong>’50);</strong></span> <span class='ocrx_word' id='word_1_345' title='bbox 2990 1281 3215 1336; x_wconf 87' lang='lat' dir='ltr'><strong>divinam</strong></span> <span class='ocrx_word' id='word_1_346' title='bbox 3260 1280 3423 1351; x_wconf 79' lang='lat' dir='ltr'><strong>ipsius</strong></span> 
     </span>
    </p>
   </div>
   <div class='ocr_carea' id='block_1_44' title="bbox 1831 1369 3425 1446">
    <p class='ocr_par' dir='ltr' id='par_1_44' title="bbox 1831 1369 3425 1446">
     <span class='ocr_line' id='line_1_44' title="bbox 1831 1369 3425 1446; baseline 0.003 -23"><span class='ocrx_word' id='word_1_347' title='bbox 1831 1369 2184 1441; x_wconf 86' lang='lat' dir='ltr'><strong>intelligimus,</strong></span> <span class='ocrx_word' id='word_1_348' title='bbox 2208 1387 2553 1444; x_wconf 82' lang='lat' dir='ltr'><strong>arcanumque</strong></span> <span class='ocrx_word' id='word_1_349' title='bbox 2580 1382 2841 1440; x_wconf 90' lang='lat' dir='ltr'><strong>naturam,</strong></span> <span class='ocrx_word' id='word_1_350' title='bbox 2864 1392 2954 1445; x_wconf 88' lang='lat' dir='ltr'><strong>per</strong></span> <span class='ocrx_word' id='word_1_351' title='bbox 2981 1390 3135 1446; x_wconf 86' lang='lat' dir='ltr'><strong>quam</strong></span> <span class='ocrx_word' id='word_1_352' title='bbox 3157 1382 3234 1428; x_wconf 91' lang='lat' dir='ltr'><strong>est</strong></span> <span class='ocrx_word' id='word_1_353' title='bbox 3263 1389 3425 1428; x_wconf 89' lang='lat' dir='ltr'><strong>unum</strong></span> 
     </span>
    </p>
   </div>
   <div class='ocr_carea' id='block_1_45' title="bbox 1832 1460 3426 1535">
    <p class='ocr_par' dir='ltr' id='par_1_45' title="bbox 1832 1460 3426 1535">
     <span class='ocr_line' id='line_1_45' title="bbox 1832 1460 3426 1535; baseline 0.002 -21"><span class='ocrx_word' id='word_1_354' title='bbox 1832 1460 1901 1515; x_wconf 91' lang='lat' dir='ltr'><strong>ad</strong></span> <span class='ocrx_word' id='word_1_355' title='bbox 1929 1460 2143 1516; x_wconf 86' lang='lat' dir='ltr'><strong>Patrem</strong></span> <span class='ocrx_word' id='word_1_356' title='bbox 2182 1478 2356 1528; x_wconf 91' lang='lat' dir='ltr'><strong>suum,</strong></span> <span class='ocrx_word' id='word_1_357' title='bbox 2390 1473 2599 1535; x_wconf 84' lang='lat' dir='ltr'><strong>propter</strong></span> <span class='ocrx_word' id='word_1_358' title='bbox 2638 1462 2939 1521; x_wconf 77' lang='lat' dir='ltr'><strong>substantia:</strong></span> <span class='ocrx_word' id='word_1_359' title='bbox 2966 1466 3259 1525; x_wconf 83' lang='grc' dir='ltr'>ταυτότητα</span> <span class='ocrx_word' id='word_1_360' title='bbox 3294 1482 3306 1517; x_wconf 91' lang='lat'><strong>:</strong></span> <span class='ocrx_word' id='word_1_361' title='bbox 3348 1469 3426 1519; x_wconf 81' lang='lat' dir='ltr'><strong>est</strong></span> 
     </span>
    </p>
   </div>
   <div class='ocr_carea' id='block_1_46' title="bbox 1826 1552 3429 1625">
    <p class='ocr_par' dir='ltr' id='par_1_46' title="bbox 1826 1552 3429 1625">
     <span class='ocr_line' id='line_1_46' title="bbox 1826 1552 3429 1625; baseline 0.002 -22"><span class='ocrx_word' id='word_1_362' title='bbox 1826 1552 1968 1621; x_wconf 86' lang='lat' dir='ltr'><strong>enim</strong></span> <span class='ocrx_word' id='word_1_363' title='bbox 2013 1552 2183 1623; x_wconf 87' lang='lat' dir='ltr'><strong>imago</strong></span> <span class='ocrx_word' id='word_1_364' title='bbox 2218 1561 2267 1605; x_wconf 90' lang='lat' dir='ltr'><strong>et</strong></span> <span class='ocrx_word' id='word_1_365' title='bbox 2305 1552 2493 1623; x_wconf 84' lang='lat' dir='ltr'><strong>ﬁgura,</strong></span> <span class='ocrx_word' id='word_1_366' title='bbox 2544 1561 2594 1606; x_wconf 89' lang='lat' dir='ltr'><strong>et</strong></span> <span class='ocrx_word' id='word_1_367' title='bbox 2645 1554 2816 1607; x_wconf 86' lang='lat' dir='ltr'><strong>lumen</strong></span> <span class='ocrx_word' id='word_1_368' title='bbox 2864 1556 3045 1625; x_wconf 73' lang='lat' dir='ltr'><strong>gloria:</strong></span> <span class='ocrx_word' id='word_1_369' title='bbox 3094 1555 3273 1625; x_wconf 86' lang='lat' dir='ltr'><strong>ipsius.</strong></span> <span class='ocrx_word' id='word_1_370' title='bbox 3326 1552 3429 1609; x_wconf 91' lang='lat' dir='ltr'><strong>Ubi</strong></span> 
     </span>
    </p>
   </div>
   <div class='ocr_carea' id='block_1_47' title="bbox 1832 1644 3427 1700">
    <p class='ocr_par' dir='ltr' id='par_1_47' title="bbox 1832 1644 3427 1700">
     <span class='ocr_line' id='line_1_47' title="bbox 1832 1644 3427 1700; baseline 0.002 -3"><span class='ocrx_word' id='word_1_371' title='bbox 1832 1660 1950 1697; x_wconf 90' lang='lat' dir='ltr'><strong>vero</strong></span> <span class='ocrx_word' id='word_1_372' title='bbox 1998 1644 2335 1697; x_wconf 80' lang='lat' dir='ltr'><strong>humanitatis</strong></span> <span class='ocrx_word' id='word_1_373' title='bbox 2375 1660 2671 1699; x_wconf 89' lang='lat' dir='ltr'><strong>mensuram</strong></span> <span class='ocrx_word' id='word_1_374' title='bbox 2712 1661 2818 1699; x_wconf 89' lang='lat' dir='ltr'><strong>non</strong></span> <span class='ocrx_word' id='word_1_375' title='bbox 2856 1646 3171 1700; x_wconf 89' lang='lat' dir='ltr'><strong>inhonorans</strong></span> <span class='ocrx_word' id='word_1_376' title='bbox 3211 1645 3427 1700; x_wconf 70' lang='lat' dir='ltr'><strong>Judazos</strong></span> 
     </span>
    </p>
   </div>
   <div class='ocr_carea' id='block_1_48' title="bbox 1836 1735 3429 1812">
    <p class='ocr_par' dir='ltr' id='par_1_48' title="bbox 1836 1735 3429 1812">
     <span class='ocr_line' id='line_1_48' title="bbox 1836 1735 3429 1812; baseline 0.003 -22"><span class='ocrx_word' id='word_1_377' title='bbox 1836 1736 2151 1809; x_wconf 87' lang='lat' dir='ltr'><strong>alloquitur:</strong></span> <span class='ocrx_word' id='word_1_378' title='bbox 2184 1735 2341 1790; x_wconf 88' lang='lat' dir='ltr'><strong>Nunc</strong></span> <span class='ocrx_word' id='word_1_379' title='bbox 2366 1754 2448 1793; x_wconf 92' lang='lat' dir='ltr'><strong>me</strong></span> <span class='ocrx_word' id='word_1_380' title='bbox 2466 1740 2695 1810; x_wconf 73' lang='lat' dir='ltr'><strong>qureritis</strong></span> <span class='ocrx_word' id='word_1_381' title='bbox 2714 1740 3005 1809; x_wconf 87' lang='lat' dir='ltr'><strong>interﬁcere</strong></span> <span class='ocrx_word' id='word_1_382' title='bbox 3043 1740 3318 1805; x_wconf 84' lang='lat' dir='ltr'><strong>hominem,</strong></span> <span class='ocrx_word' id='word_1_383' title='bbox 3342 1741 3429 1812; x_wconf 81' lang='lat' dir='ltr'><strong>qui</strong></span> 
     </span>
    </p>
   </div>
   <div class='ocr_carea' id='block_1_49' title="bbox 3164 1831 3432 1886">
    <p class='ocr_par' dir='ltr' id='par_1_49' title="bbox 3164 1831 3432 1886">
     <span class='ocr_line' id='line_1_49' title="bbox 3164 1831 3432 1886; baseline 0.011 -3"><span class='ocrx_word' id='word_1_384' title='bbox 3164 1831 3432 1886; x_wconf 86' lang='lat' dir='ltr'><strong>nihilomi-</strong></span> 
     </span>
    </p>
   </div>
   <div class='ocr_carea' id='block_1_50' title="bbox 1833 1920 3428 1993">
    <p class='ocr_par' dir='ltr' id='par_1_50' title="bbox 1833 1920 3428 1993">
     <span class='ocr_line' id='line_1_50' title="bbox 1833 1920 3428 1993; baseline 0.003 -20"><span class='ocrx_word' id='word_1_385' title='bbox 1833 1936 1930 1974; x_wconf 87' lang='lat' dir='ltr'><strong>nus</strong></span> <span class='ocrx_word' id='word_1_386' title='bbox 1958 1922 2144 1991; x_wconf 90' lang='lat' dir='ltr'><strong>ipsum,</strong></span> <span class='ocrx_word' id='word_1_387' title='bbox 2176 1921 2261 1991; x_wconf 89' lang='lat' dir='ltr'><strong>qui</strong></span> <span class='ocrx_word' id='word_1_388' title='bbox 2290 1928 2366 1975; x_wconf 89' lang='lat' dir='ltr'><strong>est</strong></span> <span class='ocrx_word' id='word_1_389' title='bbox 2386 1921 2441 1974; x_wconf 92' lang='lat' dir='ltr'><strong>in</strong></span> <span class='ocrx_word' id='word_1_390' title='bbox 2463 1921 2757 1993; x_wconf 77' lang='lat' dir='ltr'><strong>cequalitate</strong></span> <span class='ocrx_word' id='word_1_391' title='bbox 2782 1931 2831 1975; x_wconf 90' lang='lat' dir='ltr'><strong>et</strong></span> <span class='ocrx_word' id='word_1_392' title='bbox 2851 1922 3191 1975; x_wconf 89' lang='lat' dir='ltr'><strong>similitudine</strong></span> <span class='ocrx_word' id='word_1_393' title='bbox 3224 1920 3428 1986; x_wconf 87' lang='lat' dir='ltr'><strong>Putris,</strong></span> 
     </span>
    </p>
   </div>
   <div class='ocr_carea' id='block_1_51' title="bbox 1833 2008 3432 2083">
    <p class='ocr_par' dir='ltr' id='par_1_51' title="bbox 1833 2008 3432 2083">
     <span class='ocr_line' id='line_1_51' title="bbox 1833 2008 3432 2083; baseline 0.004 -22"><span class='ocrx_word' id='word_1_394' title='bbox 1833 2008 1999 2064; x_wconf 89' lang='lat' dir='ltr'><strong>Deum</strong></span> <span class='ocrx_word' id='word_1_395' title='bbox 2037 2021 2059 2049; x_wconf 78' lang='grc' dir='ltr'><strong>ο</strong></span> <span class='ocrx_word' id='word_1_396' title='bbox 2106 2009 2327 2064; x_wconf 85' lang='lat' dir='ltr'><strong>Verbum</strong></span> <span class='ocrx_word' id='word_1_397' title='bbox 2356 2029 2421 2065; x_wconf 80' lang='lat' dir='ltr'><strong>ea:</strong></span> <span class='ocrx_word' id='word_1_398' title='bbox 2449 2013 2646 2066; x_wconf 69' lang='lat' dir='ltr'><strong>caeteris</strong></span> <span class='ocrx_word' id='word_1_399' title='bbox 2678 2013 2837 2083; x_wconf 86' lang='lat' dir='ltr'><strong>ipsius</strong></span> <span class='ocrx_word' id='word_1_400' title='bbox 2878 2013 3210 2066; x_wconf 84' lang='lat' dir='ltr'><strong>humanitatis</strong></span> <span class='ocrx_word' id='word_1_401' title='bbox 3250 2011 3432 2067; x_wconf 88' lang='lat' dir='ltr'><strong>condi-</strong></span> 
     </span>
    </p>
   </div>
   <div class='ocr_carea' id='block_1_52' title="bbox 1834 2102 3435 2179">
    <p class='ocr_par' dir='ltr' id='par_1_52' title="bbox 1834 2102 3435 2179">
     <span class='ocr_line' id='line_1_52' title="bbox 1834 2102 3435 2179; baseline 0.002 -22"><span class='ocrx_word' id='word_1_402' title='bbox 1834 2102 2054 2158; x_wconf 87' lang='lat' dir='ltr'><strong>tionibus</strong></span> <span class='ocrx_word' id='word_1_403' title='bbox 2081 2106 2426 2174; x_wconf 88' lang='lat' dir='ltr'><strong>agnoscimus.</strong></span> <span class='ocrx_word' id='word_1_404' title='bbox 2456 2102 2599 2158; x_wconf 90' lang='lat' dir='ltr'><strong>Nam</strong></span> <span class='ocrx_word' id='word_1_405' title='bbox 2630 2106 2676 2159; x_wconf 88' lang='lat' dir='ltr'><strong>si</strong></span> <span class='ocrx_word' id='word_1_406' title='bbox 2716 2121 2920 2159; x_wconf 87' lang='lat' dir='ltr'><strong>necesse</strong></span> <span class='ocrx_word' id='word_1_407' title='bbox 2959 2114 3034 2160; x_wconf 87' lang='lat' dir='ltr'><strong>est</strong></span> <span class='ocrx_word' id='word_1_408' title='bbox 3055 2105 3279 2170; x_wconf 85' lang='lat' dir='ltr'><strong>credere,</strong></span> <span class='ocrx_word' id='word_1_409' title='bbox 3311 2106 3435 2179; x_wconf 88' lang='lat' dir='ltr'><strong>quia</strong></span> 
     </span>
    </p>
   </div>
   <div class='ocr_carea' id='block_1_53' title="bbox 1834 2195 3437 2265">
    <p class='ocr_par' dir='ltr' id='par_1_53' title="bbox 1834 2195 3437 2265">
     <span class='ocr_line' id='line_1_53' title="bbox 1834 2195 3437 2265; baseline 0.002 -15"><span class='ocrx_word' id='word_1_410' title='bbox 1834 2213 1947 2250; x_wconf 91' lang='lat' dir='ltr'><strong>cum</strong></span> <span class='ocrx_word' id='word_1_411' title='bbox 1969 2198 2037 2251; x_wconf 90' lang='lat' dir='ltr'><strong>sit</strong></span> <span class='ocrx_word' id='word_1_412' title='bbox 2074 2195 2214 2251; x_wconf 87' lang='lat' dir='ltr'><strong>Deus</strong></span> <span class='ocrx_word' id='word_1_413' title='bbox 2249 2206 2459 2265; x_wconf 88' lang='lat' dir='ltr'><strong>natura,</strong></span> <span class='ocrx_word' id='word_1_414' title='bbox 2491 2199 2661 2265; x_wconf 85' lang='lat' dir='ltr'><strong>factus</strong></span> <span class='ocrx_word' id='word_1_415' title='bbox 2690 2199 2759 2252; x_wconf 86' lang='lat' dir='ltr'><strong>sit</strong></span> <span class='ocrx_word' id='word_1_416' title='bbox 2795 2216 2937 2264; x_wconf 90' lang='lat' dir='ltr'><strong>caro,</strong></span> <span class='ocrx_word' id='word_1_417' title='bbox 2965 2200 3069 2253; x_wconf 85' lang='lat' dir='ltr'><strong>sive</strong></span> <span class='ocrx_word' id='word_1_418' title='bbox 3107 2200 3279 2265; x_wconf 91' lang='lat' dir='ltr'><strong>homo,</strong></span> <span class='ocrx_word' id='word_1_419' title='bbox 3316 2198 3437 2253; x_wconf 88' lang='lat' dir='ltr'><strong>ani-</strong></span> 
     </span>
    </p>
   </div>
   <div class='ocr_carea' id='block_1_54' title="bbox 1832 2288 3436 2362">
    <p class='ocr_par' dir='ltr' id='par_1_54' title="bbox 1832 2288 3436 2362">
     <span class='ocr_line' id='line_1_54' title="bbox 1832 2288 3436 2362; baseline 0.002 -21"><span class='ocrx_word' id='word_1_420' title='bbox 1832 2298 1974 2341; x_wconf 89' lang='lat' dir='ltr'><strong>mata</strong></span> <span class='ocrx_word' id='word_1_421' title='bbox 2001 2305 2154 2342; x_wconf 90' lang='lat' dir='ltr'><strong>carne</strong></span> <span class='ocrx_word' id='word_1_422' title='bbox 2182 2291 2357 2343; x_wconf 88' lang='lat' dir='ltr'><strong>anima</strong></span> <span class='ocrx_word' id='word_1_423' title='bbox 2385 2288 2715 2355; x_wconf 86' lang='lat' dir='ltr'><strong>rationabili;</strong></span> <span class='ocrx_word' id='word_1_424' title='bbox 2740 2307 2898 2362; x_wconf 90' lang='lat' dir='ltr'><strong>quare</strong></span> <span class='ocrx_word' id='word_1_425' title='bbox 2918 2306 3221 2362; x_wconf 66' lang='lat' dir='ltr'><strong>quemmtam</strong></span> <span class='ocrx_word' id='word_1_426' title='bbox 3242 2288 3436 2361; x_wconf 81' lang='lat' dir='ltr'><strong>pudeat</strong></span> 
     </span>
    </p>
   </div>
   <div class='ocr_carea' id='block_1_55' title="bbox 1835 2382 3437 2453">
    <p class='ocr_par' dir='ltr' id='par_1_55' title="bbox 1835 2382 3437 2453">
     <span class='ocr_line' id='line_1_55' title="bbox 1835 2382 3437 2453; baseline 0.002 -18"><span class='ocrx_word' id='word_1_427' title='bbox 1835 2399 2013 2437; x_wconf 81' lang='lat' dir='ltr'><strong>vocum</strong></span> <span class='ocrx_word' id='word_1_428' title='bbox 2039 2385 2221 2453; x_wconf 86' lang='lat' dir='ltr'><strong>ipsius,</strong></span> <span class='ocrx_word' id='word_1_429' title='bbox 2252 2385 2296 2436; x_wconf 89' lang='lat' dir='ltr'><strong>si</strong></span> <span class='ocrx_word' id='word_1_430' title='bbox 2325 2384 2550 2438; x_wconf 89' lang='lat' dir='ltr'><strong>humano</strong></span> <span class='ocrx_word' id='word_1_431' title='bbox 2578 2401 2721 2438; x_wconf 89' lang='lat' dir='ltr'><strong>more</strong></span> <span class='ocrx_word' id='word_1_432' title='bbox 2740 2385 2845 2437; x_wconf 87' lang='lat' dir='ltr'><strong>sint</strong></span> <span class='ocrx_word' id='word_1_433' title='bbox 2874 2383 3064 2437; x_wconf 80' lang='lat' dir='ltr'><strong>dictaz?</strong></span> <span class='ocrx_word' id='word_1_434' title='bbox 3098 2382 3158 2437; x_wconf 87' lang='lat' dir='ltr'><strong>Si</strong></span> <span class='ocrx_word' id='word_1_435' title='bbox 3188 2384 3326 2437; x_wconf 88' lang='lat' dir='ltr'><strong>enim</strong></span> <span class='ocrx_word' id='word_1_436' title='bbox 3352 2399 3437 2438; x_wconf 80' lang='lat' dir='ltr'><strong>re-</strong></span> 
     </span>
    </p>
   </div>
   <div class='ocr_carea' id='block_1_56' title="bbox 1837 2472 3436 2545">
    <p class='ocr_par' dir='ltr' id='par_1_56' title="bbox 1837 2472 3436 2545">
     <span class='ocr_line' id='line_1_56' title="bbox 1837 2472 3436 2545; baseline 0.003 -21"><span class='ocrx_word' id='word_1_437' title='bbox 1837 2473 2005 2543; x_wconf 79' lang='lat' dir='ltr'><strong>fugiat</strong></span> <span class='ocrx_word' id='word_1_438' title='bbox 2028 2472 2232 2545; x_wconf 88' lang='lat' dir='ltr'><strong>[Baluz.</strong></span> <span class='ocrx_word' id='word_1_439' title='bbox 2267 2473 2356 2527; x_wconf 90' lang='lat' dir='ltr'><strong>hic</strong></span> <span class='ocrx_word' id='word_1_440' title='bbox 2380 2481 2435 2528; x_wconf 91' lang='lat' dir='ltr'><strong>et</strong></span> <span class='ocrx_word' id='word_1_441' title='bbox 2461 2473 2619 2538; x_wconf 79' lang='lat' dir='ltr'><strong>infra,</strong></span> <span class='ocrx_word' id='word_1_442' title='bbox 2646 2472 2833 2545; x_wconf 77' lang='lat' dir='ltr'><strong>fugiat]</strong></span> <span class='ocrx_word' id='word_1_443' title='bbox 2854 2490 3137 2538; x_wconf 88' lang='lat' dir='ltr'><strong>sermones,</strong></span> <span class='ocrx_word' id='word_1_444' title='bbox 3159 2476 3245 2545; x_wconf 85' lang='lat' dir='ltr'><strong>qui</strong></span> <span class='ocrx_word' id='word_1_445' title='bbox 3263 2473 3436 2529; x_wconf 86' lang='lat' dir='ltr'><strong>viden-</strong></span> 
     </span>
    </p>
   </div>
   <div class='ocr_carea' id='block_1_57' title="bbox 1838 2565 3436 2638">
    <p class='ocr_par' dir='ltr' id='par_1_57' title="bbox 1838 2565 3436 2638">
     <span class='ocr_line' id='line_1_57' title="bbox 1838 2565 3436 2638; baseline 0.004 -21"><span class='ocrx_word' id='word_1_446' title='bbox 1838 2572 1919 2617; x_wconf 89' lang='lat' dir='ltr'><strong>tur</strong></span> <span class='ocrx_word' id='word_1_447' title='bbox 1959 2565 2154 2619; x_wconf 88' lang='lat' dir='ltr'><strong>homini</strong></span> <span class='ocrx_word' id='word_1_448' title='bbox 2198 2567 2485 2632; x_wconf 86' lang='lat' dir='ltr'><strong>convenire,</strong></span> <span class='ocrx_word' id='word_1_449' title='bbox 2520 2568 2632 2638; x_wconf 85' lang='lat' dir='ltr'><strong>quis</strong></span> <span class='ocrx_word' id='word_1_450' title='bbox 2672 2582 2787 2620; x_wconf 90' lang='lat' dir='ltr'><strong>eum</strong></span> <span class='ocrx_word' id='word_1_451' title='bbox 2816 2569 2980 2638; x_wconf 86' lang='lat' dir='ltr'><strong>coegit</strong></span> <span class='ocrx_word' id='word_1_452' title='bbox 3019 2568 3136 2637; x_wconf 82' lang='lat' dir='ltr'><strong>ﬁeri</strong></span> <span class='ocrx_word' id='word_1_453' title='bbox 3176 2567 3436 2623; x_wconf 85' lang='lat' dir='ltr'><strong>hominem</strong></span> 
     </span>
    </p>
   </div>
   <div class='ocr_carea' id='block_1_58' title="bbox 1835 2657 3435 2730">
    <p class='ocr_par' dir='ltr' id='par_1_58' title="bbox 1835 2657 3435 2730">
     <span class='ocr_line' id='line_1_58' title="bbox 1835 2657 3435 2730; baseline 0.001 -17"><span class='ocrx_word' id='word_1_454' title='bbox 1835 2658 2055 2713; x_wconf 85' lang='lat' dir='ltr'><strong>similem</strong></span> <span class='ocrx_word' id='word_1_455' title='bbox 2084 2658 2285 2713; x_wconf 85' lang='lat' dir='ltr'><strong>nostri?</strong></span> <span class='ocrx_word' id='word_1_456' title='bbox 2313 2657 2413 2723; x_wconf 83' lang='lat' dir='ltr'><strong>Qui</strong></span> <span class='ocrx_word' id='word_1_457' title='bbox 2435 2676 2551 2714; x_wconf 89' lang='lat' dir='ltr'><strong>vero</strong></span> <span class='ocrx_word' id='word_1_458' title='bbox 2577 2677 2633 2713; x_wconf 84' lang='lat' dir='ltr'><strong>se</strong></span> <span class='ocrx_word' id='word_1_459' title='bbox 2661 2668 2871 2730; x_wconf 87' lang='lat' dir='ltr'><strong>propter</strong></span> <span class='ocrx_word' id='word_1_460' title='bbox 2899 2676 2993 2714; x_wconf 89' lang='lat' dir='ltr'><strong>nos</strong></span> <span class='ocrx_word' id='word_1_461' title='bbox 3013 2660 3155 2715; x_wconf 87' lang='lat' dir='ltr'><strong>misit</strong></span> <span class='ocrx_word' id='word_1_462' title='bbox 3174 2660 3228 2712; x_wconf 90' lang='lat' dir='ltr'><strong>in</strong></span> <span class='ocrx_word' id='word_1_463' title='bbox 3248 2660 3435 2715; x_wconf 85' lang='lat' dir='ltr'><strong>volun-</strong></span> 
     </span>
    </p>
   </div>
   <div class='ocr_carea' id='block_1_59' title="bbox 1837 2753 3438 2827">
    <p class='ocr_par' dir='ltr' id='par_1_59' title="bbox 1837 2753 3438 2827">
     <span class='ocr_line' id='line_1_59' title="bbox 1837 2753 3438 2827; baseline 0.003 -22"><span class='ocrx_word' id='word_1_464' title='bbox 1837 2754 2026 2807; x_wconf 89' lang='lat' dir='ltr'><strong>tariam</strong></span> <span class='ocrx_word' id='word_1_465' title='bbox 2054 2754 2441 2819; x_wconf 75' lang='lat' dir='ltr'><strong>exinanitatem,</strong></span> <span class='ocrx_word' id='word_1_466' title='bbox 2477 2770 2632 2825; x_wconf 91' lang='lat' dir='ltr'><strong>quam</strong></span> <span class='ocrx_word' id='word_1_467' title='bbox 2656 2753 2719 2808; x_wconf 91' lang='lat' dir='ltr'><strong>ob</strong></span> <span class='ocrx_word' id='word_1_468' title='bbox 2742 2771 2955 2809; x_wconf 88' lang='lat' dir='ltr'><strong>causam</strong></span> <span class='ocrx_word' id='word_1_469' title='bbox 2985 2757 3208 2827; x_wconf 76' lang='lat' dir='ltr'><strong>refugiat</strong></span> <span class='ocrx_word' id='word_1_470' title='bbox 3231 2770 3438 2827; x_wconf 80' lang='lat' dir='ltr'><strong>compe-</strong></span> 
     </span>
    </p>
   </div>
   <div class='ocr_carea' id='block_1_60' title="bbox 1837 2846 3437 2919">
    <p class='ocr_par' dir='ltr' id='par_1_60' title="bbox 1837 2846 3437 2919">
     <span class='ocr_line' id='line_1_60' title="bbox 1837 2846 3437 2919; baseline 0.003 -21"><span class='ocrx_word' id='word_1_471' title='bbox 1837 2853 1994 2900; x_wconf 89' lang='lat' dir='ltr'><strong>tentes</strong></span> <span class='ocrx_word' id='word_1_472' title='bbox 2041 2847 2347 2900; x_wconf 74' lang='lat' dir='ltr'><strong>exinanitati</strong></span> <span class='ocrx_word' id='word_1_473' title='bbox 2396 2848 2692 2901; x_wconf 86' lang='lat' dir='ltr'><strong>sermones?</strong></span> <span class='ocrx_word' id='word_1_474' title='bbox 2733 2846 2813 2901; x_wconf 87' lang='lat' dir='ltr'><strong>De</strong></span> <span class='ocrx_word' id='word_1_475' title='bbox 2854 2864 2961 2901; x_wconf 84' lang='lat' dir='ltr'><strong>una</strong></span> <span class='ocrx_word' id='word_1_476' title='bbox 3009 2849 3165 2919; x_wconf 86' lang='lat' dir='ltr'><strong>igitur</strong></span> <span class='ocrx_word' id='word_1_477' title='bbox 3212 2860 3437 2918; x_wconf 88' lang='lat' dir='ltr'><strong>persona</strong></span> 
     </span>
    </p>
   </div>
   <div class='ocr_carea' id='block_1_61' title="bbox 1834 2937 3438 3010">
    <p class='ocr_par' dir='ltr' id='par_1_61' title="bbox 1834 2937 3438 3010">
     <span class='ocr_line' id='line_1_61' title="bbox 1834 2937 3438 3010; baseline 0.002 -19"><span class='ocrx_word' id='word_1_478' title='bbox 1834 2954 1979 2991; x_wconf 87' lang='lat' dir='ltr'><strong>voces</strong></span> <span class='ocrx_word' id='word_1_479' title='bbox 2019 2954 2193 2992; x_wconf 89' lang='lat' dir='ltr'><strong>omnes</strong></span> <span class='ocrx_word' id='word_1_480' title='bbox 2231 2939 2540 3010; x_wconf 70' lang='lat' dir='ltr'><strong>evangelica:</strong></span> <span class='ocrx_word' id='word_1_481' title='bbox 2568 2939 2802 2995; x_wconf 65' lang='lat' dir='ltr'><strong>dicendis</strong></span> <span class='ocrx_word' id='word_1_482' title='bbox 2830 2948 2971 3006; x_wconf 88' lang='lat' dir='ltr'><strong>sunt,</strong></span> <span class='ocrx_word' id='word_1_483' title='bbox 2995 2948 3045 2994; x_wconf 85' lang='lat' dir='ltr'><strong>et</strong></span> <span class='ocrx_word' id='word_1_484' title='bbox 3085 2939 3148 2993; x_wconf 88' lang='lat' dir='ltr'><strong>de</strong></span> <span class='ocrx_word' id='word_1_485' title='bbox 3176 2956 3281 2993; x_wconf 87' lang='lat' dir='ltr'><strong>una</strong></span> <span class='ocrx_word' id='word_1_486' title='bbox 3314 2937 3438 2995; x_wconf 80' lang='lat' dir='ltr'><strong>sub—</strong></span> 
     </span>
    </p>
   </div>
   <div class='ocr_carea' id='block_1_62' title="bbox 1834 3029 3437 3089">
    <p class='ocr_par' dir='ltr' id='par_1_62' title="bbox 1834 3029 3437 3089">
     <span class='ocr_line' id='line_1_62' title="bbox 1834 3029 3437 3089; baseline 0.003 -5"><span class='ocrx_word' id='word_1_487' title='bbox 1834 3031 2029 3084; x_wconf 85' lang='lat' dir='ltr'><strong>stantia</strong></span> <span class='ocrx_word' id='word_1_488' title='bbox 2066 3030 2219 3085; x_wconf 83' lang='lat' dir='ltr'><strong>Verbi</strong></span> <span class='ocrx_word' id='word_1_489' title='bbox 2260 3032 2562 3085; x_wconf 87' lang='lat' dir='ltr'><strong>incarnati:</strong></span> <span class='ocrx_word' id='word_1_490' title='bbox 2594 3029 2743 3087; x_wconf 86' lang='lat' dir='ltr'><strong>Unus</strong></span> <span class='ocrx_word' id='word_1_491' title='bbox 2789 3032 2935 3087; x_wconf 86' lang='lat' dir='ltr'><strong>enim</strong></span> <span class='ocrx_word' id='word_1_492' title='bbox 2982 3032 3240 3087; x_wconf 88' lang='lat' dir='ltr'><strong>Dominus</strong></span> <span class='ocrx_word' id='word_1_493' title='bbox 3278 3030 3437 3089; x_wconf 88' lang='lat' dir='ltr'><strong>Jesus</strong></span> 
     </span>
    </p>
   </div>
   <div class='ocr_carea' id='block_1_63' title="bbox 1836 3120 3439 3195">
    <p class='ocr_par' dir='ltr' id='par_1_63' title="bbox 1836 3120 3439 3195">
     <span class='ocr_line' id='line_1_63' title="bbox 1836 3120 3439 3195; baseline 0.002 -19"><span class='ocrx_word' id='word_1_494' title='bbox 1836 3120 2079 3178; x_wconf 88' lang='lat' dir='ltr'><strong>Christus</strong></span> <span class='ocrx_word' id='word_1_495' title='bbox 2111 3123 2153 3193; x_wconf 88' lang='grc' dir='ltr'><strong>(Ι</strong></span> <span class='ocrx_word' id='word_1_496' title='bbox 2176 3122 2295 3178; x_wconf 88' lang='lat' dir='ltr'><strong>Cor.</strong></span> <span class='ocrx_word' id='word_1_497' title='bbox 2341 3141 2449 3189; x_wconf 82' lang='lat' dir='ltr'><strong>vin,</strong></span> <span class='ocrx_word' id='word_1_498' title='bbox 2483 3122 2558 3191; x_wconf 87' lang='lat'><strong>6),</strong></span> <span class='ocrx_word' id='word_1_499' title='bbox 2591 3125 2751 3195; x_wconf 79' lang='lat' dir='ltr'><strong>juxta</strong></span> <span class='ocrx_word' id='word_1_500' title='bbox 2778 3124 3098 3195; x_wconf 87' lang='lat' dir='ltr'><strong>Scripturas.</strong></span> <span class='ocrx_word' id='word_1_501' title='bbox 3132 3124 3298 3194; x_wconf 83' lang='lat' dir='ltr'><strong>Igitur</strong></span> <span class='ocrx_word' id='word_1_502' title='bbox 3324 3140 3439 3181; x_wconf 88' lang='lat' dir='ltr'><strong>non</strong></span> 
     </span>
    </p>
   </div>
   <div class='ocr_carea' id='block_1_64' title="bbox 123 3210 3439 3289">
    <p class='ocr_par' dir='ltr' id='par_1_64' title="bbox 123 3210 3439 3289">
     <span class='ocr_line' id='line_1_64' title="bbox 123 3210 3439 3289; baseline 0.006 -23"><span class='ocrx_word' id='word_1_503' title='bbox 123 3210 369 3281; x_wconf 86' lang='lat' dir='ltr'><strong>Christo,</strong></span> <span class='ocrx_word' id='word_1_504' title='bbox 413 3215 498 3270; x_wconf 89' lang='lat' dir='ltr'><strong>vel</strong></span> <span class='ocrx_word' id='word_1_505' title='bbox 535 3216 603 3271; x_wconf 88' lang='lat' dir='ltr'><strong>ab</strong></span> <span class='ocrx_word' id='word_1_506' title='bbox 644 3216 782 3287; x_wconf 90' lang='lat' dir='ltr'><strong>ipso,</strong></span> <span class='ocrx_word' id='word_1_507' title='bbox 824 3217 1121 3288; x_wconf 88' lang='lat' dir='ltr'><strong>prudenter</strong></span> <span class='ocrx_word' id='word_1_508' title='bbox 1158 3219 1539 3289; x_wconf 88' lang='lat' dir='ltr'><strong>sapienterque</strong></span> <span class='ocrx_word' id='word_1_509' title='bbox 1586 3222 1729 3279; x_wconf 87' lang='lat' dir='ltr'><strong>acci-</strong></span> <span class='ocrx_word' id='word_1_510' title='bbox 1760 3217 1805 3281; x_wconf 89' lang='lat' dir='ltr'><strong>C</strong></span> <span class='ocrx_word' id='word_1_511' title='bbox 1837 3213 2186 3280; x_wconf 65' lang='grc' dir='ltr'><strong>οδῐοηάίωυΐν</strong></span> <span class='ocrx_word' id='word_1_512' title='bbox 2212 3215 2462 3283; x_wconf 69' lang='lat' dir='ltr'><strong>ignorare</strong></span> <span class='ocrx_word' id='word_1_513' title='bbox 2483 3214 2964 3285; x_wconf 59' lang='lat' dir='ltr'><strong>dispensationem:</strong></span> <span class='ocrx_word' id='word_1_514' title='bbox 2998 3230 3118 3284; x_wconf 59' lang='lat' dir='ltr'><strong>(lum</strong></span> <span class='ocrx_word' id='word_1_515' title='bbox 3146 3215 3439 3286; x_wconf 66' lang='lat' dir='ltr'><strong>unicuique</strong></span> 
     </span>
    </p>
   </div>
   <div class='ocr_carea' id='block_1_65' title="bbox 126 3305 1732 3381">
    <p class='ocr_par' dir='ltr' id='par_1_65' title="bbox 126 3305 1732 3381">
     <span class='ocr_line' id='line_1_65' title="bbox 126 3305 1732 3381; baseline 0.006 -22"><span class='ocrx_word' id='word_1_516' title='bbox 126 3305 379 3376; x_wconf 86' lang='lat' dir='ltr'><strong>piendas,</strong></span> <span class='ocrx_word' id='word_1_517' title='bbox 405 3314 460 3361; x_wconf 90' lang='lat' dir='ltr'><strong>et</strong></span> <span class='ocrx_word' id='word_1_518' title='bbox 487 3308 603 3377; x_wconf 90' lang='lat' dir='ltr'><strong>ipse</strong></span> <span class='ocrx_word' id='word_1_519' title='bbox 632 3308 856 3365; x_wconf 89' lang='lat' dir='ltr'><strong>laudans</strong></span> <span class='ocrx_word' id='word_1_520' title='bbox 900 3309 1159 3377; x_wconf 87' lang='lat' dir='ltr'><strong>assentio,</strong></span> <span class='ocrx_word' id='word_1_521' title='bbox 1192 3317 1247 3364; x_wconf 92' lang='lat' dir='ltr'><strong>et</strong></span> <span class='ocrx_word' id='word_1_522' title='bbox 1293 3326 1482 3366; x_wconf 90' lang='lat' dir='ltr'><strong>omnes</strong></span> <span class='ocrx_word' id='word_1_523' title='bbox 1519 3312 1611 3381; x_wconf 92' lang='lat' dir='ltr'><strong>qui</strong></span> <span class='ocrx_word' id='word_1_524' title='bbox 1639 3328 1732 3368; x_wconf 91' lang='lat' dir='ltr'><strong>so-</strong></span> 
     </span>
    </p>
   </div>
   <div class='ocr_carea' id='block_1_66' title="bbox 125 3395 1735 3468">
    <p class='ocr_par' dir='ltr' id='par_1_66' title="bbox 125 3395 1735 3468">
     <span class='ocr_line' id='line_1_66' title="bbox 125 3395 1735 3468; baseline 0.004 -18"><span class='ocrx_word' id='word_1_525' title='bbox 125 3395 252 3450; x_wconf 87' lang='lat' dir='ltr'><strong>lent.</strong></span> <span class='ocrx_word' id='word_1_526' title='bbox 284 3405 431 3452; x_wconf 89' lang='lat' dir='ltr'><strong>recta</strong></span> <span class='ocrx_word' id='word_1_527' title='bbox 456 3398 658 3455; x_wconf 91' lang='lat' dir='ltr'><strong>sentire</strong></span> <span class='ocrx_word' id='word_1_528' title='bbox 692 3418 704 3453; x_wconf 90' lang='lat'><strong>:</strong></span> <span class='ocrx_word' id='word_1_529' title='bbox 738 3400 855 3455; x_wconf 76' lang='lat' dir='ltr'><strong>aliae</strong></span> <span class='ocrx_word' id='word_1_530' title='bbox 885 3401 1027 3455; x_wconf 89' lang='lat' dir='ltr'><strong>enim</strong></span> <span class='ocrx_word' id='word_1_531' title='bbox 1057 3400 1251 3456; x_wconf 81' lang='lat' dir='ltr'><strong>divinae</strong></span> <span class='ocrx_word' id='word_1_532' title='bbox 1290 3409 1433 3468; x_wconf 91' lang='lat' dir='ltr'><strong>sunt,</strong></span> <span class='ocrx_word' id='word_1_533' title='bbox 1470 3402 1587 3456; x_wconf 71' lang='lat' dir='ltr'><strong>alia:</strong></span> <span class='ocrx_word' id='word_1_534' title='bbox 1615 3418 1735 3457; x_wconf 88' lang='lat' dir='ltr'><strong>ear-</strong></span> 
     </span>
    </p>
   </div>
   <div class='ocr_carea' id='block_1_67' title="bbox 126 3488 1734 3563">
    <p class='ocr_par' dir='ltr' id='par_1_67' title="bbox 126 3488 1734 3563">
     <span class='ocr_line' id='line_1_67' title="bbox 126 3488 1734 3563; baseline 0.005 -21"><span class='ocrx_word' id='word_1_535' title='bbox 126 3489 213 3544; x_wconf 85' lang='lat' dir='ltr'><strong>nis</strong></span> <span class='ocrx_word' id='word_1_536' title='bbox 250 3488 632 3561; x_wconf 87' lang='lat' dir='ltr'><strong>dispensationi</strong></span> <span class='ocrx_word' id='word_1_537' title='bbox 678 3494 848 3561; x_wconf 88' lang='lat' dir='ltr'><strong>magis</strong></span> <span class='ocrx_word' id='word_1_538' title='bbox 887 3494 1289 3550; x_wconf 88' lang='lat' dir='ltr'><strong>convenientes.</strong></span> <span class='ocrx_word' id='word_1_539' title='bbox 1331 3494 1438 3549; x_wconf 91' lang='lat' dir='ltr'><strong>Sed</strong></span> <span class='ocrx_word' id='word_1_540' title='bbox 1478 3488 1734 3563; x_wconf 85' lang='lat' dir='ltr'><strong>quoniam</strong></span> 
     </span>
    </p>
   </div>
   <div class='ocr_carea' id='block_1_68' title="bbox 129 3581 1735 3657">
    <p class='ocr_par' dir='ltr' id='par_1_68' title="bbox 129 3581 1735 3657">
     <span class='ocr_line' id='line_1_68' title="bbox 129 3581 1735 3657; baseline 0.005 -22"><span class='ocrx_word' id='word_1_541' title='bbox 129 3596 279 3635; x_wconf 87' lang='lat' dir='ltr'><strong>unus</strong></span> <span class='ocrx_word' id='word_1_542' title='bbox 326 3581 573 3651; x_wconf 87' lang='lat' dir='ltr'><strong>idemque</strong></span> <span class='ocrx_word' id='word_1_543' title='bbox 620 3591 704 3638; x_wconf 92' lang='lat' dir='ltr'><strong>est</strong></span> <span class='ocrx_word' id='word_1_544' title='bbox 747 3583 891 3639; x_wconf 90' lang='lat' dir='ltr'><strong>Deus</strong></span> <span class='ocrx_word' id='word_1_545' title='bbox 919 3585 1078 3641; x_wconf 89' lang='lat' dir='ltr'><strong>simul</strong></span> <span class='ocrx_word' id='word_1_546' title='bbox 1126 3595 1182 3641; x_wconf 91' lang='lat' dir='ltr'><strong>et</strong></span> <span class='ocrx_word' id='word_1_547' title='bbox 1228 3587 1414 3653; x_wconf 90' lang='lat' dir='ltr'><strong>homo,</strong></span> <span class='ocrx_word' id='word_1_548' title='bbox 1446 3595 1735 3657; x_wconf 79' lang='lat' dir='ltr'><strong>propterea</strong></span> 
     </span>
    </p>
   </div>
   <div class='ocr_carea' id='block_1_69' title="bbox 128 3673 1735 3745">
    <p class='ocr_par' dir='ltr' id='par_1_69' title="bbox 128 3673 1735 3745">
     <span class='ocr_line' id='line_1_69' title="bbox 128 3673 1735 3745; baseline 0.004 -18"><span class='ocrx_word' id='word_1_549' title='bbox 128 3689 282 3729; x_wconf 88' lang='lat' dir='ltr'><strong>nunc</strong></span> <span class='ocrx_word' id='word_1_550' title='bbox 329 3673 509 3729; x_wconf 88' lang='lat' dir='ltr'><strong>divine</strong></span> <span class='ocrx_word' id='word_1_551' title='bbox 559 3676 815 3745; x_wconf 89' lang='lat' dir='ltr'><strong>loquitur,</strong></span> <span class='ocrx_word' id='word_1_552' title='bbox 849 3692 990 3732; x_wconf 90' lang='lat' dir='ltr'><strong>nunc</strong></span> <span class='ocrx_word' id='word_1_553' title='bbox 1039 3678 1273 3732; x_wconf 88' lang='lat' dir='ltr'><strong>humane</strong></span> <span class='ocrx_word' id='word_1_554' title='bbox 1307 3696 1318 3730; x_wconf 91' lang='lat'>:</span> <span class='ocrx_word' id='word_1_555' title='bbox 1353 3678 1510 3733; x_wconf 89' lang='lat' dir='ltr'><strong>unius</strong></span> <span class='ocrx_word' id='word_1_556' title='bbox 1553 3686 1735 3733; x_wconf 90' lang='lat' dir='ltr'><strong>tamen</strong></span> 
     </span>
    </p>
   </div>
   <div class='ocr_carea' id='block_1_70' title="bbox 127 3764 1733 3831">
    <p class='ocr_par' dir='ltr' id='par_1_70' title="bbox 127 3764 1733 3831">
     <span class='ocr_line' id='line_1_70' title="bbox 127 3764 1733 3831; baseline 0.004 -11"><span class='ocrx_word' id='word_1_557' title='bbox 127 3764 266 3821; x_wconf 86' lang='lat' dir='ltr'><strong>Jesu</strong></span> <span class='ocrx_word' id='word_1_558' title='bbox 290 3765 508 3831; x_wconf 89' lang='lat' dir='ltr'><strong>Christi,</strong></span> <span class='ocrx_word' id='word_1_559' title='bbox 549 3774 604 3822; x_wconf 89' lang='lat' dir='ltr'><strong>et</strong></span> <span class='ocrx_word' id='word_1_560' title='bbox 643 3768 742 3823; x_wconf 88' lang='lat' dir='ltr'><strong>bos</strong></span> <span class='ocrx_word' id='word_1_561' title='bbox 772 3776 827 3824; x_wconf 91' lang='lat' dir='ltr'><strong>et</strong></span> <span class='ocrx_word' id='word_1_562' title='bbox 851 3768 971 3824; x_wconf 89' lang='lat' dir='ltr'><strong>illos</strong></span> <span class='ocrx_word' id='word_1_563' title='bbox 997 3767 1329 3825; x_wconf 84' lang='lat' dir='ltr'><strong>alIirmamus</strong></span> <span class='ocrx_word' id='word_1_564' title='bbox 1358 3786 1479 3826; x_wconf 90' lang='lat' dir='ltr'><strong>esse</strong></span> <span class='ocrx_word' id='word_1_565' title='bbox 1522 3785 1733 3827; x_wconf 89' lang='lat' dir='ltr'><strong>sermo-</strong></span> 
     </span>
    </p>
   </div>
   <div class='ocr_carea' id='block_1_71' title="bbox 130 3858 1735 3933">
    <p class='ocr_par' dir='ltr' id='par_1_71' title="bbox 130 3858 1735 3933">
     <span class='ocr_line' id='line_1_71' title="bbox 130 3858 1735 3933; baseline 0.005 -22"><span class='ocrx_word' id='word_1_566' title='bbox 130 3873 254 3921; x_wconf 90' lang='lat' dir='ltr'><strong>nes,</strong></span> <span class='ocrx_word' id='word_1_567' title='bbox 295 3873 468 3927; x_wconf 89' lang='lat' dir='ltr'><strong>neque</strong></span> <span class='ocrx_word' id='word_1_568' title='bbox 514 3858 789 3915; x_wconf 89' lang='lat' dir='ltr'><strong>divinitate</strong></span> <span class='ocrx_word' id='word_1_569' title='bbox 836 3860 1100 3916; x_wconf 88' lang='lat' dir='ltr'><strong>nudantes</strong></span> <span class='ocrx_word' id='word_1_570' title='bbox 1141 3863 1416 3932; x_wconf 89' lang='lat' dir='ltr'><strong>templum,</strong></span> <span class='ocrx_word' id='word_1_571' title='bbox 1468 3864 1614 3933; x_wconf 91' lang='lat' dir='ltr'><strong>quod</strong></span> <span class='ocrx_word' id='word_1_572' title='bbox 1651 3873 1735 3919; x_wconf 90' lang='lat' dir='ltr'><strong>est</strong></span> 
     </span>
    </p>
   </div>
   <div class='ocr_carea' id='block_1_72' title="bbox 132 3951 1733 4019">
    <p class='ocr_par' dir='ltr' id='par_1_72' title="bbox 132 3951 1733 4019">
     <span class='ocr_line' id='line_1_72' title="bbox 132 3951 1733 4019; baseline 0.005 -18"><span class='ocrx_word' id='word_1_573' title='bbox 132 3956 324 4003; x_wconf 86' lang='lat' dir='ltr'><strong>natum</strong></span> <span class='ocrx_word' id='word_1_574' title='bbox 354 3965 421 4004; x_wconf 78' lang='lat' dir='ltr'><strong>ex</strong></span> <span class='ocrx_word' id='word_1_575' title='bbox 450 3951 682 4019; x_wconf 82' lang='lat' dir='ltr'><strong>virgine;</strong></span> <span class='ocrx_word' id='word_1_576' title='bbox 713 3967 815 4006; x_wconf 88' lang='lat' dir='ltr'><strong>nec</strong></span> <span class='ocrx_word' id='word_1_577' title='bbox 843 3952 960 4007; x_wconf 91' lang='lat' dir='ltr'><strong>sine</strong></span> <span class='ocrx_word' id='word_1_578' title='bbox 989 3968 1153 4007; x_wconf 89' lang='lat' dir='ltr'><strong>carne</strong></span> <span class='ocrx_word' id='word_1_579' title='bbox 1179 3953 1419 4008; x_wconf 89' lang='lat' dir='ltr'><strong>dicentes</strong></span> <span class='ocrx_word' id='word_1_580' title='bbox 1448 3969 1567 4009; x_wconf 91' lang='lat' dir='ltr'><strong>esse</strong></span> <span class='ocrx_word' id='word_1_581' title='bbox 1597 3954 1733 4009; x_wconf 83' lang='lat' dir='ltr'><strong>Ver-</strong></span> 
     </span>
    </p>
   </div>
   <div class='ocr_carea' id='block_1_73' title="bbox 130 4032 1735 4112">
    <p class='ocr_par' dir='ltr' id='par_1_73' title="bbox 130 4032 1735 4112">
     <span class='ocr_line' id='line_1_73' title="bbox 130 4032 1735 4112; baseline 0.004 -19"><span class='ocrx_word' id='word_1_582' title='bbox 130 4040 268 4094; x_wconf 91' lang='lat' dir='ltr'><strong>bum</strong></span> <span class='ocrx_word' id='word_1_583' title='bbox 295 4038 390 4095; x_wconf 92' lang='lat' dir='ltr'><strong>Dei</strong></span> <span class='ocrx_word' id='word_1_584' title='bbox 424 4048 479 4095; x_wconf 90' lang='lat' dir='ltr'><strong>et</strong></span> <span class='ocrx_word' id='word_1_585' title='bbox 508 4039 702 4108; x_wconf 88' lang='lat' dir='ltr'><strong>Patris,</strong></span> <span class='ocrx_word' id='word_1_586' title='bbox 734 4049 857 4112; x_wconf 91' lang='lat' dir='ltr'><strong>post</strong></span> <span class='ocrx_word' id='word_1_587' title='bbox 893 4057 1146 4097; x_wconf 87' lang='lat' dir='ltr'><strong>arcanam</strong></span> <span class='ocrx_word' id='word_1_588' title='bbox 1180 4051 1235 4097; x_wconf 91' lang='lat' dir='ltr'><strong>et</strong></span> <span class='ocrx_word' id='word_1_589' title='bbox 1264 4032 1588 4098; x_wconf 68' lang='lat' dir='ltr'><strong>ineffabilem</strong></span> <span class='ocrx_word' id='word_1_590' title='bbox 1619 4045 1735 4099; x_wconf 92' lang='lat' dir='ltr'><strong>uni-</strong></span> 
     </span>
    </p>
   </div>
   <div class='ocr_carea' id='block_1_74' title="bbox 133 4139 322 4188">
    <p class='ocr_par' dir='ltr' id='par_1_74' title="bbox 133 4139 322 4188">
     <span class='ocr_line' id='line_1_74' title="bbox 133 4139 322 4188; baseline 0 -1"><span class='ocrx_word' id='word_1_591' title='bbox 133 4139 322 4188; x_wconf 83' lang='lat' dir='ltr'><strong>tatem.</strong></span> 
     </span>
    </p>
   </div>
   <div class='ocr_carea' id='block_1_75' title="bbox 201 4226 1736 4297">
    <p class='ocr_par' dir='ltr' id='par_1_75' title="bbox 201 4226 1736 4297">
     <span class='ocr_line' id='line_1_75' title="bbox 201 4226 1736 4297; baseline 0.003 -18"><span class='ocrx_word' id='word_1_592' title='bbox 201 4226 345 4281; x_wconf 87' lang='lat' dir='ltr'><strong>Illud</strong></span> <span class='ocrx_word' id='word_1_593' title='bbox 391 4236 571 4283; x_wconf 90' lang='lat' dir='ltr'><strong>autem</strong></span> <span class='ocrx_word' id='word_1_594' title='bbox 612 4228 871 4297; x_wconf 82' lang='lat' dir='ltr'><strong>admiror,</strong></span> <span class='ocrx_word' id='word_1_595' title='bbox 917 4226 1063 4297; x_wconf 90' lang='lat' dir='ltr'><strong>quod</strong></span> <span class='ocrx_word' id='word_1_596' title='bbox 1111 4242 1237 4283; x_wconf 90' lang='lat' dir='ltr'><strong>cum</strong></span> <span class='ocrx_word' id='word_1_597' title='bbox 1280 4227 1567 4283; x_wconf 90' lang='lat' dir='ltr'><strong>videantur</strong></span> <span class='ocrx_word' id='word_1_598' title='bbox 1614 4243 1736 4283; x_wconf 89' lang='lat' dir='ltr'><strong>mea</strong></span> 
     </span>
    </p>
   </div>
   <div class='ocr_carea' id='block_1_76' title="bbox 131 4319 1732 4391">
    <p class='ocr_par' dir='ltr' id='par_1_76' title="bbox 131 4319 1732 4391">
     <span class='ocr_line' id='line_1_76' title="bbox 131 4319 1732 4391; baseline 0.001 -18"><span class='ocrx_word' id='word_1_599' title='bbox 131 4319 351 4376; x_wconf 88' lang='lat' dir='ltr'><strong>curiose</strong></span> <span class='ocrx_word' id='word_1_600' title='bbox 399 4322 609 4387; x_wconf 87' lang='lat' dir='ltr'><strong>rimari,</strong></span> <span class='ocrx_word' id='word_1_601' title='bbox 656 4330 711 4377; x_wconf 90' lang='lat' dir='ltr'><strong>et</strong></span> <span class='ocrx_word' id='word_1_602' title='bbox 755 4320 1208 4391; x_wconf 89' lang='lat' dir='ltr'><strong>quemadmodum</strong></span> <span class='ocrx_word' id='word_1_603' title='bbox 1254 4321 1354 4390; x_wconf 89' lang='lat' dir='ltr'><strong>ipsi</strong></span> <span class='ocrx_word' id='word_1_604' title='bbox 1404 4321 1732 4388; x_wconf 81' lang='lat' dir='ltr'><strong>existimant,</strong></span> 
     </span>
    </p>
   </div>
   <div class='ocr_carea' id='block_1_77' title="bbox 134 4414 1731 4486">
    <p class='ocr_par' dir='ltr' id='par_1_77' title="bbox 134 4414 1731 4486">
     <span class='ocr_line' id='line_1_77' title="bbox 134 4414 1731 4486; baseline 0.001 -18"><span class='ocrx_word' id='word_1_605' title='bbox 134 4414 407 4468; x_wconf 85' lang='lat' dir='ltr'><strong>subtiliter</strong></span> <span class='ocrx_word' id='word_1_606' title='bbox 449 4430 597 4470; x_wconf 89' lang='lat' dir='ltr'><strong>meas</strong></span> <span class='ocrx_word' id='word_1_607' title='bbox 645 4422 951 4471; x_wconf 89' lang='lat' dir='ltr'><strong>scrutentur</strong></span> <span class='ocrx_word' id='word_1_608' title='bbox 991 4415 1281 4485; x_wconf 90' lang='lat' dir='ltr'><strong>epistolas;</strong></span> <span class='ocrx_word' id='word_1_609' title='bbox 1340 4415 1428 4469; x_wconf 90' lang='lat' dir='ltr'><strong>illa</strong></span> <span class='ocrx_word' id='word_1_610' title='bbox 1483 4415 1731 4486; x_wconf 91' lang='lat' dir='ltr'><strong>quidem,</strong></span> 
     </span>
    </p>
   </div>
   <div class='ocr_carea' id='block_1_78' title="bbox 135 4507 1737 4578">
    <p class='ocr_par' dir='ltr' id='par_1_78' title="bbox 135 4507 1737 4578">
     <span class='ocr_line' id='line_1_78' title="bbox 135 4507 1737 4578; baseline 0.001 -19"><span class='ocrx_word' id='word_1_611' title='bbox 135 4520 260 4574; x_wconf 71' lang='lat' dir='ltr'><strong>qum</strong></span> <span class='ocrx_word' id='word_1_612' title='bbox 285 4514 411 4561; x_wconf 90' lang='lat' dir='ltr'><strong>sunt</strong></span> <span class='ocrx_word' id='word_1_613' title='bbox 439 4507 492 4560; x_wconf 93' lang='lat' dir='ltr'><strong>in</strong></span> <span class='ocrx_word' id='word_1_614' title='bbox 522 4507 651 4577; x_wconf 89' lang='lat' dir='ltr'><strong>ipsis</strong></span> <span class='ocrx_word' id='word_1_615' title='bbox 680 4508 829 4562; x_wconf 88' lang='lat' dir='ltr'><strong>utilia</strong></span> <span class='ocrx_word' id='word_1_616' title='bbox 857 4516 912 4562; x_wconf 88' lang='lat' dir='ltr'><strong>et</strong></span> <span class='ocrx_word' id='word_1_617' title='bbox 938 4507 1267 4574; x_wconf 87' lang='lat' dir='ltr'><strong>necessaria,</strong></span> <span class='ocrx_word' id='word_1_618' title='bbox 1300 4514 1352 4561; x_wconf 87' lang='lat' dir='ltr'><strong>et</strong></span> <span class='ocrx_word' id='word_1_619' title='bbox 1378 4507 1446 4561; x_wconf 89' lang='lat' dir='ltr'><strong>ad</strong></span> <span class='ocrx_word' id='word_1_620' title='bbox 1466 4507 1737 4578; x_wconf 86' lang='lat' dir='ltr'><strong>probatio-</strong></span> 
     </span>
    </p>
   </div>
   <div class='ocr_carea' id='block_1_79' title="bbox 1837 3303 3437 3378">
    <p class='ocr_par' dir='ltr' id='par_1_79' title="bbox 1837 3303 3437 3378">
     <span class='ocr_line' id='line_1_79' title="bbox 1837 3303 3437 3378; baseline 0.001 -19"><span class='ocrx_word' id='word_1_621' title='bbox 1837 3320 1944 3359; x_wconf 79' lang='lat' dir='ltr'><strong>vox</strong></span> <span class='ocrx_word' id='word_1_622' title='bbox 1974 3303 2180 3378; x_wconf 77' lang='lat' dir='ltr'><strong>[Baluz.</strong></span> <span class='ocrx_word' id='word_1_623' title='bbox 2214 3305 2354 3377; x_wconf 88' lang='lat' dir='ltr'><strong>voci]</strong></span> <span class='ocrx_word' id='word_1_624' title='bbox 2385 3307 2703 3374; x_wconf 87' lang='lat' dir='ltr'><strong>conveniat;</strong></span> <span class='ocrx_word' id='word_1_625' title='bbox 2732 3306 2828 3361; x_wconf 84' lang='lat' dir='ltr'><strong>sed</strong></span> <span class='ocrx_word' id='word_1_626' title='bbox 2860 3307 3031 3375; x_wconf 86' lang='lat' dir='ltr'><strong>magis</strong></span> <span class='ocrx_word' id='word_1_627' title='bbox 3072 3322 3177 3362; x_wconf 92' lang='lat' dir='ltr'><strong>non</strong></span> <span class='ocrx_word' id='word_1_628' title='bbox 3208 3306 3437 3378; x_wconf 86' lang='lat' dir='ltr'><strong>permit-</strong></span> 
     </span>
    </p>
   </div>
   <div class='ocr_carea' id='block_1_80' title="bbox 1837 3398 3439 3475">
    <p class='ocr_par' dir='ltr' id='par_1_80' title="bbox 1837 3398 3439 3475">
     <span class='ocr_line' id='line_1_80' title="bbox 1837 3398 3439 3475; baseline 0.002 -23"><span class='ocrx_word' id='word_1_629' title='bbox 1837 3405 1952 3453; x_wconf 91' lang='lat' dir='ltr'><strong>tere</strong></span> <span class='ocrx_word' id='word_1_630' title='bbox 1979 3398 2256 3471; x_wconf 75' lang='grc' dir='ltr'><strong>ψυχικοῖς.</strong></span> <span class='ocrx_word' id='word_1_631' title='bbox 2288 3407 2343 3454; x_wconf 89' lang='lat' dir='ltr'><strong>et</strong></span> <span class='ocrx_word' id='word_1_632' title='bbox 2362 3399 2609 3469; x_wconf 89' lang='lat' dir='ltr'><strong>spiritum</strong></span> <span class='ocrx_word' id='word_1_633' title='bbox 2639 3399 2844 3471; x_wconf 77' lang='lat' dir='ltr'><strong>[Baluz.</strong></span> <span class='ocrx_word' id='word_1_634' title='bbox 2878 3398 3177 3471; x_wconf 89' lang='lat' dir='ltr'><strong>Christum]</strong></span> <span class='ocrx_word' id='word_1_635' title='bbox 3198 3415 3306 3475; x_wconf 92' lang='lat' dir='ltr'><strong>non</strong></span> <span class='ocrx_word' id='word_1_636' title='bbox 3335 3399 3439 3455; x_wconf 87' lang='lat' dir='ltr'><strong>ha-</strong></span> 
     </span>
    </p>
   </div>
   <div class='ocr_carea' id='block_1_81' title="bbox 1836 3491 3437 3560">
    <p class='ocr_par' dir='ltr' id='par_1_81' title="bbox 1836 3491 3437 3560">
     <span class='ocr_line' id='line_1_81' title="bbox 1836 3491 3437 3560; baseline 0.002 -13"><span class='ocrx_word' id='word_1_637' title='bbox 1836 3491 2105 3559; x_wconf 86' lang='lat' dir='ltr'><strong>bentibus,</strong></span> <span class='ocrx_word' id='word_1_638' title='bbox 2138 3492 2273 3547; x_wconf 92' lang='lat' dir='ltr'><strong>duos</strong></span> <span class='ocrx_word' id='word_1_639' title='bbox 2294 3492 2431 3548; x_wconf 84' lang='lat' dir='ltr'><strong>ﬁlios</strong></span> <span class='ocrx_word' id='word_1_640' title='bbox 2460 3493 2761 3560; x_wconf 89' lang='lat' dir='ltr'><strong>nominare,</strong></span> <span class='ocrx_word' id='word_1_641' title='bbox 2790 3493 2876 3549; x_wconf 91' lang='lat' dir='ltr'><strong>vel</strong></span> <span class='ocrx_word' id='word_1_642' title='bbox 2904 3492 3111 3558; x_wconf 91' lang='lat' dir='ltr'><strong>dicere,</strong></span> <span class='ocrx_word' id='word_1_643' title='bbox 3144 3492 3437 3550; x_wconf 87' lang='lat' dir='ltr'><strong>dividenti-</strong></span> 
     </span>
    </p>
   </div>
   <div class='ocr_carea' id='block_1_82' title="bbox 1836 3584 3434 3656">
    <p class='ocr_par' dir='ltr' id='par_1_82' title="bbox 1836 3584 3434 3656">
     <span class='ocr_line' id='line_1_82' title="bbox 1836 3584 3434 3656; baseline 0.002 -18"><span class='ocrx_word' id='word_1_644' title='bbox 1836 3584 1937 3639; x_wconf 91' lang='lat' dir='ltr'><strong>bus</strong></span> <span class='ocrx_word' id='word_1_645' title='bbox 1965 3598 1995 3637; x_wconf 87' lang='lat' dir='ltr'><strong>a</strong></span> <span class='ocrx_word' id='word_1_646' title='bbox 2016 3599 2137 3638; x_wconf 87' lang='lat' dir='ltr'><strong>sese</strong></span> <span class='ocrx_word' id='word_1_647' title='bbox 2164 3584 2513 3648; x_wconf 88' lang='lat' dir='ltr'><strong>substantias,</strong></span> <span class='ocrx_word' id='word_1_648' title='bbox 2540 3593 2663 3655; x_wconf 91' lang='lat' dir='ltr'><strong>post</strong></span> <span class='ocrx_word' id='word_1_649' title='bbox 2704 3585 3119 3656; x_wconf 87' lang='lat' dir='ltr'><strong>inseparabilem</strong></span> <span class='ocrx_word' id='word_1_650' title='bbox 3148 3585 3434 3641; x_wconf 87' lang='lat' dir='ltr'><strong>unitatem.</strong></span> 
     </span>
    </p>
   </div>
   <div class='ocr_carea' id='block_1_83' title="bbox 1908 3674 3439 3749">
    <p class='ocr_par' dir='ltr' id='par_1_83' title="bbox 1908 3674 3439 3749">
     <span class='ocr_line' id='line_1_83' title="bbox 1908 3674 3439 3749; baseline 0.003 -20"><span class='ocrx_word' id='word_1_651' title='bbox 1908 3674 2014 3731; x_wconf 90' lang='lat' dir='ltr'><strong>Sed</strong></span> <span class='ocrx_word' id='word_1_652' title='bbox 2045 3676 2299 3746; x_wconf 89' lang='lat' dir='ltr'><strong>quoniam</strong></span> <span class='ocrx_word' id='word_1_653' title='bbox 2329 3677 2700 3734; x_wconf 88' lang='lat' dir='ltr'><strong>brevissimam</strong></span> <span class='ocrx_word' id='word_1_654' title='bbox 2727 3686 2937 3749; x_wconf 87' lang='lat' dir='ltr'><strong>partem</strong></span> <span class='ocrx_word' id='word_1_655' title='bbox 2967 3687 3167 3734; x_wconf 66' lang='lat' dir='ltr'><strong>nostra:</strong></span> <span class='ocrx_word' id='word_1_656' title='bbox 3194 3678 3439 3749; x_wconf 66' lang='lat' dir='ltr'><strong>epistola:</strong></span> 
     </span>
    </p>
   </div>
   <div class='ocr_carea' id='block_1_84' title="bbox 1838 3768 3438 3841">
    <p class='ocr_par' dir='ltr' id='par_1_84' title="bbox 1838 3768 3438 3841">
     <span class='ocr_line' id='line_1_84' title="bbox 1838 3768 3438 3841; baseline 0.004 -18"><span class='ocrx_word' id='word_1_657' title='bbox 1838 3768 1891 3823; x_wconf 91' lang='lat' dir='ltr'><strong>in</strong></span> <span class='ocrx_word' id='word_1_658' title='bbox 1918 3770 2182 3841; x_wconf 90' lang='lat' dir='ltr'><strong>principio</strong></span> <span class='ocrx_word' id='word_1_659' title='bbox 2211 3786 2432 3826; x_wconf 89' lang='lat' dir='ltr'><strong>suorum</strong></span> <span class='ocrx_word' id='word_1_660' title='bbox 2460 3787 2694 3841; x_wconf 89' lang='lat' dir='ltr'><strong>posuere</strong></span> <span class='ocrx_word' id='word_1_661' title='bbox 2715 3772 3001 3839; x_wconf 88' lang='lat' dir='ltr'><strong>dictorum,</strong></span> <span class='ocrx_word' id='word_1_662' title='bbox 3026 3773 3438 3829; x_wconf 85' lang='lat' dir='ltr'><strong>interminantes</strong></span> 
     </span>
    </p>
   </div>
   <div class='ocr_carea' id='block_1_85' title="bbox 1837 3861 3437 3931">
    <p class='ocr_par' dir='ltr' id='par_1_85' title="bbox 1837 3861 3437 3931">
     <span class='ocr_line' id='line_1_85' title="bbox 1837 3861 3437 3931; baseline 0.001 -15"><span class='ocrx_word' id='word_1_663' title='bbox 1837 3877 1896 3916; x_wconf 89' lang='lat' dir='ltr'><strong>se</strong></span> <span class='ocrx_word' id='word_1_664' title='bbox 1924 3861 2156 3930; x_wconf 89' lang='lat' dir='ltr'><strong>quodam</strong></span> <span class='ocrx_word' id='word_1_665' title='bbox 2187 3877 2286 3916; x_wconf 89' lang='lat' dir='ltr'><strong>nos</strong></span> <span class='ocrx_word' id='word_1_666' title='bbox 2317 3868 2561 3930; x_wconf 86' lang='lat' dir='ltr'><strong>tempore</strong></span> <span class='ocrx_word' id='word_1_667' title='bbox 2582 3862 2953 3927; x_wconf 87' lang='lat' dir='ltr'><strong>convicturos,</strong></span> <span class='ocrx_word' id='word_1_668' title='bbox 2987 3862 3141 3931; x_wconf 90' lang='lat' dir='ltr'><strong>quasi</strong></span> <span class='ocrx_word' id='word_1_669' title='bbox 3180 3877 3290 3917; x_wconf 92' lang='lat' dir='ltr'><strong>non</strong></span> <span class='ocrx_word' id='word_1_670' title='bbox 3319 3876 3437 3917; x_wconf 76' lang='lat' dir='ltr'><strong>me-</strong></span> 
     </span>
    </p>
   </div>
   <div class='ocr_carea' id='block_1_86' title="bbox 1838 3950 3439 4019">
    <p class='ocr_par' dir='ltr' id='par_1_86' title="bbox 1838 3950 3439 4019">
     <span class='ocr_line' id='line_1_86' title="bbox 1838 3950 3439 4019; baseline 0.002 -14"><span class='ocrx_word' id='word_1_671' title='bbox 1838 3952 2094 4006; x_wconf 87' lang='lat' dir='ltr'><strong>diocriter</strong></span> <span class='ocrx_word' id='word_1_672' title='bbox 2132 3951 2508 4019; x_wconf 89' lang='lat' dir='ltr'><strong>delinquentes</strong></span> <span class='ocrx_word' id='word_1_673' title='bbox 2555 3953 2608 4005; x_wconf 90' lang='lat' dir='ltr'><strong>in</strong></span> <span class='ocrx_word' id='word_1_674' title='bbox 2639 3951 2876 4007; x_wconf 87' lang='lat' dir='ltr'><strong>Verbum</strong></span> <span class='ocrx_word' id='word_1_675' title='bbox 2922 3952 3020 4006; x_wconf 91' lang='lat' dir='ltr'><strong>Dei</strong></span> <span class='ocrx_word' id='word_1_676' title='bbox 3062 3963 3116 4006; x_wconf 88' lang='lat' dir='ltr'><strong>et</strong></span> <span class='ocrx_word' id='word_1_677' title='bbox 3155 3950 3349 4019; x_wconf 88' lang='lat' dir='ltr'><strong>Patris,</strong></span> <span class='ocrx_word' id='word_1_678' title='bbox 3382 3957 3439 4008; x_wconf 88' lang='lat' dir='ltr'><strong>et</strong></span> 
     </span>
    </p>
   </div>
   <div class='ocr_carea' id='block_1_87' title="bbox 1838 4042 3440 4120">
    <p class='ocr_par' dir='ltr' id='par_1_87' title="bbox 1838 4042 3440 4120">
     <span class='ocr_line' id='line_1_87' title="bbox 1838 4042 3440 4120; baseline 0.001 -23"><span class='ocrx_word' id='word_1_679' title='bbox 1838 4052 2044 4097; x_wconf 65' lang='lat' dir='ltr'><strong>natura:</strong></span> <span class='ocrx_word' id='word_1_680' title='bbox 2092 4043 2257 4112; x_wconf 90' lang='lat' dir='ltr'><strong>ipsius</strong></span> <span class='ocrx_word' id='word_1_681' title='bbox 2304 4043 2758 4120; x_wconf 88' lang='lat' dir='ltr'><strong>inconsultissime</strong></span> <span class='ocrx_word' id='word_1_682' title='bbox 2806 4044 3135 4099; x_wconf 87' lang='lat' dir='ltr'><strong>ascribentes</strong></span> <span class='ocrx_word' id='word_1_683' title='bbox 3174 4044 3248 4111; x_wconf 92' lang='lat' dir='ltr'><strong>id,</strong></span> <span class='ocrx_word' id='word_1_684' title='bbox 3290 4042 3440 4113; x_wconf 77' lang='lat' dir='ltr'><strong>quod</strong></span> 
     </span>
    </p>
   </div>
   <div class='ocr_carea' id='block_1_88' title="bbox 1838 4135 3441 4207">
    <p class='ocr_par' dir='ltr' id='par_1_88' title="bbox 1838 4135 3441 4207">
     <span class='ocr_line' id='line_1_88' title="bbox 1838 4135 3441 4207; baseline 0.001 -16"><span class='ocrx_word' id='word_1_685' title='bbox 1838 4135 1987 4191; x_wconf 89' lang='lat' dir='ltr'><strong>carni</strong></span> <span class='ocrx_word' id='word_1_686' title='bbox 2028 4136 2298 4201; x_wconf 89' lang='lat' dir='ltr'><strong>convenit,</strong></span> <span class='ocrx_word' id='word_1_687' title='bbox 2344 4136 2773 4203; x_wconf 89' lang='lat' dir='ltr'><strong>incrementum;</strong></span> <span class='ocrx_word' id='word_1_688' title='bbox 2816 4152 2915 4207; x_wconf 86' lang='lat' dir='ltr'><strong>age</strong></span> <span class='ocrx_word' id='word_1_689' title='bbox 2948 4137 3110 4192; x_wconf 90' lang='lat' dir='ltr'><strong>etiam</strong></span> <span class='ocrx_word' id='word_1_690' title='bbox 3144 4150 3307 4207; x_wconf 90' lang='lat' dir='ltr'><strong>super</strong></span> <span class='ocrx_word' id='word_1_691' title='bbox 3333 4136 3441 4193; x_wconf 82' lang='lat' dir='ltr'><strong>hoc</strong></span> 
     </span>
    </p>
   </div>
   <div class='ocr_carea' id='block_1_89' title="bbox 1839 4228 3439 4298">
    <p class='ocr_par' dir='ltr' id='par_1_89' title="bbox 1839 4228 3439 4298">
     <span class='ocr_line' id='line_1_89' title="bbox 1839 4228 3439 4298; baseline 0.003 -18"><span class='ocrx_word' id='word_1_692' title='bbox 1839 4241 2073 4296; x_wconf 90' lang='lat' dir='ltr'><strong>quoque;</strong></span> <span class='ocrx_word' id='word_1_693' title='bbox 2104 4241 2223 4296; x_wconf 69' lang='lat' dir='ltr'><strong>quin</strong></span> <span class='ocrx_word' id='word_1_694' title='bbox 2248 4235 2374 4281; x_wconf 89' lang='lat' dir='ltr'><strong>sunt</strong></span> <span class='ocrx_word' id='word_1_695' title='bbox 2400 4228 2808 4298; x_wconf 87' lang='lat' dir='ltr'><strong>respondenda;</strong></span> <span class='ocrx_word' id='word_1_696' title='bbox 2843 4229 3101 4295; x_wconf 90' lang='lat' dir='ltr'><strong>dicamus,</strong></span> <span class='ocrx_word' id='word_1_697' title='bbox 3134 4229 3280 4283; x_wconf 90' lang='lat' dir='ltr'><strong>illam</strong></span> <span class='ocrx_word' id='word_1_698' title='bbox 3318 4243 3439 4284; x_wconf 87' lang='lat' dir='ltr'><strong>om-</strong></span> 
     </span>
    </p>
   </div>
   <div class='ocr_carea' id='block_1_90' title="bbox 1839 4317 3439 4389">
    <p class='ocr_par' dir='ltr' id='par_1_90' title="bbox 1839 4317 3439 4389">
     <span class='ocr_line' id='line_1_90' title="bbox 1839 4317 3439 4389; baseline 0.003 -19"><span class='ocrx_word' id='word_1_699' title='bbox 1839 4331 1962 4371; x_wconf 91' lang='lat' dir='ltr'><strong>nem</strong></span> <span class='ocrx_word' id='word_1_700' title='bbox 1986 4325 2191 4387; x_wconf 88' lang='lat' dir='ltr'><strong>partem</strong></span> <span class='ocrx_word' id='word_1_701' title='bbox 2221 4317 2821 4389; x_wconf 67' lang='lat' dir='ltr'><strong>epistolceapponentes</strong></span> <span class='ocrx_word' id='word_1_702' title='bbox 2852 4337 2863 4373; x_wconf 91' lang='lat'>:</span> <span class='ocrx_word' id='word_1_703' title='bbox 2895 4320 3145 4374; x_wconf 90' lang='lat' dir='ltr'><strong>timentes</strong></span> <span class='ocrx_word' id='word_1_704' title='bbox 3173 4318 3317 4374; x_wconf 90' lang='lat' dir='ltr'><strong>enim</strong></span> <span class='ocrx_word' id='word_1_705' title='bbox 3357 4318 3439 4375; x_wconf 88' lang='lat' dir='ltr'><strong>illi</strong></span> 
     </span>
    </p>
   </div>
   <div class='ocr_carea' id='block_1_91' title="bbox 1838 4405 3437 4482">
    <p class='ocr_par' dir='ltr' id='par_1_91' title="bbox 1838 4405 3437 4482">
     <span class='ocr_line' id='line_1_91' title="bbox 1838 4405 3437 4482; baseline 0.003 -21"><span class='ocrx_word' id='word_1_706' title='bbox 1838 4408 2044 4464; x_wconf 89' lang='lat' dir='ltr'><strong>scilicet</strong></span> <span class='ocrx_word' id='word_1_707' title='bbox 2090 4410 2394 4475; x_wconf 88' lang='lat' dir='ltr'><strong>veritatem,</strong></span> <span class='ocrx_word' id='word_1_708' title='bbox 2447 4417 2502 4465; x_wconf 91' lang='lat' dir='ltr'><strong>et</strong></span> <span class='ocrx_word' id='word_1_709' title='bbox 2550 4411 2844 4482; x_wconf 89' lang='lat' dir='ltr'><strong>subrepere</strong></span> <span class='ocrx_word' id='word_1_710' title='bbox 2882 4410 3086 4482; x_wconf 77' lang='lat' dir='ltr'><strong>[Baluz.</strong></span> <span class='ocrx_word' id='word_1_711' title='bbox 3132 4405 3437 4481; x_wconf 87' lang='lat' dir='ltr'><strong>subripere]</strong></span> 
     </span>
    </p>
   </div>
   <div class='ocr_carea' id='block_1_92' title="bbox 1840 4502 3437 4575">
    <p class='ocr_par' dir='ltr' id='par_1_92' title="bbox 1840 4502 3437 4575">
     <span class='ocr_line' id='line_1_92' title="bbox 1840 4502 3437 4575; baseline 0.002 -18"><span class='ocrx_word' id='word_1_712' title='bbox 1840 4503 2172 4559; x_wconf 89' lang='lat' dir='ltr'><strong>auditoribus</strong></span> <span class='ocrx_word' id='word_1_713' title='bbox 2216 4503 2562 4571; x_wconf 82' lang='lat' dir='ltr'><strong>festinantes,</strong></span> <span class='ocrx_word' id='word_1_714' title='bbox 2606 4511 2815 4575; x_wconf 87' lang='lat' dir='ltr'><strong>partem</strong></span> <span class='ocrx_word' id='word_1_715' title='bbox 2864 4504 3011 4559; x_wconf 90' lang='lat' dir='ltr'><strong>illam</strong></span> <span class='ocrx_word' id='word_1_716' title='bbox 3057 4502 3437 4560; x_wconf 88' lang='lat' dir='ltr'><strong>tantummodo</strong></span> 
     </span>
    </p>
   </div>
   <div class='ocr_carea' id='block_1_93' title="bbox 137 4598 3438 4671">
    <p class='ocr_par' dir='ltr' id='par_1_93' title="bbox 137 4598 3438 4671">
     <span class='ocr_line' id='line_1_93' title="bbox 137 4598 3438 4671; baseline 0 -22"><span class='ocrx_word' id='word_1_717' title='bbox 137 4610 264 4651; x_wconf 88' lang='lat' dir='ltr'><strong>nem</strong></span> <span class='ocrx_word' id='word_1_718' title='bbox 302 4606 575 4653; x_wconf 88' lang='lat' dir='ltr'><strong>rectorum</strong></span> <span class='ocrx_word' id='word_1_719' title='bbox 601 4598 911 4667; x_wconf 88' lang='lat' dir='ltr'><strong>dogmatum</strong></span> <span class='ocrx_word' id='word_1_720' title='bbox 938 4598 1285 4669; x_wconf 90' lang='lat' dir='ltr'><strong>pertinentia,</strong></span> <span class='ocrx_word' id='word_1_721' title='bbox 1318 4598 1565 4653; x_wconf 88' lang='lat' dir='ltr'><strong>consulto</strong></span> <span class='ocrx_word' id='word_1_722' title='bbox 1594 4614 1734 4669; x_wconf 73' lang='lat' dir='ltr'><strong>prae-</strong></span> <span class='ocrx_word' id='word_1_723' title='bbox 1764 4605 1813 4669; x_wconf 84' lang='lat' dir='ltr'><strong>D</strong></span> <span class='ocrx_word' id='word_1_724' title='bbox 1839 4608 2153 4671; x_wconf 89' lang='lat' dir='ltr'><strong>posuerunt,</strong></span> <span class='ocrx_word' id='word_1_725' title='bbox 2186 4614 2305 4669; x_wconf 64' lang='lat' dir='ltr'><strong>quae</strong></span> <span class='ocrx_word' id='word_1_726' title='bbox 2334 4599 2463 4669; x_wconf 90' lang='lat' dir='ltr'><strong>ipsis</strong></span> <span class='ocrx_word' id='word_1_727' title='bbox 2489 4599 2633 4655; x_wconf 92' lang='lat' dir='ltr'><strong>utilis</strong></span> <span class='ocrx_word' id='word_1_728' title='bbox 2661 4599 2962 4664; x_wconf 89' lang='lat' dir='ltr'><strong>videbatur,</strong></span> <span class='ocrx_word' id='word_1_729' title='bbox 2988 4613 3087 4667; x_wconf 91' lang='lat' dir='ltr'><strong>per</strong></span> <span class='ocrx_word' id='word_1_730' title='bbox 3110 4612 3271 4665; x_wconf 91' lang='lat' dir='ltr'><strong>quam</strong></span> <span class='ocrx_word' id='word_1_731' title='bbox 3308 4610 3438 4665; x_wconf 75' lang='lat' dir='ltr'><strong>pos-</strong></span> 
     </span>
    </p>
   </div>
   <div class='ocr_carea' id='block_1_94' title="bbox 134 4687 1733 4760">
    <p class='ocr_par' dir='ltr' id='par_1_94' title="bbox 134 4687 1733 4760">
     <span class='ocr_line' id='line_1_94' title="bbox 134 4687 1733 4760; baseline 0.004 -21"><span class='ocrx_word' id='word_1_732' title='bbox 134 4693 371 4741; x_wconf 90' lang='lat' dir='ltr'><strong>tereunt.</strong></span> <span class='ocrx_word' id='word_1_733' title='bbox 412 4687 677 4743; x_wconf 89' lang='lat' dir='ltr'><strong>Invadunt</strong></span> <span class='ocrx_word' id='word_1_734' title='bbox 715 4704 841 4744; x_wconf 89' lang='lat' dir='ltr'><strong>vero</strong></span> <span class='ocrx_word' id='word_1_735' title='bbox 880 4691 1009 4745; x_wconf 90' lang='lat' dir='ltr'><strong>satis</strong></span> <span class='ocrx_word' id='word_1_736' title='bbox 1052 4690 1264 4759; x_wconf 86' lang='lat' dir='ltr'><strong>agiliter</strong></span> <span class='ocrx_word' id='word_1_737' title='bbox 1302 4698 1356 4745; x_wconf 89' lang='lat' dir='ltr'><strong>et</strong></span> <span class='ocrx_word' id='word_1_738' title='bbox 1391 4691 1646 4760; x_wconf 87' lang='lat' dir='ltr'><strong>impigre,</strong></span> <span class='ocrx_word' id='word_1_739' title='bbox 1688 4690 1733 4746; x_wconf 91' lang='lat' dir='ltr'><strong>si</strong></span> 
     </span>
    </p>
   </div>
   <div class='ocr_carea' id='block_1_95' title="bbox 136 4778 1731 4848">
    <p class='ocr_par' dir='ltr' id='par_1_95' title="bbox 136 4778 1731 4848">
     <span class='ocr_line' id='line_1_95' title="bbox 136 4778 1731 4848; baseline 0.004 -17"><span class='ocrx_word' id='word_1_740' title='bbox 136 4778 267 4846; x_wconf 90' lang='lat' dir='ltr'><strong>quid</strong></span> <span class='ocrx_word' id='word_1_741' title='bbox 296 4778 399 4835; x_wconf 91' lang='lat' dir='ltr'><strong>illis</strong></span> <span class='ocrx_word' id='word_1_742' title='bbox 427 4780 601 4835; x_wconf 90' lang='lat' dir='ltr'><strong>visum</strong></span> <span class='ocrx_word' id='word_1_743' title='bbox 640 4780 828 4848; x_wconf 82' lang='lat' dir='ltr'><strong>fuerit,</strong></span> <span class='ocrx_word' id='word_1_744' title='bbox 861 4781 945 4836; x_wconf 90' lang='lat' dir='ltr'><strong>vel</strong></span> <span class='ocrx_word' id='word_1_745' title='bbox 990 4783 1358 4838; x_wconf 88' lang='lat' dir='ltr'><strong>tenuissimam</strong></span> <span class='ocrx_word' id='word_1_746' title='bbox 1394 4784 1595 4838; x_wconf 87' lang='lat' dir='ltr'><strong>habere</strong></span> <span class='ocrx_word' id='word_1_747' title='bbox 1638 4799 1731 4838; x_wconf 90' lang='lat' dir='ltr'><strong>su-</strong></span> 
     </span>
    </p>
   </div>
   <div class='ocr_carea' id='block_1_96' title="bbox 138 4870 1729 4945">
    <p class='ocr_par' dir='ltr' id='par_1_96' title="bbox 138 4870 1729 4945">
     <span class='ocr_line' id='line_1_96' title="bbox 138 4870 1729 4945; baseline 0.004 -22"><span class='ocrx_word' id='word_1_748' title='bbox 138 4870 455 4940; x_wconf 90' lang='lat' dir='ltr'><strong>spicionem,</strong></span> <span class='ocrx_word' id='word_1_749' title='bbox 485 4887 585 4941; x_wconf 81' lang='lat' dir='ltr'><strong>per</strong></span> <span class='ocrx_word' id='word_1_750' title='bbox 612 4886 771 4941; x_wconf 90' lang='lat' dir='ltr'><strong>quam</strong></span> <span class='ocrx_word' id='word_1_751' title='bbox 799 4881 1017 4944; x_wconf 89' lang='lat' dir='ltr'><strong>possent</strong></span> <span class='ocrx_word' id='word_1_752' title='bbox 1034 4873 1236 4945; x_wconf 51' lang='lat' dir='ltr'><strong>[Batus</strong></span> <span class='ocrx_word' id='word_1_753' title='bbox 1262 4873 1492 4945; x_wconf 80' lang='lat' dir='ltr'><strong>possint]</strong></span> <span class='ocrx_word' id='word_1_754' title='bbox 1522 4874 1729 4929; x_wconf 91' lang='lat' dir='ltr'><strong>calum-</strong></span> 
     </span>
    </p>
   </div>
   <div class='ocr_carea' id='block_1_97' title="bbox 138 4960 1727 5022">
    <p class='ocr_par' dir='ltr' id='par_1_97' title="bbox 138 4960 1727 5022">
     <span class='ocr_line' id='line_1_97' title="bbox 138 4960 1727 5022; baseline 0.005 -9"><span class='ocrx_word' id='word_1_755' title='bbox 138 4961 287 5015; x_wconf 89' lang='lat' dir='ltr'><strong>niam</strong></span> <span class='ocrx_word' id='word_1_756' title='bbox 307 4961 459 5017; x_wconf 84' lang='lat' dir='ltr'><strong>nobis</strong></span> <span class='ocrx_word' id='word_1_757' title='bbox 488 4960 703 5018; x_wconf 85' lang='lat' dir='ltr'><strong>inferre.</strong></span> <span class='ocrx_word' id='word_1_758' title='bbox 737 4962 1030 5018; x_wconf 88' lang='lat' dir='ltr'><strong>Meminero</strong></span> <span class='ocrx_word' id='word_1_759' title='bbox 1061 4971 1242 5019; x_wconf 91' lang='lat' dir='ltr'><strong>autem</strong></span> <span class='ocrx_word' id='word_1_760' title='bbox 1266 4980 1514 5020; x_wconf 89' lang='lat' dir='ltr'><strong>meorum</strong></span> <span class='ocrx_word' id='word_1_761' title='bbox 1550 4965 1727 5022; x_wconf 91' lang='lat' dir='ltr'><strong>dicto-</strong></span> 
     </span>
    </p>
   </div>
   <div class='ocr_carea' id='block_1_98' title="bbox 136 5054 1730 5125">
    <p class='ocr_par' dir='ltr' id='par_1_98' title="bbox 136 5054 1730 5125">
     <span class='ocr_line' id='line_1_98' title="bbox 136 5054 1730 5125; baseline 0.003 -18"><span class='ocrx_word' id='word_1_762' title='bbox 136 5068 294 5119; x_wconf 87' lang='lat' dir='ltr'><strong>rum;</strong></span> <span class='ocrx_word' id='word_1_763' title='bbox 344 5054 533 5125; x_wconf 87' lang='lat' dir='ltr'><strong>scripsi</strong></span> <span class='ocrx_word' id='word_1_764' title='bbox 581 5054 722 5109; x_wconf 87' lang='lat' dir='ltr'><strong>enim</strong></span> <span class='ocrx_word' id='word_1_765' title='bbox 778 5055 833 5109; x_wconf 90' lang='lat' dir='ltr'><strong>in</strong></span> <span class='ocrx_word' id='word_1_766' title='bbox 879 5055 1109 5125; x_wconf 88' lang='lat' dir='ltr'><strong>epistola</strong></span> <span class='ocrx_word' id='word_1_767' title='bbox 1156 5056 1223 5110; x_wconf 90' lang='lat' dir='ltr'><strong>ad</strong></span> <span class='ocrx_word' id='word_1_768' title='bbox 1270 5057 1580 5111; x_wconf 82' lang='lat' dir='ltr'><strong>Nestorium</strong></span> <span class='ocrx_word' id='word_1_769' title='bbox 1625 5056 1730 5112; x_wconf 89' lang='lat' dir='ltr'><strong>hoc</strong></span> 
     </span>
    </p>
   </div>
   <div class='ocr_carea' id='block_1_99' title="bbox 132 5144 1731 5218">
    <p class='ocr_par' dir='ltr' id='par_1_99' title="bbox 132 5144 1731 5218">
     <span class='ocr_line' id='line_1_99' title="bbox 132 5144 1731 5218; baseline 0.003 -20"><span class='ocrx_word' id='word_1_770' title='bbox 132 5144 301 5200; x_wconf 90' lang='lat' dir='ltr'><strong>modo</strong></span> <span class='ocrx_word' id='word_1_771' title='bbox 351 5144 540 5218; x_wconf 86' lang='lat' dir='ltr'><strong>(Epist.</strong></span> <span class='ocrx_word' id='word_1_772' title='bbox 573 5146 637 5214; x_wconf 78' lang='lat'><strong>5,</strong></span> <span class='ocrx_word' id='word_1_773' title='bbox 669 5162 809 5200; x_wconf 92' lang='lat' dir='ltr'><strong>num.</strong></span> <span class='ocrx_word' id='word_1_774' title='bbox 843 5145 931 5217; x_wconf 77' lang='lat' dir='ltr'><strong>l9)</strong></span> <span class='ocrx_word' id='word_1_775' title='bbox 965 5164 980 5201; x_wconf 88' lang='lat'><strong>:</strong></span> <span class='ocrx_word' id='word_1_776' title='bbox 1024 5146 1183 5201; x_wconf 90' lang='lat' dir='ltr'><strong>Voces</strong></span> <span class='ocrx_word' id='word_1_777' title='bbox 1231 5157 1402 5201; x_wconf 89' lang='lat' dir='ltr'><strong>autem</strong></span> <span class='ocrx_word' id='word_1_778' title='bbox 1434 5148 1731 5203; x_wconf 79' lang='lat' dir='ltr'><strong>Saluatoris</strong></span> 
     </span>
    </p>
   </div>
   <div class='ocr_carea' id='block_1_100' title="bbox 130 5239 1729 5315">
    <p class='ocr_par' dir='ltr' id='par_1_100' title="bbox 130 5239 1729 5315">
     <span class='ocr_line' id='line_1_100' title="bbox 130 5239 1729 5315; baseline 0.006 -26"><span class='ocrx_word' id='word_1_779' title='bbox 130 5239 320 5305; x_wconf 86' lang='lat' dir='ltr'><strong>nostri,</strong></span> <span class='ocrx_word' id='word_1_780' title='bbox 351 5256 463 5311; x_wconf 74' lang='lat' dir='ltr'><strong>qua:</strong></span> <span class='ocrx_word' id='word_1_781' title='bbox 488 5249 608 5296; x_wconf 87' lang='lat' dir='ltr'><strong>sunt</strong></span> <span class='ocrx_word' id='word_1_782' title='bbox 633 5242 686 5296; x_wconf 91' lang='lat' dir='ltr'><strong>in</strong></span> <span class='ocrx_word' id='word_1_783' title='bbox 707 5239 1032 5315; x_wconf 87' lang='lat' dir='ltr'><strong>Evangeliis,</strong></span> <span class='ocrx_word' id='word_1_784' title='bbox 1064 5259 1223 5315; x_wconf 88' lang='lat' dir='ltr'><strong>neque</strong></span> <span class='ocrx_word' id='word_1_785' title='bbox 1251 5243 1450 5297; x_wconf 90' lang='lat' dir='ltr'><strong>duabus</strong></span> <span class='ocrx_word' id='word_1_786' title='bbox 1480 5244 1729 5299; x_wconf 88' lang='lat' dir='ltr'><strong>substan-</strong></span> 
     </span>
    </p>
   </div>
   <div class='ocr_carea' id='block_1_101' title="bbox 1837 4687 3436 4748">
    <p class='ocr_par' dir='ltr' id='par_1_101' title="bbox 1837 4687 3436 4748">
     <span class='ocr_line' id='line_1_101' title="bbox 1837 4687 3436 4748; baseline -0.003 0"><span class='ocrx_word' id='word_1_787' title='bbox 1837 4701 1958 4748; x_wconf 91' lang='lat' dir='ltr'><strong>sent</strong></span> <span class='ocrx_word' id='word_1_788' title='bbox 1978 4692 2185 4748; x_wconf 90' lang='lat' dir='ltr'><strong>ratione</strong></span> <span class='ocrx_word' id='word_1_789' title='bbox 2213 4693 2511 4747; x_wconf 88' lang='lat' dir='ltr'><strong>coloratam</strong></span> <span class='ocrx_word' id='word_1_790' title='bbox 2553 4692 2878 4747; x_wconf 88' lang='lat' dir='ltr'><strong>calumniam</strong></span> <span class='ocrx_word' id='word_1_791' title='bbox 2909 4690 3065 4745; x_wconf 91' lang='lat' dir='ltr'><strong>nobis</strong></span> <span class='ocrx_word' id='word_1_792' title='bbox 3092 4687 3310 4743; x_wconf 89' lang='lat' dir='ltr'><strong>inferre.</strong></span> <span class='ocrx_word' id='word_1_793' title='bbox 3354 4687 3436 4743; x_wconf 85' lang='lat' dir='ltr'><strong>Ita</strong></span> 
     </span>
    </p>
   </div>
   <div class='ocr_carea' id='block_1_102' title="bbox 1839 4778 3436 4855">
    <p class='ocr_par' dir='ltr' id='par_1_102' title="bbox 1839 4778 3436 4855">
     <span class='ocr_line' id='line_1_102' title="bbox 1839 4778 3436 4855; baseline -0.004 -16"><span class='ocrx_word' id='word_1_794' title='bbox 1839 4792 2018 4839; x_wconf 88' lang='lat' dir='ltr'><strong>autem</strong></span> <span class='ocrx_word' id='word_1_795' title='bbox 2045 4800 2103 4839; x_wconf 90' lang='lat' dir='ltr'><strong>se</strong></span> <span class='ocrx_word' id='word_1_796' title='bbox 2124 4784 2289 4839; x_wconf 91' lang='lat' dir='ltr'><strong>habet</strong></span> <span class='ocrx_word' id='word_1_797' title='bbox 2308 4785 2564 4855; x_wconf 88' lang='lat' dir='ltr'><strong>scriptum</strong></span> <span class='ocrx_word' id='word_1_798' title='bbox 2600 4803 2611 4837; x_wconf 91' lang='lat'>:</span> <span class='ocrx_word' id='word_1_799' title='bbox 2643 4783 2714 4837; x_wconf 89' lang='lat' dir='ltr'><strong>Et</strong></span> <span class='ocrx_word' id='word_1_800' title='bbox 2741 4786 2786 4837; x_wconf 85' lang='lat' dir='ltr'><strong>si</strong></span> <span class='ocrx_word' id='word_1_801' title='bbox 2815 4783 3060 4847; x_wconf 87' lang='lat' dir='ltr'><strong>audieris,</strong></span> <span class='ocrx_word' id='word_1_802' title='bbox 3093 4780 3239 4849; x_wconf 89' lang='lat' dir='ltr'><strong>quod</strong></span> <span class='ocrx_word' id='word_1_803' title='bbox 3266 4778 3436 4849; x_wconf 85' lang='lat' dir='ltr'><strong>proli-</strong></span> 
     </span>
    </p>
   </div>
   <div class='ocr_carea' id='block_1_103' title="bbox 1838 4873 3432 4948">
    <p class='ocr_par' dir='ltr' id='par_1_103' title="bbox 1838 4873 3432 4948">
     <span class='ocr_line' id='line_1_103' title="bbox 1838 4873 3432 4948; baseline -0.004 -15"><span class='ocrx_word' id='word_1_804' title='bbox 1838 4879 2013 4934; x_wconf 89' lang='lat' dir='ltr'><strong>eiebat</strong></span> <span class='ocrx_word' id='word_1_805' title='bbox 2038 4876 2194 4934; x_wconf 81' lang='lat' dir='ltr'><strong>Jesus</strong></span> <span class='ocrx_word' id='word_1_806' title='bbox 2222 4884 2400 4945; x_wconf 61' lang='lat' dir='ltr'><strong>astate,</strong></span> <span class='ocrx_word' id='word_1_807' title='bbox 2432 4887 2486 4933; x_wconf 91' lang='lat' dir='ltr'><strong>et</strong></span> <span class='ocrx_word' id='word_1_808' title='bbox 2506 4878 2696 4948; x_wconf 86' lang='lat' dir='ltr'><strong>gratia,</strong></span> <span class='ocrx_word' id='word_1_809' title='bbox 2723 4885 2778 4931; x_wconf 92' lang='lat' dir='ltr'><strong>et</strong></span> <span class='ocrx_word' id='word_1_810' title='bbox 2800 4875 3083 4945; x_wconf 89' lang='lat' dir='ltr'><strong>sapientia,</strong></span> <span class='ocrx_word' id='word_1_811' title='bbox 3118 4890 3183 4927; x_wconf 89' lang='lat' dir='ltr'><strong>ne</strong></span> <span class='ocrx_word' id='word_1_812' title='bbox 3224 4873 3432 4944; x_wconf 84' lang='lat' dir='ltr'><strong>sapiens</strong></span> 
     </span>
    </p>
   </div>
   <div class='ocr_carea' id='block_1_104' title="bbox 1836 4963 3433 5041">
    <p class='ocr_par' dir='ltr' id='par_1_104' title="bbox 1836 4963 3433 5041">
     <span class='ocr_line' id='line_1_104' title="bbox 1836 4963 3433 5041; baseline -0.004 -18"><span class='ocrx_word' id='word_1_813' title='bbox 1836 4987 1902 5023; x_wconf 74' lang='lat' dir='ltr'><strong>ex</strong></span> <span class='ocrx_word' id='word_1_814' title='bbox 1931 4972 2167 5041; x_wconf 87' lang='lat' dir='ltr'><strong>profectu</strong></span> <span class='ocrx_word' id='word_1_815' title='bbox 2194 4972 2353 5041; x_wconf 87' lang='lat' dir='ltr'><strong>fuisse</strong></span> <span class='ocrx_word' id='word_1_816' title='bbox 2374 4969 2471 5023; x_wconf 88' lang='lat' dir='ltr'><strong>Dei</strong></span> <span class='ocrx_word' id='word_1_817' title='bbox 2510 4967 2732 5022; x_wconf 89' lang='lat' dir='ltr'><strong>Verbum</strong></span> <span class='ocrx_word' id='word_1_818' title='bbox 2751 4967 3157 5030; x_wconf 71' lang='lat' dir='ltr'><strong>existimaveris;</strong></span> <span class='ocrx_word' id='word_1_819' title='bbox 3181 4963 3433 5018; x_wconf 89' lang='lat' dir='ltr'><strong>memine-</strong></span> 
     </span>
    </p>
   </div>
   <div class='ocr_carea' id='block_1_105' title="bbox 1839 5052 3434 5132">
    <p class='ocr_par' dir='ltr' id='par_1_105' title="bbox 1839 5052 3434 5132">
     <span class='ocr_line' id='line_1_105' title="bbox 1839 5052 3434 5132; baseline -0.005 -16"><span class='ocrx_word' id='word_1_820' title='bbox 1839 5063 1911 5116; x_wconf 87' lang='lat' dir='ltr'><strong>ris</strong></span> <span class='ocrx_word' id='word_1_821' title='bbox 1939 5070 2107 5115; x_wconf 90' lang='lat' dir='ltr'><strong>autem</strong></span> <span class='ocrx_word' id='word_1_822' title='bbox 2150 5064 2318 5132; x_wconf 89' lang='lat' dir='ltr'><strong>potius</strong></span> <span class='ocrx_word' id='word_1_823' title='bbox 2340 5065 2412 5116; x_wconf 85' lang='lat' dir='ltr'><strong>ita</strong></span> <span class='ocrx_word' id='word_1_824' title='bbox 2434 5060 2703 5114; x_wconf 89' lang='lat' dir='ltr'><strong>scribentis</strong></span> <span class='ocrx_word' id='word_1_825' title='bbox 2727 5058 3007 5112; x_wconf 85' lang='lat' dir='ltr'><strong>beatissimi</strong></span> <span class='ocrx_word' id='word_1_826' title='bbox 3043 5056 3203 5110; x_wconf 85' lang='lat' dir='ltr'><strong>Pauli</strong></span> <span class='ocrx_word' id='word_1_827' title='bbox 3230 5071 3247 5109; x_wconf 92' lang='lat'><strong><em>:</em></strong></span> <span class='ocrx_word' id='word_1_828' title='bbox 3274 5052 3434 5108; x_wconf 81' lang='lat' dir='ltr'><strong>Chri-</strong></span> 
     </span>
    </p>
   </div>
   <div class='ocr_carea' id='block_1_106' title="bbox 1838 5143 3433 5219">
    <p class='ocr_par' dir='ltr' id='par_1_106' title="bbox 1838 5143 3433 5219">
     <span class='ocr_line' id='line_1_106' title="bbox 1838 5143 3433 5219; baseline -0.005 -13"><span class='ocrx_word' id='word_1_829' title='bbox 1838 5159 1953 5206; x_wconf 88' lang='lat' dir='ltr'><strong>stus</strong></span> <span class='ocrx_word' id='word_1_830' title='bbox 1976 5152 2071 5207; x_wconf 90' lang='lat' dir='ltr'><strong>Dei</strong></span> <span class='ocrx_word' id='word_1_831' title='bbox 2100 5153 2287 5219; x_wconf 89' lang='lat' dir='ltr'><strong>virtus,</strong></span> <span class='ocrx_word' id='word_1_832' title='bbox 2333 5162 2388 5207; x_wconf 88' lang='lat' dir='ltr'><strong>et</strong></span> <span class='ocrx_word' id='word_1_833' title='bbox 2415 5152 2509 5206; x_wconf 90' lang='lat' dir='ltr'><strong>Dei</strong></span> <span class='ocrx_word' id='word_1_834' title='bbox 2558 5149 2821 5219; x_wconf 89' lang='lat' dir='ltr'><strong>sapientia</strong></span> <span class='ocrx_word' id='word_1_835' title='bbox 2852 5148 2894 5219; x_wconf 92' lang='grc' dir='ltr'>(Ι</span> <span class='ocrx_word' id='word_1_836' title='bbox 2924 5147 3043 5203; x_wconf 89' lang='lat' dir='ltr'><strong>Cor.</strong></span> <span class='ocrx_word' id='word_1_837' title='bbox 3075 5164 3123 5215; x_wconf 81' lang='grc' dir='ltr'><strong>ι,</strong></span> <span class='ocrx_word' id='word_1_838' title='bbox 3166 5145 3277 5216; x_wconf 81' lang='lat' dir='ltr'><strong>l8).</strong></span> <span class='ocrx_word' id='word_1_839' title='bbox 3322 5143 3433 5200; x_wconf 89' lang='lat' dir='ltr'><strong>Sed</strong></span> 
     </span>
    </p>
   </div>
   <div class='ocr_carea' id='block_1_107' title="bbox 1838 5240 3431 5316">
    <p class='ocr_par' dir='ltr' id='par_1_107' title="bbox 1838 5240 3431 5316">
     <span class='ocr_line' id='line_1_107' title="bbox 1838 5240 3431 5316; baseline -0.004 -16"><span class='ocrx_word' id='word_1_840' title='bbox 1838 5262 1930 5301; x_wconf 85' lang='lat' dir='ltr'><strong>nec</strong></span> <span class='ocrx_word' id='word_1_841' title='bbox 1962 5246 2094 5300; x_wconf 87' lang='lat' dir='ltr'><strong>illud</strong></span> <span class='ocrx_word' id='word_1_842' title='bbox 2135 5256 2318 5301; x_wconf 86' lang='lat' dir='ltr'><strong>temere</strong></span> <span class='ocrx_word' id='word_1_843' title='bbox 2356 5262 2508 5299; x_wconf 89' lang='lat' dir='ltr'><strong>ausus</strong></span> <span class='ocrx_word' id='word_1_844' title='bbox 2533 5245 2691 5316; x_wconf 89' lang='lat' dir='ltr'><strong>fueris</strong></span> <span class='ocrx_word' id='word_1_845' title='bbox 2738 5243 2936 5308; x_wconf 88' lang='lat' dir='ltr'><strong>dicere,</strong></span> <span class='ocrx_word' id='word_1_846' title='bbox 2980 5240 3116 5314; x_wconf 89' lang='lat' dir='ltr'><strong>quod</strong></span> <span class='ocrx_word' id='word_1_847' title='bbox 3143 5241 3431 5313; x_wconf 87' lang='lat' dir='ltr'><strong>profectum</strong></span> 
     </span>
    </p>
   </div>
   <div class='ocr_carea' id='block_1_108' title="bbox 1304 5398 2245 5459">
    <p class='ocr_par' dir='ltr' id='par_1_108' title="bbox 1304 5398 2245 5459">
     <span class='ocr_line' id='line_1_108' title="bbox 1304 5398 2245 5459; baseline 0.003 -6"><span class='ocrx_word' id='word_1_848' title='bbox 1304 5398 1849 5458; x_wconf 84' lang='lat' dir='ltr'><strong>CASTIGATIONES</strong></span> <span class='ocrx_word' id='word_1_849' title='bbox 1890 5403 1976 5458; x_wconf 81' lang='lat' dir='ltr'><strong>ET</strong></span> <span class='ocrx_word' id='word_1_850' title='bbox 2016 5402 2245 5459; x_wconf 65' lang='lat' dir='ltr'><strong>NOTAE.</strong></span> 
     </span>
    </p>
   </div>
   <div class='ocr_carea' id='block_1_109' title="bbox 208 5514 1716 5587">
    <p class='ocr_par' dir='ltr' id='par_1_109' title="bbox 208 5514 1716 5587">
     <span class='ocr_line' id='line_1_109' title="bbox 208 5514 1716 5587; baseline 0.004 -18"><span class='ocrx_word' id='word_1_851' title='bbox 208 5524 237 5587; x_wconf 60' lang='grc' dir='ltr'><strong>εξ</strong></span> <span class='ocrx_word' id='word_1_852' title='bbox 278 5514 415 5587; x_wconf 77' lang='lat' dir='ltr'><strong>Quid</strong></span> <span class='ocrx_word' id='word_1_853' title='bbox 432 5518 588 5587; x_wconf 88' lang='lat' dir='ltr'><strong>igitur</strong></span> <span class='ocrx_word' id='word_1_854' title='bbox 614 5518 689 5571; x_wconf 92' lang='lat' dir='ltr'><strong>ita</strong></span> <span class='ocrx_word' id='word_1_855' title='bbox 716 5515 1196 5570; x_wconf 87' lang='lat' dir='ltr'><strong>anathematismus.</strong></span> <span class='ocrx_word' id='word_1_856' title='bbox 1228 5516 1304 5570; x_wconf 86' lang='lat' dir='ltr'><strong>Ita</strong></span> <span class='ocrx_word' id='word_1_857' title='bbox 1334 5526 1547 5574; x_wconf 90' lang='lat' dir='ltr'><strong>veteres</strong></span> <span class='ocrx_word' id='word_1_858' title='bbox 1575 5519 1716 5575; x_wconf 87' lang='lat' dir='ltr'><strong>libri.</strong></span> 
     </span>
    </p>
   </div>
   <div class='ocr_carea' id='block_1_110' title="bbox 129 5586 1719 5660">
    <p class='ocr_par' dir='ltr' id='par_1_110' title="bbox 129 5586 1719 5660">
     <span class='ocr_line' id='line_1_110' title="bbox 129 5586 1719 5660; baseline 0.001 -18"><span class='ocrx_word' id='word_1_859' title='bbox 129 5586 255 5660; x_wconf 82' lang='lat' dir='ltr'><strong>Sed</strong></span> <span class='ocrx_word' id='word_1_860' title='bbox 273 5586 325 5640; x_wconf 91' lang='lat' dir='ltr'><strong>in</strong></span> <span class='ocrx_word' id='word_1_861' title='bbox 347 5586 713 5660; x_wconf 81' lang='lat' dir='ltr'><strong>Bellovacensi</strong></span> <span class='ocrx_word' id='word_1_862' title='bbox 760 5594 1016 5656; x_wconf 67' lang='lat' dir='ltr'><strong>prieterea</strong></span> <span class='ocrx_word' id='word_1_863' title='bbox 1057 5587 1291 5660; x_wconf 73' lang='lat' dir='ltr'><strong>additum</strong></span> <span class='ocrx_word' id='word_1_864' title='bbox 1320 5595 1403 5643; x_wconf 89' lang='lat' dir='ltr'><strong>est</strong></span> <span class='ocrx_word' id='word_1_865' title='bbox 1427 5590 1593 5660; x_wconf 80' lang='lat' dir='ltr'><strong>quasi</strong></span> <span class='ocrx_word' id='word_1_866' title='bbox 1620 5606 1719 5660; x_wconf 90' lang='lat' dir='ltr'><strong>pro</strong></span> 
     </span>
    </p>
   </div>
   <div class='ocr_carea' id='block_1_111' title="bbox 129 5656 1721 5730">
    <p class='ocr_par' dir='ltr' id='par_1_111' title="bbox 129 5656 1721 5730">
     <span class='ocr_line' id='line_1_111' title="bbox 129 5656 1721 5730; baseline 0.003 -17"><span class='ocrx_word' id='word_1_867' title='bbox 129 5656 293 5713; x_wconf 88' lang='lat' dir='ltr'><strong>titulo</strong></span> <span class='ocrx_word' id='word_1_868' title='bbox 323 5676 335 5711; x_wconf 90' lang='lat'><strong>:</strong></span> <span class='ocrx_word' id='word_1_869' title='bbox 360 5659 831 5714; x_wconf 81' lang='lat' dir='ltr'><strong>Anathematismus</strong></span> <span class='ocrx_word' id='word_1_870' title='bbox 859 5659 1085 5730; x_wconf 88' lang='lat' dir='ltr'><strong>quintus.</strong></span> <span class='ocrx_word' id='word_1_871' title='bbox 1107 5657 1301 5713; x_wconf 90' lang='lat' dir='ltr'><strong>Verum</strong></span> <span class='ocrx_word' id='word_1_872' title='bbox 1329 5656 1505 5715; x_wconf 80' lang='lat' dir='ltr'><strong>nullus</strong></span> <span class='ocrx_word' id='word_1_873' title='bbox 1536 5656 1721 5717; x_wconf 76' lang='lat' dir='ltr'><strong>titulus</strong></span> 
     </span>
    </p>
   </div>
   <div class='ocr_carea' id='block_1_112' title="bbox 126 5730 1721 5856">
    <p class='ocr_par' dir='ltr' id='par_1_112' title="bbox 126 5730 1721 5856">
     <span class='ocr_line' id='line_1_112' title="bbox 126 5730 1721 5856; baseline 0.005 -74"><span class='ocrx_word' id='word_1_874' title='bbox 126 5730 485 5856; x_wconf 52' lang='lat' dir='ltr'><strong>apponetﬁdus</strong></span> <span class='ocrx_word' id='word_1_875' title='bbox 512 5738 613 5798; x_wconf 90' lang='lat' dir='ltr'><strong>est,</strong></span> <span class='ocrx_word' id='word_1_876' title='bbox 643 5745 765 5790; x_wconf 83' lang='lat' dir='ltr'><strong>cum</strong></span> <span class='ocrx_word' id='word_1_877' title='bbox 790 5745 899 5787; x_wconf 90' lang='lat' dir='ltr'><strong>non</strong></span> <span class='ocrx_word' id='word_1_878' title='bbox 943 5737 1197 5800; x_wconf 86' lang='lat' dir='ltr'><strong>sequatur</strong></span> <span class='ocrx_word' id='word_1_879' title='bbox 1224 5732 1572 5801; x_wconf 84' lang='lat' dir='ltr'><strong>reprehensio</strong></span> <span class='ocrx_word' id='word_1_880' title='bbox 1609 5733 1721 5789; x_wconf 67' lang='lat' dir='ltr'><strong>hie-</strong></span> 
     </span>
     <span class='ocr_line' id='line_1_113' title="bbox 130 5809 549 5856; baseline 0 0"><span class='ocrx_word' id='word_1_881' title='bbox 130 5809 315 5856; x_wconf 81' lang='lat' dir='ltr'><strong>rettc1.</strong></span> <span class='ocrx_word' id='word_1_882' title='bbox 397 5817 549 5856; x_wconf 81' lang='lat' dir='ltr'><strong>ALUl.</strong></span> 
     </span>
    </p>
   </div>
   <div class='ocr_carea' id='block_1_113' title="bbox 130 5809 549 5858">
    <p class='ocr_par' dir='ltr' id='par_1_113' title="bbox 130 5809 549 5858">
     <span class='ocr_line' id='line_1_114' title="bbox 130 5809 549 5858; baseline -0.002 -1"><span class='ocrx_word' id='word_1_883' title='bbox 130 5809 315 5857; x_wconf 68' lang='lat' dir='ltr'><strong>relict.</strong></span> <span class='ocrx_word' id='word_1_884' title='bbox 354 5809 549 5858; x_wconf 67' lang='lat' dir='ltr'><strong>Bawz.</strong></span> 
     </span>
    </p>
   </div>
   <div class='ocr_carea' id='block_1_114' title="bbox 1899 5518 3426 5591">
    <p class='ocr_par' dir='ltr' id='par_1_114' title="bbox 1899 5518 3426 5591">
     <span class='ocr_line' id='line_1_115' title="bbox 1899 5518 3426 5591; baseline 0.001 -17"><span class='ocrx_word' id='word_1_885' title='bbox 1899 5522 1937 5591; x_wconf 16' lang='grc' dir='ltr'><strong>δν</strong></span> <span class='ocrx_word' id='word_1_886' title='bbox 1970 5520 2254 5574; x_wconf 85' lang='lat' dir='ltr'><strong>Baluzius:</strong></span> <span class='ocrx_word' id='word_1_887' title='bbox 2290 5519 2455 5591; x_wconf 84' lang='lat' dir='ltr'><strong>Voces</strong></span> <span class='ocrx_word' id='word_1_888' title='bbox 2472 5519 2676 5591; x_wconf 86' lang='lat' dir='ltr'><strong>quidem</strong></span> <span class='ocrx_word' id='word_1_889' title='bbox 2715 5519 2946 5591; x_wconf 83' lang='lat' dir='ltr'><strong>singulas</strong></span> <span class='ocrx_word' id='word_1_890' title='bbox 2977 5534 3089 5590; x_wconf 71' lang='lat' dir='ltr'><strong>quae</strong></span> <span class='ocrx_word' id='word_1_891' title='bbox 3128 5519 3233 5573; x_wconf 89' lang='lat' dir='ltr'><strong>sint</strong></span> <span class='ocrx_word' id='word_1_892' title='bbox 3272 5518 3426 5575; x_wconf 72' lang='lat' dir='ltr'><strong>dicta:</strong></span> 
     </span>
    </p>
   </div>
   <div class='ocr_carea' id='block_1_115' title="bbox 1829 5590 3425 5713">
    <p class='ocr_par' dir='ltr' id='par_1_115' title="bbox 1829 5590 3425 5713">
     <span class='ocr_line' id='line_1_116' title="bbox 1829 5590 3425 5662; baseline -0.001 -17"><span class='ocrx_word' id='word_1_893' title='bbox 1829 5593 1890 5645; x_wconf 88' lang='lat' dir='ltr'><strong>de</strong></span> <span class='ocrx_word' id='word_1_894' title='bbox 1917 5590 2142 5655; x_wconf 85' lang='lat' dir='ltr'><strong>Christo,</strong></span> <span class='ocrx_word' id='word_1_895' title='bbox 2168 5591 2243 5644; x_wconf 76' lang='lat' dir='ltr'><strong>vel</strong></span> <span class='ocrx_word' id='word_1_896' title='bbox 2271 5606 2385 5662; x_wconf 70' lang='lat' dir='ltr'><strong>qua:</strong></span> <span class='ocrx_word' id='word_1_897' title='bbox 2408 5590 2469 5642; x_wconf 89' lang='lat' dir='ltr'><strong>ab</strong></span> <span class='ocrx_word' id='word_1_898' title='bbox 2486 5590 2604 5659; x_wconf 87' lang='lat' dir='ltr'><strong>ipso</strong></span> <span class='ocrx_word' id='word_1_899' title='bbox 2634 5590 2863 5659; x_wconf 79' lang='lat' dir='ltr'><strong>probata:</strong></span> <span class='ocrx_word' id='word_1_900' title='bbox 2891 5600 3030 5656; x_wconf 89' lang='lat' dir='ltr'><strong>sunt,</strong></span> <span class='ocrx_word' id='word_1_901' title='bbox 3052 5591 3312 5661; x_wconf 84' lang='lat' dir='ltr'><strong>sapienter</strong></span> <span class='ocrx_word' id='word_1_902' title='bbox 3341 5606 3425 5644; x_wconf 78' lang='lat' dir='ltr'><strong>ae-</strong></span> 
     </span>
     <span class='ocr_line' id='line_1_117' title="bbox 1830 5660 2671 5713; baseline 0 0"><span class='ocrx_word' id='word_1_903' title='bbox 1830 5662 2093 5713; x_wconf 80' lang='lat' dir='ltr'><strong>cim‘endas</strong></span> <span class='ocrx_word' id='word_1_904' title='bbox 2123 5677 2253 5713; x_wconf 85' lang='lat' dir='ltr'><strong>esse.</strong></span> <span class='ocrx_word' id='word_1_905' title='bbox 2285 5669 2352 5713; x_wconf 87' lang='lat' dir='ltr'><strong>et.</strong></span> <span class='ocrx_word' id='word_1_906' title='bbox 2387 5670 2490 5713; x_wconf 85' lang='lat' dir='ltr'><strong>etc.</strong></span> <span class='ocrx_word' id='word_1_907' title='bbox 2517 5660 2671 5713; x_wconf 79' lang='lat' dir='ltr'><strong>Enn.</strong></span> 
     </span>
    </p>
   </div>
   <div class='ocr_carea' id='block_1_116' title="bbox 1830 5662 3426 5791">
    <p class='ocr_par' dir='ltr' id='par_1_116' title="bbox 1830 5662 3426 5791">
     <span class='ocr_line' id='line_1_118' title="bbox 1830 5662 2671 5733; baseline -0.001 -20"><span class='ocrx_word' id='word_1_908' title='bbox 1830 5662 2093 5733; x_wconf 85' lang='lat' dir='ltr'><strong>cipiendas</strong></span> <span class='ocrx_word' id='word_1_909' title='bbox 2123 5677 2253 5726; x_wconf 83' lang='lat' dir='ltr'><strong>esse,</strong></span> <span class='ocrx_word' id='word_1_910' title='bbox 2285 5669 2352 5725; x_wconf 89' lang='lat' dir='ltr'><strong>et,</strong></span> <span class='ocrx_word' id='word_1_911' title='bbox 2387 5670 2490 5716; x_wconf 88' lang='lat' dir='ltr'><strong>etc.</strong></span> <span class='ocrx_word' id='word_1_912' title='bbox 2517 5662 2671 5715; x_wconf 78' lang='lat' dir='ltr'><strong>Enn.</strong></span> 
     </span>
     <span class='ocr_line' id='line_1_119' title="bbox 1906 5730 3426 5791; baseline 0 -6"><span class='ocrx_word' id='word_1_913' title='bbox 1906 5743 1926 5770; x_wconf 80' lang='grc' dir='ltr'><strong>ο</strong></span> <span class='ocrx_word' id='word_1_914' title='bbox 1970 5732 2150 5787; x_wconf 77' lang='lat' dir='ltr'><strong>Baluz.</strong></span> <span class='ocrx_word' id='word_1_915' title='bbox 2197 5751 2208 5785; x_wconf 90' lang='lat'><strong>:</strong></span> <span class='ocrx_word' id='word_1_916' title='bbox 2243 5730 2409 5786; x_wconf 90' lang='lat' dir='ltr'><strong>Deum</strong></span> <span class='ocrx_word' id='word_1_917' title='bbox 2454 5730 2674 5785; x_wconf 84' lang='lat' dir='ltr'><strong>Verbum</strong></span> <span class='ocrx_word' id='word_1_918' title='bbox 2703 5748 2768 5785; x_wconf 73' lang='lat' dir='ltr'><strong>ea:</strong></span> <span class='ocrx_word' id='word_1_919' title='bbox 2808 5749 3050 5789; x_wconf 88' lang='lat' dir='ltr'><strong>mensura</strong></span> <span class='ocrx_word' id='word_1_920' title='bbox 3087 5730 3426 5791; x_wconf 74' lang='lat' dir='ltr'><strong>humanitatis</strong></span> 
     </span>
    </p>
   </div>
   <div class='ocr_carea' id='block_1_117' title="bbox 1831 5801 2873 5877">
    <p class='ocr_par' dir='ltr' id='par_1_117' title="bbox 1831 5801 2873 5877">
     <span class='ocr_line' id='line_1_120' title="bbox 1831 5801 2873 5877; baseline 0.001 -18"><span class='ocrx_word' id='word_1_921' title='bbox 1831 5805 1992 5877; x_wconf 84' lang='lat' dir='ltr'><strong>ipsius</strong></span> <span class='ocrx_word' id='word_1_922' title='bbox 2024 5804 2368 5875; x_wconf 76' lang='lat' dir='ltr'><strong>agnoscimus.</strong></span> <span class='ocrx_word' id='word_1_923' title='bbox 2397 5802 2559 5872; x_wconf 89' lang='lat' dir='ltr'><strong>Nam,</strong></span> <span class='ocrx_word' id='word_1_924' title='bbox 2590 5811 2692 5860; x_wconf 87' lang='lat' dir='ltr'><strong>etc.</strong></span> <span class='ocrx_word' id='word_1_925' title='bbox 2720 5801 2873 5860; x_wconf 75' lang='lat' dir='ltr'><strong>Enn.</strong></span> 
     </span>
    </p>
   </div>
  </div>
