3982 6278
436 308 538 368 951

950 296 1147 358 MAR“
1181 292 1626 355 MERCATORIS
1664 283 2236 350 TRANSLATIONBS
2271 283 2640 348 VARIORUM
2678 285 3207 348 OPUSCULORUM.

3625 291 3741 351 952

435 423 679 494 metipsos
707 415 937 492 probate,
974 417 1019 472 si
1048 417 1168 471 ειιίε
1200 415 1256 469 in
1281 411 1386 485 ﬁde
1415 411 1480 484 (ιι
1507 408 1625 466 Cor.
1668 423 1782 476 xm,
1815 406 1889 480 5).
1916 406 2030 462 Hu-
2053 409 2109 472 Α
2130 406 2302 463 Deum
2343 404 2504 464 simul
2543 411 2600 463 et
2639 404 2947 474 hominem.
2980 415 3037 464 et
3082 423 3192 465 non
3219 408 3498 470 hominem
3537 418 3735 478 nescio

400 508 631 568 ‘manus
659 511 858 568 etenim
886 523 1094 576 sensus,
1121 507 1222 562 etsi
1247 504 1478 575 quadam
1502 502 1780 573 jactantia,
1808 507 1864 555 et
1883 515 2034 556 amo-

435 623 496 663 re
524 607 607 664 sui
637 613 790 662 extra
818 611 1026 660 rectam
1061 601 1308 657 semitam
1351 597 1570 663 feratur,
1616 601 1671 651 et
1716 609 1747 649 a
1781 593 2035 649 veritatis

434 696 776 767 dogmatibus
797 695 1182 752 abhorrentem
1219 689 1416 746 habeat
1442 694 1678 756 motum,
1710 702 1836 760 suas
1863 700 2032 742 novas

434 788 758 859 ineptasque
793 785 1149 858 cogitationes
1176 784 1290 854 ipse
1319 783 1520 838 sentire
1539 779 1830 846 formidat;
1861 794 1920 836 se
1944 785 2029 834 ta-

435 897 562 936 men
589 881 841 937 facillime
867 877 1195 943 emendabit,
1223 885 1534 932 sanctorum
1575 873 1794 929 Patrum
1823 880 2030 929 scruta-

433 979 524 1031 tus
551 973 766 1030 labores
802 979 859 1027 et
883 971 1100 1042 scripta,
1124 969 1219 1040 qui
1262 975 1485 1040 propter
1512 965 1867 1026 rectissimam
1893 963 2028 1035 dog-

434 1074 639 1123 matum
667 1065 950 1122 scientiam
976 1063 1402 1120 memorabiliter
1441 1064 1509 1118 ab
1533 1062 1783 1118 omnibus
1821 1060 2027 1118 collau-

431 1159 647 1226 dantur,
675 1167 897 1228 tumque
935 1173 1090 1214 suam
1118 1156 1279 1214 ﬁdem
1304 1157 1444 1213 bene
1469 1155 1738 1227 probabit.
1769 1154 2028 1225 Proposi-

430 1257 547 1305 tum
572 1257 656 1306 est
682 1249 828 1305 enim
856 1249 1248 1318 omnibus,‘qui
1285 1255 1468 1304 mente
1509 1253 1634 1302 sunt
1667 1261 1833 1314 sana,
1875 1245 2027 1315 sequi

431 1342 717 1413 opiniones
745 1342 994 1410 illorum;
1018 1339 1457 1412 quandoquidem
1487 1339 1592 1410 ipsi
1615 1353 1833 1408 quoque
1871 1353 2028 1394 suum

429 1447 649 1488 sensum
678 1433 986 1503 apostolica:
1014 1440 1068 1488 et
1094 1432 1417 1500 evangelicae
1444 1431 1750 1487 traditionis
1795 1430 2025 1500 implen-

427 1531 530 1590 tes,
572 1532 629 1580 et
656 1524 782 1580 ﬁdei
808 1526 1077 1580 rationem
1118 1532 1268 1580 recte
1288 1529 1360 1580 ‘et
1387 1524 1930 1594 irreprehensibiliter
1957 1539 2026 1579 ex

427 1615 596 1671 sacris
635 1615 830 1672 litteris
865 1615 1233 1686 concipientes
1255 1655 1270 1682 ,
1319 1615 1519 1670 lumina
1549 1623 1704 1671 erant
1744 1615 1800 1670 in
1824 1615 2024 1672 mundo

425 1708 633 1764 verbum
661 1710 776 1765 vita
824 1709 1066 1764 habentes
1112 1708 1331 1779 (Philip.
1358 1725 1413 1773 ιι,
1444 1707 1554 1780 16),
1587 1709 1725 1765 sicut
1763 1708 2024 1779 scriptum

427 1809 531 1857 εει.

497 1893 695 1950 Scribit
732 1893 896 1965 igitur
923 1895 1267 1966 sempiternae
1313 1894 1588 1950 memorizc
1635 1894 1800 1951 Pater
1837 1901 2026 1951 noster

425 1984 713 2057 episcopus
739 1983 1065 2042 Athanasius
1091 1986 1160 2042 de
1203 1986 1448 2042 omnium
1496 1987 1766 2042 salvatore
1810 1986 2026 2044 Christo

427 2078 567 2150 (Lib.
602 2080 664 2136 de
695 2079 872 2135 Incar.
914 2080 1069 2135 Verbi
1092 2088 1214 2135 tom.
1246 2079 1314 2152 Il)
1341 2098 1354 2134 :
1387 2078 1705 2152 Conﬁtemur
1731 2097 1841 2136 esse
1857 2083 2028 2152 ipsum

427 2170 630 2228 Filium
653 2173 766 2241 Dei,
797 2183 848 2229 et
874 2172 1044 2229 Deum
1080 2174 1360 2229 secundum
1385 2177 1644 2247 spiritum,
1669 2184 1719 2229 et
1736 2171 1905 2246 ﬁlium
1933 2177 2026 2231 ho-

426 2267 582 2320 minis
602 2266 885 2321 secundum
899 2283 1139 2330 carnem;
1162 2284 1265 2322 non
1285 2267 1414 2321 duas
1436 2277 1648 2321 naturas
1663 2282 1822 2320 unum
1836 2266 2022 2337 ﬁlium,

424 2373 584 2412 unam
603 2357 949 2427 adorandum,
965 2367 1015 2414 et
1027 2359 1244 2414 alteram
1258 2375 1363 2414 non
1379 2359 1738 2424 adorandum;
1760 2358 1850 2412 sed
1868 2375 2027 2416 unam

425 2457 668 2504 naturam
691 2450 846 2505 Verbi
865 2453 1213 2519 incarnatum,
1231 2459 1280 2506 et
1295 2450 1569 2507 adoratam
1585 2450 1790 2526 [Baluz.
1806 2453 2029 2506 adoran-

424 2538 568 2611 dum]
591 2557 704 2596 cum
724 2557 880 2596 carne
899 2543 1080 2615 ipsius,
1103 2559 1209 2596 una
1237 2544 1596 2609 veneratione;
1619 2558 1782 2615 neque
1812 2542 1938 2598 duos
1959 2543 2026 2615 ﬁ-

426 2634 544 2700 lios,
568 2633 728 2688 alium
765 2633 968 2706 quidem
1007 2633 1207 2690 Filium
1253 2633 1353 2688 Dei
1384 2650 1556 2689 verum
1583 2643 1634 2688 et
1669 2634 2024 2702 adorandum;

425 2723 587 2778 alium
612 2733 782 2779 autem
801 2742 867 2780 ea;
892 2725 1088 2791 Maria,
1114 2726 1371 2781 hominem
1397 2742 1502 2781 non
1531 2725 1876 2794 adorandum,
1912 2744 2028 2799 gra-

426 2819 498 2870 tia
518 2816 717 2874 Filium
740 2818 839 2876 Dei
863 2823 1076 2892 factum,
1107 2825 1241 2878 sicut
1263 2824 1514 2879 homines.
1541 2822 1712 2880 Porro
1733 2834 1856 2897 post
1877 2827 1982 2882 alia
2009 2845 2022 2880 :

426 2905 528 2970 Qui
547 2909 705 2978 igitur
730 2927 796 2964 ea:
831 2910 1045 2982 Virgine
1088 2911 1266 2967 Maria
1294 2924 1448 2969 natus
1487 2922 1578 2980 est,
1614 2912 1787 2968 Filius
1817 2913 2022 2987 [Baluz.

425 2999 549 3055 add.
576 3000 672 3072 est]
696 3001 794 3058 Dei
822 3013 1029 3072 natura,
1053 3013 1104 3059 et
1121 3004 1264 3062 Deus
1287 3025 1416 3075 vere,
1443 3024 1546 3062 non
1567 3010 1760 3079 gratia,
1791 3025 1884 3063 nec
1904 3026 2029 3080 par-

426 3092 658 3164 ticipatu,
690 3094 970 3151 secundum
1005 3112 1212 3152 carnem
1239 3106 1391 3152 natus
1419 3107 1497 3154 est
1531 3100 1682 3154 homo
1713 3101 1796 3154 ea:~
1817 3097 2026 3166 Maria;

425 3185 706 3240 secundum
731 3187 968 3259 spiritum
987 3205 1104 3245 vero
1123 3191 1236 3261 ipse
1253 3188 1425 3244 Filius
1449 3189 1550 3244 Dei
1573 3199 1623 3245 et
1636 3189 1796 3246 Deus.
1816 3190 2023 3266 [Baluz.
2054 3203 2100 3268 ο

426 3276 548 3333 add.
567 3274 638 3332 Et
657 3277 877 3350 rursus].
898 3279 960 3335 Si
976 3282 1088 3353 quis
1103 3289 1274 3337 autem
1295 3290 1478 3338 contra
1493 3283 1620 3349 haec,
1640 3283 1774 3338 velut
1793 3300 1857 3338 ea:
1877 3299 2030 3340 sacra

427 3367 722 3439 Scriptura,
741 3370 905 3436 docet,
932 3372 1091 3426 alium
1113 3373 1289 3428 dicens
1318 3372 1516 3430 Filium
1538 3373 1656 3442 Dei,
1680 3382 1731 3429 et
1751 3376 1910 3429 alium
1931 3392 2029 3430 na-

429 3467 535 3514 tum
563 3479 628 3514 ex
648 3461 844 3526 Maria,
878 3465 1048 3534 gratia
1076 3465 1243 3534 ﬁlium
1271 3451 1485 3537 factum,
1518 3467 1651 3520 sicut
1671 3483 1799 3532 nos;
1820 3476 1870 3522 et
1893 3465 2031 3540 quod

427 3558 548 3603 sunt
580 3551 680 3606 duo
714 3552 832 3622 ﬁlii,
856 3569 990 3608 unus
1017 3565 1208 3608 natura
1227 3553 1398 3609 Filius
1419 3555 1519 3610 Dei
1537 3597 1552 3622 ,
1576 3573 1642 3610 ex
1668 3555 1798 3624 Deo,
1823 3566 1873 3611 et
1895 3573 2028 3614 unus

429 3646 601 3715 gratia
616 3645 768 3699 homo
788 3644 927 3699 θέε-Μ
930 3647 1077 3712 aria;
1099 3657 1188 3700 aut
1208 3648 1252 3701 si
1274 3649 1385 3719 quis
1402 3647 1614 3703 Domini
1636 3651 1800 3702 nostri
1821 3666 2030 3705 carnem

426 3735 645 3808 desuper
673 3737 815 3805 dicit,
849 3755 910 3792 ac
943 3755 1047 3794 non
1067 3756 1132 3793 ea:
1161 3738 1379 3810 Virgine
1403 3739 1597 3806 Maria,
1625 3749 1714 3793 aut
1734 3759 2030 3798 conversam

425 3829 668 3886 deitatem
683 3832 736 3886 in
754 3849 980 3899 carnem,
1001 3843 1093 3886 aut
1111 3834 1401 3903 confusam,
1421 3840 1511 3886 aut
1538 3843 1922 3897 commutatam,
1941 3844 2032 3888 aut

423 3922 719 3993 passibilem
739 3921 949 3978 Domini
968 3924 1174 3997 [Baluz.
1194 3923 1488 3979 add.nostri
1508 3923 1596 3979 hic
1616 3933 1672 3980 et
1694 3924 1848 3996 infra]
1873 3925 2032 3980 deita-

425 4025 546 4084 tem,
577 4027 667 4071 aut
695 4034 798 4073 non
827 4018 1154 4074 adorandum
1181 4016 1396 4072 Domini
1427 4035 1654 4085 carnem,
1685 4029 1741 4072 ut
1782 4020 2027 4088 hominis,

425 4117 517 4164 aut
554 4126 658 4165 non
687 4109 1043 4177 adorandum,
1084 4121 1142 4166 ut
1179 4109 1393 4166 Domini
1422 4120 1473 4165 et
1506 4110 1608 4166 Dei
1649 4129 1884 4180 carnem;
1912 4131 2026 4169 eum

427 4202 835 4258 anathematizat
879 4213 1063 4259 sancta
1099 4213 1150 4258 et
1185 4205 1442 4259 catholica
1468 4201 1724 4271 Ecclesia,
1772 4205 2028 4279 obtempe-

427 4311 552 4350 rans
582 4295 754 4351 divino
781 4297 1028 4368 Apostolo
1057 4296 1246 4352 dicenti
1276 4314 1293 4352 :
1329 4296 1388 4353 Si
1414 4297 1534 4368 quis
1563 4298 1715 4354 vobis
1754 4301 2025 4370 evangeli-

427 4387 629 4442 zaverit
657 4395 853 4457 praeter
881 4389 935 4443 id
960 4390 1106 4460 quod
1133 4391 1434 4462 accepistis,
1469 4391 1757 4447 anathema
1782 4393 1851 4448 sit
1881 4391 2023 4465 (Cal.

423 4492 463 4545 ι,
493 4475 573 4548 9).

2136 514 2316 571 quem,
2347 500 2638 571 separatim
2667 505 2723 556 et
2741 501 2970 556 seorsim
2989 501 3411 574 intelligendum,
3435 514 3492 564 et
3519 519 3737 570 tantum

2135 593 2516 664 conjunctione
2555 594 2666 650 Deo
2693 594 3074 651 adhaerentem.
3111 596 3246 653 Nam
3268 608 3393 670 post
3421 603 3567 660 illam
3595 606 3738 662 inet.

2133 683 2351 741 fabilem
2379 685 2780 754 adunationem,
2804 688 2918 743 sive
2945 689 3065 758 quis
3091 689 3288 747 dixerit
3311 693 3480 750 Deum
3506 697 3734 756 Emma-

2133 779 2286 847 nuel,
2337 779 2614 836 hominem
2657 779 2858 838 factum
2903 789 2960 837 et
3003 782 3340 842 incarnatum
3366 787 3464 844 Dei
3493 790 3737 851 Verbum

2134 883 2352 947 oportet
2378 877 2644 948 accipere,
2693 878 2808 935 sive
2849 879 2970 949 quis
3012 881 3290 938 hominem
3331 888 3733 962 nominaverit;

2132 968 2334 1025 scimus
2359 977 2560 1038 tamen,
2591 986 2715 1026 cum
2741 972 2846 1027 hoc
2873 986 2992 1028 esse
3033 973 3197 1028 etiam
3242 974 3482 1033 Verbum
3531 979 3731 1041 Patris.

2132 1057 2231 1114 Est
2269 1059 2431 1130 igitur
2473 1060 2645 1129 aliud,
2696 1062 2875 1119 dicere
2919 1063 3114 1120 Filium
3142 1065 3239 1122 Dei
3278 1067 3454 1128 Patris
3492 1073 3737 1133 Verbum

2133 1168 2299 1208 unum
2327 1169 2450 1208 cum
2479 1169 2642 1210 came
2669 1154 2770 1210 sibi
2810 1154 3120 1226 conjuncta,
3163 1167 3218 1213 et
3245 1160 3391 1216 aliud
3430 1163 3646 1231 dicere,
3679 1167 3736 1223 in

2131 1244 2352 1300 homine
2365 1259 2485 1300 esse
2500 1245 2689 1314 Deum,
2708 1246 3160 1316 quemadmodum
3179 1249 3345 1306 etiam
3367 1253 3423 1308 in
3449 1256 3737 1328 prophetis

2130 1337 2252 1401 fuit,
2284 1337 2398 1393 sive
2418 1337 2472 1392 in
2497 1338 2653 1394 nobis
2681 1338 2813 1408 ipsis
2839 1355 2936 1410 per
2961 1339 3220 1410 Spiritum
3241 1350 3511 1400 sanctum.

2202 1431 2331 1487 Sine
2357 1432 2599 1503 periculo
2628 1439 2810 1487 autem
2838 1441 2894 1488 et
2922 1433 3483 1504 irreprehensibiliter,
3524 1446 3584 1492 ut
3611 1439 3736 1510 opi-

2131 1539 2250 1590 nor,
2275 1523 2380 1578 hoc
2406 1523 2625 1589 dixeris,
2656 1524 2803 1593 quod
2822 1524 3158 1580 incarnatum
3187 1528 3284 1583 Dei
3309 1527 3549 1585 Verbum
3567 1571 3582 1596 ,
3610 1547 3740 1588 cum

2129 1613 2365 1671 sit'unus
2392 1616 2551 1684 ﬁlius,
2582 1631 2693 1672 non
2719 1616 2838 1671 sine
2860 1617 3077 1687 propria
3099 1633 3279 1684 carne,
3305 1619 3400 1675 sed
3434 1635 3562 1676 cum
3594 1622 3736 1693 ipsa,

2129 1718 2213 1768 est
2254 1712 2436 1783 potius
2482 1711 2814 1769 adorandum
2840 1730 2852 1766 :
2877 1712 3334 1782 quemadmodum
3361 1715 3528 1770 etiam
3556 1716 3740 1774 omnis

2053 1815 2100 1875 Β
2128 1804 2306 1858 anima
2334 1803 2390 1858 in
2418 1819 2518 1858 suo
2543 1817 2774 1872 corpore
2794 1804 3111 1868 honoratur,
3137 1813 3192 1860 et
3212 1806 3581 1876 appellatione
3599 1824 3734 1875 una,

2127 1894 2274 1965 quod
2302 1909 2371 1949 ex
2397 1894 2608 1950 duobus
2629 1901 2731 1962 est,
2754 1900 2815 1950 ut
2833 1910 3000 1950 unum
3023 1896 3221 1951 animal
3247 1899 3579 1956 nominatur.
3596 1898 3740 1959 Cum

2128 1996 2188 2045 tu
2217 1990 2379 2060 igitur
2405 1990 2472 2045 de
2492 1989 2709 2046 Christo
2737 1991 2978 2046 omnium
3006 1992 3277 2049 salvatore
3309 2011 3622 2054 sermonem
3650 1997 3737 2056 fa-

2126 2081 2293 2148 ciens,
2319 2080 2524 2136 dividas
2552 2096 2695 2149 eum,
2727 2082 2822 2152 qui
2841 2098 2982 2137 unus
3020 2091 3134 2151 est,
3174 2084 3228 2139 in
3254 2085 3389 2143 duos
3412 2088 3626 2162 [Baluz.
3655 2089 3742 2148 di-

2127 2172 2280 2227 vidas
2304 2189 2472 2229 unum
2515 2173 2572 2229 in
2611 2172 2760 2246 duo],
2794 2181 2849 2230 et
2889 2175 3162 2231 hominem
3184 2179 3410 2234 seorsim
3439 2189 3495 2236 et
3521 2197 3742 2254 separa-

2128 2265 2225 2319 tim
2255 2265 2661 2344 intelligendum
2697 2269 3046 2338 pronunties,
3079 2269 3275 2326 deinde
3313 2272 3514 2330 audeas
3553 2275 3741 2334 dicere

2130 2343 2335 2428 [Βαιυέ.
2355 2357 2542 2412 audias
2561 2356 2784 2430 dicere],
2803 2374 2928 2414 eum
2949 2359 3234 2416 coadorari
3251 2372 3523 2432 oportere,
3539 2373 3595 2421 et
3611 2381 3741 2423 con-

2128 2448 2430 2517 nuncupari
2452 2447 2639 2514 Deum,
2673 2456 2949 2520 tamquam
2971 2452 3016 2506 si
3045 2452 3181 2508 alius
3205 2454 3275 2509 sit
3301 2463 3498 2526 praeter
3530 2457 3734 2527 ipsum,

2129 2535 2296 2592 Filius
2318 2537 2442 2602 Dei;
2467 2539 2588 2609 quis
2617 2546 2720 2604 est,
2753 2542 2846 2610 qui
2872 2541 3015 2598 ferre
3057 2545 3249 2614 possit,
3298 2555 3354 2602 et
3395 2556 3600 2604 tantam
3634 2551 3739 2606 lin—

2129 2638 2245 2695 gnat
2270 2628 2625 2698 petulantiam
2648 2631 2863 2687 silentio
2887 2636 3204 2704 praeterire?
3231 2634 3558 2708 Oportuerat
3587 2642 3738 2700 enim

2129 2721 2300 2791 magis
2327 2720 2508 2778 dicere
2535 2740 2546 2776 :
2575 2721 2817 2780 Calamus
2865 2726 3035 2782 Deum
3088 2728 3336 2798 Verbum,
3367 2733 3506 2804 quod
3535 2736 3738 2806 factum

2127 2820 2208 2866 est
2233 2811 2406 2880 homo,
2446 2821 2496 2869 et
2520 2824 2849 2888 nuncupatur
2877 2817 3041 2885 Deus,
3085 2829 3138 2875 et
3180 2822 3238 2874 in
3268 2822 3598 2881 humanitate
3637 2827 3739 2883 ad-

2130 2910 2310 2957 oretur
2333 2941 2348 2971 ,
2387 2905 2508 2977 quia
2556 2911 2606 2960 et
2654 2915 2843 2964 natura
2889 2907 3030 2966 Deus
3071 2920 3166 2980 est,
3208 2922 3258 2968 et
3300 2932 3366 2970 ea:
3405 2915 3518 2971 Deo
3570 2917 3740 2977 Patre

2129 3000 2282 3048 natus
2289 3032 2303 3049 ο

2203 3094 2231 3123 ι
2269 3085 2378 3144 Sed
2419 3087 2656 3146 dixerint
2682 3089 2854 3160 forte,
2885 3093 2980 3162 qui
3009 3109 3078 3150 ex
3106 3094 3334 3152 adverso
3357 3139 3371 3164 ,
3418 3106 3474 3153 tu
3512 3114 3741 3172 quoque

2130 3191 2255 3233 reus
2283 3179 2410 3244 eris,
2443 3179 2684 3237 scribens
2713 3182 2768 3237 in
2797 3183 3048 3253 epistola,
3080 3185 3217 3258 quod
3243 3185 3417 3242 Filius
3439 3187 3598 3244 Patri
3619 3207 3741 3248 cum

2133 3285 2227 3326 sua
2249 3286 2405 3326 carne
2437 3273 2758 3340 consederit;
2805 3282 2861 3329 et
2886 3274 3084 3332 deinde
3110 3278 3515 3349 reprehendens
3543 3280 3740 3340 dicen-

2132 3368 2261 3429 tem,
2279 3363 2417 3433 quod
2430 3373 2668 3435 oporteat
2682 3365 2960 3421 coadorari
2979 3367 3239 3423 hominem
3265 3385 3380 3424 cum
3399 3369 3510 3427 Deo
3540 3370 3739 3441 Verbo.

2129 3460 2180 3507 et
2199 3457 2587 3526 connuucupari
2615 3455 2822 3511 Deum:
2845 3458 3181 3514 tantumdem
3207 3467 3292 3515 est
3316 3461 3492 3524 enim,
3536 3471 3596 3517 et
3636 3465 3742 3520 σὺν

2130 3543 2328 3611 dicere,
2360 3553 2417 3600 et
2451 3549 2597 3622 μετὰ.
2633 3547 3040 3619 Redarguamus
3087 3552 3233 3622 ipsos
3276 3555 3386 3608 vim
3414 3554 3741 3622 ignorantes

2130 3637 2416 3705 dictorum,
2443 3648 2498 3695 et
2526 3648 2774 3697 naturam
2800 3659 2982 3698 rerum
3005 3645 3228 3702 minime
3250 3647 3523 3703 intuentes
3556 3667 3569 3702 :
3601 3664 3743 3719 quo-

2131 3732 2233 3789 ties
2252 3734 2396 3789 enim
2425 3735 2479 3790 in
2504 3751 2610 3790 una
2634 3751 2887 3807 persona,
2913 3747 2968 3794 et
2987 3739 3042 3794 in
3064 3739 3270 3814 [Baluz.
3302 3758 3404 3796 om.
3430 3740 3506 3815 in]
3535 3750 3742 3800 natura

2131 3841 2258 3892 una,
2291 3827 2404 3883 sive
2433 3829 2750 3897 substantia,
2783 3846 2964 3888 sermo
2989 3833 3286 3904 explanans
3311 3848 3404 3900 ea,
3437 3849 3506 3889 ex
3533 3835 3743 3906 quibus

2130 3919 2200 3973 sit
2227 3921 2526 3991 composita
2557 3923 2881 3980 naturaliter
2907 3925 3115 4000 [Baluz.
3149 3926 3274 3982 add.
3308 3928 3422 3999 ipsa
3452 3926 3740 4003 persona],

2131 4010 2315 4080 adjicit
2341 4013 2456 4068 sive
2483 4017 2542 4072 τὸ
2572 4017 2669 4070 σὺν
2691 4056 2706 4081 ,
2752 4017 2865 4072 sive
2892 4018 2952 4072 τὸ
2980 4022 3140 4090 μετὰ,
3173 4027 3354 4075 servat
3382 4020 3745 4090 signiﬁcatio-

2131 4119 2255 4160 nem
2284 4107 2525 4172 unitatis,
2548 4116 2604 4164 et
2629 4125 2738 4165 non
2767 4110 2821 4165 in
2850 4110 2986 4166 duas
3010 4121 3194 4182 partes
3229 4113 3455 4169 divisam
3485 4129 3604 4169 esse
3629 4115 3740 4172 de-

2131 4195 2266 4254 ﬁnit.
2292 4199 2515 4266 Quoties
2544 4209 2747 4267 autem,
2780 4203 3097 4260 substantiis
3126 4206 3180 4260 in
3222 4206 3356 4262 duas
3379 4217 3564 4277 partes
3605 4214 3745 4265 ante

2129 4289 2334 4354 divisis,
2365 4291 2433 4346 ad
2458 4292 2859 4362 signiﬁcandam
2879 4302 3165 4364 utramque
3193 4297 3483 4368 separatim
3503 4305 3559 4352 et
3579 4312 3745 4354 seor-

2129 4383 2250 4450 sim,
2282 4385 2342 4439 τό
2385 4387 2481 4440 σὺν
2509 4384 2726 4453 dicitur,
2759 4375 2874 4442 sive
2901 4387 2958 4443 τὸ
2982 4389 3129 4459 μετὰ,
3158 4396 3288 4444 tunc
3319 4396 3469 4444 certe
3497 4389 3743 4447 duorum

2130 4483 2222 4530 aut
2249 4477 2506 4546 plurium,
2535 4485 2591 4532 et
2610 4493 2720 4532 non
2746 4478 2904 4533 unius
2931 4493 3030 4548 per
3057 4479 3528 4549 compositionem,
3565 4478 3744 4550 signi-

497 4568 624 4627 Hzec
663 4570 737 4626 ita
765 4571 858 4627 illo
909 4573 1176 4630 sentiente
1218 4582 1273 4630 et
1318 4576 1588 4632 scribente
1632 4577 1808 4642 nobis,
1841 4579 2024 4647 gloria:
2055 4601 2105 4661 υ
2129 4566 2309 4624 θεθῐίο
2337 4575 2451 4636 εει,
2484 4577 2545 4624 ιη
2575 4569 2621 4625 εί
2652 4569 2859 4643 [Βαίαιο
2890 4570 3014 4624 αάά·
3040 4569 3203 4642 fone]
3238 4571 3446 4637 ἀίκθτον
3488 4573 3744 4630 οοὶιοηο·

423 4659 626 4718 Christi
655 4663 845 4730 hostis,
887 4671 1051 4734 atque
1089 4665 1303 4722 rebellis
1331 4666 1640 4734 Nestorius,
1673 4668 2022 4727 effrenatam-

422 4769 530 4825 que
549 4754 606 4809 in
621 4769 746 4810 eum
762 4754 998 4825 linguam
1011 4756 1245 4823 solvens,
1261 4759 1336 4813 ita
1356 4759 1431 4813 ait
1448 4758 1641 4828 (Serm.
1659 4759 1695 4813 2
1708 4760 1800 4815 sub
1810 4762 1990 4834 ﬁnem)
2008 4780 2021 4816 :

423 4846 776 4919 Conﬁ'teamur
796 4866 931 4918 eum,
947 4853 1031 4923 qui
1061 4860 1137 4906 est
1161 4853 1214 4906 in
1236 4853 1440 4907 homine
1466 4851 1652 4908 Deum.
1682 4853 1923 4910 Calamus
1954 4855 2030 4911 di-

422 4943 540 4997 vina
575 4945 936 5026 conjunctione
966 4962 1080 5000 cum
1106 4945 1216 5000 Deo
1249 4945 1416 5003 Verbo
1437 4946 1827 5002 coadorandum
1857 4932 2025 5003 homi-

421 5051 557 5089 nem.
584 5033 774 5092 Nonne
811 5038 972 5108 plane
999 5039 1275 5094 hominem
1313 5038 1560 5117 Θεοφόρον
1591 5041 1837 5097 nominat
1872 5040 2022 5098 Chri-

421 5128 602 5188 stum?
633 5143 815 5185 nonne
849 5129 1284 5199 conjunctionem
1313 5140 1521 5188 tantum
1551 5132 1784 5188 hominis
1821 5131 2020 5189 factam

422 5233 543 5278 esse
570 5220 698 5278 dicit
726 5221 793 5276 ad
831 5221 1020 5289 Deum,
1052 5223 1346 5279 secundum
1370 5223 1534 5291 illud,
1560 5223 1707 5294 quod
1736 5230 1820 5280 est
1865 5223 2020 5282 Pauli

419 5327 556 5369 voce
572 5323 955 5382 memoratum,
991 5312 1091 5380 Qui
1111 5315 1341 5371 adliceret
1364 5314 1619 5384 Domino,
1640 5333 1773 5372 unus
1805 5317 2018 5389 spiritus

420 5413 496 5460 est
516 5404 558 5478 (I
580 5404 699 5462 Cor.
729 5423 802 5474 vt,
827 5405 938 5479 17).

491 5497 656 5568 Atqui
682 5499 814 5556 illud
833 5507 914 5556 est
950 5514 1157 5568 verum,
1183 5499 1456 5558 Christum
1476 5516 1641 5558 unum
1663 5501 2024 5571 eumdemque‘

420 5589 630 5646 lBatus.
661 5607 869 5662 verum,
894 5594 1071 5665 ipsum
1098 5594 1474 5665 eumdemque,
1499 5594 1631 5668 etc.]
1659 5594 1824 5652 fuisse
1849 5594 2042 5663 magis.

2131 4662 2237 4716 rari
2268 4661 2474 4735 [Baluz.
2509 4661 2818 4735 coadorari]
2844 4679 2968 4719 cum
2989 4679 3088 4718 suo
3110 4677 3338 4733 corpore
3359 4663 3600 4720 hominis
3628 4665 3745 4721 ani-

2128 4768 2310 4820 mam,
2352 4769 2476 4809 cum
2522 4754 2732 4828 [Baluz.
2764 4753 2824 4811 Si
2849 4756 2971 4826 quis
2997 4753 3251 4827 fortasse]
3293 4757 3472 4811 honor
3516 4757 3741 4816 delatus

2127 4847 2288 4902 tuerit
2313 4846 2540 4915 homini,
2573 4849 2666 4918 qui
2693 4857 2865 4906 estex
2893 4857 3128 4920 utroque
3157 4849 3525 4920 compositus;
3557 4860 3657 4906 aut
3691 4853 3742 4909 si

2125 4941 2244 5012 quis
2273 4940 2503 5007 dixerit,
2547 4942 2782 4997 animam
2828 4958 2998 4998 unum
3045 4957 3166 4998 esse
3212 4941 3412 4996 animal
3458 4958 3586 4998 cum
3634 4960 3742 5001 suo

2126 5047 2353 5103 corpore
2385 5050 2398 5085 :
2433 5047 2542 5088 non
2569 5040 2718 5089 certe
2744 5033 2799 5088 in
2845 5033 2982 5090 duos
3019 5034 3266 5090 homines
3305 5050 3473 5089 unum
3503 5034 3738 5104 dividit;

2125 5126 2220 5182 sed
2248 5134 2475 5197 apparet
2500 5127 2671 5196 magis
2699 5127 2848 5181 illum
2878 5143 2988 5182 non
3017 5129 3291 5196 ignorasse
3321 5143 3403 5195 ea,
3433 5143 3503 5183 ex
3531 5131 3742 5201 quibus

2122 5217 2286 5273 homo
2315 5218 2402 5273 vel
2433 5219 2521 5285 sit,
2563 5219 2650 5274 vel
2682 5219 3015 5290 compositus
3041 5219 3126 5275 sit.
3160 5217 3256 5275 Sin
3285 5227 3462 5275 autem
3494 5220 3696 5279 dixero
3724 5241 3738 5279 :
3770 5203 3792 5290 ἑ

2123 5307 2315 5366 Petrus
2347 5317 2403 5367 et
2441 5309 2675 5369 Joannes
2703 5320 3188 5383 connuncupantur
3231 5313 3518 5379 homines;
3549 5315 3639 5370 vel
3692 5317 3742 5371 si

2119 5403 2308 5460 dixero
2333 5423 2346 5458 :
2369 5403 2506 5461 Cum
2530 5404 2692 5462 Petro
2712 5403 2950 5462 Joannes
2977 5405 3301 5462 ascendebat
3339 5407 3395 5462 in
3430 5407 3739 5478 templum;

2120 5502 2179 5557 τὸ
2207 5503 2303 5556 σὺν
2341 5499 2489 5570 jam,
2538 5501 2653 5557 sive
2696 5499 2757 5558 τὸ
2800 5501 2927 5575 μετᾶ
2953 5540 2968 5565 ,
3019 5515 3130 5556 non
3167 5499 3331 5556 unius
3371 5499 3741 5570 signiﬁcatio-

2120 5608 2244 5648 nem
2273 5594 2454 5660 habet,
2484 5609 2660 5666 neque
2688 5593 2832 5652 enim
2869 5591 3198 5666 compositus
3236 5599 3321 5649 est
3357 5588 3555 5648 Petrus
3602 5605 3740 5650 cum

1520 5735 1522 5737 ,
1596 5684 2149 5747 CASTIGATIONES
2188 5686 2275 5742 ET
2313 5685 2542 5747 NOTAE.

492 5792 519 5822 α
555 5781 739 5841 Baluz.
770 5781 879 5840 Sed
908 5782 1135 5840 dixerint
1153 5799 1181 5839 e
1201 5781 1399 5839 diverso
1426 5800 1438 5840 :
1464 5791 1514 5839 tu
1539 5799 1734 5856 quoque
1748 5798 1886 5848 reus,
1909 5786 2013 5839 etc.
2055 5776 2207 5836 Eutr.

3779 5037 3785 5046 γ

3767 5256 3790 5318 ἱ
