3924 6282
207 295 308 354 953

937 287 999 347 S.
1036 283 1307 345 CYRILLI
1342 282 1861 344 APOLOGETICUS
1897 283 2261 342 ADVERSUS
2298 283 2750 343 ORIENTALES.

3352 286 3458 348 ρει

206 405 438 471 Joanne;
475 401 571 459 sed
598 416 698 458 nec
721 414 821 473 pro
848 414 958 457 uno
984 400 1203 455 homine
1232 399 1391 455 ambo
1416 398 1771 453 aestimantur.
1798 404 1849 460 Α
1876 405 2044 451 autem
2064 415 2155 469 ego
2174 399 2228 452 in
2243 396 2440 468 Spiritu
2457 397 2553 452 Dei
2566 400 2717 469 ejicio
2731 398 2985 455 daemonia
3002 398 3214 473 (Matth.
3231 402 3456 474 xn,28),

273 497 381 553 Cur
402 496 564 565 igitur
598 494 879 549 veritatem
905 498 1281 561 corrumwnt,
1310 506 1477 546 unum
1501 488 1773 545 Christum

205 596 258 652 in
302 595 436 649 duos
480 606 579 663 per
616 590 936 660 imperitiam
961 586 1303 642 dividentes?
1348 584 1455 639 Aut
1492 584 1537 639 si
1562 588 1772 653 putant,

206 684 350 756 quod
376 699 475 739 nos
510 681 780 737 consedere
824 679 976 734 Patri
1013 678 1251 733 dicentes
1289 676 1486 731 Filium
1531 692 1645 729 cum
1684 691 1777 731 suo

204 791 434 845 corpore,
465 772 599 828 duos
626 771 847 840 intelligi
875 769 1177 831 dederimus
1204 766 1358 834 ﬁlios,
1391 766 1674 837 exquirant
1693 764 1778 820 di-

204 865 471 934 ligentius,
503 880 571 918 an
597 879 706 919 non
729 903 745 928 ,
791 877 956 917 unum
994 861 1231 916 dicentes
1264 858 1450 926 ﬁlium,
1481 874 1589 913 uno
1618 858 1781 914 etiam

204 972 460 1015 consessu
480 970 602 1010 eum
620 954 844 1010 dicimus
860 951 1249 1017 honorandum,
1270 966 1378 1007 non
1396 965 1525 1005 vero
1545 949 1778 1015 duobus;

202 1049 279 1105 ita
304 1056 361 1103 ut
388 1062 526 1102 unus
551 1045 765 1116 quidem
794 1045 1015 1100 seorsim
1044 1044 1260 1114 corpori
1281 1042 1605 1107 destinetur,
1647 1042 1783 1097 alter

203 1153 334 1195 vero
356 1139 548 1193 iterum
576 1138 773 1203 verbo;
802 1135 896 1191 sed
924 1150 1215 1204 numquam
1254 1135 1358 1189 hoc
1401 1132 1780 1204 probaverim;

205 1248 372 1288 unum
398 1231 539 1287 enim
562 1245 685 1286 cum
708 1244 804 1285 sua
823 1243 984 1284 carne
1006 1227 1197 1283 Filium
1214 1268 1228 1293 ,
1257 1225 1425 1280 Deum
1443 1224 1599 1279 simul
1620 1232 1675 1278 et
1694 1223 1788 1279 ho-

203 1325 403 1380 minem
422 1364 438 1389 ,
479 1322 724 1379 eumdem
752 1336 858 1376 uno
886 1334 1142 1376 consessu
1167 1333 1290 1374 cum
1314 1316 1473 1372 Patre
1499 1315 1786 1371 asserimus

202 1413 597 1471 honorandum.
626 1411 959 1467 Cohonorari
978 1416 1157 1465 autem
1182 1408 1379 1472 dicere,
1403 1412 1459 1461 et
1476 1419 1785 1461 connuncu-

200 1506 323 1578 pari
347 1507 541 1571 Deum;
570 1504 731 1575 plane
758 1510 840 1560 est
876 1502 1121 1559 conﬁteri
1148 1501 1284 1557 duos
1308 1514 1427 1555 esse
1450 1499 1788 1555 cohonoran-

201 1600 325 1665 dos,
355 1606 411 1654 et
430 1596 951 1667 connuncupandos;
975 1596 1121 1665 quod
1144 1594 1425 1651 dementias
1442 1594 1660 1665 plenum
1682 1598 1781 1659 est,

199 1700 262 1748 et
290 1707 322 1747 a
348 1691 508 1747 rectis
538 1690 775 1745 veritatis
803 1688 1140 1758 dogmatibus
1160 1687 1412 1742 alienum.

1872 487 2129 544 Dominus
2150 497 2231 545 est
2251 496 2428 545 tamen
2450 489 2653 562 [Βαιαι.
2668 507 2769 546 om.
2784 490 3007 563 tamen],
3022 494 3112 563 qui
3132 491 3259 549 iacit
3274 493 3328 549 in
3344 493 3461 564 Spi.

1872 576 1996 642 ritu,
2014 593 2190 647 neque
2210 579 2350 634 enim
2366 580 2571 637 alienus
2590 589 2673 637 est
2697 581 2861 637 Filius
2887 598 2917 636 a
2942 580 3102 638 Patre
3118 584 3202 639 vel
3221 583 3453 654 Spiritu;

1875 682 1975 723 nec
1995 668 2177 724 divisae
2202 685 2303 726 nec
2330 672 2555 727 seorsim
2580 674 2768 743 positas
2800 682 2924 728 sunt
2954 672 3231 731 Trinitatis
3265 691 3458 747 cpera-

1875 759 2077 827 tiones;
2105 761 2200 817 sed
2226 764 2442 833 propria
2468 763 2740 820 Trinitatis
2767 776 2851 820 est
2876 765 3290 835 uniuscujusque
3331 767 3459 823 sub~

1877 853 2084 908 stantia
2102 855 2365 923 operatio,
2378 870 2495 925 quae
2517 856 2571 910 in
2585 854 2861 927 Scriptura
2882 865 3177 912 memorata
3191 863 3300 923 est;
3319 858 3459 913 sicut

1879 952 1936 1002 et
1961 960 2174 1001 omnem
2224 953 2523 1001 creaturam
2562 946 2723 1002 modo
2771 946 2890 1001 Filii
2932 963 3067 1018 opus
3113 946 3276 1002 fuisse
3321 947 3461 1003 Scri-

1880 1045 2035 1109 ptura
2063 1047 2468 1105 commemorat,
2507 1040 2688 1095 dicens
2725 1057 2737 1093 :
2786 1039 2950 1095 Verbo
2978 1040 3190 1095 Domini
3219 1042 3328 1095 cmli
3364 1042 3460 1110 ﬁr-

1882 1131 2007 1183 mati
2036 1137 2153 1183 sunt
2176 1128 2344 1200 (Psal.
2377 1146 2541 1195 xxxii,
2572 1130 2649 1201 6);
2679 1132 2840 1187 modo
2868 1130 3097 1202 Spiritus
3130 1132 3333 1199 sancti;
3365 1131 3460 1187 ad-

1876 1218 1995 1289 jicit
2034 1221 2174 1275 enim
2209 1238 2221 1273 :
2253 1229 2302 1274 et
2342 1222 2523 1291 spiritu
2566 1224 2671 1277 oris
2714 1224 2824 1293 ejus
2869 1224 3032 1278 omnis
3078 1224 3235 1278 virtus
3283 1241 3459 1279 eorum

1885 1311 2093 1385 (Ibid).
2118 1312 2224 1367 Sed
2244 1329 2350 1369 non
2379 1314 2505 1383 quia
2533 1331 2641 1370 non
2662 1317 2829 1386 possit
2857 1316 3018 1373 Pater
3045 1319 3225 1372 omnia
3260 1317 3459 1386 facere,

1884 1414 2137 1476 operatur
2180 1415 2235 1463 et
2272 1407 2465 1475 Filius;
2498 1417 2526 1447 ι
2554 1424 2656 1465 nec
2700 1411 2903 1479 pariter
2939 1412 3065 1481 quia
3106 1411 3347 1467 inﬁrmus
3391 1412 3463 1466 sit

1884 1498 2049 1554 Filius
2068 1499 2134 1554 ad
2162 1500 2473 1566 creandum,
2516 1501 2805 1556 assumitur
2843 1500 3074 1572 Spiritus
3107 1520 3119 1555 :
3152 1518 3337 1558 verum
3379 1510 3463 1558 est

1886 1591 2048 1656 enim,
2075 1590 2220 1659 quod
2250 1593 2423 1645 omnia
2450 1608 2541 1662 per
2568 1592 2734 1662 ipsum
2764 1594 2904 1663 facta
2931 1601 3051 1646 sunt
3081 1592 3259 1665 (Joan.
3295 1609 3346 1660 ι,
3381 1594 3458 1666 ’5);

1886 1683 1979 1738 sed
2007 1690 2065 1737 ut
2093 1682 2371 1739 Trinitatis
2397 1683 2642 1739 eamdem
2669 1684 3020 1740 substantiam
3041 1723 3057 1751 ,
3087 1686 3336 1742 eumdem
3362 1688 3464 1744 hoc

278 1784 475 1840 Factus
494 1791 576 1839 est
594 1783 753 1852 igitur
776 1781 1247 1837 anathematismus
1275 1780 1329 1834 in
1357 1793 1452 1835 eos
1478 1776 1571 1847 qui
1591 1790 1785 1846 usque-
1816 1773 1861 1835 Β
1889 1788 2094 1845 norem,
2121 1774 2468 1844 eamdemque
2486 1776 2739 1831 virtutem
2778 1776 3052 1847 Scriptura
3090 1778 3243 1834 nobis
3281 1779 3461 1851 expri-

199 1890 422 1946 quaque
442 1882 497 1931 et
516 1874 763 1929 omnibus
789 1872 962 1928 modis
988 1872 1228 1927 dividunt
1254 1868 1596 1934 Emmanuel,
1635 1882 1785 1923 seor-

200 1985 299 2024 sus
327 1968 381 2022 in
405 1966 695 2031 hominem,
724 1972 778 2019 et
804 1979 1017 2020 seorsus
1041 1964 1095 2018 in
1121 1964 1289 2018 Deum
1316 1960 1551 2016 Verbum
1580 1975 1595 2015 :
1621 1974 1785 2014 unum

202 2058 408 2115 etenim
454 2058 628 2128 ipsum
673 2056 829 2112 nobis
865 2056 1158 2110 divinarum
1205 2067 1383 2109 rerum
1428 2049 1786 2121 prmdicavere

204 2150 477 2214 doctores,
509 2155 564 2203 et
585 2148 789 2203 sincera
815 2152 975 2217 atque
1002 2147 1310 2215 incorrupta
1330 2158 1601 2201 sacrarum
1622 2142 1787 2200 scien-

210 2241 285 2295 tia
315 2240 631 2296 litterarum.

646 2374 1119 2415 ANATHEIMTISIUS
1154 2374 1335 2414 NONUS.

284 2475 342 2530 Si
364 2474 482 2543 quis
500 2474 660 2540 dicat,
692 2488 856 2527 unum
878 2472 1160 2527 Dominum
1185 2471 1366 2527 Jesum
1385 2470 1654 2526 Christum
1674 2471 1791 2539 glo-

212 2565 476 2619 riﬁcatum
505 2578 536 2617 a
566 2562 783 2631 Spiritu,
814 2561 1009 2615 virtute
1034 2561 1228 2630 ipsius,
1257 2561 1412 2629 quasi
1452 2560 1650 2625 aliena,
1689 2559 1787 2627 uti,

217 2660 273 2708 et
301 2652 367 2707 ab
410 2653 526 2722 ipso
566 2650 839 2720 accipere,
875 2658 934 2704 ut
960 2649 1130 2720 possit
1157 2650 1370 2720 operari
1402 2649 1655 2704 adversus
1693 2649 1793 2703 im-

218 2744 447 2799 mundos
475 2744 711 2813 spiritus,
741 2749 795 2796 et
824 2742 1049 2813 implere
1074 2741 1127 2796 in
1154 2741 1363 2813 [Baiuz.
1397 2757 1499 2795 om.
1532 2738 1606 2811 in]
1628 2740 1795 2796 homi-

215 2835 373 2889 nibus
401 2835 548 2903 signa
574 2835 767 2901 divina,
786 2850 849 2889 ac
868 2850 977 2889 non
997 2834 1165 2903 magis
1186 2834 1351 2903 ipsius
1378 2848 1495 2889 esse
1517 2834 1795 2905 proprium

216 2926 496 2996 Spiritum,
528 2943 625 2996 per
652 2943 811 2998 quem
842 2934 1096 2997 operatus
1124 2934 1206 2983 est
1233 2926 1385 2997 signa
1421 2927 1633 2994 divina;
1665 2943 1795 2984 ana-

213 3018 397 3073 thema
424 3017 511 3073 sit.

607 3144 967 3185 REPREHENSIO
1004 3144 1411 3186 HERETICOBUI.

294 3239 499 3297 Rursus
527 3256 611 3308 ea,
642 3255 761 3310 quas
790 3242 905 3311 ipse
934 3250 1058 3297 ante
1084 3243 1245 3309 dixit,
1274 3244 1330 3297 in
1358 3242 1592 3299 medium
1620 3242 1801 3314 profe-

211 3346 420 3398 ramus,
453 3339 509 3387 et
536 3332 729 3403 ipsum,
759 3349 979 3389 suorum
1007 3333 1189 3389 forsan
1228 3335 1469 3401 oblitum,
1516 3335 1803 3391 admonea-

212 3438 343 3478 mus
367 3440 379 3475 :
407 3437 581 3493 neque
606 3423 747 3478 enim
768 3424 1139 3480 tantummodo
1158 3425 1439 3482 Dominum
1461 3426 1607 3495 signa
1629 3427 1682 3482 in
1702 3428 1807 3498 spi-

211 3511 332 3567 ritu
349 3509 494 3567 'dixit
518 3513 798 3582 implesse;
830 3529 1015 3569 verum
1042 3514 1203 3569 etiam
1232 3515 1405 3585 ipsum
1432 3523 1702 3571 mortuum
1723 3517 1804 3572 vi-

210 3601 495 3659 viﬁcatum
523 3619 640 3659 esse
665 3619 760 3674 per
788 3603 1077 3674 Spiritum;
1109 3607 1185 3660 ait
1211 3608 1354 3661 enim
1381 3607 1434 3661 in
1458 3608 1633 3677 primo
1653 3615 1801 3664 tomo

214 3693 417 3765 (Epist.
450 3694 519 3748 ad
546 3693 852 3751 Monachos.
877 3713 992 3767 cap.
1023 3695 1113 3766 25)
1142 3714 1154 3750 :
1188 3696 1248 3753 Si
1277 3699 1551 3769 igiturnon
1579 3707 1656 3755 est
1682 3716 1803 3771 pas-

211 3800 331 3848 sus,
363 3802 421 3839 eo
447 3786 582 3857 quod
601 3796 827 3841 mortuus
849 3796 924 3842 est
950 3804 1122 3855 carne,
1140 3789 1297 3859 juxta
1338 3788 1658 3860 Scripturas,
1707 3807 1801 3846 ne-

211 3892 318 3946 que
344 3877 621 3946 viviﬁcatus
641 3888 716 3933 est
740 3878 957 3950 Spiritu.
990 3878 1341 3936 Considerare
1362 3890 1539 3936 autem
1565 3890 1797 3952 oportet,

212 3981 383 4034 quam
410 3970 677 4024 contraria
704 3971 805 4025 sibi
834 3970 947 4039 ipse
973 3972 1240 4039 loquatur,
1266 3972 1320 4026 in
1346 3973 1802 4029 anathematismis

214 4058 335 4112 suis
362 4073 579 4127 negans,
612 4061 895 4116 Dominum
926 4062 979 4115 in
1005 4061 1207 4132 Spiritu
1228 4062 1325 4117 Del
1350 4062 1611 4118 dmmonia
1640 4062 1802 4132 ejice-

214 4162 302 4211 re,
336 4155 389 4202 et
418 4149 520 4203 alia
543 4151 691 4220 signa
720 4150 913 4217 facere,
946 4158 1002 4207 et
1030 4151 1176 4207 illam
1199 4166 1388 4208 vocem
1415 4151 1653 4218 Domini,
1682 4166 1801 4222 qua:

216 4238 279 4293 in
311 4238 631 4309 -Evangeliis
676 4242 852 4310 posita
899 4251 1013 4308 est,
1057 4241 1246 4297 falsam
1292 4243 1494 4297 faciens
1532 4242 1796 4297 dicentis:

217 4324 324 4381 Sin
352 4338 518 4384 autem
545 4332 599 4385 in
628 4330 827 4402 Spiritu
853 4330 951 4385 Dei
978 4348 1071 4403 ego
1110 4332 1365 4387 daemonia
1403 4334 1554 4403 ejicio
1583 4330 1795 4403 (Matth.

219 4434 320 4485 xu,
352 4419 465 4490 28).

1886 1873 2077 1929 meret.
2100 1866 2260 1921 modo
2290 1867 2364 1921 ait
2384 1883 2415 1921 a
2436 1866 2792 1935 Patre,fmodo
2813 1884 2844 1923 a
2864 1868 3022 1934 Filio,
3042 1868 3202 1925 modo
3224 1886 3250 1925 a
3276 1880 3460 1929 sancto

1886 1955 2089 2026 Spiritu
2118 1972 2236 2013 esse
2278 1957 2417 2014 facta
2447 1978 2459 2013 :
2491 1960 2595 2015 hoc
2634 1960 2777 2014 enim
2816 1960 2977 2016 modo
3009 1959 3077 2016 ab
3108 1977 3211 2017 una
3236 1963 3465 2033 quadam

1886 2048 2180 2104 substantia
2207 2049 2385 2105 divina
2416 2050 2619 2123 [Baluz.
2654 2068 2754 2106 om.
2788 2050 2989 2123 divina]
3018 2053 3254 2123 pendere
3286 2055 3467 2110 omnia

1888 2140 2247 2210 intelligimus.
2282 2141 2414 2196 Nam
2441 2143 2579 2198 sicut
2602 2142 2836 2199 Verbum
2871 2143 3088 2207 ὶνοῦςιον
3109 2151 3164 2200 et
3183 2147 3468 2204 ἕννποστα·

1888 2254 1969 2288 τον
2000 2234 2328 2303 unigenitum
2354 2250 2422 2290 ex
2451 2236 2565 2305 ipsa
2597 2236 2998 2306 impassibiliter
3024 2245 3209 2293 natum
3235 2246 3347 2304 est;
3392 2240 3470 2295 sic

1888 2326 2118 2397 Spiritus
2142 2342 2210 2383 ex
2235 2329 2349 2397 ipsa
2388 2329 2539 2394 exiit,
2569 2330 2661 2399 qui
2686 2324 2766 2384 est
2793 2337 2847 2384 et
2876 2330 2989 2399 ipse
3020 2330 3074 2384 in
3102 2346 3197 2385 sua
3224 2331 3470 2387 substan-

1889 2417 1995 2483 tia;
2028 2419 2102 2471 ita
2133 2425 2192 2472 ut
2216 2433 2321 2473 una
2348 2421 2498 2476 οὐσία
2527 2419 2581 2473 in
2609 2419 2779 2474 tribus
2804 2420 3117 2475 substantiis
3143 2420 3469 2489 designetur.

1891 2514 1947 2562 et
1984 2508 2129 2561 nulla
2176 2522 2206 2561 a
2244 2523 2390 2574 sese,
2433 2508 2585 2577 juxta
2622 2508 2887 2564 rationem
2929 2510 3271 2576 substantiae,
3299 2510 3474 2566 aliena

1892 2612 2011 2654 esse
2056 2606 2336 2664 noscatur;
2382 2599 2476 2654 sed
2521 2600 2890 2655 tantummodo
2935 2601 3349 2670 proprietatibus
3375 2600 3473 2656 de-

1893 2689 2333 2755 monstrantibus,
2361 2689 2473 2745 sive
2500 2689 2909 2746 discretionibus
2928 2690 3146 2760 singulas
3166 2690 3475 2746 substantia)

1894 2777 2253 2834 declarentur.
2279 2779 2395 2846 Quo
2425 2780 2586 2847 igitur
2630 2780 2791 2838 modo
2843 2782 3061 2852 propria
3100 2789 3183 2837 est
3232 2781 3475 2852 operatio

1895 2884 2103 2934 eorum,
2137 2886 2367 2941 quorum
2415 2872 2732 2937 substantia,
2783 2880 2838 2927 et
2880 2872 3070 2938 virtus,
3119 2878 3175 2927 et
3228 2872 3477 2928 voluntas

1894 2960 2195 3015 communis
2222 2961 2340 3014 est?
2370 2960 2571 3026 Quibus
2598 2961 2742 3017 enim
2766 2961 2869 3018 ista
2888 2963 3190 3019 communia
3211 2969 3353 3030 sunt,
3378 2977 3476 3020 eo-

1896 3068 2017 3107 rum
2045 3060 2191 3108 certe
2216 3068 2323 3107 una
2348 3060 2429 3108 est
2458 3054 2718 3124 operatio.

2371 3212 2648 3254 BESPONSIO
2685 3212 3002 3254 ΟΒἸἮΟΒΟΧῙ.

1974 3324 2187 3399 Opusne
2210 3329 2339 3383 mihi
2362 3330 2463 3385 erit
2490 3330 2705 3386 testium
2726 3330 2947 3386 vocibus
2970 3369 2985 3396 ,
3030 3329 3097 3385 ad
3123 3330 3476 3401 probandum,

1904 3418 2235 3475 adversarios
2289 3418 2507 3477 frivolas
2555 3423 2869 3492 ineptasque
2918 3422 3054 3477 velle
3093 3421 3299 3477 fabulas
3327 3438 3482 3478 exer-

1903 3526 2049 3576 cere,
2079 3518 2134 3566 et
2160 3510 2553 3568 inconsiderate
2582 3529 2681 3568 nos
2708 3512 3007 3569 maledictis
3035 3514 3312 3569 lacerare?
3341 3512 3409 3569 At
3427 3512 3483 3569 id

1903 3603 2115 3673 opinor,
2144 3604 2257 3658 sola
2284 3605 2522 3674 ipsorum
2550 3606 2712 3660 verba
2737 3621 2897 3677 posse
2925 3614 3248 3662 monstrare.

1971 3694 2030 3749 In
2076 3696 2352 3766 proposito
2382 3697 2831 3753 anathematismo
2876 3697 3276 3762 aﬂirmavimus,
3323 3697 3483 3766 plane

1901 3790 2176 3861 proprium
2206 3804 2325 3844 esse
2350 3788 2471 3843 Filii
2499 3789 2757 3859 Spiritum
2785 3797 3057 3854 sanctum,
3086 3796 3141 3843 et
3177 3805 3273 3859 per
3308 3789 3482 3856 ipsum

1902 3880 2124 3949 implere
2148 3880 2339 3935 Filium
2359 3880 2509 3947 signa
2533 3879 2741 3945 divina;
2774 3879 3061 3935 adversarii
3082 3893 3231 3944 vero,
3260 3878 3351 3946 qui
3373 3884 3483 3932 tam

1899 3971 2208 4041 frequenter
2254 3987 2497 4027 meorum
2540 3971 2914 4039 memetipsum
2961 3970 3202 4025 oblivisci
3248 3984 3483 4024 comme-

1901 4068 2133 4125 morant,
2167 4061 2433 4115 intantum
2459 4061 2559 4130 ipsi
2589 4061 2896 4116 stoliditatis
2939 4077 3002 4116 ac
3039 4061 3319 4116 dementire
3344 4061 3483 4116 ceci-

1902 4150 2113 4214 derunt,
2144 4158 2204 4205 ut
2224 4151 2614 4216 existimarent,
2641 4166 2728 4206 me
2748 4151 2947 4216 dicere,
2972 4166 3079 4207 non
3102 4167 3197 4220 per
3225 4151 3483 4220 Spiritum

1902 4240 2097 4309 ejicere
2125 4240 2387 4296 daemonia
2416 4241 2626 4296 Filium.
2659 4242 2846 4296 Nonne
2875 4242 3035 4310 igitur
3055 4242 3166 4297 haac
3187 4250 3372 4311 aperta
3392 4256 3483 4297 ca-

1902 4334 2101 4388 lumnia
2125 4335 2249 4388 est?
2278 4333 2411 4388 Nam
2438 4335 2483 4388 si
2506 4348 2613 4389 non
2640 4334 2925 4403 dignantur
2952 4334 3229 4400 conﬁteri,
3259 4335 3481 4404 ejectio-

1902 4437 2023 4478 nem
2051 4423 2436 4479 daemoniorum
2459 4426 2527 4479 ad
2546 4425 2695 4494 signa
2722 4424 2911 4480 referri
2932 4426 3134 4491 divina,
3154 4425 3335 4481 dicant
3354 4442 3485 4482 sane

296 4508 365 4564 At
389 4526 488 4567 nos
513 4512 794 4567 Dominum
815 4521 1059 4569 nostrum
1077 4512 1259 4568 Jesum
1288 4514 1576 4581 Christmn,
1599 4522 1651 4568 et
1672 4529 1799 4584 pro-
1824 4525 1878 4586 ι)
1900 4528 2248 4584 quaecumque
2273 4515 2376 4585 ipsi
2404 4516 2696 4581 voluerint,
2721 4523 2777 4571 et
2802 4530 2890 4571 me
2916 4515 3091 4572 modis
3117 4518 3363 4571 omnibus
3386 4517 3485 4571 cri-

220 4604 343 4673 pria
380 4604 592 4669 virtute,
620 4612 675 4659 et
696 4606 1007 4674 operatione
1033 4604 1293 4675 Spiritus,
1330 4606 1551 4676 implere
1578 4606 1796 4661 mirabi-

217 4694 299 4747 lia
319 4695 652 4749 conﬁtemur.
685 4694 801 4749 Non
834 4695 980 4765 quod
1006 4711 1115 4750 non
1154 4696 1346 4752 habeat
1386 4698 1499 4766 ipse
1527 4697 1799 4769 propriam

222 4785 496 4849 virtutem,
530 4792 587 4839 ut
607 4786 804 4841 virtute
831 4786 1058 4856 Spiritus
1085 4788 1255 4842 sancti
1277 4787 1525 4855 indigeat.

297 4876 397 4945 Qui
427 4893 556 4934 vero
582 4894 691 4933 non
721 4878 908 4935 adesse
931 4880 1059 4935 dicit
1080 4879 1284 4953 [Batuz.
1310 4896 1418 4935 non
1440 4880 1653 4951 accipit]
1680 4882 1799 4953 Spi-

221 4968 387 5023 ritum
419 4976 687 5035 sanctum,
727 4977 887 5038 negat
913 4987 1095 5027 sacras
1141 4971 1476 5041 Scripturas;
1526 4988 1652 5027 nam
1698 4975 1800 5030 etsi

220 5060 420 5115 alicubi
452 5060 595 5115 dicat
629 5059 903 5131 Scriptura
929 5061 1125 5127 divina,
1156 5062 1479 5118 mirabilium
1508 5080 1670 5133 opera
1698 5063 1800 5118 Pa-

218 5158 366 5204 trem
394 5151 634 5221 implere,
663 5154 798 5207 sicut
820 5152 931 5206 ait:
962 5151 1123 5206 Pater
1159 5169 1369 5208 manens
1399 5156 1451 5208 in
1490 5171 1569 5209 me
1606 5164 1655 5208 et
1692 5157 1800 5225 ipse

221 5241 354 5308 facit
381 5258 534 5311 opera
562 5259 674 5314 qua
701 5261 793 5314 ego
835 5245 970 5314 facio
1001 5241 1189 5313 (Joan.
1217 5261 1336 5310 xlv,
1389 5244 1504 5315 10).
1551 5245 1799 5301 Attamen

224 5329 391 5385 Filius
443 5341 524 5387 est
561 5335 653 5402 qui
690 5334 847 5397 facit,
900 5334 1080 5388 omnia
1119 5335 1262 5388 enim
1306 5350 1423 5404 quae
1464 5345 1586 5390 sunt
1628 5336 1799 5395 Patris

224 5418 345 5474 Filii
375 5430 529 5487 sunt;
555 5430 609 5477 et
636 5424 680 5478 si
707 5422 963 5493 Spiritum
991 5424 1133 5479 dicat
1161 5424 1355 5490 facere,
1382 5426 1519 5481 sicut
1546 5428 1621 5482 ait
1652 5446 1664 5481 :
1699 5427 1797 5485 Sin

1898 4604 2188 4672 minentur,
2209 4606 2365 4675 quasi
2397 4605 2603 4679 [Baluz.
2627 4604 2795 4678 quod]
2824 4622 2933 4662 non
2954 4608 3202 4672 dixerim,
3232 4608 3346 4661 haec
3374 4622 3482 4661 non

1899 4711 2017 4753 esse
2061 4697 2213 4767 signa
2252 4698 2451 4753 divina.
2495 4697 2590 4754 Sin
2626 4712 2755 4753 vero
2802 4698 2943 4752 inter
2988 4705 3180 4753 caetera
3219 4695 3482 4750 mirabilia

1899 4790 2092 4859 ejectio
2128 4792 2293 4846 etiam
2332 4791 2721 4846 daemoniorum
2762 4787 3159 4844 annumeranda
3195 4795 3306 4853 est;
3361 4803 3477 4853 cur,

1898 4888 2171 4950 tamquam
2193 4882 2395 4951 grande
2415 4881 2615 4951 aliquid
2635 4880 2906 4945 damnum,
2926 4880 3207 4935 veritatem
3232 4880 3479 4947 vitantes,

1902 4972 2242 5041 loquacitatis
2266 4989 2377 5029 suae
2404 4973 2651 5029 morbum
2680 4972 2735 5026 in
2755 4972 2962 5027 honore
2988 4970 3219 5026 maxime
3254 4979 3478 5040 ponunt,

1904 5077 2002 5118 nec
2030 5072 2385 5133 aspernantur
2413 5064 2593 5133 potius
2619 5078 2753 5128 rem,
2784 5070 2837 5118 et
2865 5062 3007 5133 apud
3037 5062 3227 5127 Deum,
3258 5070 3312 5116 et
3340 5062 3481 5133 apud

1903 5157 2147 5213 homines
2168 5158 2449 5214 odiosam?
2477 5156 2628 5212 obliti
2656 5164 2838 5211 autem
2863 5156 2994 5210 mihi
3020 5155 3267 5210 videntur
3286 5153 3483 5210 Christi

1902 5248 2127 5305 dicentis
2152 5268 2166 5304 :
2197 5249 2462 5314 Quomodo
2492 5249 2621 5303 dicis
2652 5249 2805 5320 fratri
2827 5256 2947 5301 tuo:
2972 5246 3180 5312 Frater,
3228 5248 3339 5300 sine
3387 5245 3483 5315 eji-

1900 5342 2031 5397 ciam
2054 5344 2301 5415 festucam
2338 5357 2403 5397 ea;
2439 5344 2585 5397 oculo
2616 5351 2729 5407 tuo,
2759 5348 2809 5395 et
2835 5356 2950 5394 ecce
2989 5338 3181 5393 trabem
3207 5354 3310 5392 non
3344 5336 3480 5391 vides

1901 5432 1953 5486 in
1982 5434 2128 5488 oculo
2155 5440 2275 5489 tuo:
2298 5434 2575 5510 ὑποκριτά,
2606 5434 2734 5503 ejice
2762 5433 2983 5503 primum
3012 5430 3205 5487 trabem
3238 5446 3302 5485 ex
3334 5430 3481 5485 oculo

1380 5582 1915 5642 CASTIGATIONES
1953 5588 2040 5644 ET
2078 5587 2307 5644 NOTE.

294 5701 319 5731 ι
362 5692 551 5762 Verba,
578 5711 665 5747 nec
702 5695 893 5766 pariter
921 5696 1037 5766 quia
1066 5695 1297 5765 inﬁrmus
1323 5697 1388 5752 sit
1415 5694 1585 5753 Filius
1622 5698 1690 5754 ad
1718 5700 1993 5756 creandum
2013 5740 2026 5767 ,
2059 5704 2337 5761 assumitur
2365 5700 2612 5773 Spiritus,
2644 5700 2889 5760 Baluzius
2918 5702 3292 5772 pmtennittit.
3325 5701 3474 5757 Εοιτ.
