3982 6278
432 492 542 549 tuo,
570 485 625 536 et
642 486 763 534 tunc
782 471 979 532 videbis
1001 475 1189 546 ejicere
1206 472 1455 545 festucam
1475 467 1539 523 de
1565 467 1718 522 acuta
1743 464 1929 536 fratris
1946 465 2021 518 tui
2045 465 2104 526 Α

434 569 650 648 (Matth.
679 585 774 637 vn,
804 569 858 636 5,
887 566 922 622 4
941 575 991 622 et
1021 565 1097 638 5).

935 353 1130 414 nam:
1165 346 1614 411 κεκεάτοπιε
1649 327 2227 406 rusnsurmss
2261 341 2637 403 vsmonuu
2674 340 3212 404 oruscucouuu.

2544 470 3028 520 ᾸΝΔτηΙΔτῐὸδωῦ
3053 472 3296 520 meum.

2195 567 2511 635 Pontiﬁcem‘
2548 587 2604 634 et
2650 569 2951 651 apostolum
2983 578 3336 636 confessionis
3379 585 3580 635 nostra:
3631 578 3721 636 fa-

503 663 662 734 Quod
678 661 895 734 quidem
923 659 1103 715 divina
1126 653 1362 712 Trinitas
1382 652 1588 728 [Μαι.
1619 649 1893 725 manus]
1916 655 2024 707 ω

2134 679 2274 729 tium
2295 677 2416 728 esse
2442 649 2735 738 Christum,
2778 663 2958 727 divina
2988 670 3264 743 Scriptura
3303 677 3719 741 commemorat,

432 759 729 819 substantia
743 757 832 824 sit.
849 756 965 828 rari
985 754 1183 808 νίηυιθ
1202 757 1258 808 et
1279 750 1612 822 operatione.
1633 755 1824 803 ηθηέι
1839 749 2020 802 *θεῖνε
2123 755 2383 821 obtulisse
2405 761 2568 820 etiam
2598 765 2774 836 seipse
2802 771 2902 836 pro
2924 764 3096 831 nobis,
3131 765 3183 820 in
3211 759 3436 820 odorem
3473 765 3719 821 suavita-

433 854 686 911 oratione'
708 847 1096 921 eoruperimus;
1127 844 1224 901 sed
1252 843 1304 899 id
1325 844 1399 898 ita
1430 853 1570 908 esse,
1599 855 1668 896 ex
1695 839 1874 895 divina
1901 843 2020 894 mea

2134 853 2210 922 iis,
2242 851 2354 914 Deo
2383 863 2438 912 et
2465 847 2632 912 Patri.
2667 854 2693 895 ἀ
2716 855 2894 927 Siquis
2914 851 3076 927 igitur
3101 853 3264 924 dicat,
3305 853 3615 928 pontiﬁcem
3663 865 3724 914 et

432 948 515 1020 gis
537 945 814 1017 Scriptura
842 939 1128 998 credimus.
1153 935 1312 1006 Quod
1331 943 1462 992 vero
1483 933 1606 990 ﬁdei
1628 939 1787 989 rectae
1809 931 2014 1005 [Balatu

434 1039 558 1098 add.
591 1035 807 1110 rationi]
836 1033 968 1092 nihil
995 1033 1156 1101 obsit,
1182 1031 1281 1089 sed
1305 1031 1478 1104 prosit
1504 1029 1675 1099 magis
1704 1027 2021 1083 anathema-

433 1137 622 1192 tismus
641 1129 970 1204 propositus,
993 1127 1178 1184 videre
1207 1123 1382 1182 nullus
1413 1127 1495 1182 est
1521 1123 1715 1180 labor:
1747 1122 1827 1179 eis
1851 1121 2018 1188 enim,

432 1228 524 1299 qui
544 1222 790 1283 divith
815 1237 984 1279 unum
1003 1209 1290 1279 Dominum
1312 1216 1494 1275 Iesum
1527 1209 1818 1284 Christum,
1850 1223 1906 1272 et
1931 1229 2020 1272 se-

432 1324 644 1391 parant,
693 1325 754 1373 ut
790 1325 932 1388 siepe
978 1309 1227 1380 diximus,
1276 1319 1492 1369 seorsus
1519 1309 1575 1365 in
1614 1304 1908 1377 hominem,
1968 1303 2024 1364 et

432 1417 649 1469 seorsus
673 1409 728 1466 in
746 1405 916 1466 Deum
936 1401 1190 1472 Verbum,
1209 1413 1268 1461 ut
1282 1403 1400 1461 duae
1419 1397 1626 1460 scilicet
1654 1399 2024 1472 intelligantur

439 1521 553 1563 esse
579 1511 844 1577 personat;
875 1505 932 1559 et
951 1503 1072 1559 duae
1100 1497 1413 1558 substantiae
1440 1499 1580 1555 inter
1604 1514 1663 1555 se
1691 1495 1873 1554 divisa:
1891 1495 2021 1571 [Ba-

434 1599 537 1654 laz.
571 1613 673 1655 om.
708 1599 851 1654 inter
870 1609 930 1654 se
950 1589 1180 1669 divism],
1208 1589 1261 1650 id
1282 1587 1463 1650 facere“
1481 1607 1588 1650 n‘on
1611 1594 1901 1665 permittit;
1925 1599 2026 1651 nec

441 1691 690 1747 concedit
736 1683 936 1755 dicere,
991 1680 1139 1744 veiut
1166 1693 1333 1744 unum
1357 1679 1632 1743 hominem
1660 1693 2022 1754 communem,

435 1782 666 1856 Spiritus
707 1783 1024 1853 operatione
1061 1781 1304 1852 adjutum
1334 1779 1497 1837 fuisse
1525 1770 1739 1845 Filium,
1773 1787 1831 1834 ut
1859 1781 2024 1834 mira-

434 1874 564 1930 bilia
608 1879 794 1945 posset
842 1861 1086 1944 implere.
1136 1871 1272 1927 Nam‘
1310 1871 1354 1926 si
1384 1873 1457 1927 ita
1491 1859 1592 1939 est,
1626 1871 1758 1926 nihil
1789 1870 1968 1926 ditl‘ert
1993 1887 2026 1928 a

435 1965 639 2022 sanctis
663 1964 942 2036 apostolis,
965 1964 1049 2019 vel
1087 1963 1384 2034 pr0phetis,
1409 1963 1500 2033 qui
1521 1977 1619 2034 per
1647 1963 1742 2018 Dei
1779 1963 2025 2033 benigni-

435 2065 602 2114 tatem
622 2055 1002 2114 donationibus
1024 2055 1218 2113 divinis
1234 2049 1457 2128 oppleti,
1477 2056 2021 2112 dixeruntvidelicet:

435 2148 621 2205 Gratia
646 2157 822 2205 sumus
850 2143 907 2204 id
927 2147 1065 2223 quod
1085 2163 1263 2204 sumus
1291 2145 1333 2220 (l
1362 2145 1482 2203 Cor.
1515 2153 1603 2215 ἠν,
1639 2139 1747 2218 10).
1781 2145 1888 2204 Sed
1909 2163 2028 2203 san-

433 2242 534 2297 ctis
581 2240 798 2311 quidem
850 2241 1001 2306 viris,
1036 2241 1091 2296 in
1118 2237 1313 2311 quibus
1336 2235 1640 2294 divinarum
1671 2237 2026 2294 donationum

431 2333 740 2390 distributio
765 2329 1030 2400 enitescit,
1058 2347 1166 2388 vox
1193 2333 1295 2388 ista
1324 2337 1474 2387 recte
1517 2332 1836 2398 conveniat;
1867 2327 2024 2386 Chri-

431 2433 518 2481 sto
545 2431 727 2481 antem’
753 2425 1011 2481 minime:
1043 2425 1293 2496 proprius
1321 2425 1522 2480 ctenim
1553 2424 1718 2495 ipsius
1747 2431 1830 2479 est
1858 2421 2027 2494 Spiri-

433 2525 516 2572 tus
568 2522 804 2581 sanctus,
859 2518 998 2572 sicut
1041 2523 1096 2572 et
1136 2511 1233 2572 Dei
1273 2501 1478 2583 Patris;
1503 2521 1558 2570 et
1577 2516 1715 2571 sicut
1742 2509 1903 2570 Pater
1929 2523 2028 2587 per

429 2608 706 2680 Spiritum,
738 2609 812 2665 ita
839 2611 1002 2666 etiam
1026 2609 1139 2681 ipse
1169 2617 1266 2681 per
1292 2608 1550 2680 Spiritum
1566 2617 1840 2681 operatur.
1861 2607 2025 2665 Deni-

429 2717 536 2772 que
574 2701 758 2758 dicens
781 2690 980 2757 ludatis
1006 2721 1018 2756 ε
1051 2694 1223 2757 Multa
1251 2719 1408 2774 opera
1437 2699 1572 2756 bona
1601 2697 1740 2756 vobis
1761 2699 1964 2756 ostendi
1993 2717 2028 2756 a

429 2791 592 2850 Patre
618 2813 730 2852 meo
763 2795 922 2868 (Joan
948 2811 1002 2862 x,
1025 2789 1114 2868 3‘2)
1134 2813 1150 2863 ;
1167 2801 1221 2852 et
1245 2815 1257 2849 :
1285 2793 1409 2850 Non
1437 2811 1502 2850 ex
1524 2811 1602 2849 me
1625 2791 1840 2866 loquor;
1863 2793 2027 2848 Pater

429 2893 602 2941 autem
647 2888 733 2958 qui
775 2893 950 2941 manet
976 2888 1032 2942 in
1066 2904 1166 2954 me,
1199 2887 1326 2959 facit
1351 2901 1509 2958 opera
1543 2883 1719 2957 (Joan.
1754 2902 1862 2952 xw,
1895 2882 2023 2955 28);

431 2977 544 3047 ipse
572 2976 786 3032 dicebat
821 2983 1044 3032 rursus:
1101 2975 1200 3032 Sin
1230 2984 1400 3031 autem
1439 2993 1533 3048 ego
1580 2977 1635 3030 in
1683 2977 1870 3048 spiritu
1925 2973 2026 3031 Dei

429 3069 581 3141 ejicio
607 3065 868 3124 daemonia
898 3057 1116 3140 (Matth.
1146 3085 1239 3133 χιι,
1257 3065 1371 3138 28);
1389 3068 1768 3139 operationem
1784 3083 1882 3139 per
1910 3066 2028 3140 Spi-

429 3162 593 3217 ritum
623 3162 727 3218 sibi
755 3161 1030 3218 ascribens
1058 3168 1115 3217 et
1142 3159 1308 3228 Patri,
1348 3167 1570 3231 pr0pter
1614 3159 1863 3215 eamdem
1891 3159 2023 3233 [Ba-

429 3254 672 3309 luz.add.
702 3253 1066 3326 similemque}
1077 3253 1452 3311 substantiam.
1474 3251 1542 3307 Et
1570 3253 1758 3322 ingens
1781 3252 2020 3323 quidem,
2053 3253 2101 3330 α

432 3346 886 3416 longissimusque
935 3353 1228 3403 tractactus
1268 3361 1432 3417 super
1463 3345 1548 3401 bis
1576 3345 1690 3401 ticri
1714 3346 1907 3416 possit,
1929 3344 2027 3403 sed

431 3446 572 3494 esset
591 3439 818 3510 aptioris
849 3440 1106 3511 temporis
1135 3439 1250 3496 haec
1276 3439 1436 3496 latius
1457 3454 1780 3512 propagare.

502 3549 688 3619 Igitur,
719 3568 830 3609 non
858 3561 919 3609 ut
961 3553 1138 3610 aliena
1165 3555 1382 3622 virtute,
1432 3555 1662 3614 dicimus
1706 3557 2028 3616 Emmanuel

431 3640 676 3711 adjutum
697 3657 818 3699 esse
845 3658 944 3714 per
963 3641 1258 3715 Spiritum;
1281 3646 1376 3702 sed
1405 3663 1561 3703 usum
1591 3663 1710 3704 esse
1746 3649 1938 3717 magis,
1968 3657 2030 3705 ut

431 3747 527 3786 sua
555 3731 753 3801 divine,
784 3742 840 3790 et
866 3734 1141 3806 propriam
1169 3735 1371 3793 habere
1389 3737 1644 3802 virtutem
1671 3740 2028 3797 consubstan-

431 3824 574 3879 tialis
613 3825 833 3895 spiritus
862 3825 1006 3900 [BaL
1048 3827 1361 3910 substantia:
1391 3829 1673 3904 spiritus];
1705 3831 1851 3886 beati
1880 3834 2026 3888 enim

432 3919 681 3991 discipuli
711 3921 864 3992 signa
893 3920 1154 3979 facientes
1181 3923 1434 3979 dicebant
1459 3941 1472 3978 :
1515 3923 1627 3979 Viri
1655 3927 1868 3997 fratres,
1902 3927 2028 3999 quid

431 4028 525 4067 nos
552 4013 847 4080 intuemini,
875 4015 1025 4085 quasi
1051 4022 1234 4069 nostra
1256 4016 1463 4082 virtute,
1492 4026 1582 4070 aut
1607 4026 1865 4088 potestate
1897 4017 2028 4091 [Bac

430 4104 535 4159 luz.
567 4106 778 4178 pietate]
807 4108 1084 4178 fecerimus
1109 4106 1377 4164 ambulare
1398 4109 1469 4164 ad
1506 4112 1794 4182 speciosam
1819 4121 2026 4183 portans

429 4196 689 4253 sedentem
707 4197 951 4254 claudum
979 4199 1118 4270 (Act.
1142 4215 1222 4267 tu,
1247 4197 1378 4272 12)?
1401 4199 1601 4258 Christi
1623 4218 1754 4260 vero
1777 4204 2026 4275 proprius

430 4300 513 4346 est
541 4293 761 4362 spiritus
789 4309 937 4350 suus.

503 4407 703 4464 Verum
729 4409 853 4476 illis,
884 4410 978 4482 qui
1015 4417 1202 4467 nostra
1251 4411 1560 4482 vituperare
1597 4409 1874 4478 festinant,
1917 4413 2025 4470 hoc

429 4503 647 4559 dicam:
678 4503 724 4558 si
745 4513 856 4558 non
882 4499 1097 4559 videtur
1114 4497 1448 4560 horrendum
1475 4503 1682 4578 [Batus
1719 4504 2022 4577 horridum]

2124 949 2429 1025 apostolum
2481 959 2726 1009 nostrum
2769 959 2876 1008 non
2906 963 3025 1009 esse
3052 951 3252 1009 factum
3276 953 3447 1022 ipsum
3476 952 3722 1008 Verbum

2123 1047 2238 1116 Dei,
2265 1047 2391 1104 tunc
2411 1048 2615 1104 scilicet
2642 1061 2764 1104 cum
2787 1047 2870 1103 est
2897 1064 3024 1104 caro
3054 1041 3273 1111 factum,
3297 1055 3352 1102 et
3370 1045 3535 1103 homo
3559 1045 3722 1118 juxta

2125 1145 2254 1206 nos;
2285 1138 2382 1195 sed
2403 1143 2462 1194 ut
2482 1139 2645 1194 alium
2665 1146 2863 1210 prmtcr
2892 1139 3065 1211 ipsum
3090 1154 3334 1196 seorsum
3353 1139 3627 1195 hominem
3651 1155 3723 1197 ex

2124 1229 2382 1298 muliere;
2414 1237 2506 1286 aut
2533 1230 2702 1304 siquis
2722 1223 2866 1288 dicat
2891 1247 2989 1302 pro
3012 1246 3071 1288 se
3091 1231 3351 1288 obtulisse
3371 1233 3544 1302 ipsum
3562 1230 3723 1286 obla-

2125 1317 2320 1392 tiones,
2363 1339 2427 1380 ac
2455 1340 2564 1380 non
2590 1321 2760 1395 magis
2805 1339 2905 1396 pro
2947 1317 3102 1380 nobis
3122 1323 3513 1391 tantummodo,
3544 1331 3725 1393 neque

2125 1417 2270 1473 enim
2290 1418 2436 1486 eguit
2457 1407 2738 1486 sacriﬁcio,
2766 1417 2857 1490 qui
2877 1421 3161 1489 peccatum
3182 1425 3291 1473 non
3313 1419 3538 1474 noverat
3559 1435 3572 1483 ;
3596 1432 3708 1471 ana

2127 1510 2308 1566 thema
2333 1510 2422 1566 sit.

2514 1617 2877 1658 BEPREIIENSIO
2908 1617 3317 1659 llERETlCORUM.

2199 1715 2256 1773 Si
2302 1716 2546 1790 pontifex
2592 1724 2676 1774 est
2725 1717 2870 1773 Deus
2913 1717 3174 1781 Verbum,
3211 1717 3298 1772 cui
3341 1716 3456 1772 Deo
3477 1683 3608 1782 suo,
3638 1716 3727 1780 vel

2127 1811 2288 1928 quale
2313 1810 2659 1928 sacriﬁcium
2713 1809 3044 1928 odertilsw
3071 1811 3275 1917 oblitus
3285 1821 3374 1928 Est
3394 1811 3540 1866 beati
3569 1809 3727 1917 i’auli

2129 1907 2398 1964 dicentis:
2432 1905 2616 1979 Neque
2659 1907 2798 1962 enim
2842 1905 3086 1962 habemus
3131 1905 3448 1976 pontiﬁcem,
3505 1906 3592 1978 qui
3619 1921 3728 1960 non

2129 2001 2293 2070 possit
2343 1998 2616 2056 candelae
2668 1997 3062 2069 inﬁrmitatibus
3110 1998 3301 2052 nostris
3312 2015 3330 2063 ;
3377 2005 3631 2051 tentatum
3669 1999 3727 2050 ist

2129 2092 2365 2148 omnibus
2395 2090 2583 2162 absque
2602 2100 2812 2161 peccato
2839 2090 2999 2163 (Helo.
3030 2108 3102 2158 Iv,
3134 2090 3245 2162 ll5).
3269 2091 3400 2159 Quis
3421 2091 3584 2160 igitur
3604 2101 3730 2147 ten-

2129 2193 2274 2240 tatus
2301 2186 2420 2241 est?
2440 2184 2583 2240 Deus
2623 2183 2882 2247 Verbum,
2925 2200 2998 2238 an
3024 2193 3216 2239 natura
3244 2185 3416 2253 magis
3463 2185 3728 2249 immane,

2128 2294 2313 2336 semen
2338 2278 2539 2333 David?
2554 2277 2622 2332 Et
2641 2293 2826 2333 rursus
2850 2296 2862 2332 :
2891 2277 3016 2334 Non
3037 2279 3134 2334 sibi
3154 2281 3366 2352 quisque
3383 2281 3541 2334 sumit
3560 2279 3732 2335 Itono-

2129 2388 2259 2436 rem,
2287 2371 2380 2424 sed
2398 2371 2483 2442 qui
2512 2379 2721 2426 vocatus
2749 2379 2826 2425 est
2845 2387 2878 2424 a
2906 2366 3039 2436 Deo,
3065 2371 3494 2443 quemadmodum
3520 2372 3731 2437 Aaron;

2129 2464 2205 2516 sic
2233 2464 2390 2516 etiam
2419 2461 2653 2516 Christus
2688 2479 2743 2517 se
2771 2455 3077 2534 pontiﬁcatu
3105 2459 3272 2517 noluit
3303 2463 3505 2535 [Baluz.
3538 2459 3732 2536 coluit]

2131 2553 2424 2626 clariﬁcare
2453 2551 2609 2626 (Heli.
2643 2569 2696 2623 v,
2729 2556 2806 2628 4).
2832 2556 2964 2624 Quis
2984 2563 3236 2625 estergo,
3263 2557 3354 2626 qui
3387 2565 3508 2612 cum
3536 2557 3731 2614 Aaron

2130 2649 2561 2720 comparatur'i'n
2592 2649 2881 2706 sacerdotii
2930 2650 3213 2721 dignitate,
3246 2659 3301 2706 et
3349 2666 3470 2707 cum
3520 2665 3588 2706 eo
3629 2651 3733 2723 qui

2133 2756 2241 2796 non
2264 2741 2363 2797 sibi
2395 2741 2657 2797 honorem
2685 2742 2866 2808 sumit,
2907 2741 3002 2798 sed
3030 2749 3253 2798 vocatus
3299 2749 3330 2798 a
3360 2743 3494 2809 Deo,
3523 2741 3732 2798 etcum

2131 2847 2219 2900 eo,
2271 2833 2362 2905 qui
2413 2834 2469 2888 in‘
2515 2833 2804 2890 sacerdotii
2849 2831 3074 2905 gradum
3116 2833 3397 2890 ascendit?
3436 2833 3626 2889 Divina
3660 2839 3734 2891 ne

2131 2925 2337 3001 [Baluz.
2371 2941 2473 2983 om.
2509 2926 2596 3000 ne]
2619 2933 2829 2994 natura,
2858 2935 2978 2998 quae
3000 2934 3082 2983 est
3109 2935 3377 2984 ceaeterna
3395 2939 3517 2984 cum
3541 2923 3731 2996 Patre,

2130 3029 2249 3089 qum
2303 3019 2505 3085 omnia,
2553 3032 2674 3088 qua:
2728 3025 2852 3073 sunt
2890 3015 3083 3083 Patris,
3112 3020 3333 3089 propria
3363 3015 3544 3073 habet.
3577 3017 3646 3072 Et
3676 3018 3734 3074 in

2130 3127 2294 3184 quam
2323 3111 2658 3182 dignitatem,
2691 3125 2811 3180 quze
2831 3125 2890 3166 se
2918 3111 3033 3181 ipsa
3062 3118 3207 3166 esset
3235 3111 3415 3176 altior,
3459 3109 3734 3165 ascende-

2129 3205 2260 3260 bat?
2315 3203 2764 3261 Sacerdotiumne
2817 3203 3062 3261 dieartms
3109 3204 3294 3260 divina
3347 3214 3536 3260 natura
3602 3220 3736 3262 esse

2131 3297 2440 3368 gloriosius,
2474 3297 2529 3352 in
2555 3297 2722 3366 quod,
2750 3309 2862 3352 non
2899 3311 2999 3368 per
3035 3311 3118 3364 se,
3145 3297 3244 3353 sed
3284 3305 3508 3354 vocata
3530 3312 3561 3351 ει
3589 3296 3732 3366 Deo,

2130 3397 2190 3446 ut
2238 3389 2330 3445 ille
2376 3388 2750 3455 ascendebat,
2803 3399 2862 3446 et
2904 3404 3005 3460 per
3049 3389 3108 3446 id
3158 3388 3594 3461 gloriﬁcabatur?
3640 3390 3737 3448 An

2129 3481 2299 3552 magis
2353 3481 2445 3536 illa
2494 3489 2706 3548 natura,
2753 3489 2876 3552 quae
2925 3497 2995 3539 ex
3039 3484 3246 3546 semine
3276 3483 3446 3540 David
3472 3483 3634 3553 facta,
3673 3496 3738 3541 et

2129 3572 2392 3644 praeﬁnita
2412 3574 2534 3630 est?
2561 3574 2647 3631 cui
2668 3574 2836 3630 etiam
2849 3574 3053 3645 iuravit
3072 3575 3217 3632 Deus
3252 3575 3545 3632 secundum
3570 3576 3737 3634 Psal-

2129 3667 2366 3734 mistam,
2389 3667 2638 3724 daturum
2667 3684 2726 3724 se
2741 3669 2796 3724 in
2807 3676 3071 3726 aeternum
3090 3671 3448 3727 sacerdotium
3471 3688 3486 3724 :
3513 3670 3738 3728 Iuravit

2128 3763 2292 3830 enirn,
2318 3763 2508 3834 inquit,
2534 3763 2810 3832 Dominus,
2833 3770 2885 3820 et
2904 3775 3008 3821 non
3030 3765 3298 3838 pernitebit
3314 3769 3460 3829 eunt;
3489 3773 3543 3818 tu
3562 3773 3619 3820 es
3643 3775 3738 3820 sa-

2129 3857 2310 3912 cerdos
2336 3858 2393 3912 in
2422 3867 2690 3924 tetanum,
2733 3857 3016 3914 «eundum
3061 3859 3298 3914 ordinent
3340 3856 3736 3913 Melchisedech

2129 3947 2304 4021 (Psal.
2361 3965 2468 4016 cu,
2517 3949 2596 4018 4).
2640 3949 2975 4008 Divinitasne
3003 3947 3278 4020 Unigeniti
3303 3949 3736 4021 pollicitationes

2127 4053 2252 4096 cum
2284 4040 2638 4112 jurejurando
2674 4041 2974 4113 accipiebat
3009 4055 3043 4098 a
3081 4041 3223 4107 Deo,
3267 4055 3326 4099 se
3366 4042 3421 4097 in
3458 4050 3734 4098 internum

2126 4133 2489 4189 sacerdotium
2535 4137 2915 4205 accepturam,
2965 4143 3020 4191 et
3066 4149 3166 4206 per
3217 4133 3274 4191 id
3322 4148 3382 4191 se
3428 4134 3731 4206 gloriosam

2128 4226 2363 4283 futuram
2381 4230 2407 4283 ξι

2198 4316 2396 4390 Ecquis
2423 4337 2524 4379 nos
2548 4320 2706 4389 ferat,
2729 4323 2820 4379 rei
2866 4323 3162 4380 sentientes
3185 4325 3319 4392 ista,
3336 4323 3422 4380 vel
3450 4323 3730 4394 dicentes,

2127 4425 2192 4467 ac
2209 4419 2317 4468 non
2339 4415 2509 4485 magis
2529 4415 2710 4486 culpet
2729 4417 3112 4481 memorantes,
3137 4415 3307 4473 Deum
3329 4417 3566 4473 ordinari
3585 4432 3736 4488 pon-

2127 4503 2344 4570 titicem,
2375 4512 2431 4561 ct
2459 4507 2846 4576 promissioncs
2885 4523 3008 4564 cum
3059 4507 3408 4578 jurejurando
3447 4509 3730 4580 accipere,

427 4596 598 4652 menti
620 4597 876 4667 ipsorum,-
905 4595 1070 4652 dividi
1098 4597 1429 4653 individuum
1456 4597 1669 4664 Filium,
1700 4605 1757 4655 et
1784 4604 1844 4653 ut
1867 4613 2018 4655 com-
2045 4666 2086 4671 _
2126 4601 2182 4652 et
2200 4597 2383 4652 vocari
2414 4597 2468 4652 in
2490 4598 2776 4654 sacerdotii
2797 4591 3133 4668 dignitatem,
3165 4611 3230 4656 ac
3262 4615 3369 4656 non
3400 4613 3496 4671 per
3521 4613 3582 4655 se
3609 4599 3733 4656 ho-

428 4666 657 4744 munem,
674 4687 969 4756 hominem,
999 4689 1104 4745 dici
1124 4689 1305 4745 Jesum
1335 4687 1576 4760 adiuvari
1606 4695 1705 4762 per
1734 4689 2014 4762 Spiritum,
2043 4666 2100 4728 Ῑ)
2123 4701 2314 4744 norem
2362 4690 2639 4761 accipere;
2684 4685 2777 4746 sed
2826 4666 2878 4746 in
2926 4697 3055 4747 eum
3097 4692 3300 4760 vocari,
3331 4691 3385 4747 et
3400 4666 3734 4762 comparari

428 4793 528 4835 nos
556 4780 625 4835 ab
654 4781 727 4835 ita
749 4779 1098 4838 credentibus
1114 4781 1426 4837 abhorrere.
1460 4781 1555 4838 Sin
1584 4787 1714 4838 vero
1739 4780 2018 4839 Christum
2123 4784 2247 4839 eum
2275 4793 2363 4848 eo,
2388 4783 2480 4852 qui
2501 4783 2860 4839 sacerdotium
2883 4783 3088 4856 primus
3115 4784 3385 4856 acceperit
3400 4784 3424 4839 ?
3439 4775 3689 4856 Etporro
3709 4802 3730 4843 :

429 4883 614 4940 unum,
640 4878 696 4928 et
716 4872 928 4940 Filium,-
945 4880 1002 4929 et
1029 4873 1316 4929 Donundm
1349 4871 1693 4942 conﬁtemur,
1741 4873 2017 4930 eumdem-
2125 4874 2336 4931 Sicutet
2365 4873 2489 4930 alibi
2517 4877 2684 4949 inquit
2713 4875 2906 4930 dictum
2929 4867 3130 4932 est:1‘u
3147 4889 3200 4932 es
3219 4876 3463 4932 sacerdos
3484 4878 3536 4931 in
3557 4886 3732 4931 arter-

412 4968 533 5035 'q'ue
561 4979 681 5020 esse
702 4966 870 5022 Deum
893 4967 1052 5022 simul
1071 4969 1127 5023 et
1145 4968 1439 5035 liditﬁnem,
1464 4968 1689 5024 credant
1716 4969 2014 5039 nobiscum,
2124 4981 2247 5021 num
2303 4967 2583 5022 secundum
2633 4966 2867 5023 ordinem
2895 4963 3272 5023 Melchisedech
3327 4961 3513 5037 (Hebr.
3545 4977 3595 5031 v,
3633 4966 3727 5039 7).

428 5057 572 5127 quod
586 5071 693 5112 non
723 5057 1022 5128 adjuvetur,
1045 5061 1202 5131 quasi
1221 5060 1397 5116 aliena
1421 5067 1622 5131 printer
1641 5060 1814 5132 ipsum
1831 5067 1886 5117 et
1905 5065 2020 5118 me-
2125 5058 2256 5127 Quis
2304 5073 2468 5130 porro
2499 5068 2600 5126 est,
2633 5060 2726 5132 qui
2754 5053 3146 5118 Melchisedech
3175 5057 3478 5115 sacerdotio
3498 5057 3734 5116 assimi-

427 5145 563 5202 liore
587 5147 788 5204 virtute
807 5149 1059 5220 spiritus;
1090 5151 1188 5207 sed
1216 5151 1332 5222 ipse
1360 5151 1532 5223 magis
1576 5159 1831 5223 operetur
1868 5153 2021 5223 signa
2123 5152 2266 5208 latus
2293 5151 2564 5210 est?ldn‘e
2592 5151 2829 5224 postulat
2851 5153 2989 5208 ratio
3022 5151 3259 5225 pietatis,
3291 5155 3349 5205 ut
3368 5147 3540 5205 Deum
3574 5139 3735 5205 Ver-

425 5235 606 5294 divina
624 5247 725 5310 per
749 5247 905 5296 suum
935 5241 1210 5312 spiritum,
1235 5243 1290 5298 in
1318 5253 1430 5316 quo
1459 5245 1622 5300 etiam
1650 5244 1891 5299 omnium
1921 5261 2020 5301 na-
2121 5245 2250 5301 bmn
2281 5245 2682 5314 existimemus;
2713 5261 2781 5302 an
2810 5246 2981 5316 magis
3002 5253 3240 5311 carnem,
3272 5256 3393 5315 quae
3436 5257 3504 5297 ex
3557 5239 3738 5298 nobis

425 5333 689 5388 scentium
703 5333 986 5390 virtusest.
1006 5333 1274 5391 Hocenim
1286 5331 1450 5392 modo
1463 5335 2018 5407 desinentaliquando
2122 5343 2397 5410 assumpta
2419 5345 2523 5404 est,
2555 5353 2674 5417 quin
2720 5339 2822 5417 ipsi
2862 5335 3293 5410 inseparabiliter
3319 5341 3376 5391 et
3429 5331 3735 5392 inconfuse

425 5424 582 5480 nobis
627 5427 743 5483 sine
789 5437 953 5482 causa
999 5425 1307 5497 detrahere,
1339 5433 1394 5486 et
1419 5427 1672 5488 dentibus
1695 5436 1885 5487 contra
1914 5444 2017 5488 nos
2119 5430 2406 5502 conjuncta
2435 5432 2556 5488 est?
2597 5413 2664 5487 Et
2684 5413 2848 5503 porro
2871 5431 3081 5503 inquit:
3117 5427 3217 5496 Qui
3246 5430 3301 5484 in
3331 5424 3507 5482 diebus
3536 5427 3737 5482 carnis

425 5513 610 5573 livoris
631 5517 954 5576 infrendere.
2119 5535 2228 5584 siue
2273 5545 2451 5602 preces
2494 5529 2996 5601 supplicationesque
3041 5525 3109 5581 ad
3137 5541 3269 5592 eum,
3298 5522 3384 5596 qui
3425 5530 3606 5593 potens
3639 5527 3736 5576 est

1600 5655 2146 5720 CASTIGATIONES
2184 5661 2276 5720 ET
2312 5659 2538 5720 NOTIE.

419 5769 734 5912 βνῑΐθδιιη-
762 5788 776 5828 ε
810 5771 872 5832 δί
890 5775 1004 5848 quis
1029 5775 1186 5849 igitur
1205 5774 1501 5849 nanti/lceat
1527 5782 1576 5834 et
1595 5776 1888 5858 apostolum
1905 5783 2137 5836 nostrum
2167 5778 2361 5852 factum
2387 5791 2499 5835 esse
2528 5774 2669 5833 dicat
2696 5781 2799 5832 non
2823 5775 2991 5846 ipsum
3029 5771 3249 5829 Verbum
3279 5771 3398 5839 Dei,
3432 5776 3572 5838 tunc,
3604 5776 3732 5832 etc.
