3924 6282
413 329 518 388 959

909 324 1105 384 MAR"
1141 321 1580 383 MERCA’I'ORIS
1616 319 2181 380 TRANSLATIONES
2232 321 2595 385 VARIORUM
2635 324 3164 388 OPUSCULORUM.

3624 330 3752 390 960

411 443 728 520 proficiebat
753 443 969 516 quando
989 442 1296 499 exinanitus
1333 447 1434 508 est,
1465 438 1738 510 quomodo
1764 438 2003 510 seipsum
2027 450 2084 513 Α
2106 439 2203 495 sed
2221 439 2344 504 sibi,
2369 448 2425 496 et
2445 439 2615 508 Patri,
2647 441 2881 515 ﬁdeique
2908 453 3108 504 nostrae
3134 444 3536 502 confessionem
3592 460 3745 517 prce

414 538 751 594 humiliavit?
786 536 1090 593 Honorisne
1109 535 1159 591 ei
1189 541 1244 590 et
1269 533 1451 604 gloria:
1471 531 1855 587 exinanitatem
1876 546 2006 587 cau-

412 648 529 690 sam
557 631 719 688 fuisse
746 631 1023 688 dicamus?
1046 627 1248 687 Deinde
1272 626 1546 699 quomodo
1565 626 1680 697 jam
1699 625 2006 682 exinanitas

413 739 533 780 esse
560 723 766 795 possit?

484 819 542 873 Si
579 819 784 889 ipsum,
824 818 1030 888 inquit,
1074 815 1170 872 Dei
1210 813 1386 872 Patris
1413 813 1649 870 Verbum
1684 813 1883 869 factum
1921 819 2008 868 est

413 911 673 981 pontifex,
705 911 952 980 quisnam
993 916 1076 965 est
1111 908 1287 978 major
1307 909 1456 979 ipso,
1498 906 1698 978 etquis
1741 905 2002 976 obsequio

412 1003 698 1058 sacerdotii
729 1000 1114 1058 honorandus?
1161 1000 1303 1071 Ergo
1341 999 1514 1056 dicam
1543 1015 1706 1070 porro
1742 1017 1753 1051 :
1787 997 1960 1054 Crede
1985 1036 2002 1064 ,

413 1095 560 1164 quod
588 1110 708 1150 cum
732 1095 802 1150 sit
824 1095 964 1150 Deus
997 1101 1207 1159 natura,
1230 1101 1286 1150 et
1315 1093 1368 1148 in
1390 1093 1562 1150 forma
1595 1091 1772 1147 Patris
1799 1091 1966 1147 Filius
1983 1129 1998 1156 ,

414 1202 523 1242 non
565 1187 813 1258 rapinam
860 1188 1150 1243 arbitratus
1196 1194 1296 1254 est,
1346 1195 1404 1242 ut
1452 1195 1596 1243 esset
1626 1185 1816 1242 similis
1857 1185 1997 1259 [Bal.

411 1275 653 1348 aequalis]
683 1277 816 1344 Deo,
857 1277 952 1333 sed
1007 1277 1300 1334 exinanivit
1329 1292 1407 1343 se,
1437 1275 1665 1333 formam
1693 1277 1835 1332 servi
1863 1275 2003 1331 acci-

410 1370 590 1439 piens;
623 1371 700 1426 sic
726 1373 896 1428 factus
931 1381 1013 1429 est
1043 1374 1206 1429 homo
1231 1412 1246 1437 ,
1280 1381 1335 1429 et
1375 1372 1453 1429 sic
1499 1372 1704 1445 [Baluz.
1751 1369 1819 1442 si]
1858 1371 2002 1427 servi

410 1462 639 1517 formam
671 1465 900 1534 accepit,
929 1480 1038 1520 non
1068 1465 1360 1520 arbitratus
1385 1464 1493 1520 vile
1521 1479 1671 1531 esse,
1702 1471 1758 1520 et
1785 1463 2002 1535 dispen-

409 1553 607 1609 sationi
637 1555 1010 1624 incongruum,
1040 1557 1202 1611 etiam
1231 1555 1536 1627 apostolum
1561 1571 1638 1620 se,
1683 1562 1738 1610 et
1781 1553 2001 1625 pontiﬁ-

409 1660 528 1701 cem
555 1647 868 1718 nuncupari.
897 1647 996 1703 Hic
1022 1648 1113 1717 qui
1155 1663 1264 1703 non
1292 1647 1494 1718 sprevit
1520 1647 1869 1705 humanitatis
1898 1662 2002 1704 no-

408 1744 533 1795 stra:
557 1753 886 1803 mensuram,
911 1738 1310 1808 quonammodo
1338 1739 1573 1793 humana
1602 1740 1858 1809 spernat?

2107 538 2278 588 curet.
2311 531 2368 587 Si
2397 533 2625 602 dixeris,
2671 551 2779 592 non
2826 552 2946 594 esse
2982 537 3095 593 Deo
3136 537 3352 607 dignum
3397 535 3746 594 sacerdotio

2105 623 2432 691 ministrare,
2465 625 2552 681 aio
2577 640 2678 696 ego
2699 642 2934 700 quoque,
2959 629 3138 699 idque,
3166 639 3188 668 ε
3218 630 3265 686 si
3293 629 3469 686 solum
3499 637 3569 684 et
3602 629 3742 686 abs-

2103 731 2210 787 que
2235 732 2400 774 carne
2423 727 2566 776 esset
2580 720 2816 777 Verbum
2835 764 2851 789 ,
2880 723 3088 779 diceres
3109 731 3258 779 recte
3311 740 3324 776 :
3365 723 3461 778 sed
3491 721 3742 792 quando

2103 809 2266 865 homo
2314 810 2513 866 factum
2559 820 2662 880 est,
2693 815 2910 870 attende
2958 815 3132 885 ipsum
3160 812 3180 853 ί
3213 822 3270 870 et
3307 814 3738 870 ministrantem

2043 920 2048 925 '
2103 909 2328 973 propter
2356 903 2768 972 humanitatem,
2811 912 2867 961 et
2896 906 2950 960 in
2977 905 3329 975 dignitatibus
3351 921 3529 976 super
3563 921 3736 961 crea-

2104 1003 2280 1051 turam
2302 1037 2317 1064 ,
2358 1004 2420 1052 ut
2445 997 2614 1054 Deum
2648 1015 2660 1051 :
2686 997 2932 1054 considet
2969 998 3116 1054 enim
3143 1013 3266 1054 cum
3297 998 3410 1053 Deo
3439 1005 3500 1053 et
3528 995 3728 1052 Patre.

2103 1071 2288 1166 Itaque
2323 1088 2446 1144 vide
2486 1089 2658 1160 ipsum
2711 1090 3145 1166 sacriﬁcantem,
3186 1099 3246 1145 ut
3290 1091 3625 1153 hominem;
3678 1099 3732 1145 et

2104 1163 2490 1248 cohsidentem,
2517 1187 2578 1235 ut
2605 1164 2794 1237 Deum.
2826 1181 2964 1249 Quid
2989 1181 3132 1238 enim
3154 1182 3230 1236 ait
3252 1182 3448 1237 beatus
3469 1179 3724 1235 Paulus:

2107 1273 2285 1328 Talem
2316 1273 2566 1329 habemus
2600 1277 2914 1346 pontiﬁcem,
2941 1276 3028 1348 qui
3057 1275 3188 1330 sedit
3233 1275 3304 1329 ad
3324 1274 3614 1330 dexteram
3644 1290 3725 1328 se-

2104 1365 2182 1420 dis
2209 1365 2586 1437 magnitudinis
2614 1367 2668 1420 in
2689 1368 2928 1422 excelsis.
2953 1366 3198 1424 Scientes
3226 1367 3408 1437 igitur,
3437 1367 3579 1438 quia
3603 1383 3722 1422 cum

2101 1457 2172 1513 sit
2200 1457 2372 1523 Deus,
2428 1457 2601 1514 factus
2649 1468 2731 1516 est
2773 1474 2900 1516 caro
2952 1461 3079 1533 (est
3124 1470 3307 1517 autem
3356 1476 3502 1516 unus
3556 1469 3720 1531 atque

2103 1551 2290 1624 idem),
2313 1553 2433 1624 ipsi,
2457 1561 2517 1610 ut
2545 1554 2658 1621 uni,
2690 1555 2871 1610 omnia
2900 1556 3216 1622 tribuemus,
3247 1563 3303 1612 et
3329 1555 3712 1626 dispensatio-

2105 1645 2188 1700 nis
2208 1659 2318 1702 non
2343 1645 2712 1715 ignorabimus
2725 1647 2936 1714 modos,
2952 1648 3064 1703 vim
3083 1649 3479 1704 sententiarum
3500 1647 3718 1718 sapien-

2104 1744 2187 1792 ter
2213 1745 2269 1793 et
2297 1737 2588 1795 artiﬁciose
2616 1739 2686 1795 ad
2713 1739 2883 1811 ipsius
2910 1754 3126 1812 semper
3165 1730 3546 1798 obedientiam
3571 1739 3711 1796 rete-

423 1881 432 1884 _
480 1828 597 1885 Non
619 1838 702 1886 est
729 1830 948 1900 quidem
976 1830 1132 1886 nobis
1161 1830 1410 1898 arduum,
1441 1845 1541 1886 nec
1563 1827 1797 1894 difﬁcile,
1822 1830 2002 1888 verbis
2028 1863 2079 1925 Β
2104 1834 2302 1883 rentes.

411 1920 654 2024 pluribus
675 1919 944 2024 progredi,
963 1927 1016 1975 et
1031 1920 1188 1990 hujus
1216 1922 1295 2024 rei
1317 1929 1631 2024 argumenta
1652 1936 1855 2024 ponere
1874 1936 2002 2015 pro—

408 2012 601 2068 lixiore
632 2013 981 2079 tractatione,
1014 2029 1220 2080 verum,
1252 2013 1359 2070 hoc
1385 2013 1601 2069 interim
1625 2015 1846 2080 omisso,
1876 2012 2003 2084 pro-

405 2119 607 2174 ponam
634 2107 818 2167 verba,
848 2120 968 2174 qua:
1016 2106 1118 2176 ipsi
1167 2105 1428 2162 fecerunt.
1474 2105 1822 2177 Scripserunt
1858 2106 2004 2161 enim

406 2197 511 2252 hoc
538 2197 701 2252 modo
736 2216 748 2250 :
788 2206 814 2236 ει
846 2197 952 2253 Sed
977 2214 1070 2253 nec
1109 2215 1251 2253 mens
1281 2208 1448 2253 vestra
1488 2199 1694 2252 interim
1728 2207 2000 2265 terreatur,

406 2287 470 2342 de
498 2306 556 2343 eo
586 2289 820 2355 audiens,
844 2291 930 2361 qui
969 2307 1154 2352 passus
1175 2299 1251 2345 est
1286 2308 1304 2346 :
1337 2290 1417 2346 Er
1456 2307 1652 2355 QUlosu
1691 2307 1808 2368 cun.
1836 2306 2000 2346 ssssr

405 2377 602 2434 Funus.
639 2377 761 2433 Non
793 2397 926 2434 enim
949 2381 1078 2435 duos
1110 2382 1246 2449 (ilics
1277 2382 1515 2445 dicimus,
1543 2397 1658 2436 eum
1703 2383 1789 2454 qui
1816 2396 2002 2452 passus

403 2477 501 2535 est,
530 2479 580 2523 et
605 2486 720 2524 eum
741 2471 826 2541 qui
846 2470 1180 2541 impassibilis
1213 2473 1410 2525 mansit
1439 2488 1456 2525 :
1489 2488 1593 2526 non
1625 2473 1762 2526 enim
1783 2489 2000 2539 separa-

405 2563 495 2617 tim
520 2579 727 2618 seorsus
749 2581 782 2616 a
805 2563 1074 2617 divinitate
1110 2563 1262 2629 illud,
1293 2563 1431 2636 quod
1459 2573 1537 2618 est
1565 2581 1631 2618 ea:
1665 2567 1860 2619 semine
1889 2563 2002 2618 Da-

401 2654 505 2720 vid,
533 2655 763 2726 quodque
784 2653 958 2710 Filius
985 2657 1311 2710 nominatum
1338 2665 1434 2721 est,
1467 2657 1600 2709 sicut
1629 2672 1720 2710 nec
1756 2656 2000 2711 divinitas

403 2754 516 2808 post
548 2747 746 2813 ἕνωσιν,
771 2747 884 2801 sine
922 2763 1078 2802 carne
1131 2746 1338 2811 visibili,
1386 2745 1558 2801 Filius
1599 2748 1863 2818 appellata
1901 2756 1996 2802 est.

401 2833 573 2892 Porro
602 2847 782 2891 autem
817 2855 830 2890 :
867 2836 1017 2892 Unde
1037 2854 1197 2892 unum
1217 2837 1548 2910 eumdemque
1577 2835 1744 2908 ﬁlium
1783 2839 2001 2909 conﬁte-

401 2943 517 2982 mur
533 2929 822 2998 inconfusis
852 2927 1177 2983 manentibus
1197 2931 1420 2995 naturis,
1443 2945 1548 2984 non
1571 2929 1731 2984 alium
1763 2938 1813 2984 et
1839 2931 2001 2984 alium

399 3020 644 3084 dicentes,
667 3018 835 3074 absit:
867 3021 958 3074 sed
975 3037 1136 3076 unum
1155 3021 1508 3094 eumdemque,
1537 3022 1848 3094 Pontiﬁcem
1883 3026 2000 3094 qui-

401 3110 517 3166 dem
544 3120 593 3165 et
626 3112 918 3182 apostolum
957 3123 1191 3169 nostrum
1223 3116 1417 3187 factum
1438 3132 1548 3170 esse
1585 3114 1867 3170 Dominum
1906 3132 2002 3171 no-

399 3213 562 3258 strum
601 3203 781 3260 Iesum
821 3205 1103 3275 Christum,
1137 3205 1420 3264 secundum
1461 3209 1660 3265 divinas
1699 3211 2000 3283 Scripturas

399 3313 547 3352 nemo
580 3307 655 3352 est
683 3301 769 3370 qui
812 3315 916 3354 non
965 3301 1306 3371 conﬁteatur;
1349 3319 1453 3357 non
1493 3305 1782 3375 sejunctum
1823 3311 1996 3360 tamen

398 3403 628 3444 seorsum
649 3391 909 3446 hominem
930 3409 994 3447 ea;
1021 3393 1234 3449 muliere
1254 3413 1287 3449 a
1306 3393 1406 3450 Dei
1426 3395 1606 3451 Patris
1645 3397 1828 3453 Verbo.

472 3477 529 3532 Si
555 3479 716 3547 igitur
745 3496 912 3535 unum
940 3481 1124 3538 dicunt
1169 3484 1362 3540 Filium
1404 3502 1511 3541 non
1541 3486 1568 3526 δ
1597 3486 1896 3545 dividentes
1941 3491 1996 3546 in

398 3567 534 3622 duos
557 3583 701 3632 eum,
732 3569 825 3638 qui
853 3585 921 3624 ex
949 3572 1156 3628 semine
1175 3573 1363 3639 David,
1397 3583 1452 3630 et
1473 3590 1594 3630 eum
1635 3578 1726 3646 qui
1753 3577 1849 3634 Dei
1893 3577 1997 3634 Pa-

400 3659 496 3713 tris
524 3650 778 3726 Verbum,
810 3661 1083 3729 quomodo
1113 3678 1222 3718 non
1262 3663 1462 3718 laedunt
1489 3668 1823 3737 mysterium,
1855 3668 1995 3724 divi-

397 3752 588 3808 dentes
613 3751 1070 3824 dispensationem
1099 3755 1241 3811 inter
1267 3756 1437 3812 Deum
1467 3765 1523 3812 et
1550 3757 1860 3816 hominem?
1887 3759 1998 3818 Cur

397 3859 505 3898 non
536 3843 706 3914 magis
733 3861 900 3900 unum
944 3846 1301 3917 eumdemque
1331 3833 1583 3904 et‘Deum
1623 3865 1741 3906 esse
1788 3850 1991 3920 dicunt,

401 3943 454 3991 et
479 3937 752 3992 hominem
776 3977 790 4003 ,
821 3945 879 3992 ut
905 3939 1087 3994 omnia
1133 3939 1240 3994 sint
1269 3940 1463 4011 ipsius,
1496 3947 1551 3996 et
1580 3939 1760 3997 divina
1793 3945 1997 4013 pariter

400 4035 452 4083 et
477 4028 745 4084 humana?
765 4029 899 4084 Nam
920 4031 967 4086 si
993 4029 1167 4104 quodf
1173 4030 1290 4087 Bal.
1315 4033 1464 4105 quid]
1485 4033 1832 4104 divinumgde
1859 4035 1995 4093 divi-

399 4119 566 4175 nitate
588 4120 756 4191 ipsius
781 4121 1008 4188 dicatur,
1040 4121 1094 4176 id
1121 4122 1457 4180 verissimum
1483 4138 1603 4180 esse
1632 4126 1854 4182 omnino
1876 4142 1996 4184 cre-

397 4208 572 4266 dimus
597 4229 609 4264 :
639 4222 660 4250 ε
677 4211 922 4268 novimus
935 4213 1077 4268 enim
1091 4229 1213 4269 eum
1230 4214 1398 4271 Deum
1420 4231 1557 4282 esse,
1573 4217 1678 4272 etsi
1698 4218 1994 4276 humanum

397 4304 544 4373 quod
572 4311 672 4371 est,
703 4305 906 4361 dictum
926 4306 1107 4362 fuerit.
1132 4306 1270 4364 Huic
1298 4309 1428 4365 item
1456 4313 1839 4369 assentiemus:
1863 4329 1994 4371 con-

398 4391 614 4450 ﬁtemur
641 4397 783 4451 enim
808 4398 978 4454 Deum
999 4415 1118 4455 esse
1145 4401 1200 4456 in
1229 4416 1392 4458 carne
1421 4412 1476 4459 et
1503 4407 1782 4476 sanguine,
1816 4417 1872 4464 et
1892 4410 1994 4466 hu-

396 4485 672 4541 manitatis
699 4502 1006 4544 mensuram
1032 4505 1130 4560 per
1151 4492 1385 4548 humana
1411 4498 1783 4564 cognoscimus
1808 4517 1820 4552 :
1846 4499 1992 4556 mille

395 4574 539 4630 enim
568 4576 731 4632 millia
758 4579 1071 4648 angelorum
1093 4582 1300 4653 [Baluz.
1323 4589 1655 4661 sanctorum]
1682 4591 1990 4648 ministrant

395 4666 516 4757 ipsi,
542 4677 598 4725 et
624 4669 857 4757 divinam
887 4673 1052 4743 ipsius
1080 4674 1264 4731 sedem
1291 4678 1641 4736 circumstant
1677 4683 1978 4756 Seraphim.

395 4756 421 4796 δ
444 4754 551 4816 Sed
578 4750 792 4833 quando
812 4764 982 4846 factus
1001 4768 1084 4824 est
1104 4768 1288 4836 homo,
1319 4772 1480 4827 etiam
1502 4776 1744 4846 pontifex
1773 4750 1982 4836 nuncu-

393 4861 551 4922 patus
577 4863 689 4922 est;
717 4872 826 4913 non
847 4843 909 4913 ut
932 4859 1253 4917 sacriﬁcium
1282 4863 1474 4934 majori
1502 4843 1724 4927 domino
1751 4870 1943 4930 offerat
1964 4914 1980 4942 ,

2175 1962 2582 2048 hiosqpsaapius
2621 1965 2898 2048 totam_de
2922 1966 3038 2048 Deo
3057 1966 3323 2048 pontifice
3351 1966 3704 2048 quaestionem

2103 2049 2170 2107 es
2190 2033 2409 2088 homilia
2429 2033 2751 2107 panegyrica
2765 2106 2772 2107 η
2783 2034 2959 2107 Procli
2980 2033 3162 2107 natam
3183 2053 3337 2093 esse:
3369 2033 3546 2106 ipsius
3567 2039 3703 2091 enim

2101 2103 2322 2178 dictum,
2351 2103 2505 2178 quod,
2550 2103 2745 2178 uterus
2762 2106 2996 2175 Virginis
3032 2105 3193 2162 fuerit
3221 2103 3489 2178 templum
3518 2109 3571 2178 in
3601 2123 3705 2176 quo

2103 2174 2245 2248 Deus
2265 2175 2437 2230 factus
2465 2177 2536 2248 sit
2561 2176 2834 2243 sacerdos,
2859 2174 2971 2232 tam
2998 2174 3352 2248 impatienter
3365 2179 3492 2232 tulit
3511 2174 3702 2234 Nestoo

2103 2245 2244 2310 rius,
2277 2252 2334 2299 ut
2363 2247 2620 2320 continuo
2649 2248 3005 2318 extemporali
3033 2245 3280 2320 oratione
3303 2249 3484 2320 palam
3513 2263 3700 2317 argue-

2101 2323 2205 2388 ret,
2239 2323 2293 2388 et
2313 2318 2794 2388 sergnoneiintegro
2813 2327 3004 2388 postea
3023 2318 3378 2375 vehementer
3396 2319 3693 2374 damnaret.

2105 2384 2354 2460 Proclum
2381 2385 2632 2460 Cyr-illus,
2663 2382 2788 2460 licet
2815 2382 2988 2444 'tacito
3036 2390 3255 2445 nomine
3278 2430 3294 2455 ,
3337 2391 3565 2444 animose
3588 2390 3689 2444 de-

2103 2455 2298 2528 fendit,
2329 2455 2444 2512 tum
2473 2459 2528 2513 in
2558 2459 2650 2514 lib.
2681 2459 3200 2525 Contradictionum,
3236 2468 3349 2514 tum
3376 2462 3421 2514 in
3453 2460 3678 2528 epistola

2103 2527 2356 2598 synodica
2380 2569 2394 2593 ,
2439 2536 2493 2583 et
2539 2530 2592 2583 in
2639 2529 2954 2586 defensione
2997 2531 3424 2586 anathematismi
3462 2527 3540 2583 ω.
3595 2528 3671 2584 Ea

2101 2612 2266 2722 porro
2295 2599 2542 2668 quaestio,
2586 2608 2646 2654 ut
2673 2608 2791 2654 erat
2837 2609 2956 2657 orta
2997 2617 3065 2657 ex
3091 2601 3404 2672 particulari
3430 2615 3672 2670 quorum-

2139 2682 2225 2721 am
2250 2669 2448 2722 studio.
2484 2669 2536 2722 in
2566 2669 2837 2722 publicam
2863 2678 2956 2722 aut
2984 2687 3325 2722 communem
3352 2671 3545 2722 notius.
3578 2686 3672 2722 non

2139 2669 2448 2742 am_studio_,
2484 2669 2536 2742 i_n
2566 2669 2837 2742 publicam
2863 2678 2956 2725 aut
2984 2669 3325 2727 communem
3352 2669 3545 2742 potius,
3578 2686 3684 2742 non

2103 2738 2306 2804 evasit,
2346 2739 2442 2794 sed
2467 2739 2536 2794 ab
2565 2738 2684 2794 aliis
2711 2740 3136 2810 disputatoribus
3159 2738 3416 2798 derelicta
3445 2751 3545 2796 est.
3584 2739 3690 2796 Cur

2102 2816 2283 2863 autem
2309 2815 2466 2885 _tan_to
2499 2810 2692 2885 __s_tudio
2738 2810 3032 2885 Nestoriusp
3064 2811 3239 2868 Procli
3266 2813 3492 2885 verbum
3521 2814 3686 2885 impu-

2102 2880 2366 2952 gnaverit,
2389 2879 2620 2952 Cyrillus
2641 2879 3080 2952 propugnaverit,
3107 2899 3214 2937 non
3242 2882 3347 2937 alia
3362 2898 3528 2938 causa
3540 2879 3690 2938 cisti-

2102 2949 2205 3014 tit,
2255 2949 2668 3019 quam’aﬂ'ectu’s
2708 2949 2904 3017 animi,
2948 2953 3061 3009 sive
3102 2953 3333 3008 Nestorii
3378 2954 3685 3019 aversantis,

2101 3019 2214 3091 sive
2241 3018 2426 3091 Cyrilli
2454 3020 2725 3090 diligentis
2744 3019 3016 3078 Proclum.
3058 3023 3210 3078 Hunc
3230 3024 3376 3080 enim
3396 3018 3687 3089 Nestor-ius,

2103 3089 2249 3166 velut
2290 3089 2943 3166 professum_i_nimicum,
2991 3093 3222 3166 Cyrillus
3270 3102 3550 3166 tamquam
3580 3093 3690 3150 ﬁdei

2102 3159 2387 3236 vindicem,
2413 3168 2468 3218 et
2487 3161 2619 3219 cleri
2631 3159 3216 3236 Constantinopolitani
3235 3159 3490 3221 catholici
3511 3165 3689 3222 ducem

2023 3246 2071 3310 ο
2103 3231 2399 3301 spectabat.

2481 3383 2962 3427 ANATIIEIATISIUS
2991 3385 3306 3428 σιωεςιιυε.

2171 3475 2350 3547 Siquis
2396 3493 2506 3534 non
2557 3479 2862 3548 confitetur,
2919 3497 3139 3538 carnem
3177 3483 3391 3538 Domini
3432 3483 3690 3540 viviﬁcam

2099 3584 2249 3636 esse,
2293 3577 2348 3625 et
2377 3571 2543 3642 ipsius
2569 3573 2666 3628 Dei
2695 3573 2859 3629 Verbi
2896 3577 3205 3646 propriam,
3248 3586 3304 3631 et
3336 3593 3442 3632 non
3476 3577 3693 3633 alterius

2097 3661 2421 3732 cuiuspiam,
2450 3672 2648 3734 praeter
2668 3665 2872 3736 ipsum;
2901 3666 3174 3737 conjuncti
3197 3677 3378 3724 tamen
3400 3684 3529 3724 cum
3559 3670 3690 3740 ipso,

2096 3755 2210 3810 sive
2236 3769 2335 3826 per
2355 3756 2668 3826 dignitatem
2688 3799 2704 3825 ,
2745 3759 2860 3815 sive
2887 3774 2986 3831 per
3013 3761 3188 3816 solam
3215 3760 3450 3816 divinam
3480 3762 3690 3817 habits-

2097 3847 2353 3924 tionem;
2385 3864 2449 3904 ac
2470 3865 2579 3905 non
2618 3851 2789 3921 magis
2829 3867 2950 3908 esse
2978 3853 3246 3909 vivificam
3270 3894 3285 3920 ,
3318 3864 3378 3908 ut
3409 3863 3540 3910 ante
3566 3855 3685 3919 dixi,

2097 3953 2165 3994 eo
2193 3939 2528 4010 quodlfuerit
2556 3943 2778 4014 propria
2807 3943 3000 4010 Verbi,
3031 3945 3176 4015 quod
3205 3945 3387 4002 omnia
3421 3946 3686 4004 viviﬁcare

2096 4029 2304 4100 potest;
2329 4033 2616 4089 anathema
2644 4035 2732 4089 sit.

2477 4164 2844 4204 REPREHENSIO
2891 4166 3306 4207 Bl‘ZRETICORUI.

2167 4237 2444 4310 Propriam
2489 4239 2653 4297 fuisse
2692 4240 2855 4297 Verbi
2901 4257 3121 4300 carnem
3169 4244 3506 4302 Dominicam
3533 4287 3549 4312 ,
3596 4261 3685 4318 per

2093 4333 2288 4398 ἕνωσιν,
2333 4332 2699 4390 confitendum
2739 4343 2856 4402 est;
2888 4336 3167 4393 sciendum
3196 4346 3399 4405 tamen,
3432 4355 3497 4394 ex
3541 4339 3688 4396 nobis

2093 4439 2211 4479 eam
2253 4425 2418 4481 luisse
2455 4435 2802 4497 assumptam.
2857 4428 3262 4500 Supervacuum
3291 4441 3375 4488 est
3403 4444 3585 4488 autem
3612 4434 3688 4488 in-

2092 4515 2231 4571 ferre
2259 4534 2270 4569 :
2307 4515 2374 4570 Et
2411 4531 2516 4572 non
2551 4519 2766 4574 alterius
2813 4521 3105 4592 cujuspiam
3133 4533 3327 4594 preter
3351 4527 3561 4595 ipsum;
3589 4524 3686 4581 nisi

2013 4634 2068 4695 Β
2094 4607 2231 4663 forte
2270 4618 2466 4678 neget,
2510 4625 2629 4666 eam
2670 4628 2738 4668 ex
2762 4615 2918 4670 nobis
2963 4613 3130 4672 fuisse
3176 4627 3506 4688 assumptam
3535 4638 3548 4672 :
3582 4628 3686 4674 tam

2093 4698 2237 4754 enim
2263 4697 2574 4770 frequenter
2597 4705 2870 4774 propriam
2898 4705 3113 4773 dicere,
3151 4710 3399 4778 negantis
3433 4719 3547 4777 est,
3579 4711 3684 4766 Do-

2090 4789 2343 4845 minicam
2369 4806 2590 4848 carnem
2611 4809 2731 4850 esse
2758 4804 2956 4852 nostra:
2977 4805 3202 4854 naturae.
3237 4799 3305 4854 Et
3327 4801 3416 4855 ubi
3437 4801 3685 4870 gloriatio

2091 4882 2314 4936 nostra?
2352 4880 2456 4938 Per
2482 4886 2643 4954 quem
2671 4883 2802 4941 dicit
2827 4884 3026 4944 Paulus
3050 4906 3062 4941 :
3096 4888 3558 4948 Conrcssuscitavit
3591 4910 3683 4949 nos

1565 4996 2113 5062 CASTIGATIONES
2153 5005 2242 5071 E’l?
2278 5005 2511 5065 NOTAE.

472 5085 499 5114 ι
528 5075 710 5132 Baluz.
741 5096 753 5131 :
786 5078 894 5134 Sed
914 5096 1006 5135 nec
1042 5097 1187 5136 mens
1217 5094 1381 5139 vestra
1424 5095 1679 5143 terreatur
1709 5091 1773 5146 de
1799 5108 1860 5148 eo
1892 5111 1986 5148 au-

391 5148 535 5227 diens
569 5150 656 5227 qui
695 5166 876 5219 passus
908 5159 1004 5227 est,
1037 5161 1088 5205 et
1121 5169 1237 5207 eum
1275 5157 1360 5227 qui
1389 5157 1722 5227 impassibilis
1768 5166 1980 5218 mansit.

392 5216 982 5298 I-Von_enim_'separatim
1007 5231 1055 5275 et
1067 5238 1269 5279 seorsus
1288 5216 1424 5298 illud
1449 5216 1586 5298 quod
1606 5240 1681 5284 est
1703 5248 1769 5286 ea:
1788 5216 1982 5289 semine

396 5287 568 5360 David
614 5287 766 5360 ﬁlius
801 5293 1096 5347 nominatus

392 5357 572 5416 immo
598 5357 710 5414 sine
737 5378 911 5427 carne,
944 5371 1047 5418 etc.
1081 5357 1234 5418 Enni

464 5427 492 5466 ιι
533 5429 805 5500 Baluz.....
858 5448 963 5486 non
993 5434 1272 5489 dividentes
1313 5437 1368 5488 in
1409 5438 1508 5493 duo
1547 5441 1602 5494 id
1628 5443 1764 5500 quod
1798 5454 1876 5499 est
1914 5463 1979 5500 ea:

465 5459 490 5466 -
533 5459 805 5486 uanus”...
859 5459 963 5486 um
993 5459 1272 5489 minuente:
1313 5459 1368 5488 tu
1409 5459 1508 5493 auo
1547 5459 1599 5494 ta
1695 5459 1762 5497 οα
1798 5459 1876 5499 est
1914 5463 1978 5500 ea:

395 5500 604 5586 semine“
633 5499 802 5586 David
842 5511 892 5556 et
918 5501 1222 5586 peinPatris
1262 5505 1510 5574 Verbum,
1557 5459 1750 5566 lwdiint
1787 5525 1978 5586 myste-

397 5568 532 5620 rium
538 5568 850 5638 dividentes,
885 5581 988 5628 etc.
1022 5573 1176 5630 Emr.

472 5649 494 5676 ο
535 5635 717 5719 Βδιυξ.
756 5660 780 5719 :_
803 5635 1052 5719 iV‘ovimus
1079 5649 1216 5700 enim
1244 5663 1361 5700 eum
1388 5647 1554 5704 Deum
1583 5670 1708 5719 esse,
1740 5664 1789 5709 et
1815 5658 1862 5710 si
1889 5658 1984 5712 hu-

399 5709 819 5836 ;rtqnuﬁqjl'iquid
845 5713 959 5768 huic
973 5716 1096 5772 item
1116 5719 1468 5776 assentiemus.
1495 5709 1810 5794 Conﬁtentur
1822 5709 1979 5798 enim,

2163 5095 2190 5134 ά
2230 5097 2411 5153 Baluz.
2437 5118 2449 5153 :
2483 5099 2592 5155 Sed
2616 5104 2860 5173 quoniam
2888 5105 3058 5174 factus
3087 5105 3358 5180 est/roma,
3382 5109 3540 5162 etiam
3562 5128 3687 5180 pon-

2087 5168 2220 5249 tiLerc
2262 5180 2586 5249 nuncupatus
2626 5168 2740 5249 esti
2765 5168 2969 5249 non'ut
3003 5176 3325 5249 sacriﬁcium
3347 5168 3547 5249 majori
3562 5168 3685 5236 'Deo

1449 5238 1685 5320 quodest
1703 5248 1769 5320 ea:
1788 5238 1984 5320 semine
2086 5238 2308 5320 offerat,
2337 5238 2444 5320 sed
2465 5241 2587 5320 sibi;
2605 5251 2656 5295 et
2696 5243 2850 5298 Patri
2887 5245 3013 5314 ﬁdei
3055 5238 3252 5303 nostra:
3279 5238 3686 5320 confessionem,

1143 5303 1237 5362 est,
1269 5301 1402 5350 sicut
1447 5315 1541 5353 nec
1585 5301 1827 5358 divinitas
1869 5315 1986 5376 post
2084 5301 2250 5381 magis
2277 5301 2327 5365 et
2348 5311 2519 5365 Patri.
2548 5311 2703 5367 Enn.

2160 5390 2182 5418 ο
2223 5381 2448 5436 Baluz.:
2497 5381 2557 5437 Si
2586 5385 2754 5458 solum
2799 5395 2859 5458 et
2889 5387 3080 5458 absque
3125 5405 3285 5443 carne
3311 5407 3422 5444 esse
3463 5390 3687 5445 Verbum

2083 5451 2307 5530 diceres,
2355 5462 2528 5518 recte;
2575 5455 2667 5509 sed
2709 5457 2954 5528 quoniam
2995 5451 3152 5514 homo
3195 5461 3364 5530 factus
3413 5471 3524 5526 est,
3577 5473 3684 5519 etc.

2087 5520 2242 5575 Ευιτ.

2165 5589 2183 5629 ί
2217 5592 2391 5649 Verba
2407 5603 2456 5648 et
2478 5599 2532 5648 in
2548 5598 2882 5671 dignitatibus
2903 5617 3056 5671 super
3079 5613 3392 5666 creaturam,
3416 5614 3472 5656 ut
3495 5602 3687 5667 Deum,

2088 5668 2142 5743 et
2163 5676 2282 5743 qua:
2302 5674 2629 5743 sequuntur,
2647 5669 2818 5741 itaque
2844 5668 3154 5743 vide'ipsum
3173 5675 3451 5743 sacriﬁcau
3461 5686 3561 5728 tem
3581 5715 3595 5737 ,
3629 5684 3689 5727 ut

2089 5732 2362 5856 Iéaminem,
2382 5732 2431 5793 et
2450 5732 2797 5796 considentem
2817 5749 2874 5796 ut
2892 5732 3083 5814 Deu'm,
3098 5732 3346 5803 Baluziu's
3365 5761 3475 5803 non
3493 5732 3682 5803 habet.

2137 5819 2240 5856 orr.

2137 5819 2240 5860 ΜΤ.
