3924 6282
252 315 350 376 961

973 308 1031 365 s.
1070 304 1352 364 CYRILLI
1393 272 1921 362 Apotocericus
1958 298 2329 359 soveesus
2366 296 2821 358 ORIEN’I‘ALES.

3430 304 3531 363 969

252 427 403 486 simul
427 466 443 492 ,
488 432 537 479 et
581 410 1002 495 conseder‘EY‘fE'cit
1031 422 1191 495 (Eph.
1225 438 1282 487 ιι,
1313 421 1407 492 6)?
1435 420 1534 475 Cui
1575 420 1719 476 enim
1740 420 1842 475 ho-
1870 421 1921 483 Α
1947 419 2234 485 salvatori,
2279 426 2441 472 tanta:
2469 432 2656 472 eorum
2686 417 2923 473 audaciae
2946 425 3001 471 et
3020 417 3316 473 facinorum
3345 434 3533 477 causas

253 518 386 575 mini
424 531 520 572 sua
558 530 686 571 caro
716 514 936 569 alterius
964 514 1083 569 est?
1130 512 1320 568 Nonne
1348 512 1715 582 unusquisque
1743 526 1844 566 no-

255 618 426 666 strum
483 620 826 661 communem
864 604 1082 675 quidem
1124 619 1246 659 cum
1290 604 1461 658 altero
1507 617 1847 672 quocumque

256 698 463 773 [Baluz.
496 712 599 751 om.
637 710 759 751 cum
800 695 971 751 altero
1014 692 1373 765 quocumque]
1416 694 1579 748 habet
1606 708 1847 773 carnem,

254 789 445 844 similis
484 786 796 843 substantiae
842 786 1085 853 ratione;
1136 785 1412 856 propriam
1440 799 1570 839 vero
1613 799 1678 839 eo
1706 782 1851 853 quod

254 876 675 947 uniuscujusque
710 892 841 933 caro
880 893 987 932 non
1016 877 1085 931 sit
1106 875 1347 942 alterius,
1378 875 1472 930 sed
1503 874 1667 941 illius,
1698 874 1852 945 cujus

255 972 377 1025 est?
424 956 584 1037 Quid.
607 970 773 1039 igitur
812 970 929 1025 vult
970 971 1245 1041 propriam
1273 969 1491 1035 dicens,
1547 969 1704 1040 quasi
1743 984 1851 1024 non

255 1078 426 1118 unum
465 1062 665 1132 aliquid
710 1062 933 1118 dicens?
962 1077 1086 1117 nam
1114 1063 1160 1117 si
1200 1062 1485 1131 intelligit,
1517 1061 1851 1117 Dominicam

254 1170 477 1211 carnem
497 1169 564 1210 ex
594 1161 776 1209 nostra
798 1168 963 1208 carne
1002 1152 1164 1208 fuisse
1189 1160 1540 1223 assumptam,
1575 1158 1629 1207 et
1651 1153 1851 1208 intelli—

255 1248 356 1317 git,
382 1247 528 1317 quod
553 1245 970 1317 uniuscujusque
1009 1260 1136 1301 caro
1176 1245 1291 1315 ejus
1320 1254 1403 1301 est
1429 1246 1669 1316 propria,
1704 1244 1854 1315 cujus

256 1349 343 1395 est
367 1381 382 1405 ,
433 1356 540 1395 non
569 1338 826 1403 alterius,
870 1338 997 1407 quid
1044 1338 1199 1407 quasi
1247 1352 1447 1392 novum
1481 1336 1698 1403 dicens,
1727 1352 1855 1408 pro-

254 1434 433 1502 priam
462 1431 625 1487 fuisse
654 1431 1081 1487 commemorat?
1112 1429 1193 1483 An
1222 1429 1425 1485 scilicet
1453 1444 1550 1500 per
1576 1428 1854 1483 obtentum

257 1534 441 1595 negat,
473 1540 593 1580 eam
615 1540 683 1580 ex
714 1533 896 1579 nostra
924 1530 1115 1578 natura
1141 1522 1306 1578 fuisse
1337 1530 1691 1594 assumptam,
1716 1523 1854 1579 sicut

258 1621 316 1675 in
369 1618 603 1674 secundo
652 1616 858 1691 [Baluz.
908 1614 1106 1688 primo]
1152 1632 1250 1672 suo
1300 1625 1450 1672 tomo
1498 1615 1721 1687 (Homil.
1766 1615 1853 1685 17)

257 1709 561 1767 evidentius
590 1708 757 1763 dicit?
785 1708 856 1761 Et
881 1724 1027 1778 puer,
1072 1707 1276 1777 inquit,
1304 1716 1416 1761 erat
1436 1723 1540 1761 non
1556 1708 1712 1778 juxta
1741 1723 1854 1773 nos,

1946 512 2093 581 ipsos
2120 509 2348 565 reddere
2372 508 2613 577 iubebat,
2642 507 2825 565 dicens
2850 526 2864 559 :
2890 512 2891 515 ‘
2914 508 3083 562 Multa
3113 507 3247 562 bona
3274 526 3430 579 opera
3461 513 3537 582 {a-

1945 606 2024 659 cio
2060 604 2200 659 vobis
2229 622 2261 657 a
2288 604 2449 657 Patre
2476 619 2617 667 meo,
2648 603 2710 657 ob
2736 603 2870 675 quod
2890 620 3066 657 eorum
3096 605 3289 675 factum
3306 643 3320 667 ,
3344 620 3425 656 me
3453 604 3535 656 la-

1946 693 2137 766 pidatis
2167 693 2347 764 (Joan.
2381 711 2434 759 x,
2467 692 2598 762 52)?
2626 693 2695 747 At
2718 693 2755 748 ii
2775 695 2845 749 ad
2866 701 3071 748 tantam
3100 693 3458 748 temeritatem
3483 701 3538 748 et

1948 785 2279 855 impietatem
2329 785 2718 855 cogitationum
2777 794 3071 852 venerunt,
3130 794 3190 840 ut
3242 786 3315 839 illi
3373 786 3536 839 etiam

1947 875 2402 947 blasphemiarum
2448 877 2673 932 crimina
2719 876 2956 948 obiicere
2994 885 3321 933 conarentur
3349 875 3534 930 dicen-

1951 977 2032 1025 tes
2056 988 2069 1022 :
2102 969 2180 1024 De
2210 968 2340 1025 bono
2368 972 2504 1042 facta
2533 987 2637 1026 non
2668 970 2960 1035 lapidamus
2990 980 3056 1037 te,
3094 971 3183 1025 sed
3213 971 3275 1024 de
3299 972 3539 1042 blasphe-

1951 1064 2076 1129 mia,
2107 1062 2243 1134 quod
2267 1073 2348 1128 tu,
2381 1080 2494 1117 cum
2522 1064 2593 1118 sis
2628 1063 2810 1130 homo,
2844 1065 2975 1135 facis
2999 1073 3044 1119 te
3081 1063 3245 1119 Deum
3274 1065 3460 1135 (lbid.,
3490 1084 3535 1119 υ.

1954 1155 2064 1225 55).
2109 1154 2198 1209 Ait
2238 1163 2417 1210 autem
2452 1156 2519 1211 ad
2558 1157 2705 1226 ipsos
2732 1155 3019 1211 Salvator:
3053 1156 3245 1212 Nonne
3272 1167 3349 1213 est
3376 1160 3543 1229 scrip-

1955 1255 2061 1301 tum
2101 1248 2155 1301 in
2185 1247 2293 1318 lege
2326 1255 2494 1302 vestra
2513 1264 2531 1301 :
2560 1246 2673 1317 Ego
2697 1248 2807 1303 dixi
2837 1266 2849 1301 :
2883 1249 2965 1302 Dii
2987 1248 3116 1303 estis
3159 1248 3329 1319 (Psal.
3360 1266 3542 1317 LXXXI,

1955 1338 2049 1409 6)?
2104 1339 2165 1395 Si
2208 1339 2328 1395 illos
2358 1341 2491 1395 dixit
2534 1341 2674 1407 deos,
2723 1342 2793 1395 ad
2820 1358 2947 1413 quos
2969 1342 3174 1396 verbum
3217 1341 3313 1396 Dei
3353 1345 3543 1413 factum

1954 1442 2050 1501 est,
2080 1444 2129 1489 et
2156 1450 2258 1489 non
2292 1442 2459 1506 potest
2501 1436 2628 1490 solvi
2654 1435 2959 1505 Scriptura;
2990 1452 3136 1506 quem
3164 1434 3325 1489 Pater
3353 1436 3549 1490 sancti-

1956 1527 2150 1597 ﬁcavit,
2203 1534 2252 1580 et
2289 1526 2431 1579 misit
2474 1526 2531 1579 in
2566 1526 2701 1578 hunc
2740 1524 3007 1592 mundum,
3058 1541 3144 1581 vos
3175 1526 3343 1579 dicitis
3369 1566 3383 1590 ,
3414 1524 3550 1598 quod

1957 1617 2281 1689 blasphemas
2305 1657 2320 1685 ,
2350 1618 2471 1689 quia
2500 1617 2650 1671 dixi:
2696 1616 2868 1671 Filius
2910 1616 3010 1671 Dei
3039 1635 3151 1672 sum
3184 1617 3361 1689 (Joan.
3396 1634 3450 1684 x,
3481 1617 3551 1673 54

1957 1710 2142 1782 seqq).

256 1802 316 1857 id
344 1812 439 1867 est,
464 1818 567 1855 non
590 1803 644 1855 in
671 1800 834 1865 nuda,
856 1816 947 1853 nec
966 1800 1020 1854 in
1046 1798 1157 1854 sola
1187 1800 1351 1854 nostri
1381 1797 1738 1864 similitudine,
1768 1797 1859 1853 sed
1888 1807 1934 1869 Β
2033 1800 2141 1855 Nos
2160 1816 2289 1857 vero
2310 1801 2641 1871 inquirentes
2661 1800 2995 1871 apostolatus
3014 1801 3251 1867 modum,
3272 1816 3371 1872 per
3390 1815 3552 1871 quem

257 1898 317 1950 in
346 1896 669 1949 humanitate
696 1893 901 1966 quidem
948 1901 1158 1965 propter
1204 1909 1443 1956 carnem;
1485 1891 1685 1945 divinus
1716 1908 1856 1956 vero,

258 1987 409 2058 quasi
448 2001 605 2056 supra
648 2001 763 2047 nos,
813 1991 862 2037 et
905 1984 967 2037 de
992 1984 1135 2039 cwlo.
1179 1983 1247 2038 Et
1280 1983 1408 2038 item
1437 1983 1491 2036 in
1515 1982 1685 2037 altero
1713 1988 1860 2037 torno

262 2077 525 2150 (Epistola
554 2076 624 2130 ad
654 2075 957 2146 monachos)
984 2075 1064 2130 ait
1095 2093 1107 2129 :
1142 2073 1340 2146 Corpus
1386 2075 1523 2128 enim
1561 2082 1674 2155 erat
1695 2113 1709 2137 ,
1756 2088 1859 2126 non

261 2170 475 2224 alterius
493 2170 649 2239 juxta
675 2186 768 2223 nos
778 2186 799 2231 ;
830 2168 923 2224 sed
939 2169 1206 2238 proprium
1235 2168 1399 2239 magis
1420 2167 1584 2238 ipsius
1607 2165 1705 2235 Dei
1730 2165 1859 2239 [Ba-

262 2258 365 2312 luz.
400 2258 521 2314 add.
555 2257 757 2330 Patris]
801 2257 975 2324 Verbi,
1003 2258 1139 2330 quod
1160 2266 1273 2312 erat
1303 2267 1484 2311 natum
1515 2275 1582 2312 ex
1611 2259 1749 2329 ipsa.

335 2348 465 2416 Quis
490 2351 635 2405 cnim
664 2350 799 2403 dixit
822 2348 1412 2419 umquam,cuju5piam
1445 2348 1721 2403 hominum
1743 2363 1864 2418 pro-

262 2442 436 2513 priam
466 2442 673 2514 [Baluz.
717 2442 957 2512 priorum
979 2440 1281 2511 hominum]
1307 2456 1525 2497 carnem
1554 2440 1717 2497 fuisse
1756 2441 1863 2496 Do-

264 2534 544 2598 minicam,
576 2541 667 2587 aut
697 2533 864 2597 Abel,
895 2541 990 2587 aut
1015 2532 1159 2598 Noe,
1204 2540 1297 2587 aut
1336 2532 1495 2599 Elite,
1528 2535 1614 2589 vel
1644 2535 1863 2591 alterius

268 2627 451 2681 nescio
490 2625 645 2695 cujus
672 2625 1051 2695 superiorum?
1080 2625 1269 2695 Neque
1310 2626 1483 2681 solum
1526 2626 1865 2703 Dominicam

270 2730 487 2770 carnem
516 2716 772 2781 dicimus,
803 2732 910 2771 non
937 2716 1102 2772 fuisse
1132 2714 1431 2787 cujuspiam
1460 2718 1677 2774 alterius
1705 2734 1866 2788 supe-

269 2807 473 2863 riorum
502 2810 800 2876 hominum,
828 2809 923 2865 sed
946 2810 1110 2880 ipsius
1132 2812 1303 2880 magis
1328 2811 1540 2866 Domini
1568 2813 1863 2883 propriam,

269 2909 432 2970 atque
461 2902 759 2968 inconfuse,
801 2911 856 2958 et
894 2904 1325 2974 inseparabiliter
1367 2919 1488 2959 cum
1536 2904 1647 2959 Deo
1688 2905 1865 2962 Verbo

268 2992 631 3062 conjunctam.
664 2994 865 3049 Verum
892 3010 995 3051 nec
1022 2995 1440 3066 uniuscujusque
1467 3003 1711 3052 nostrum
1739 3012 1866 3053 caro

267 3085 409 3141 facta
426 3094 509 3141 est
529 3102 805 3156 umquam,
833 3096 893 3143 ut
926 3104 1087 3159 supra
1114 3088 1368 3155 diximus,
1400 3088 1697 3159 cujuspiam
1725 3090 1864 3146 alte-

1962 1894 2031 1951 ad
2055 1910 2155 1951 nos
2194 1894 2404 1950 venisse
2433 1894 2647 1961 dicitur,
2676 1909 2744 1950 ex
2772 1894 2939 1950 sacris
2972 1894 3164 1949 litteris
3193 1895 3553 1963 cognitionem

1960 1994 2259 2058 captamus.
2312 1986 2454 2040 Dixit
2496 1987 2640 2041 enim
2666 1986 2782 2056 ipse
2810 2001 2908 2056 per
2934 2002 3125 2041 vocem
3154 1985 3305 2040 Isaiae
3330 2004 3341 2039 :
3376 1986 3553 2057 Spiri-

1960 2088 2042 2133 tus
2068 2078 2281 2135 Domini
2319 2096 2474 2151 super
2506 2097 2605 2146 me,
2636 2088 2845 2151 propter
2872 2077 3009 2151 quod
3038 2081 3188 2132 unxit
3216 2096 3315 2143 me,
3341 2094 3557 2149 evange-

1958 2170 2120 2225 lizare
2147 2169 2456 2242 pauperibus
2479 2172 2621 2225 misit
2649 2188 2750 2236 me,
2792 2171 3100 2225 denuntiare
3128 2172 3341 2241 captivis
3370 2171 3556 2223 remis-

1962 2264 2190 2327 sionem,
2220 2270 2270 2315 et
2300 2264 2449 2317 caecis
2478 2263 2822 2333 receptionem
2853 2263 3118 2316 oculorum
3154 2259 3311 2332 (Isai.
3339 2277 3445 2326 LXI,
3479 2259 3556 2328 1).

1961 2352 2180 2409 Missum
2210 2360 2388 2407 autem
2409 2353 2636 2408 dicimus
2656 2352 2849 2407 Filium
2896 2368 2926 2406 a
2952 2352 3063 2407 Deo
3090 2360 3146 2406 et
3172 2350 3331 2406 Patre
3359 2351 3555 2407 factum

1963 2441 2237 2497 hominem
2283 2461 2295 2494 :
2354 2443 2606 2497 convenit
2666 2444 2811 2497 enim
2864 2442 3160 2496 rectissime
3214 2442 3559 2497 exinanitatis

1964 2548 2227 2589 mensura:
2253 2533 2392 2587 ratio
2422 2532 2758 2604 apostolatus
2788 2540 2842 2587 et
2865 2548 3082 2587 nomen.
3128 2531 3349 2586 Missum
3379 2533 3558 2600 itaque

1964 2632 2066 2690 est,
2098 2632 2157 2679 ut
2184 2630 2311 2678 ante
2331 2624 2462 2690 dixi,
2492 2639 2602 2679 non
2626 2623 2827 2679 nudum
2844 2664 2859 2690 ,
2883 2632 2938 2678 et
2965 2624 3082 2679 sine
3111 2638 3295 2687 carne,
3327 2622 3421 2678 Dei
3451 2621 3552 2677 Pa-

1969 2715 2064 2770 tris
2108 2712 2373 2781 Verbum,
2424 2714 2521 2770 scd
2566 2715 2974 2783 generationem
3020 2729 3236 2784 passum
3266 2713 3560 2768 secundum

1967 2823 2207 2873 carnem,
2235 2807 2350 2863 sive
2379 2823 2448 2863 ex
2472 2815 2659 2863 sancta
2682 2807 2850 2861 Maria
2871 2822 3067 2877 corpus
3088 2807 3378 2876 accipiens,
3404 2806 3560 2874 idquo

1967 2899 2309 2957 ineﬂ‘abiliter
2336 2908 2391 2955 et
2419 2900 2699 2956 inconfuse
2720 2899 2823 2954 sibi
2843 2899 3160 2968 adjnngens,
3186 2907 3244 2953 ut
3264 2898 3557 2968 saepissime

1967 2992 2167 3047 dictum
2197 2999 2282 3046 est
2313 3009 2325 3044 :
2361 2989 2548 3045 Illuxit
2577 2991 2723 3045 nobis
2747 2989 2891 3045 Deus
2930 2990 3209 3056 Dominus,
3234 2991 3390 3062 juxta
3417 2989 3559 3044 Scri-

1969 3068 2148 3157 pturas
2178 3083 2350 3156 (Psal.
2384 3098 2544 3149 cxvu,
2566 3081 2677 3154 26).

265 3177 402 3243 rius,
430 3178 531 3233 nisi
560 3177 675 3246 ejus
694 3180 846 3250 cujus
867 3178 926 3234 ﬁt
950 3196 1099 3237 caro.
1123 3180 1259 3237 Cum
1288 3183 1393 3238 hoc
1421 3182 1584 3251 igitur
1612 3182 1863 3240 Ecclesia:
1890 3183 1937 3248 C
2038 3177 2322 3249 Proprium
2361 3191 2490 3247 ergo
2537 3177 2701 3233 Verbi
2749 3176 2913 3233 fuisse
2950 3192 3148 3248 corpus
3175 3177 3421 3242 dicimus,
3455 3191 3559 3231 non

265 3271 557 3327 traditione
584 3273 987 3343 comprobetur,
1018 3288 1186 3343 quare
1225 3282 1336 3329 tam
1363 3274 1555 3330 crebro
1585 3276 1863 3346 propriam

265 3361 417 3427 dicit,
449 3364 552 3419 nisi
580 3363 720 3420 forte
748 3373 928 3434 neget,
960 3380 1084 3422 esse
1104 3380 1225 3421 eam
1251 3375 1449 3423 nostrae
1472 3375 1693 3423 naturae.

341 3453 520 3519 Quare
549 3463 727 3510 autem
758 3464 906 3511 vetat
945 3456 1000 3512 id
1040 3456 1284 3527 proferre
1327 3477 1340 3512 :
1389 3457 1735 3530 Conjunctam
1763 3462 1865 3532 ipsi

264 3544 550 3598 secundum
600 3545 906 3616 dignitatem
952 3556 1002 3601 et
1047 3550 1438 3615 auctoritatem;
1485 3565 1606 3605 cum
1652 3551 1764 3620 ipse
1811 3551 1866 3605 in

266 3633 509 3689 secundo
540 3632 759 3706 [Baluz.
794 3636 999 3709 primo]
1028 3645 1176 3693 tomo
1207 3638 1397 3711 (Hom.
1432 3626 1532 3711 17)
1569 3640 1713 3697 dicat
1739 3660 1751 3693 :
1780 3640 1867 3695 Ita

265 3726 411 3779 enim
440 3736 745 3798 paupertate
765 3729 928 3799 ipsius
958 3730 1133 3785 divites
1156 3733 1281 3803 facti
1309 3750 1505 3799 sumus,
1532 3752 1648 3788 cum
1676 3744 1867 3789 natura

266 3817 502 3872 humana
531 3810 585 3873 in
606 3822 720 3891 ipso
741 3821 945 3877 sublata
958 3822 1461 3898 [Baluz.)sublevata]
1483 3829 1550 3881 sit
1568 3829 1623 3882 in
1640 3828 1865 3884 divinam

263 3920 516 3966 naturam
538 3910 749 3984 [Baluz.
776 3913 1151 3988 dignitatem]?
1180 3917 1249 3971 At
1280 3934 1380 3973 nos
1402 3919 1565 3973 etiam
1593 3920 1866 3976 contraria

265 4002 376 4058 sibi
418 4004 638 4073 portenti
665 4004 923 4060 dicamus.
957 4006 1015 4061 Si
1051 4014 1257 4063 natura:
1302 4018 1523 4065 manent
1551 4010 1865 4077 inconfusze,

267 4103 457 4150 manet
483 4104 663 4149 autem
688 4098 898 4163 ἔνωσις;
931 4096 1158 4154 dicimus
1182 4115 1330 4166 vero,
1363 4109 1417 4155 et
1436 4102 1865 4169 venerationem,

268 4194 332 4241 et
360 4186 634 4253 virtutem,
666 4195 722 4243 et
749 4187 1084 4256 dignitatem,
1122 4195 1179 4244 et
1208 4192 1588 4246 auctoritatem
1614 4194 1706 4246 uni
1734 4191 1870 4247 Filio

269 4276 457 4333 oderri
477 4278 697 4345 debere,
723 4279 928 4334 naturis
950 4283 1001 4335 ἐν
1019 4289 1083 4358 τῇ
1105 4282 1281 4338 ἑνὼσει
1318 4283 1660 4338 manentibus
1686 4284 1873 4339 incon-

271 4367 445 4424 fusis:
478 4370 722 4437 ostende,
770 4370 898 4440 quid
938 4372 1083 4427 aliud
1123 4373 1281 4441 desit,
1331 4374 1473 4444 quod
1502 4376 1671 4444 possit
1697 4378 1875 4433 ἕνωσιν

274 4462 656 4531 comprobare,
687 4472 743 4518 et
764 4464 1138 4530 assentiemus,
1169 4474 1225 4520 et
1252 4465 1518 4533 dabimus,
1546 4467 1662 4523 sine
1692 4476 1872 4524 tamen

1966 3272 2200 3329 hominis
2241 3272 2423 3327 nescio
2452 3269 2605 3341 cujus
2632 3270 2940 3341 specialiter
2967 3278 3022 3325 et
3049 3286 3293 3326 seorsum
3320 3270 3560 3335 alterius,

1966 3366 2060 3436 qui
2103 3373 2298 3435 praster
2351 3364 2527 3433 ipsum
2572 3364 2905 3432 intelligatur
2953 3361 3200 3417 Christus
3254 3371 3308 3417 et
3354 3361 3555 3428 Filius;

1968 3456 2427 3529 quemadmodum
2451 3463 2631 3510 autem
2644 3454 3064 3525 uniuscujusque
3082 3462 3320 3509 nostrum
3343 3469 3559 3523 corpus,

1968 3552 2085 3621 ejus
2113 3551 2419 3622 specialiter
2447 3564 2567 3605 esse
2606 3548 2820 3613 dicitur,
2867 3547 3019 3617 cujus
3047 3554 3161 3613 est;
3202 3546 3281 3601 sic
3307 3545 3468 3600 etiam
3497 3544 3564 3600 de

1968 3644 2127 3698 unius
2155 3641 2356 3696 Christi
2397 3654 2628 3711 corpore
2673 3639 3075 3707 intelligendum
3114 3645 3238 3693 est:
3287 3652 3409 3691 nam
3438 3636 3561 3690 licet

1968 3736 2038 3790 sit
2060 3733 2260 3789 nostris
2281 3732 2602 3803 corporibus
2618 3730 2920 3797 consimile,
2945 3737 3001 3785 et
3026 3737 3332 3798 cognatum,
3363 3727 3563 3797 quippe

1967 3826 2167 3882 factum
2196 3841 2264 3881 ex
2292 3825 2547 3891 muliere;
2576 3833 2816 3879 attamen
2831 3823 2999 3893 ipsius
3019 3822 3314 3891 proprium,
3347 3828 3405 3874 ut
3435 3827 3561 3874 ante

1969 3918 2234 3983 diximus,
2266 3925 2321 3971 et
2358 3916 2690 3984 intelligitur,
2721 3922 2777 3969 et
2805 3920 3046 3969 vocatur.
3099 3912 3203 3967 Sed
3229 3910 3563 3980 quandoqui-

1971 4007 2095 4062 dem
2126 4006 2334 4080 [Baluz.
2359 4005 2637 4075 quoniam]
2673 4004 2783 4058 vita
2809 4010 2892 4058 est
2918 4002 3237 4056 naturaliter
3264 4002 3358 4056 Dei
3388 4000 3564 4057 Patris

1972 4096 2229 4162 Verbum,
2254 4095 2517 4151 viviﬁcam
2543 4108 2694 4149 suam
2715 4108 2929 4149 carnem
2954 4092 3149 4156 effecit,
3172 4092 3381 4161 hocque
3403 4092 3563 4147 modo

1973 4188 2114 4243 facta
2146 4194 2230 4241 est
2273 4186 2429 4241 nobis
2455 4183 2669 4239 viviﬁca
2696 4182 3022 4247 benedictio,
3073 4182 3304 4251 ideoque
3350 4182 3563 4237 dicebat

1973 4279 2218 4335 Christus
2243 4296 2255 4332 :
2289 4279 2475 4346 Amen,
2505 4293 2655 4331 amen
2684 4276 2799 4331 dico
2824 4276 2962 4330 vobis
2987 4291 3003 4328 .·
3032 4273 3140 4345 Ego
3169 4291 3283 4328 sum
3311 4275 3460 4345 panis
3490 4275 3565 4327 ui-

1972 4389 2085 4437 uus,
2117 4373 2204 4443 qui
2235 4371 2298 4425 de
2322 4370 2447 4425 caelo
2469 4369 2732 4434 descendi,
2755 4376 2804 4424 et
2824 4369 2981 4423 vitam
3007 4367 3139 4421 dans
3159 4366 3349 4421 mundo
3382 4366 3559 4437 (Joan.

1974 4480 2046 4530 vr,
2081 4463 2191 4534 58).
2222 4462 2290 4516 Et
2318 4478 2481 4533 porro
2508 4480 2519 4514 :
2552 4459 2730 4533 Siquis
2769 4461 3050 4515 manducat
3070 4476 3237 4514 meam
3266 4476 3493 4523 carnem,
3515 4466 3564 4511 et

275 4553 597 4611 confusione
626 4564 956 4612 naturarum.
988 4557 1096 4614 Sed
1121 4560 1353 4626 scilicet,
1385 4561 1454 4616 ad
1493 4563 1871 4633 probationem
1902 4571 1952 4630 ι)
1978 4558 2103 4613 bibit
2148 4574 2315 4611 meum
2355 4557 2681 4627 sanguinem,
2723 4556 2779 4608 in
2800 4570 2880 4609 me
2918 4562 3121 4619 manet,
3146 4562 3193 4607 et
3236 4570 3328 4623 ego
3365 4554 3419 4606 in
3454 4553 3565 4622 ipso

274 4661 500 4701 summa:
519 4648 764 4717 ενώσεως,
787 4649 919 4704 nihil
944 4651 995 4705 ei
1014 4652 1141 4707 satis
1164 4659 1266 4718 est,
1289 4652 1432 4722 quod
1457 4670 1564 4709 non
1583 4654 1874 4710 confundat

276 4745 499 4794 naturas
525 4757 538 4792 :
569 4749 624 4794 at
644 4757 744 4795 nos
766 4748 985 4797 naturas
1006 4743 1222 4811 quidem
1246 4744 1553 4801 inconfusus
1577 4762 1871 4814 servamus,

280 4837 339 4884 et
367 4847 627 4886 summam
654 4831 999 4903 divinamque
1026 4834 1231 4907 [Βαίας.
1280 4836 1403 4890 add.
1455 4838 1774 4911 unitatem],
1821 4849 1877 4896 et

282 4921 439 4975 nobis
487 4923 932 4994 inintelligibilem
974 4925 1192 4999 [Baluz.
1238 4927 1648 5002 intelligibilem]
1695 4933 1874 4988 ἕνωσιν

280 5014 624 5083 conﬁtemur,
655 5020 833 5073 omnia
877 5019 945 5073 ad
974 5020 1141 5091 ipsius
1184 5020 1647 5090 gloriﬁcationem,
1680 5032 1738 5080 ut
1765 5025 1879 5081 Deo‘

283 5113 342 5160 et
370 5108 459 5161 uni
489 5108 645 5176 Filio,
696 5109 1003 5177 olferentes,
1055 5111 1405 5184 dicentesque
1450 5114 1517 5169 ad
1564 5130 1689 5170 eum
1733 5116 1877 5172 beati

283 5194 433 5253 Petri
481 5216 651 5257 voce:
685 5201 761 5256 Tu
806 5219 859 5257 es
906 5200 1139 5259 Christus
1180 5203 1351 5260 Filius
1398 5204 1497 5261 Dei
1525 5208 1621 5262 vivi
1652 5206 1870 5279 (Matth.

285 5304 395 5356 xvi,
430 5290 539 5361 16).

760 5443 1040 5487 ιιεεροιηειο
1068 5444 1391 5490 οιιτιιοῡοιι.

358 5561 756 5637 lnstigabantur
796 5566 1080 5635 aliquando
1123 5566 1178 5622 in
1206 5566 1414 5624 furores
1458 5567 1652 5640 impios
1679 5569 1872 5626 miser-

290 5655 413 5711 rimi
438 5656 624 5725 Judtei,
658 5657 780 5714 telis
806 5657 1017 5713 invidia:
1042 5660 1224 5715 animo
1251 5660 1506 5727 sauciati;
1539 5660 1634 5717 sed
1656 5677 1777 5717 cum
1809 5662 1875 5718 ad

291 5744 398 5803 hoc
417 5761 603 5804 manus
621 5747 788 5805 etiam
807 5746 1096 5805 sceleratas
1116 5748 1374 5809 inferrent
1392 5749 1609 5811 Christo
1632 5753 1872 5831 omnium

1983 4650 2170 4724 (Ibid,
2214 4667 2262 4705 υ.
2302 4649 2414 4722 35).
2458 4647 2719 4715 Attende,
2755 4648 3030 4718 quomodo
3056 4647 3254 4715 ubique
3283 4660 3476 4713 corpus
3498 4659 3567 4699 ex

1980 4741 2204 4796 muliere
2233 4755 2389 4795 suum
2418 4740 2691 4805 nominat,
2722 4748 2947 4810 propter
2968 4752 3237 4792 summam
3259 4737 3454 4790 ἕνωσιν.

2052 4832 2187 4889 Cum
2234 4833 2307 4887 ita
2354 4848 2413 4887 se
2452 4832 2651 4887 habeat
2688 4831 2929 4902 mysterii
2970 4830 3142 4894 ratio,
3175 4843 3358 4882 rursus
3386 4828 3438 4881 in
3470 4842 3568 4882 suo

1985 4934 2216 4981 tractatu
2261 4925 2540 4981 Nestorius
2590 4924 2800 4995 (Serm.
2836 4921 2948 4989 9):
3000 4920 3216 4986 Audite,
3272 4921 3471 4988 inquit,
3519 4930 3570 4973 et

1983 5019 2175 5089 scripta
2222 5017 2495 5089 diligenter
2540 5015 2838 5068 attendite:
2889 5012 2990 5080 Qui
3028 5012 3314 5067 manducat
3351 5025 3570 5066 carnem

1979 5125 2172 5165 meam.
2217 5107 2475 5163 Memento
2515 5107 2653 5178 quod
2690 5106 2753 5160 de
2790 5121 2946 5159 carne
2986 5107 3053 5158 sit
3088 5104 3223 5176 quod
3277 5103 3481 5167 dicitur,
3519 5110 3571 5156 et

1977 5220 2081 5257 non
2113 5220 2145 5256 a
2178 5219 2258 5257 me
2286 5204 2519 5273 ﬁngatur
2564 5215 2750 5253 nomen
2780 5198 2953 5252 carnis
2972 5238 2985 5263 ,
3010 5214 3074 5251 ne
3102 5196 3276 5250 videar
3295 5195 3398 5249 illis
3428 5195 3573 5248 aliud

1979 5312 2072 5365 pro
2103 5295 2207 5348 alio
2248 5294 2619 5363 interpretari:
2670 5291 2773 5358 Qui
2812 5289 3098 5346 manducat
3126 5302 3343 5344 carnem
3372 5301 3568 5353 meam,

1980 5393 2035 5442 et
2062 5385 2197 5440 bibit
2225 5383 2542 5453 sanguinem
2566 5398 2767 5439 meum.
2810 5380 3078 5453 Numquid
3107 5380 3265 5434 dicit:
3298 5376 3396 5443 Qui
3418 5394 3571 5432 man-

1983 5477 2138 5532 ducat
2158 5478 2398 5532 deitatem
2418 5494 2605 5544 meam;
2635 5485 2685 5532 et
2713 5476 2838 5531 bibit
2865 5475 3104 5530 deitatem
3123 5473 3329 5528 meam?
3355 5470 3463 5527 Sed
3482 5468 3573 5539 qui

1983 5574 2270 5627 manducat
2305 5587 2524 5628 carnem
2552 5586 2727 5628 meam
2763 5578 2818 5626 et
2849 5569 2985 5625 bibit
3015 5567 3331 5637 sanguinem
3368 5578 3569 5626 meum,

1987 5663 2042 5717 in
2071 5678 2157 5718 me
2186 5672 2407 5731 manet,
2458 5673 2512 5720 et
2542 5678 2641 5734 ego
2681 5663 2735 5718 in
2763 5662 2899 5734 ipso.
2942 5658 3282 5724 Mementote,
3335 5655 3470 5729 quod
3510 5652 3573 5705 de

1988 5772 2143 5812 carne
2172 5767 2246 5813 est
2281 5758 2417 5831 quod
2445 5758 2633 5814 dicitur
2677 5774 2695 5813 :
2733 5755 2884 5813 Sicut
2914 5753 3060 5816 misit
3086 5767 3174 5810 me
3202 5753 3353 5809 vivus
3381 5747 3576 5842 Patet}.
