3982 6278
381 282 489 340 κδ

883 277 1076 336 MAR"
1111 274 1545 334 ιωωΐωιε
1582 270 2147 332 TBAHSLATMS
2181 271 2545 334 5Vde
2572 270 3104 337 OPUSCULORUM.

3541 285 3656 343 964

377 415 462 456 me
490 398 574 470 qui
601 411 846 468 appareo.
888 395 995 451 Sed
1027 397 1160 467 forte
1195 392 1337 447 aliud
1371 407 1466 463 pro
1497 392 1602 445 otio
1630 391 1959 460 interpretor.
1983 392 2037 453 Α
2061 385 2224 445 Pater
2275 396 2461 445 noster
2488 395 2544 447 et
2589 389 2878 461 episcopus
2907 390 3246 460 Athanasius,
3280 393 3335 450 in
3391 394 3530 454 libro
3582 400 3658 454 de

383 475 667 546 Audiamus
695 489 818 562 quid
843 489 1100 561 sequitur:
1127 486 1281 548 Sicut
1315 484 1461 540 misit
1480 483 1754 546 eme-vivus
1778 481 1956 542 Pater.

383 583 488 640 Ille
513 583 754 639 deitatem
784 582 946 650 dixit,
987 599 1079 654 ego
1099 581 1214 644 dico
1243 579 1633 641 humanitatem.
1681 576 1960 635 Videamus

381 680 495 753 quis
515 679 582 732 sit
602 694 785 748 prauus
812 677 1061 747 interpres
1084 691 1102 729 :
1132 674 1282 730 Sicut
1308 672 1455 735 misit
1479 687 1569 729 me
1593 673 1748 732 vivus
1775 671 1955 732 Pater.

381 768 525 825 Dicit
552 771 819 826 hareticus
836 768 974 841 quod
992 767 1234 822 deitatem
1260 766 1342 820 hic
1369 765 1538 834 dicat,
1573 765 1630 820 id
1653 775 1733 822 est
1764 782 1784 821 :
1812 764 1962 822 Misit

379 881 463 918 me
489 863 657 919 Deum
692 861 910 918 Verbum
935 862 1076 918 vivus
1103 859 1281 926 Pater,
1307 861 1461 931 justa
1488 858 1626 924 illos,
1656 867 1705 914 et
1732 876 1826 931 ego
1849 860 1958 914 vivo

380 955 522 1012 Deus
581 955 799 1011 Verbum
849 962 1058 1027 propter
1103 953 1354 1019 Patrem;
1397 953 1584 1008 deinde
1627 954 1828 1025 infert:
1855 952 1959 1020 Qui

379 1049 666 1112 mandunt
689 1066 792 1114 me,
820 1057 869 1103 et
886 1048 974 1103 itte
993 1048 1137 1106 uiuet.
1175 1046 1315 1114 Quid
1335 1047 1754 1104 manducamus?
1782 1047 1960 1102 Deita-

376 1148 492 1198 tem'
519 1156 588 1196 an
627 1141 878 1197 carnem?
905 1140 974 1195 At
1013 1141 1082 1196 de
1123 1140 1210 1196 his
1235 1140 1484 1210 quidem,
1526 1155 1645 1210 quae
1673 1147 1784 1194 tam
1809 1139 1960 1208 ﬂagi-

379 1232 517 1288 tiose
549 1231 961 1301 petulanterque
989 1231 1151 1298 dixit,
1184 1231 1482 1300 longiorem
1509 1230 1791 1288 habuimus
1813 1235 1960 1286 certe

377 1338 702 1382 sermonem.
738 1323 880 1390 Quid
906 1339 1036 1379 vero
1072 1323 1143 1379 sit
1168 1323 1315 1393 quod
1338 1322 1468 1378 velit
1494 1321 1791 1391 intelligere
1808 1361 1822 1387 ,
1853 1338 1958 1376 non

371 1413 546 1475 Deum
581 1414 801 1470 Verbum
827 1415 1041 1476 missum
1070 1430 1200 1478 esse,
1229 1413 1432 1482 dicens,
1463 1413 1665 1485 [Belum
1697 1413 1822 1468 add.
1845 1412 1956 1485 sed]

371 1510 700 1571 incarnatum
720 1517 772 1563 et
797 1508 1053 1562 hominem
1073 1511 1268 1580 factm
1284 1549 1298 1575 ,
1329 1521 1596 1578 seponens
1620 1506 1674 1561 in
1700 1515 1872 1577 parte,
1903 1515 1960 1564 et

373 1615 614 1667 seorsus,
642 1607 702 1658 ut
723 1601 837 1671 ipse
865 1601 960 1668 ait,
989 1617 1103 1655 eum
1121 1601 1208 1672 qui
1228 1607 1460 1671 apparet,
1479 1598 1664 1654 videre
1693 1613 1801 1654 non
1827 1613 1956 1669 pos-

375 1704 514 1756 sum,
547 1689 710 1745 immo
739 1690 1080 1760 perspicuum
1108 1696 1191 1744 est
1213 1689 1402 1758 magis,
1424 1695 1722 1759 patensque
1739 1689 1951 1759 {Mum

2058 489 2246 538 saneta
2269 481 2532 557 Trinitate
2555 501 2569 538 :
2595 483 2664 540 Et
2679 484 3056 553 ostendebatur,
3087 487 3224 558 quod
3243 503 3346 542 non
3368 506 3459 559 per
3478 491 3655 560 phan-

2059 579 2275 644 tasiam,
2305 579 2397 636 sed
2429 595 2542 634 vere
2567 579 2754 634 habeat
2795 595 2980 651 corpus
3013 597 3030 636 :
3071 579 3312 635 decuerat
3339 593 3507 636 autem
3537 583 3656 638 Do-

2059 671 2258 725 minum
2275 669 2568 728 induentem
2585 686 2793 726 carnem
2813 672 3109 739 humanam,
3135 682 3292 728 totam
3314 690 3427 728 cum
3447 678 3656 746 passio-

2060 761 2210 816 nibus
2241 763 2348 817 suis
2381 762 2703 830 induere;ut
2725 764 3153 836 quemadmodum
3179 766 3339 836 ipsius
3374 769 3654 842 proprium

2060 854 2220 927 fuisse
2247 854 2463 909 dicimus
2482 872 2688 927 corpus,
2716 857 2790 911 sic
2805 857 2961 911 etiam
2981 859 3212 929 corporis
3232 860 3497 929 passiones
3520 877 3652 930 pro-

2058 947 2190 1016 prio:
2203 945 2368 1017 ipsius
2390 964 2502 1002 esse
2519 948 2776 1016 dicantur,
2789 957 2842 1004 et
2861 958 3069 1022 prapter
3088 951 3328 1005 deitatem
3349 953 3517 1028 ipsum
3541 971 3652 1008 non

2061 1047 2327 1113 tangerent
2352 1042 2640 1113 passiones.
2679 1041 2748 1096 Et
2774 1057 2958 1098 rursus
2992 1061 3004 1096 :
3037 1041 3168 1098 ﬂere
3212 1046 3500 1099 necessario
3527 1056 3657 1101 ante

2057 1134 2409 1202 tractavimus,
2439 1142 2497 1189 ut
2531 1137 2578 1190 si
2613 1136 2876 1191 videamus
2913 1137 3116 1208 ipsum,
3145 1155 3237 1209 per
3274 1154 3421 1192 suum
3460 1155 3653 1211 corpus

2057 1233 2319 1298 tamquam
2357 1243 2446 1298 per
2471 1226 2898 1298 instrumentum,
2941 1230 3110 1285 divine
3147 1232 3434 1304 facientem,
3467 1234 3546 1286 vel
3570 1233 3656 1286 di-

2057 1326 2272 1384 centem,
2299 1335 2684 1390 cognoscamus,
2707 1321 2862 1393 quod,
2884 1330 2942 1375 ut
2969 1319 3128 1389 Deus,
3153 1323 3264 1377 hac
3291 1333 3548 1394 operetur.
3582 1323 3654 1377 Et

2057 1409 2173 1466 haec
2199 1409 2415 1480 quidem
2435 1411 2626 1468 beatus
2646 1411 2808 1469 Pater
2834 1421 3021 1470 noster
3044 1414 3388 1470 Athanasius.

2061 1517 2081 1543 ι
2123 1502 2392 1560 Caeterum
2419 1505 2520 1561 etsi
2541 1505 2815 1576 proprium
2843 1521 3039 1577 corpus
3060 1505 3224 1562 Verbi
3251 1506 3480 1573 dicatur,
3509 1515 3654 1560 atta-

2056 1610 2182 1652 men
2208 1603 2294 1652 est
2319 1613 2387 1653 ex
2413 1598 2660 1666 muliere,
2705 1613 2772 1654 eo
2801 1599 2944 1668 quod
2974 1614 3094 1655 esse
3135 1599 3450 1669 intelligitur
3493 1615 3648 1656 caro.

2053 1689 2256 1747 Beatus
2273 1691 2488 1763 quidem
2515 1689 2713 1748 Paulus
2744 1709 2758 1745 :
2789 1691 2999 1748 Primus
3027 1693 3198 1760 homo,
3229 1693 3420 1762 inquit,
3453 1693 3516 1748 de
3540 1702 3652 1746 ter-

367 1779 738 1853 praesensque]
776 1789 1178 1849 commentum,
1207 1780 1477 1838 rationem
1501 1781 1647 1836 enim
1669 1780 1959 1838 labefactat
1985 1783 2034 1845 B
2058 1801 2142 1854 ra,
2183 1785 2246 1840 de
2288 1786 2437 1853 timo,-
2483 1786 2737 1842 secundus
2765 1785 2828 1840 de
2855 1786 2979 1842 caelo
3023 1787 3064 1861 (l
3093 1785 3211 1842 Cor.
3255 1803 3343 1856 xv,
3374 1785 3488 1858 i7).
3528 1786 3658 1856 Ipse

368 1873 632 1939 ενὼσεως,
659 1880 719 1928 ut
744 1871 945 1930 Christi
975 1887 1178 1944 corpus
1216 1886 1503 1931 commune
1536 1871 1815 1941 videatur;
1847 1888 1958 1930 non

369 1980 504 2023 vero
534 1965 747 2039 [Βαιιιι.
775 1965 938 2040 vere]
969 1967 1246 2040 proprium
1271 1965 1390 2038 ejus
1406 2007 1422 2035 ,
1454 1967 1548 2037 qui
1573 1967 1754 2023 omnia
1785 1967 1958 2024 viviﬁ-

369 2072 500 2123 care
523 2065 718 2128 potens
740 2065 842 2114 est.

442 2189 680 2263 Longior
706 2191 796 2248 ille
835 2206 1012 2263 sermo
1045 2200 1126 2248 est
1151 2193 1288 2263 liber
1312 2200 1535 2263 quartus
1560 2189 1958 2249 Contradictio-

372 2276 522 2334 num,
551 2262 605 2315 in
629 2264 781 2334 cujus
807 2261 984 2334 capite
1023 2272 1218 2333 quarto
1248 2261 1361 2318 haec
1389 2263 1517 2334 ipsa
1529 2264 1693 2318 verba
1728 2263 1959 2318 Nestorii

370 2331 706 2415 referuntur,
727 2339 782 2415 et
804 2331 1024 2415 copiose
1043 2331 1368 2415 tractantur.
1403 2331 1555 2415 Unde
1587 2341 1842 2415 apertum
1874 2343 1958 2389 est

369 2417 507 2474 opus
531 2401 1026 2474 contradigtionum
1054 2405 1388 2468 elaboratum
1414 2403 1564 2473 prius
1583 2401 1764 2472 fuisse,
1781 2419 1958 2474 quam

368 2467 728 2546 orientalibus
742 2467 1009 2546 Cyrinus;
1021 2476 1398 2546 responderet;
1417 2467 1590 2543 "atque
1617 2467 1760 2535 inde'
1780 2467 1956 2534 lucem

369 2543 584 2615 accipit,
616 2543 761 2614 quod
787 2542 844 2599 in
868 2542 1186 2600 Praefatione
1214 2544 1416 2601 dictum
1443 2542 1527 2600 est
1553 2547 1748 2616 pagina
1775 2562 1904 2612 χχιι.

437 2679 665 2739 Parvula
691 2681 909 2752 quidem
951 2681 1222 2750 ridentur,
1253 2690 1311 2742 et
1335 2683 1625 2754 perexigua
1652 2684 1766 2741 Deo
1789 2684 1957 2742 verbo

362 2774 549 2832 omnia
575 2774 832 2832 humana.
855 2772 1174 2844 Postquam
1201 2789 1333 2835 vero
1358 2775 1635 2844 dignam
1661 2782 1745 2834 est
1771 2783 1956 2836 nostra

361 2879 528 2926 causa
554 2865 943 2926 exinanitatem
967 2865 1171 2922 mundo
1207 2865 1623 2928 saluberrimam
1657 2869 1953 2936 sustinere,

361 2957 581 3014 etiamsi
605 2957 816 3021 dicatur
840 2957 1064 3019 missum
1078 2972 1205 3018 esse
1225 2957 1530 3020 denuntiare
1549 2960 1759 3029 captivis
1781 2959 1960 3017 remis-

364 3051 563 3108 sionem
581 3090 597 3118 ,
629 3051 776 3106 caecis
816 3050 1156 3122 receptionem
1197 3050 1491 3118 castorum;
1532 3051 1588 3107 in
1623 3052 1732 3110 hoc
1771 3059 1957 3110 tamen

2059 1886 2242 1936 autem
2265 1878 2514 1936 Christus
2544 1899 2558 1934 :
2586 1879 2755 1936 Nemo
2784 1881 3014 1934 ascendit
3033 1881 3088 1934 in
3110 1881 3308 1947 cauum,
3331 1879 3525 1949 inquit,
3548 1879 3658 1932 nisi

2058 1973 2144 2046 qui
2163 1972 2227 2027 de
2253 1973 2377 2028 caelo
2405 1972 2663 2028 descendit
2682 1971 2853 2028 Filius
2874 1973 3092 2027 hominis
3111 1971 3288 2042 (Joan.
3316 1987 3390 2038 tu,
3419 1971 3527 2043 15).
3553 1970 3657 2024 Di-

2057 2066 2230 2122 cimus
2258 2074 2455 2134 autem,
2488 2066 2633 2136 quod
2658 2080 2768 2120 non
2794 2065 2862 2121 de
2889 2064 3028 2121 caelo
3062 2079 3259 2135 corpus
3297 2063 3659 2132 conjunctum

2057 2157 2160 2213 sibi
2188 2157 2434 2214 deferens
2465 2157 2700 2213 Verbum
2729 2158 2843 2212 haec
2871 2155 3034 2222 dicat,
3071 2165 3096 2194 ι
3137 2157 3231 2212 sed
3274 2156 3420 2227 quod
3460 2155 3656 2210 desur-

2057 2265 2174 2308 sum
2195 2252 2432 2308 existens
2460 2260 2514 2306 et
2534 2251 2600 2306 de
2629 2251 2785 2317 ccelo,
2814 2266 3008 2322 corpus
3035 2251 3137 2306 sibi
3165 2251 3474 2320 adjunctum
3502 2250 3656 2304 fece-

2057 2342 2130 2398 rit
2156 2341 2517 2410 ineﬂ'abiliter,
2541 2342 3002 2409 inaestimabiliter,
3028 2341 3530 2407 inconvertibiliter,
3567 2341 3656 2394 in-

2058 2435 2319 2504 confuse;
2369 2437 2599 2508 ideoque
2641 2435 2708 2491 de
2736 2435 2875 2491 coelo
2921 2435 2996 2490 ait
3030 2449 3090 2491 se
3117 2448 3254 2504 esse,
3287 2434 3451 2490 etiam
3496 2441 3655 2499 tunc,

2061 2527 2408 2586 cum‘factum
2440 2537 2522 2584 est
2549 2528 2717 2584 Filius
2735 2528 2988 2584 hominis.
3065 2524 3073 2532 ’

2127 2618 2263 2677 Cum
2305 2621 2468 2690 igitur
2491 2629 2657 2688 recte,
2690 2629 2745 2676 et
2771 2620 2961 2692 procul
2990 2619 3135 2676 omni
3165 2619 3340 2692 culpa,
3369 2618 3552 2674 habita
3580 2618 3655 2676 sit

2055 2721 2241 2771 nostra
2269 2715 2464 2782 oratio,
2496 2729 2616 2785 qua:
2665 2713 3095 2784 objurgatoribus
3149 2715 3502 2770 maledicendi
3547 2713 3657 2769 fuit

2056 2803 2294 2872 occasio,
2327 2805 2372 2862 si
2401 2805 2879 2860 anathematismus
2905 2804 3257 2876 quorumdam
3300 2803 3655 2876 blasphemiis

2055 2893 2398 2961 adversetur,
2441 2909 2720 2967 opponens
2757 2895 3037 2952 mendacio
3065 2894 3375 2962 veritatem;
3403 2892 3433 2933 δ
3455 2895 3653 2966 opinor

2055 2994 2238 3044 autem
2264 3001 2352 3043 me
2379 2987 2525 3043 nulla
2551 2988 2606 3043 in
2635 3004 2695 3044 re
2724 2987 3031 3058 deliquisse,
3055 2987 3102 3043 si
3127 2986 3397 3044 Christum
3427 3001 3545 3042 esse
3573 2985 3654 3041 di-

2054 3080 2244 3149 xe'n'm,
2275 3097 2431 3152 supra
2460 3097 2554 3136 nos
2579 3090 2776 3136 natum.
2808 3082 2942 3136 Nam
2988 3081 3090 3136 etsi
3127 3079 3270 3137 Deus
3314 3079 3550 3135 Verbum
3577 3081 3656 3138 sit

363 3139 714 3243 βιοτίξξιίίιιιτυ
746 3141 900 3243 (ἔξω
1281 3141 1513 3243 ‘3me“
1540 3142 1954 3243 “Pwm‘fni‘
1977 3162 2028 3228 Β
2055 3139 2441 3238 ῆοιιιέιιοίιιο,
2472 3179 2555 3228 est
2583 3180 2762 3228 tamen
2791 3172 2869 3228 sic
2895 3187 3110 3243 quoque
3135 3188 3247 3229 non
3277 3171 3655 3228 tantummodo

361 3232 744 3290 humilitatem.
771 3233 886 3294 Nec
926 3235 1211 3305 quisquam
1233 3236 1541 3307 sapientum
1563 3238 1946 3310 reprehendat,

363 3325 682 3384 sustinuisse
708 3325 885 3398 ipsum
913 3333 1100 3392 nostra
1123 3334 1352 3400 pmpter
1367 3343 1495 3392 tuos.

435 3415 627 3473 Nonne
662 3416 824 3486 igitur
1175 3418 1340 3483 alium
1365 3418 1652 3489 Quendam
1670 3419 1869 3498 Filium
1891 3428 1953 3480 et

363 3506 656 3575 Christum,
685 3516 883 3579 preter
905 3509 1079 3576 Deum
1105 3509 1362 3578 Verbum.
1391 3527 1518 3570 cum
1561 3528 1711 3580 esse:
1737 3515 1830 3586 qni
1857 3513 1953 3587 illi“

361 3609 536 3672 paret,
559 3601 652 3658 cui
683 3603 849 3659 etiam
885 3603 988 3664 soli
1015 3604 1351 3675 apostolatus
1391 3604 1648 3675 omnium,
1671 3615 1728 3666 et
1753 3624 1950 3667 nomen

357 3695 624 3761 attribuit,
648 3698 1061 3774 ἀνθρωποφαγίαν
1082 3706 1327 3758 nostrum
1344 3699 1487 3772 (Boi.
1513 3701 1845 3773 nostroran
1864 3701 1950 3759 di-

360 3787 437 3850 cit
461 3801 584 3850 esse
605 3789 943 3861 mysterium,
963 3797 1024 3852 et
1053 3790 1116 3846 in
1135 3790 1375 3860 perditas
1399 3791 1755 3860 cogitationes
1778 3793 1948 3850 scele-

359 3885 478 3942 rate
504 3881 770 3942 convertit
795 3882 1002 3945 animos
1022 3881 1349 3951 auditorum,
1379 3883 1627 3942 humanis
1653 3886 1949 3943 rationibus

361 3971 567 4045 (Batus.
593 3973 1119 4046 ratiocinationibus]
1167 3989 1232 4032 es
1270 3974 1589 4047 subiiciam,
1631 3992 1752 4055 quae
1791 3981 1949 4038 unice

359 4062 501 4136 [Bat.
531 4081 636 4121 om.
652 4064 832 4138 unice]
855 4074 912 4122 et
931 4065 1256 4136 inexquisita
1281 4066 1388 4124 ﬁde
1414 4069 1706 4128 creduntur
1733 4086 1948 4144 tneque

358 4159 502 4216 enim
517 4199 532 4226 ,
581 4161 707 4231 auia
734 4161 906 4218 deitas
949 4178 1066 4219 non
1113 4163 1484 4232 manducatur,
1531 4165 1656 4224 ideo
1698 4175 1946 4225 sanctum

355 4245 558 4307 Christi
585 4266 781 4323 corpus
807 4251 1008 4310 dixeris
1031 4269 1155 4312 esse
1179 4270 1484 4314 commune.

427 4339 578 4396 Scire
605 4349 786 4399 autem
812 4357 1035 4400 necesse
1059 4352 1164 4412 est,
1193 4352 1255 4402 ut
1288 4361 1429 4418 saepe
1451 4347 1722 4417 diximus,
1748 4365 1944 4424 corpus

354 4445 476 4488 esse
501 4431 776 4500 proprium
803 4430 964 4490 Verbi
986 4437 1167 4493 omnia
1193 4437 1531 4502 viviﬁcantis.
1551 4439 1817 4508 Quoniam
1843 4459 1940 4502 ve-

2055 3276 2218 3333 βιῳη
2244 3279 2360 3331 nos,
2384 3263 2479 3319 sed
2507 3264 2672 3319 etiam
2697 3278 2859 3336 supra
2871 3279 3086 3320 omnem
3104 3271 3406 3320 creaturam
3431 3281 3445 3316 :
3466 3277 3655 3333 neque

2051 3354 2196 3409 enim
2241 3353 2407 3410 homo
2435 3362 2644 3410 tantum
2687 3355 3004 3426 intelligitur
3048 3369 3170 3412 esse
3208 3355 3360 3427 juxta
3386 3371 3505 3424 nos,
3547 3354 3654 3414 sed

2047 3443 2195 3502 idem
2221 3446 2385 3502 etiam
2411 3447 2693 3504 desursum
2715 3447 2862 3504 etde
2890 3448 3048 3504 coelo.

2404 3553 2885 3596 munem-nsum
2920 3554 3270 3598 nuonscnrus.
3371 3529 3382 3538 ’

2123 3627 2300 3700 Siquis
2328 3646 2436 3686 non
2475 3632 2816 3702 conﬁteatur,
2847 3633 2992 3706 quod
3027 3633 3129 3706 “Dei
3150 3631 3385 3691 Verbum
3423 3648 3653 3706 passum

2047 3721 2120 3777 sit
2146 3736 2329 3790 carne,
2361 3731 2418 3780 et
2445 3724 2760 3783 cruciﬁxum
2801 3741 2982 3796 carne,
3009 3736 3064 3784 et
3089 3736 3318 3784 mortem
3345 3727 3652 3800 gustaverit

2048 3825 2231 3878 carne,
2256 3821 2309 3870 et
2342 3813 2541 3872 factum
2563 3817 2980 3892 primogenitum
3008 3835 3078 3876 ex
3103 3818 3350 3889 mortuis,
3385 3835 3450 3876 eo
3488 3821 3650 3890 quod

2047 3905 2122 3961 sit
2147 3915 2205 3962 ut
2226 3907 2367 3965 Deus
2393 3908 2599 3984 [Betim
2624 3929 2728 3969 om.
2750 3922 2812 3968 ut
2837 3911 3022 3988 Deus],
3047 3920 3103 3971 et
3125 3914 3232 3970 vlta
3251 3921 3307 3971 et
3329 3912 3642 3985 viviﬁcaris;

2048 3999 2337 4058 anathema
2361 4002 2447 4058 sit.

2429 4111 2793 4157 REPREHENSIO
2829 4117 3242 4162 HERETICORUI.

2118 4183 2325 4243 Rursus
2351 4187 2523 4259 ipsum
2552 4205 2769 4248 suorum
2813 4209 2957 4250 nunc
3000 4209 3215 4268 quoque
3258 4193 3639 4265 admonemus,

2045 4278 2190 4349 quod
2219 4279 2601 4352 impassibilem
2629 4287 2848 4342 omnino
2886 4286 3082 4344 dixerit
3118 4287 3352 4348 divinam
3380 4295 3640 4346 naturam

2043 4366 2100 4423 in
2126 4369 2302 4439 primo
2329 4379 2479 4430 tomo
2510 4373 2601 4448 (In
2628 4377 2776 4448 epist.
2821 4377 2892 4432 ad
2923 4379 3172 4449 manna).
3214 4379 3303 4435 Ait
3330 4379 3471 4436 enim
3499 4379 3578 4436 ita
3615 4398 3636 4436 ε

2047 4457 2193 4516 Unus
2221 4479 2370 4538 ergo,
2401 4468 2486 4537 qui
2525 4477 2602 4523 est
2653 4469 2886 4526 omnibus
2927 4471 3131 4544 dignior
3163 4473 3590 4546 praestantiaque
3612 4515 3636 4544 ,

353 4536 420 4578 ro
449 4535 644 4591 corpus
681 4529 764 4578 est
791 4522 930 4589 vitae,
962 4525 1340 4584 vivitieumest
1373 4546 1387 4582 :
1433 4544 1532 4601 per
1570 4531 1700 4587 illud
1737 4534 1938 4591 etenim

358 4611 671 4638 ..κη-..Λιέιπιη
713 4613 909 4638 ...ειμι-ἔκ
941 4615 1250 4638 ΑΑᾎΑ-ει---
1281 4617 1513 4638 2..._.e..o.
1545 4620 1640 4638 nu-
1791 4626 1822 4638 ο-

2278 4522 2301 4538 υ
2357 4522 2370 4533 ι
2414 4522 2427 4537 .
2533 4522 2538 4523 ν
2661 4522 2693 4523 κν
3200 4522 3583 4545 -ην-η-ητ-τη
3612 4522 3636 4544 .

2057 4566 2187 4606 tuam
2215 4570 2308 4624 pro
2329 4557 2561 4613 omnibus
2590 4562 2816 4616 animam
2843 4563 3030 4634 posuit,
3061 4571 3111 4618 et
3135 4522 3505 4637 dispensatoric
3521 4582 3636 4638 pa-

357 4611 674 4668 mor-talibus
712 4613 912 4668 nostris
939 4615 1253 4684 corporibus
1279 4617 1518 4676 immittit
1544 4620 1708 4678 Filius
1751 4626 1936 4693 vitam,

357 4710 414 4758 et
439 4703 667 4767 destruit
693 4704 882 4760 mortis
922 4704 1238 4776 imperium;
1266 4708 1500 4768 viviﬁcat
1527 4721 1706 4771 autem
1732 4732 1832 4774 nos
1867 4719 1942 4774 si-

353 4793 467 4848 mili
502 4793 665 4850 modo
693 4795 859 4850 etiam
902 4803 1121 4856 sanctus
1144 4798 1376 4872 Spiritus
1413 4802 1619 4862 Christi
1651 4825 1664 4863 :
1709 4808 1937 4882 Spiritus

350 4886 491 4940 enim
517 4893 611 4954 est,
642 4888 728 4958 qui
748 4889 971 4960 viviﬁcat
995 4889 1176 4963 (locu.
1197 4909 1273 4961 Vl,
1298 4893 1414 4969 64),
1439 4897 1592 4969 juxta
1612 4900 1780 4972 ipsius
1817 4903 1936 4960 Sai-

353 4976 554 5034 vatoris
582 4993 790 5040 vocem.

423 5065 566 5124 Nihil
608 5077 790 5127 autem
815 5071 1058 5146 impedit,
1095 5058 1382 5152 quominus
1403 5123 1420 5152 ,
1462 5099 1534 5142 ne
1571 5087 1724 5146 solus
1747 5090 1936 5148 uidear

2043 4656 2251 4712 rumper
2293 4659 2497 4700 carnem
2545 4647 2762 4720 deprimi
2808 4661 2971 4706 morte
2998 4655 3264 4721 concessit,
3308 4663 3356 4709 et
3384 4662 3629 4724 mortem,

2035 4740 2220 4804 utpote
2263 4736 2384 4802 vita,
2417 4738 2700 4806 destruxit;
2731 4758 2832 4797 non
2876 4745 3132 4800 sustinens
3177 4756 3355 4807 contra
3382 4757 3632 4802 naturam

2040 4840 2189 4882 suam
2235 4825 2433 4899 aliquid
2475 4833 2603 4901 pati.
2634 4831 2881 4901 Dicamus
2932 4835 3093 4906 igitur
3138 4837 3239 4912 ipsi
3284 4836 3480 4894 dicenti
3519 4839 3634 4895 sibi

2037 4917 2312 4973 contraria
2342 4936 2356 4974 :
2387 4918 2669 4988 Quomodo
2715 4926 2763 4982 is
2814 4929 2906 4998 qui
2947 4943 3176 4999 carnem;
3199 4946 3486 5004 parumper
3524 4930 3630 4988 de-

2041 5007 2202 5100 primi
2227 5019 2403 5069 morte
2430 5015 2698 5084 concedit,
2725 5025 2781 5074 et
2801 5021 2893 5100 qui
2920 5031 3151 5080 mortem
3178 5022 3403 5080 destruit
3431 5031 3630 5094 utpote

2037 5099 2169 5171 vita,
2189 5118 2299 5159 non
2319 5107 2586 5166 sustinens
2605 5119 2792 5167 contra
2813 5099 3057 5172 naturam
3082 5131 3233 5174 suam
3261 5115 3458 5192 aliquid
3476 5118 3622 5189 pati;

2030 5207 2199 5262 nunc,
2230 5205 2288 5252 ut
2315 5199 2431 5270 ipse
2455 5202 2552 5270 ais,
2579 5206 2780 5274 patitur
2803 5209 3003 5264 carne?

1520 5603 2056 5670 CASTIGATIONES
2099 5612 2191 5671 ET
2223 5616 2456 5676 ΝΟΤᾸΕ.

423 5683 458 5760 ξ
475 5674 949 5762 γθτδᾳῄξεά-ιιαοά
971 5685 1241 5747 desursum
1267 5691 1490 5750 existatis
1513 5705 1567 5752 et
1591 5695 1657 5754 de
1675 5700 1802 5760 certo
1825 5699 1935 5758 Ba-

333 5743 526 5809 ΜΨ
550 5751 767 5809 (imitat.
797 5743 958 5812 Εωτ.
1131 5743 1237 5747 nm
1269 5743 1488 5750 V—vwv'w
1515 5743 1563 5752 ν
1593 5743 1689 5780 ..-Ἴ

2062 5775 2082 5802 ξ
2101 5703 2391 5802 b33131:
2411 5711 2619 5787 Opinor
2639 5728 2918 5780 anteuenit
2929 5723 3084 5780 nulla
3091 5740 3308 5779 cernere
3320 5725 3642 5802 deliquisse...

2029 5778 2108 5846 si,
2127 5785 2244 5835 etc.
2258 5778 2430 5838 East...
