3924 6282
238 291 341 350 965

235 502 356 553 set:
389 509 513 551 nam
540 494 585 553 si
620 500 882 564 praesente
921 492 1129 561 anima,
1158 508 1303 551 mors
1350 490 1675 547 intervenire
1703 504 1815 544 non

236 590 425 665 possit,
456 587 746 661 quomodo,
774 587 888 645 Deo
932 594 1217 667 praesente,
1248 600 1349 649 nec
1384 592 1648 656 praesente
1691 590 1813 639 tan-

232 666 353 737 tum
396 680 725 754 simpliciter,
753 678 848 736 sed
886 666 1204 757 coniuncto,
1231 692 1440 734 summa
1465 676 1696 755 quadam
1714 716 1728 743 ,
1761 683 1817 731 et

235 775 341 849 ipsi
366 772 465 829 soli
484 780 615 829 nota
633 762 1025 845 conjunctione,
1050 770 1347 847 inquietare
1371 769 1538 842 ipsius
1558 766 1816 837 templum

234 870 469 936 poterat,
507 870 598 919 aut
624 878 787 931 mors,
814 870 905 921 aut
941 862 1143 943 passio,
1191 861 1293 916 nisi
1326 861 1493 932 ipsius
1517 859 1817 916 concessu?

231 955 356 1011 Non
384 954 554 1011 deitas
598 969 754 1025 passa
796 961 876 1010 est
916 954 1064 1010 carni
1109 952 1411 1023 conjuncta,
1457 951 1550 1009 sed
1602 950 1818 1007 deitatis

233 1060 517 1111 concessu,
543 1060 673 1103 caro
694 1046 1018 1115 patiebatur,
1034 1058 1159 1114 quae
1183 1059 1281 1103 sua
1304 1050 1451 1103 sunt.

244 1192 247 1195 ν
311 1156 465 1224 Quod
488 1172 618 1213 vero
637 1156 905 1215 malitiose
928 1155 1186 1228 posuerit,
1218 1170 1387 1213 unus
1414 1167 1643 1219 passuri,
1668 1158 1729 1210 et
1754 1152 1821 1207 ad

234 1247 627 1319 simpliciorum
649 1248 1042 1325 deceptionem,
1066 1248 1194 1303 hinc
1219 1253 1398 1317 potest
1424 1244 1647 1315 intelligi
1680 1262 1692 1298 :
1718 1259 1819 1309 ne—

236 1354 347 1410 que
384 1340 526 1395 enim
553 1341 847 1403 servaverit
883 1340 1371 1417 impassibilitatem
1399 1337 1591 1397 divina:
1615 1345 1820 1401 naturae

230 1427 307 1495 is,
340 1429 433 1499 qui
476 1430 690 1497 dixerit,
718 1446 894 1489 canus
936 1446 1168 1498 iussus;
1194 1432 1286 1509 qui
1326 1430 1469 1488 enim
1516 1429 1608 1495 ait,
1644 1445 1819 1489 ωιωε

236 1531 459 1583 mssuu,
506 1518 562 1581 id
611 1519 814 1581 stilicet
858 1521 986 1576 dicit
1025 1521 1201 1591 ipsum
1227 1535 1446 1591 passum
1484 1516 1653 1585 fuisse
1697 1533 1822 1579 cum

235 1621 421 1662 carne.
454 1606 603 1664 Licet
640 1623 769 1679 ergo
821 1625 942 1669 cum
982 1625 1145 1668 carne
1187 1611 1257 1666 sit
1301 1624 1507 1682 passus,
1552 1609 1821 1689 passibilis

236 1703 423 1753 tamen
450 1699 863 1758 demonstratur.
895 1701 1003 1763 Aut
1026 1703 1169 1761 enim
1192 1717 1313 1767 cum
1355 1704 1467 1776 pati
1493 1710 1695 1774 posset,
1724 1718 1823 1775 per

236 1795 488 1843 naturam
512 1804 663 1845 suam
683 1807 872 1862 passus
896 1801 998 1860 est,
1025 1800 1118 1849 aut
1136 1801 1325 1853 contra
1350 1801 1628 1861 naturam;
1656 1794 1701 1849 si
1722 1809 1823 1866 per

238 1886 486 1934 naturam
514 1897 703 1952 passus
732 1891 840 1950 est,
870 1884 973 1947 erit
1007 1892 1062 1945 et
1108 1882 1269 1949 Pater
1298 1884 1597 1956 passibilis,
1622 1872 1723 1955 qui
1742 1892 1825 1942 est

240 1968 428 2025 similis
456 1970 576 2028 Filii
610 1991 622 2026 :
654 1988 874 2030 necesse
910 1981 996 2037 est
1032 1989 1282 2045 namque,
1316 1977 1496 2031 omnia
1523 1975 1700 2035 inesse
1724 1989 1823 2045 ge-

241 2063 423 2132 nitori,
453 2082 572 2139 quae
594 2068 776 2131 insunt
804 2070 873 2137 ei,
905 2069 996 2139 qui
1016 2078 1174 2135 natus
1196 2077 1298 2133 est.
1325 2069 1431 2125 Aut
1451 2069 1825 2133 conﬁtebituur

240 2155 418 2227 ipsum
438 2158 655 2227 (ιυίιιεω
674 2175 893 2232 passum
921 2176 1061 2230 esse,
1081 2161 1368 2225 habentem
1394 2162 1633 2241 patiendi
1663 2169 1822 2225 natu-

238 2263 392 2316 ram;
423 2248 639 2313 Patrem
665 2267 794 2308 vero
838 2253 955 2323 pati
980 2268 1093 2331 non
1120 2268 1302 2325 posse.
1334 2251 1405 2308 At
1443 2252 1487 2309 si
1518 2254 1595 2313 ita
1623 2253 1823 2309 dixeri-

242 2356 389 2409 mus,
441 2343 631 2399 eadem
683 2361 806 2401 cum
848 2346 1117 2405 btet-reﬁcis
1167 2347 1459 2404 sentiemus
1502 2346 1821 2416 dicentibus,

246 2428 515 2501 Unigeniti
540 2434 794 2499 deitatem
817 2442 935 2493 esSe
952 2436 1290 2509 passibilem;
1322 2436 1537 2501 Patrem
1562 2452 1692 2494 vero
1712 2438 1826 2508 pati

244 2537 357 2579 non
385 2539 546 2593 posse
574 2543 588 2578 :
622 2526 764 2583 unde
791 2528 953 2587 etiam
974 2530 1291 2605 ἐςιροούσιον
1317 2529 1487 2596 aiunt,
1524 2529 1581 2593 id
1612 2536 1718 2596 est.
1749 2529 1827 2585 ³1⁸·

246 2614 415 2671 terius
442 2616 770 2675 substantiae.

404 2740 535 2819 vero
563 2736 751 2791 contra
789 2737 1036 2791 naturam
1068 2745 1290 2801 passum
1334 2746 1453 2790 esse
1490 2731 1653 2800 dicat,
1680 2732 1828 2791 dioe-

242 2813 369 2874 Iﬁiis
400 2837 413 2873 :
444 2818 642 2889 Ecqua).
668 2822 846 2891 passio
882 2822 1069 2885 divina
1106 2830 1301 2883 natura
1328 2824 1500 2896 pomis
1543 2840 1661 2883 esse
1695 2826 1828 2883 vali-

248 2908 388 2973 dior,
417 2911 559 2966 utin
604 2927 662 2967 se
686 2912 1011 2982 deprimeret
1054 2930 1195 2983 eum,
1227 2917 1321 2987 qui
1360 2924 1446 2975 est
1486 2917 1827 2987 impassibiiis

246 3015 346 3072 per
386 3007 670 3061 natu-am?
694 3006 849 3065 Dicet
878 3008 1013 3065 ille:
1040 3006 1159 3069 Hoc
1198 3009 1369 3080 ipsius
1402 3010 1694 3069 uoluntatis
1722 3020 1822 3066 est.

242 3093 493 3155 Dicemus
521 3116 533 3151 :
562 3097 731 3168 ipsius
750 3100 999 3160 uoluntas
1528 3103 1825 3171 Quaerimus

244 3195 425 3249 autem
466 3192 722 3262 passibile
757 3194 1044 3265 quiddam,
1080 3198 1233 3265 quod
1268 3197 1477 3271 [Βαιιιι.
1516 3199 1823 3268 passionem

240 3280 386 3352 quae]
423 3283 805 3353 impassibilem
850 3294 1097 3345 naturam
1133 3289 1193 3344 in
1228 3303 1381 3346 suam
1414 3290 1825 3361 passibilisatem

240 3376 604 3442 transtulerit;
654 3378 895 3449 alioquin
943 3388 1000 3438 et
1038 3381 1289 3439 nolumus
1326 3381 1506 3439 divina
1543 3384 1676 3449 vult,
1708 3398 1825 3453 qua:

241 3465 417 3535 ipsam
440 3468 685 3526 deceant.

313 3574 382 3631 Et
406 3578 535 3646 quid
559 3579 854 3649 decentius,
892 3583 1086 3654 inquit,
1119 3599 1278 3656 quam
1300 3601 1519 3643 servare
1540 3588 1822 3643 hominum

236 3668 447 3734 genus?
464 3668 577 3723 Sed
606 3672 878 3740 quomodo
902 3675 1105 3730 servari
1124 3676 1405 3732 hominum
1426 3690 1594 3748 genus
1618 3688 1818 3750 posset,

236 3755 418 3824 ipsum
445 3757 513 3811 ad
550 3758 1030 3830 impassibilitatem
1054 3765 1402 3835 transferens,
1440 3782 1562 3839 quae
1586 3769 1821 3825 divinam

242 3849 425 3915 etiam,
446 3850 935 3924 impassibilemque
952 3863 1220 3923 naturam,
1244 3858 1298 3913 in
1318 3861 1626 3930 passionem
1642 3868 1821 3917 trans-

232 3938 461 3994 tulerit?
511 3940 670 3999 Certe
714 3945 876 4012 enim,
904 3955 968 4005 ut
1011 3949 1257 4017 validior,
1296 3950 1354 4007 in
1390 3966 1546 4009 suum
1564 3952 1821 4022 passibile

240 4032 513 4086 transtulit
548 4034 634 4101 id,
674 4036 819 4105 quod
857 4046 975 4093 erat
1023 4040 1372 4110 impassibile.
1412 4041 1484 4099 Et
1526 4043 1671 4111 quod
1714 4044 1823 4101 erit

239 4121 661 4180 emolumentum
680 4127 946 4196 possibili,
972 4129 1021 4184 si
1064 4129 1120 4184 id
1162 4130 1309 4201 quod
1346 4131 1675 4201 impassibile
1714 4140 1816 4201 est,

232 4210 404 4269 fuerit
431 4216 590 4271 etiam
632 4216 835 4289 [Βαιιιι.
866 4221 1171 4293 commune]
1207 4222 1497 4293 passibile?
1534 4225 1649 4281 haec
1676 4226 1818 4281 enim

237 4303 471 4373 adiectio
498 4308 668 4378 magis
694 4318 777 4365 est
801 4311 950 4377 mali,
972 4327 1140 4383 quam
1168 4313 1543 4385 biteremptio;
1572 4330 1696 4370 nam
1732 4331 1821 4379 res

239 4394 389 4449 nulla
419 4395 622 4467 [Βαιιιι.
642 4399 800 4472 nulli]
829 4402 1050 4468 tollitur,
1071 4418 1199 4459 eum
1216 4411 1302 4460 est
1314 4405 1479 4460 simili
1503 4406 1703 4473 addita,
1726 4406 1820 4463 sed

239 4493 485 4555 augetur.

314 4596 442 4663 Quae
470 4600 628 4668 igitur
654 4601 795 4656 salus
822 4611 905 4657 est
930 4605 1196 4673 passibilis
1232 4615 1436 4663 natum
1464 4607 1669 4682 [Baluz.
1696 4624 1822 4681 pas-

239 4688 454 4760 sionis],
482 4698 542 4745 ut
568 4692 835 4747 diximus?
862 4693 979 4750 Non
1004 4704 1154 4751 certe
1180 4696 1522 4768 impassibilis
1547 4714 1669 4756 cum
1693 4714 1821 4770 pas-

238 4781 383 4838 sibili
436 4790 786 4854 communio;
839 4788 937 4844 sed
996 4790 1262 4860 passibilis
1317 4792 1386 4848 ad
1438 4794 1821 4863 impassibilem

241 4871 449 4947 [Baluz.
478 4876 804 4950 passibilem]
834 4879 1100 4950 migratio.
1129 4882 1285 4951 Quod
1309 4882 1437 4940 fecit
1458 4885 1620 4940 etiam
1646 4884 1823 4940 Domi-

240 4982 345 5022 nus
370 4966 643 5035 Christus,
677 4971 768 5040 qui
815 4986 924 5028 non
970 4974 1086 5044 ipse
1130 4978 1423 5033 secundum
1461 4976 1717 5033 deitatem
1764 4977 1819 5033 in

238 5061 545 5129 passionem
586 5061 844 5119 deductus
890 5072 1003 5131 est;
1035 5066 1131 5122 sed
1170 5076 1226 5123 et
1270 5068 1662 5125 humanitatem
1699 5084 1817 5125 om-

240 5164 387 5217 nem,
417 5168 516 5222 per
542 5170 757 5211 carnem
777 5164 1041 5227 sanctam,
1068 5158 1124 5214 in
1145 5159 1478 5217 altitudinem
1502 5162 1819 5231 sublevavit,

239 5250 298 5297 et
326 5244 474 5297 humi
514 5246 780 5314 iacentem
820 5251 994 5309 erexit
1041 5251 1109 5306 ad
1154 5253 1380 5320 cmlum,
1431 5262 1485 5309 et
1530 5257 1820 5311 obnoxiam

240 5342 368 5393 ante
395 5338 640 5393 servituti
679 5340 883 5414 [Baluz.
914 5361 1018 5399 om.
1060 5344 1329 5415 servituti]
1377 5346 1434 5400 in
1472 5346 1821 5417 adoptionem

232 5426 491 5485 conferre
523 5429 765 5500 dignatus
792 5443 890 5489 est.
924 5436 1054 5503 Quis
1082 5451 1212 5493 vero
1255 5446 1479 5509 propter
1505 5440 1818 5498 inobedien-

242 5522 395 5590 tiam,
437 5533 666 5582 mortem
712 5527 976 5585 debebat?
1016 5531 1261 5587 Humana
1300 5548 1431 5587 sane
1468 5542 1678 5600 natura,
1709 5550 1818 5591 non

240 5613 441 5671 divina.
467 5617 639 5686 Quam
664 5621 824 5691 igitur
841 5622 1062 5679 reddere
1089 5627 1375 5697 oportebat
1396 5642 1495 5683 seu
1513 5629 1823 5699 persolvere

226 5706 449 5782 --[Batuz.
471 5728 576 5771 om.
606 5726 704 5772 seu
726 5714 1057 5788 persolvere]
1079 5716 1459 5777 inobodientia:
1482 5723 1756 5780 mortem?

954 285 1011 347 S.
1050 284 1323 344 CYRILLI
1360 281 1877 344 APOLOGETICUS
1914 281 2274 343 ADVERSUS
2309 279 2774 341 OMEN‘I‘ALES.

237 406 353 475 ipso
380 416 489 458 non
530 398 876 475 concedente,
910 408 1003 456 aut
1047 415 1209 467 mors,
1243 406 1335 456 aut
1378 400 1559 470 passio
1590 398 1811 454 accidis-
1838 400 1891 460 Δ

3388 285 3494 347 966

2379 411 2659 453 nssrousro
2697 411 3018 465 onruonoxi.

1985 488 2228 560 Magnam
2271 496 2419 545 certe
2462 490 2867 569 mirabilemque
2893 490 3003 557 vim
3033 489 3301 559 veritatis,
3333 506 3494 569 quam

1914 581 2245 650 experientia
2272 579 2386 651 ipsa
2416 587 2645 637 testatur
2680 566 2887 655 [Bolus
2916 583 3129 651 negotia
3156 583 3273 654 ipsa
3298 566 3495 639 testan-

1912 669 2041 743 tur].
2083 672 2265 744 Neque
2292 673 2435 735 enim
2474 674 2604 728 mihi
2626 690 2759 757 opus
2798 676 2901 731 erit
2944 675 3185 745 longiore
3224 690 3490 743 sermone,

1915 766 2007 835 qui
2036 763 2345 821 satisfacere
2371 766 2545 837 possit
2583 768 2695 834 eis,
2744 767 2835 839 qui
2863 766 3074 838 decepti
3103 775 3257 834 sunt,
3288 776 3343 823 et
3377 769 3495 841 Opi-

1915 856 2049 922 nati,
2081 870 2179 911 nos
2206 855 2403 912 dixisse
2440 857 2671 913 divinam
2707 844 2952 919 naturam
2978 846 3143 914 Verbi
3183 873 3301 914 esse
3326 860 3496 933 passi-

1915 950 2109 1018 bilem;
2139 967 2261 1007 cum
2305 952 2405 1023 ipsi
2447 953 2739 1009 adversarii
2780 962 2972 1024 sponte
3016 953 3408 1021 concesserint,
3440 962 3496 1009 et

1916 1042 2224 1116 planissime
2265 1043 2496 1100 confessi
2522 1045 2649 1111 sint,
2678 1060 2777 1101 nos
2804 1030 2881 1100 ab
2907 1044 3211 1115 hujusmodi
3253 1042 3493 1099 crimini-

1916 1133 2018 1190 bus
2062 1134 2368 1204 longissime
2422 1152 2542 1193 esse
2590 1138 2883 1193 submotos.
2931 1135 3037 1193 Sed
3083 1138 3339 1213 quoniam
3380 1152 3493 1193 rem

1919 1222 2033 1280 sine
2056 1225 2166 1280 ullo
2205 1234 2539 1294 argumento,
2567 1242 2666 1297 per
2692 1226 3017 1283 dementiam
3035 1267 3050 1294 ,
3082 1234 3141 1281 ut
3169 1227 3299 1299 ipsis
3324 1226 3494 1282 libue-

1917 1314 2007 1379 rit,
2051 1324 2434 1387 proponentes,
2460 1326 2515 1373 et
2543 1319 2754 1375 acribus
2785 1334 3038 1374 sensuum
3070 1326 3283 1373 utentes
3311 1319 3495 1373 inven-

1919 1408 2009 1472 tis,
2045 1410 2395 1477 sagacitatem
2416 1425 2587 1477 suam,
2615 1412 3068 1482 acrimoniamque
3098 1410 3329 1482 probare
3367 1426 3497 1477 con-

1920 1500 2175 1569 tendunt;
2207 1508 2371 1571 agunt
2412 1508 2591 1563 autem
2625 1501 2757 1557 satis
2787 1510 2994 1571 argute,
3037 1488 3368 1573 impassibile
3412 1515 3498 1556 se-

1920 1588 2151 1646 cundum
2190 1607 2342 1646 suam
2370 1599 2616 1646 naturam
2662 1590 2759 1647 Dei
2786 1591 3022 1648 Verbum
3058 1607 3177 1648 esse
3217 1592 3493 1658 dicentes;

1922 1682 2139 1737 audiant
2166 1698 2197 1737 a
2224 1682 2398 1753 nobis,
2423 1683 2566 1753 quod
2589 1683 2703 1738 sine
2731 1698 2893 1739 causa
2920 1684 3244 1755 depugnem,
3267 1690 3322 1739 et
3342 1699 3498 1745 auras

1848 1772 1898 1833 B
1921 1775 2225 1841 verberent,
2257 1791 2377 1832 cum
2402 1791 2560 1832 nemo
2586 1784 2773 1833 contra
2799 1792 2829 1831 e
2851 1775 3059 1834 diversa
3094 1785 3247 1859 parte
3277 1779 3493 1846 nitatur,

1923 1881 2024 1922 nec
2054 1865 2247 1921 sentiat
2268 1866 2554 1933 contraria,
2580 1882 2679 1922 nec
2706 1866 2933 1922 diversa.
2959 1865 3096 1933 Quid
3136 1882 3263 1937 ergo
3303 1867 3498 1924 frustra

1921 1958 2223 2014 desudaut?
2251 1956 2390 2025 Quid
2430 1959 2546 2014 sine
2590 1973 2752 2013 causa
2790 1957 3156 2013 contendunt?
3194 1956 3322 2024 Quis
3362 1958 3496 2014 adeo

1922 2051 2164 2121 stupidus
2184 2057 2300 2117 est,
2341 2050 2463 2121 quis
2488 2050 2565 2104 ita
2588 2049 2849 2105 attonitus
2866 2086 2883 2115 ,
2911 2055 2971 2104 ut
2994 2049 3499 2104 excellentissimam

1920 2142 2162 2205 omnium
2187 2149 2434 2203 naturam
2459 2141 2605 2203 dicat
2628 2155 2753 2201 esse
2790 2140 3121 2210 pessimam.
3149 2153 3379 2208 mea:
3403 2155 3498 2194 au-

1920 2232 2046 2297 deat
2070 2248 2275 2304 ponere
2298 2232 2441 2293 inter
2864 2238 3147 2299 creatum.
3170 2244 3294 2301 quae
3318 2230 3500 2295 ineat-

1918 2325 2123 2397 om‘alis
2142 2333 2243 2392 est,
2277 2332 2331 2381 et
2358 2324 2505 2381 omni
2528 2323 2778 2395 superior
2800 2323 3086 2385 creatura?

1994 2415 2100 2479 Sed
2120 2414 2553 2485 quandoquidem
2573 2414 2813 2485 mysterii
2837 2414 2977 2475 ratio
3000 2413 3278 2477 hostium
3300 2412 3500 2475 factum

1918 2521 2043 2567 me
2070 2506 2345 2575 cognoscit
2364 2506 2758 2576 dispensat-Otia
2787 2504 3120 2574 unigenitum
3156 2503 3256 2566 Dei
3281 2504 3497 2570 Filium.

1920 2604 1981 2657 et
2016 2596 2297 2666 proprium
2332 2597 2501 2665 ipsius
2542 2610 2666 2655 esse
2698 2594 3028 2657 alimmum
3068 2602 3405 2665 assumptis]!
3428 2610 3503 2655 ex

1919 2688 2082 2749 beata
2132 2688 2300 2751 Maria
2344 2696 2584 2749 sanctum
2628 2703 2855 2759 corpus;
2908 2687 3035 2749 ideo
3064 2694 3238 2757 reae,
3278 2695 3503 2758 propter

1918 2784 2311 2854 proprietatem
2332 2781 2813 2859 dispensatoriam,
2830 2781 3012 2842 mnis
3032 2781 3314 2851 passiones
3335 2779 3502 2849 ipsius

1918 3065 2008 3118 αι

1850 3140 1899 3206 C
1918 3097 2217 3218 “Quoties
2260 3150 2424 3220 igitur
2443 3164 2631 3220 passus
2657 3163 2777 3209 esse
2805 3147 3022 3215 dicitur.
3048 3158 3231 3212 cerne.
3258 3159 3368 3201 non
3398 3158 3500 3205 na-

1917 3251 2064 3311 tura,
2097 3244 2408 3313 ἱηιθωεὶιιιιι
2436 3257 2662 3313 passm;
2686 3241 2783 3301 sed
2807 3256 2931 3302 suas
2954 3239 3128 3309 magis
3150 3237 3355 3299 {sciens
3376 3251 3505 3307 pns-

1915 3341 2107 3399 siones
2125 3338 2300 3395 cunis
2321 3338 2461 3412 [Bal.
2484 3335 2701 3409 ipsius],
2717 3335 2883 3406 ipsius
2898 3333 3264 3393 teoimlaotum
3278 3338 3367 3391 est
3386 3344 3504 3389 cor-

1921 3446 2043 3503 pus,
2074 3429 2229 3500 quod
2249 3438 2337 3486 est
2362 3429 2469 3499 ipsi
2491 3427 2865 3498 animum,
2880 3432 2946 3487 ut
2966 3422 3326 3489 ,dudumdixi;
3356 3420 3505 3487 ideo-

1916 3521 2813 3592 quedivinusi’auiusipsumper
2848 3514 3504 3590 quemmts'nquoomnia

1920 3612 2048 3671 fecit
2070 3612 2252 3680 Pater,
2272 3613 2686 3685 primogenitum
2702 3628 2776 3669 ex
2794 3612 3021 3669 momnis
3036 3610 3169 3671 dicit
3180 3608 3366 3677 fuisse,
3382 3622 3506 3665 cum

1921 3704 1995 3758 ita
2018 3704 2258 3775 scripsit:
2286 3703 2496 3771 Gratias
2516 3705 2722 3781 ﬁgimus
2750 3703 2925 3771 Patri.
3060 3703 3243 3779 dignos
3272 3717 3367 3755 nos
3389 3700 3508 3772 fecit

1917 3794 1973 3857 in
1992 3803 2193 3869 partem
2215 3796 2370 3849 sortis
2395 3803 2689 3857 sanctorum
2708 3795 2765 3847 in
2788 3794 2996 3859 tantine,
3020 3795 3102 3865 qui
3123 3793 3307 3863 eripuit
3334 3808 3426 3853 nos
3444 3789 3507 3845 de

1919 3892 2170 3954 potestate
2198 3883 2540 3949 tenebrarum,
2562 3892 2612 3938 et
2632 3883 2896 3937 transtulit
2922 3883 2976 3935 in
3007 3898 3216 3952 regnum
3246 3882 3345 3950 ﬁlii
3373 3881 3505 3934 dile-

1916 3978 2106 4031 dionis
2131 3992 2260 4042 sua,
2286 3977 2345 4030 in
2378 3992 2481 4047 quo
2519 3976 2763 4029 habemus
2791 3974 3187 4044 redaupu’onem
3203 4012 3219 4039 ,
3248 3973 3508 4026 remissio-

1918 4083 2037 4122 nem
2061 4076 2406 4139 peccatorum,
2453 4068 2539 4139 qui
2567 4075 2642 4123 est
2667 4067 2839 4145 imago
2868 4063 2967 4119 Dei
3004 4064 3291 4130 invisibilis,
3314 4065 3508 4134 primo-

1919 4161 2124 4231 genitus
2155 4160 2323 4213 omnis
2340 4167 2617 4225 creaturae,
2644 4162 2766 4231 quia
2794 4158 2850 4211 in
2876 4159 2989 4228 ipso
3008 4156 3221 4219 condita
3250 4165 3368 4221 sunt
3388 4157 3506 4210 uni-

1919 4262 2068 4307 uersa
2088 4250 2145 4303 in
2172 4248 2313 4304 caelis
2336 4257 2387 4303 et
2412 4249 2469 4305 in
2498 4257 2654 4315 terra,
2686 4248 2936 4314 visibilia,
2982 4255 3033 4303 et
3071 4246 3348 4303 invisibilia
3402 4248 3508 4301 sive

1918 4338 2114 4405 throni,
2140 4341 2245 4393 sive
2268 4338 2665 4405 dominationes,
2692 4339 2797 4393 sive
2823 4339 3162 4410 principatus.
3198 4334 3389 4392 Omnia
3418 4354 3508 4409 per

1919 4432 2105 4502 ipsum,
2150 4442 2205 4493 et
2236 4433 2291 4486 in
2318 4433 2432 4504 ipso
2457 4440 2630 4495 creato
2678 4440 2825 4497 sunt;
2853 4439 2904 4487 et
2947 4431 3057 4501 ipse
3084 4439 3205 4484 ante
3231 4446 3429 4495 omnes,
3458 4438 3507 4485 et

1839 4514 1895 4587 Β
1918 4527 2094 4580 omnia
2128 4528 2192 4580 in
2215 4528 2327 4595 ipso
2353 4534 2628 4592 constant;
2653 4527 2833 4595 «ipse
2855 4534 2935 4580 est
2957 4532 3111 4595 caput
3138 4524 3372 4595 corporis
3399 4521 3506 4579 Ec-

1923 4620 2114 4686 clesiw,
2132 4621 2218 4692 qui
2239 4628 2315 4674 est
2335 4620 2666 4691 principium,
2690 4619 3060 4691 primogenitus
3086 4632 3151 4669 ea:
3178 4615 3389 4669 mortuis
3406 4652 3420 4677 ,
3452 4620 3508 4664 ut

1922 4710 1990 4763 sit
2014 4712 2068 4763 in
2115 4708 2348 4764 omnibus
2386 4710 2497 4780 ipse
2530 4692 2881 4780 principatum
2921 4716 3128 4771 tenens;
3157 4705 3277 4775 quia
3312 4704 3368 4754 in
3394 4702 3507 4771 ipso

1922 4802 2228 4872 complacuit
2254 4818 2455 4856 omnem
2483 4800 2852 4872 plenitudinem
2889 4796 3141 4860 habitare,
3167 4802 3218 4847 et
3236 4809 3327 4863 per
3339 4794 3506 4862 ipsum

1922 4894 2253 4946 reconciliare
2289 4894 2483 4957 omnia,
2513 4893 2567 4945 in
2588 4892 2756 4961 ipsum
2784 4888 3063 4959 paciﬁcans
3091 4900 3182 4956 per
3203 4882 3505 4953 sanguinem

1920 4984 2085 5037 crucis
2108 4984 2253 5054 ejus,
2294 4985 2399 5037 sive
2442 4998 2555 5054 quce
2592 4982 2646 5034 in
2671 4980 2838 5045 terris,
2870 4980 2975 5031 sive
2995 4990 3106 5047 qua
3136 4975 3192 5028 in
3232 4972 3358 5028 uelo
3386 4979 3506 5027 sunt

1921 5073 2056 5147 (Col.
2083 5092 2120 5143 ι,
2156 5074 2222 5128 12
2246 5086 2295 5130 et
2322 5092 2456 5147 seqq.
2478 5075 2517 5143 ).

1993 5166 2246 5233 Attende,
2274 5161 2725 5235 quemadmodum
2742 5174 2841 5230 per
2871 5172 2995 5214 eum
3015 5155 3193 5212 omnia
3225 5152 3367 5209 facta
3390 5166 3507 5208 esse

1921 5265 2325 5322 commemoret,
2350 5253 2575 5310 visibilia
2599 5262 2653 5307 et
2677 5250 2979 5316 invisibilia,
3009 5250 3234 5303 thronos
3266 5254 3321 5301 et
3359 5245 3506 5313 prin-

1920 5350 2159 5423 cipatus;
2192 5350 2365 5419 ipsum
2407 5347 2592 5403 datum
2616 5359 2736 5399 esse
2763 5342 2905 5398 dicat
2950 5348 3111 5411 caput
3149 5337 3421 5404 Ecclesia,
3452 5344 3509 5393 et

1923 5443 2341 5519 primogenitum
2373 5457 2441 5497 ex
2471 5440 2699 5495 mortuis
2732 5436 2895 5492 fuisse
2929 5433 3186 5501 afﬁrmet;
3219 5432 3509 5488 conciliata

1926 5554 2042 5596 esse
2083 5537 2263 5594 omnia
2309 5552 2408 5609 per
2450 5536 2645 5606 ipsum,
2698 5530 3009 5604 paciﬁcasse
3052 5543 3152 5607 per
3194 5527 3507 5598 sanguinem

1924 5633 2099 5689 crucis
2148 5631 2335 5704 ipsius,
2360 5631 2472 5691 sive
2500 5643 2619 5700 qua:
2652 5626 2707 5682 in
2737 5624 2915 5690 terris,
2957 5624 3072 5683 sive
3115 5635 3236 5692 qua:
3260 5621 3316 5676 in
3336 5618 3505 5675 canis.

1934 5722 2066 5792 Quis
2092 5741 2221 5797 ergo
2250 5733 2328 5783 est
2348 5766 2364 5795 ,
2387 5725 2481 5798 qui
2505 5720 2679 5796 possit
2696 5714 3223 5779 ulteriusdubitat'e!
3260 5718 3359 5770 aut
3389 5707 3517 5781 quis

3530 5842 3582 5879 ’Χ
