3982 6278
439 251 545 313 967

953 251 1149 310 MAR“
1183 246 1626 309 MERGATORIS
1665 244 2234 306 TBANSLATIONES
2275 245 2635 304 VARIORUM
2674 247 3200 309 OPUSCULORUM.

3626 257 3743 314 968

441 375 728 436 vereatur,
760 383 829 425 ne
859 368 999 425 forte
1023 368 1334 440 passibilem
1369 365 1490 422 Filii
1517 372 1764 420 naturam
1785 364 2028 438 mysterii
2053 368 2110 428 Α
2131 371 2183 420 et
2200 379 2315 437 qua!
2334 366 2389 418 in
2419 366 2564 436 aquis
2585 366 2776 431 vivunt,
2803 383 2894 421 nec
2918 370 3179 423 terrestria
3193 369 3464 434 animalia,
3487 386 3580 426 nec
3605 375 3741 428 stel-

439 463 586 519 ratio
607 459 878 528 ostendat,
903 461 949 516 si
969 477 1132 517 carne
1151 460 1471 533 passusjesse
1485 457 1725 513 dicatur?
1750 455 2034 512 Passiones

443 555 590 610 enim
612 553 858 624 corporis
896 553 999 620 sui,
1038 560 1098 608 ut
1127 559 1252 608 ante
1292 551 1423 616 dixi,
1454 564 1579 605 suas
1607 548 1878 604 existimat
1906 564 2033 618 pas-

451 645 652 701 siones.

517 737 633 792 Hoc
663 736 738 792 ita
767 737 965 794 sentire
990 735 1150 792 beato
1170 733 1332 790 Petro
1356 734 1604 806 placebat
1624 732 1821 789 dicenti
1846 751 1858 786 :
1883 730 2035 787 Chri-

444 836 525 883 sto
547 845 670 901 ergo
716 845 869 900 passo
892 845 986 900 pro
1013 828 1161 882 nobis
1199 843 1353 881 carne
1392 827 1446 900 (Ι
1475 825 1617 880 Petr.
1652 843 1724 892 1v,
1756 825 1844 897 l).
1878 823 2034 880 Aliud

449 929 635 975 autem
661 927 742 975 est
770 935 801 974 a
838 919 996 974 nobis
1041 918 1167 984 dici,
1210 933 1372 974 carne
1397 933 1646 988 passum;
1673 926 1728 974 et
1756 917 1902 972 aliud
1928 917 2032 972 dici

445 1029 666 1084 passum
707 1013 924 1069 deitatis
969 1020 1162 1067 natura
1215 1030 1228 1065 :
1270 1011 1483 1083 quando
1527 1012 1668 1066 enim
1706 1011 1847 1066 idem
1873 1017 1953 1065 est
1977 1017 2034 1065 et

443 1107 610 1164 homo
636 1106 795 1164 simul
840 1114 896 1163 et
937 1105 1099 1172 Deus,
1129 1105 1470 1176 impassibilis
1509 1105 1744 1174 quidem,
1773 1110 2034 1173 quantum

444 1206 530 1255 est
557 1199 626 1255 ad
665 1198 879 1255 deitatis
907 1207 1186 1263 naturam;
1215 1199 1484 1269 passibilis
1503 1213 1654 1263 vero,
1676 1197 2028 1252 humanitate.

443 1289 586 1358 Quid
607 1290 734 1345 mali
755 1290 840 1360 vel
861 1290 986 1346 novi
1013 1298 1113 1358 est,
1140 1291 1185 1345 si
1207 1305 1272 1346 ea
1299 1298 1453 1360 parte
1474 1305 1662 1361 passus
1681 1289 1889 1344 dicatur
1914 1303 2033 1357 quae

440 1381 555 1452 pati
584 1388 788 1452 posset,
818 1396 941 1438 cum
970 1395 1034 1436 ea
1062 1395 1183 1450 quae
1210 1380 1323 1452 pati
1348 1397 1456 1436 non
1500 1386 1701 1451 posset,
1731 1377 2031 1449 impassibi-

443 1469 510 1528 lis
531 1472 962 1543 permansisset?

515 1560 671 1627 Quod
696 1577 826 1618 vero
868 1561 1175 1632 hujusmodi
1205 1560 1310 1617 iide
1334 1562 1618 1618 beatorum
1657 1559 1879 1618 Patrum
1915 1563 2032 1618 eni-

442 1651 608 1706 tuerit
634 1651 851 1719 chorus,
881 1666 951 1708 ex
989 1653 1072 1708 his
1110 1653 1305 1708 iterum
1332 1667 1738 1722 cognoscemus,
1770 1669 1890 1724 quas
1929 1653 2030 1724 ipsi

2137 454 2223 520 lie,
2252 472 2344 509 nec
2365 456 2595 523 arbores,
2631 475 2725 512 nec
2763 474 2872 525 aer,
2901 475 2994 513 nec
3040 459 3182 514 horta
3221 468 3524 530 temporum,
3555 471 3606 517 et
3629 466 3742 518 ele-

2136 557 2426 604 mentorum
2464 553 2608 605 varia
2657 551 2956 625 diversaque
3002 553 3293 620 ordinatio,
3335 556 3538 610 virtutis
3563 557 3739 627 ipsius

2135 645 2464 716 majestatem
2492 646 2710 716 probare
2731 647 2946 720 [Baluz.
2979 648 3242 718 majestati
3263 647 3578 720 improbare]
3607 667 3738 720 pos-

2135 742 2276 801 sunt,
2304 744 2550 807 quantum
2578 736 2715 808 quod
2742 737 2962 807 potuerit
2986 737 3146 802 Deus,
3174 738 3258 808 qui
3273 739 3387 809 capi
3409 755 3513 792 non
3541 747 3734 809 potest,

2133 827 2470 898 impassibilis
2498 829 2744 901 conjungi
2784 847 2875 900 per
2902 847 3112 885 carnem
3140 847 3252 884 cum
3282 841 3465 896 morte,
3494 840 3552 884 ut
3579 830 3736 886 nobis

2134 919 2378 989 passione
2414 936 2508 974 sua
2529 918 3000 992 impassibilitatem
3019 920 3255 976 donaret.

2299 1072 2581 1112 ΔτωΑΒῙῙ
2600 1072 2892 1114 Βελτιεειιίι
2919 1072 3153 1114 89184201⁵1
3181 1075 3553 1115 ALEXANDBDE.

2205 1187 2278 1242 Et
2305 1188 2689 1255 ostendebatur,
2719 1189 2856 1260 quod
2876 1205 2978 1244 non
3001 1207 3092 1262 per
3119 1189 3472 1260 phantasiam,
3496 1191 3588 1243 sed
3615 1208 3733 1245 rere

2135 1276 2354 1332 habebat
2383 1296 2607 1352 corpus;
2639 1289 3042 1336 consentaneum
3089 1291 3261 1336 autem
3303 1293 3416 1336 erat
3444 1279 3733 1336 Dominum

2131 1371 2425 1427 induentem
2451 1389 2660 1426 carnem
2689 1371 2987 1438 humanam,
3008 1389 3120 1428 eam
3145 1381 3305 1428 totam
3325 1390 3440 1427 cum
3468 1375 3735 1442 passioni-

2133 1465 2227 1520 bus
2263 1467 2370 1520 suis
2406 1467 2645 1532 induere,
2683 1474 2739 1520 ut
2780 1467 3204 1539 quemadmodum
3259 1469 3420 1538 ipsius
3460 1470 3735 1538 proprium

2135 1558 2350 1612 dicimus
2380 1575 2586 1630 corpus,
2617 1559 2691 1612 sic
2727 1560 2884 1614 etiam
2912 1561 3144 1630 corporis
3184 1561 3453 1631 passiones
3499 1561 3736 1631 proprie

2132 1650 2296 1722 ipsius
2320 1667 2430 1706 esse
2463 1651 2720 1719 dicantur,
2750 1654 2846 1706 etsi
2875 1660 3085 1723 propter
3113 1652 3435 1707 divinitatem
3473 1671 3588 1708 eum
3625 1670 3733 1707 non

441 1742 792 1814 scripserunt,
825 1743 1120 1800 Salvatoris
1169 1745 1339 1800 secuti
1379 1745 1717 1812 mandatum;
1771 1747 2031 1802 memine-
2059 1751 2108 1812 B
2135 1749 2404 1812 tangerent
2423 1743 2707 1812 passiones.
2739 1742 2893 1809 Quod
2913 1743 2958 1798 si
2988 1758 3183 1814 corpus
3211 1744 3430 1800 alterius
3457 1753 3560 1810 est,
3593 1745 3734 1800 alte-

442 1840 567 1888 rant
593 1835 738 1890 enim
758 1850 880 1890 eum
909 1835 1108 1891 dixisse
1140 1855 1152 1890 :
1197 1835 1374 1890 Gratis
1403 1838 1694 1908 accepistis,
1725 1840 1888 1911 gratis
1916 1837 2037 1892 date

443 1924 663 1999 (Matth.
695 1945 750 1996 x,
779 1928 867 1999 8).

712 2055 960 2097 αιιεθοιιι
986 2055 1278 2096 Βελτιεειιιι
1304 2056 1535 2099 EPISCOPI
1563 2057 1756 2098 εῖδει.

515 2151 652 2219 Hoc,
679 2155 862 2226 inquit,
895 2155 1091 2210 sentite
1110 2155 1164 2209 in
1186 2156 1359 2222 vobis,
1381 2157 1525 2226 quod
1549 2158 1714 2213 etiam
1744 2159 1797 2213 in
1817 2158 2033 2217 Christo

441 2242 569 2300 Jesu
592 2243 806 2318 [Balus.
825 2244 1007 2317 Filio],
1030 2247 1122 2316 qui
1151 2263 1271 2303 cum
1313 2257 1458 2304 esset
1486 2249 1540 2302 in
1566 2247 1738 2304 forma
1776 2250 1892 2318 Dei,
1923 2266 2033 2306 non

441 2335 690 2405 rapinam
713 2337 1002 2394 arbitratus
1030 2347 1134 2404 est,
1157 2353 1276 2395 esse
1311 2339 1532 2409 mqualis
1561 2339 1703 2407 Deo;
1735 2341 1831 2396 sed
1856 2342 2036 2397 exina-

440 2425 576 2482 nivit
603 2429 861 2498 seipsum,
888 2427 1114 2484 formam
1141 2431 1282 2486 servi
1309 2430 1580 2501 accipiens
1608 2429 1839 2502 (Philip.
1863 2447 1917 2498 ιι,
1953 2430 2026 2502 5).

442 2514 582 2582 Quid
605 2519 661 2572 in
687 2515 798 2574 Deo
824 2521 955 2573 servi
977 2521 1146 2590 forma
1186 2521 1507 2593 pauperius?
1527 2521 1650 2592 quid
1693 2523 1748 2575 in
1790 2539 1908 2594 rege
1936 2523 2032 2577 hu-

437 2607 630 2675 milius,
651 2627 806 2681 quam
841 2609 911 2664 ad
939 2612 1308 2682 participatum
1347 2623 1540 2668 nostra
1572 2622 1776 2668 natura:
1810 2631 2032 2684 pauper-

437 2703 585 2758 rimte
602 2703 891 2758 voluntarie
904 2703 1200 2759 devenisse?
1222 2704 1335 2760 Rex
1353 2708 1701 2778 regnantium,
1723 2715 1773 2760 et
1793 2707 2031 2763 dominus

438 2792 816 2848 dominantium
842 2794 1090 2849 tributum
1115 2799 1370 2867 pensitat;
1397 2796 1648 2852 Dominus
1670 2807 1922 2853 creatura:
1942 2798 2034 2853 de-

439 2883 646 2939 ducitur
671 2887 725 2940 in
763 2886 1096 2958 speluncam;
1126 2889 1213 2959 qui
1259 2891 1434 2944 omnia
1481 2875 1896 2961 comprehendit,
1926 2908 2028 2947 ce-

437 2974 613 3028 naculi
659 2991 763 3030 non
789 2976 984 3030 invenit
1029 2977 1220 3044 locum,
1263 2979 1355 3033 sed
1395 2982 1452 3035 in
1500 2997 1748 3052 praesaepe
1771 2990 2030 3038 mutorum

436 3065 740 3121 animalium
767 3068 1067 3140 projicitur;
1096 3070 1317 3124 mundus
1346 3078 1396 3125 et
1416 3072 1644 3126 sincerus
1673 3072 1913 3128 humana
1933 3089 2028 3127 na-

438 3163 568 3214 tura
589 3161 783 3231 patitur
808 3160 1030 3226 sordem,
1063 3170 1114 3217 et
1139 3179 1232 3234 per
1271 3180 1472 3219 omnem
1509 3173 1742 3220 nostram
1781 3166 2026 3248 gradiens

435 3261 808 3323 paupertatem,
836 3271 997 3328 usque
1023 3255 1094 3310 ad
1117 3258 1520 3328 experimentum
1548 3260 1776 3329 pervenit
1821 3260 2022 3315 mortis.

444 3339 643 3398 Videtis
669 3345 878 3400 modum
923 3345 1228 3402 uoluntaria:
1273 3349 1624 3420 paupertatis;
1667 3351 1770 3404 vita
1810 3359 2026 3406 mortem

435 3421 642 3504 guitare
686 3438 961 3510 dignatur;
1002 3440 1168 3510 judex
1198 3439 1476 3494 adducitur
1515 3443 1570 3495 in
1591 3442 1847 3512 judicium
1873 3445 2024 3510 vita;

436 3528 664 3582 omnium
693 3529 930 3583 dominus
952 3529 1108 3584 subiit
1126 3531 1433 3602 suffragium
1463 3533 1785 3604 judicantis;
1813 3551 1906 3588 rex
1929 3551 2030 3590 caa-

435 3616 640 3674 lestium
654 3621 1036 3692 principatuum
1064 3639 1249 3676 manus
1271 3625 1578 3694 carniﬁcum
1607 3642 1710 3679 non
1729 3627 1947 3697 repellit.

667 3747 852 3788 BASILII
881 3748 1200 3788 SANCTISSIII
1221 3750 1453 3791 EPISCOPI
1482 3752 1768 3793 CESAREE.

505 3840 687 3916 Neque
716 3851 914 3898 tantum
934 3843 1134 3909 caelum,
1155 3853 1204 3899 et
1227 3853 1382 3914 terra,
1413 3854 1462 3901 et
1489 3863 1749 3920 (equorum
1775 3849 2015 3918 altitudo,

2135 1833 2250 1889 rius
2277 1833 2485 1889 dicatur
2508 1842 2562 1889 et
2581 1836 2787 1904 passio;
2813 1835 2894 1890 sin
2924 1843 3104 1891 autem
3123 1835 3286 1891 Verbi
3316 1844 3398 1892 est
3418 1853 3578 1892 caro:
3613 1836 3734 1892 να.

2136 1925 2256 1982 bum
2283 1928 2419 1980 enim
2447 1943 2570 1982 caro
2600 1930 2793 2000 factum
2822 1935 2899 1982 est
2927 1927 3116 2000 (Joan.
3149 1946 3196 1995 ι,
3228 1927 3295 1982 14
3316 1929 3366 2000 );
3397 1945 3623 1984 necesse
3650 1939 3734 1984 est

2134 2023 2196 2071 ut
2217 2018 2395 2072 carnis
2416 2019 2696 2088 passiones
2718 2017 2833 2087 ejus
2855 2033 2974 2073 esse
2996 2018 3262 2085 dicantur,
3285 2018 3438 2087 cujus
3466 2021 3536 2073 sit
3561 2020 3734 2073 etiam

2134 2125 2292 2166 caro:
2318 2111 2470 2181 cujus
2491 2127 2722 2182 namque
2741 2113 3018 2182 passiones
3046 2119 3188 2178 sunt,
3219 2111 3514 2176 damnatio,
3543 2110 3736 2179 ﬂageL

2132 2201 2286 2268 latio,
2307 2202 2444 2268 sitis,
2475 2202 2790 2272 patibulum,
2821 2217 2987 2268 mors,
3021 2209 3076 2258 et
3097 2210 3300 2257 aeterm
3330 2203 3571 2272 corporis
3597 2217 3700 2272 pas

2133 2294 2334 2359 siones,
2370 2293 2488 2363 ejus
2527 2295 2688 2348 etiam
2718 2301 2844 2349 sunt
2863 2293 3109 2358 victoria,
3150 2301 3204 2348 et
3226 2293 3416 2361 gratia.
3443 2291 3538 2346 Est
3563 2293 3732 2361 igitur

2133 2389 2282 2437 recte
2303 2390 2359 2437 et
2394 2383 2669 2450 decenter,
2692 2390 2752 2438 ut
2781 2398 2889 2438 non
2915 2384 3154 2449 alterius,
3177 2384 3271 2438 sed
3300 2384 3468 2454 ipsius
3488 2383 3728 2446 Domini,

2133 2474 2269 2529 tales
2295 2474 2576 2544 passiones
2601 2489 2720 2530 esse
2749 2474 3014 2542 dicantur,
3031 2483 3090 2530 ut
3117 2475 3282 2546 ipsius
3310 2475 3379 2530 sit
3407 2475 3570 2530 etiam
3599 2490 3731 2545 gra-

2132 2564 2228 2632 tia,
2257 2571 2312 2620 et
2336 2581 2405 2620 ne
2447 2565 2608 2620 alium
2640 2566 2818 2621 colere
2858 2582 2959 2636 pro
2989 2567 3094 2622 alio
3135 2565 3444 2632 videamur,
3473 2566 3569 2622 sed
3595 2583 3728 2621 vera

2131 2656 2393 2725 religione
2425 2657 2661 2713 cultores
2693 2676 2706 2710 :
2738 2657 2937 2728 quippe
2971 2675 3092 2714 cum
3123 2674 3230 2714 non
3253 2674 3594 2715 communem
3628 2659 3728 2714 ho—

2131 2747 2352 2814 minem,
2384 2748 2478 2804 sed
2513 2763 2642 2803 vere
2669 2757 2967 2819 naturaque
3009 2749 3106 2804 Dei
3139 2749 3352 2816 Filium,
3384 2759 3439 2805 et
3474 2751 3619 2805 hunc
3648 2749 3728 2804 fa-

2130 2847 2278 2897 ctum
2297 2841 2571 2898 hominem
2596 2860 2610 2909 ;
2633 2842 2978 2898 nihilominus
3005 2851 3186 2900 tamen
3214 2851 3270 2898 et
3295 2843 3464 2899 Deum
3491 2843 3727 2898 salvato-

2132 2949 2249 2989 rem
2277 2949 2579 3004 precemur.

2201 3021 2344 3079 Satis
2364 3025 2526 3095 igitur
2551 3025 2616 3080 ad
2643 3023 3064 3081 satisfactionem
3085 3026 3280 3096 opinor
3299 3040 3420 3081 esse
3444 3027 3726 3097 prudenti-

2055 3119 2100 3186 C
2129 3116 2231 3172 bus
2258 3116 2424 3184 dicta,
2445 3132 2565 3187 quas
2585 3116 2765 3172 addita
2794 3125 2939 3182 sunt,
2963 3132 3084 3173 cum
3112 3118 3409 3188 praesertim
3435 3117 3524 3172 lex
3543 3116 3727 3173 divina

2133 3217 2319 3281 aperte
2347 3218 2759 3266 commemoret:
2789 3209 2856 3264 In
2882 3225 2970 3264 ore
2997 3210 3213 3266 duorum
3234 3209 3310 3263 vel
3339 3210 3490 3264 trium
3520 3213 3726 3265 testium

2130 3300 2290 3358 stabit
2307 3319 2456 3357 omne
2482 3300 2687 3356 verbum
2710 3299 2924 3374 (Matth.
2951 3299 3235 3370 xvm,16).
3259 3300 3437 3370 Siquis
3458 3301 3622 3369 igitur
3641 3309 3727 3356 est

2132 3394 2223 3474 qui
2254 3392 2383 3448 velit
2408 3391 2544 3448 ultra
2571 3392 2918 3460 contendere,
2941 3393 3124 3448 audiat
3144 3409 3174 3447 a
3195 3391 3349 3448 nobis
3376 3391 3525 3464 ipse:
3551 3389 3730 3464 Perge

2133 3494 2282 3541 tuum
2314 3488 2434 3542 iter.
2467 3488 2533 3540 At
2561 3503 2680 3554 nos,
2722 3487 2813 3557 qui
2839 3502 3022 3542 sumus
3067 3485 3232 3540 dediti
3279 3487 3508 3550 veritati,
3536 3499 3727 3543 sacras

2129 3579 2339 3634 litteras
2365 3587 2420 3633 et
2469 3587 2780 3634 sanctomm
2828 3577 3049 3633 Patrum
3087 3576 3246 3632 ﬁdem
3283 3592 3612 3647 sequemur:
3645 3578 3724 3632 ita

2127 3672 2270 3726 enim
2315 3685 2562 3742 supernae
2604 3672 2900 3726 vocationis
2939 3670 3174 3742 palmam
3220 3678 3612 3739 consequemur
3665 3673 3725 3727 in

2123 3761 2357 3829 Christo,
2395 3779 2494 3834 per
2513 3779 2696 3834 quem,
2727 3770 2783 3820 et
2811 3779 2933 3819 cum
2968 3778 3076 3834 quo
3098 3763 3210 3818 Deo
3237 3772 3293 3818 et
3335 3761 3480 3818 Patri
3519 3764 3724 3833 gloria,

2120 3869 2245 3912 cum
2261 3865 2447 3912 sancto
2469 3856 2690 3929 Spiritu,
2724 3857 2777 3912 in
2805 3856 2999 3912 saecula
3023 3855 3370 3916 saeculorum.
3406 3857 3598 3911 Amen.

507 3975 786 4060 Dum‘haec
818 3977 970 4060 prelo
1001 3977 1375 4059 subjiciuntur,
1402 3979 1720 4060 incidiforte
1749 3983 1804 4060 in
1831 3985 2321 4060 hbrum_Anastasii
2341 3989 2578 4057 Sinaiue,
2605 3991 2697 4060 qui
2721 3989 2829 4044 dux
2841 3989 2942 4045 viae
2961 3989 3173 4054 dicitur,
3198 3997 3251 4046 et
3275 3988 3418 4060 aliud
3446 3991 3719 4060 quaerenti

434 4051 669 4130 occurrit
696 4055 857 4118 caput
879 4051 1194 4130 vigesimum
1223 4051 1537 4130 secundum,
1563 4053 1616 4130 in
1639 4068 1746 4122 quo
1774 4054 2418 4130 AndreaeSamosatensis
2446 4051 2648 4117 mentio
2671 4059 2748 4126 ﬁt,
2780 4068 2836 4116 et
2860 4061 3132 4116 mediocre
3145 4051 3413 4130 quoddam
3440 4051 3722 4130 fragmen-

434 4123 659 4202 tum,‘ex
688 4133 852 4188 opere
869 4119 945 4202 ad
972 4121 1447 4202 anathematismos
1474 4119 2163 4202 pertinente,exscribitur.
2192 4131 2327 4186 Illud
2355 4145 2457 4202 ego
2486 4119 2867 4187 conferendum
2889 4131 3072 4202 putavi
3112 4119 3254 4185 hunc
3282 4131 3335 4184 in
3364 4119 3720 4202 locuni,_sive

430 4196 665 4271 proptor_
692 4189 1069 4271 cognationem
1093 4193 1436 4271 "argumenti,
1455 4189 1841 4271 .siveauctoris
1869 4211 2061 4271 causa,
2082 4201 2235 4271 cujus
2264 4189 2590 4271 inde'major
2628 4202 2806 4270 aliqua
2849 4189 3057 4267 notitia,
3087 4216 3249 4271 quam
3286 4215 3354 4255 ex
3381 4189 3720 4271 praecedenti

431 4266 626 4339 opere,
650 4260 1072 4341 haberi.potes_t._
1088 4259 1240 4341 Cum_
1253 4262 1414 4341 igitur
1439 4261 1755 4341 Anastasius
1789 4267 1957 4341 multa
1985 4259 2213 4326 subinde
2250 4273 2450 4327 sanctis
2483 4259 2735 4326 Patribus
2767 4259 3302 4341 supposita'probare
3331 4259 3508 4334 vellet,
3533 4269 3719 4341 multa

431 4341 559 4412 quas.
569 4329 664 4412 pie
686 4329 937 4412 dixerint,
950 4331 1037 4412 "ab
1059 4329 1322 4412 haereticis
1350 4333 1661 4412 detorqueri
1679 4335 1852 4412 falsos
1875 4338 1929 4392 in
1952 4353 2162 4412 sensus,
2186 4349 2240 4397 et
2269 4343 2412 4411 quod
2440 4341 2754 4407 mirabilius,
2782 4355 2813 4394 a
2832 4329 2994 4396 variis
3013 4329 3384 4412 ἰῃόρροείιρξ,
3399 4329 3718 4412 exemplum

432 4397 594 4485 ponit
616 4397 914 4485 inhndrea
949 4401 1328 4485 Samosateno,
1346 4404 1468 4485 qui,
1490 4397 1623 4485 rem
1639 4405 1799 4485 plane
1826 4397 2174 4485 stupendam'!
2209 4397 2475 4485 coniicere
2531 4397 3010 4485 nititur,'sanctum
3036 4397 3294 4485 Cyrillum
3321 4397 3573 4485 Nestorio:
3597 4424 3717 4479 pa-

431 4470 706 4554 {£991,an33
721 4470 1001 4554 ΔΫβιῒητίίὶιιεε
1021 4470 1243 4554 Ριᾯῗθνις
1269 4470 1540 4554 (Ιυῇῧυῆῥη
1565 4470 1781 4554 Christo
1809 4486 1868 4554 ut
1889 4470 2022 4534 d'uas
2041 4490 2280 4547 naturas,
2308 4484 2382 4536 ita
2413 4484 2545 4554 duas
2568 4470 2883 4554 hypostases
2909 4481 3067 4538 fateri
3083 4470 3353 4548 'videatur,
3383 4493 3506 4537 cum
3533 4470 3718 4552 Euty-

431 4535 612 4590 chiani
635 4535 968 4596 Nestorianis
988 4535 1206 4611 penitus
1233 4535 1508 4610 contrarii,
1533 4561 1659 4601 suas
1679 4547 1827 4602 illum
1850 4548 1905 4602 iu
1927 4559 2109 4620 partes
2128 4535 2446 4608 traherent.—
2457 4535 2546 4608 Sic
2571 4535 2701 4622 ergo
2715 4535 3056 4608 Knva's‘tasius.

503 4669 762 4728 Gaianitis
781 4682 835 4729 et
858 4674 1264 4742 Theodosianis,
1286 4685 1446 4748 atque
1469 4678 1887 4751 Eutychianistis
1907 4699 2020 4738 sur-
2047 4685 2093 4746 D
2118 4701 2290 4752 more,
2313 4687 2628 4758 hypostases
2655 4686 2818 4742 tradit
2840 4702 2958 4743 esse
2977 4701 3255 4758 personas,
3281 4689 3492 4741 secutus
3509 4682 3715 4742 Patres

429 4780 548 4819 sum
574 4772 629 4820 et
665 4765 918 4822 deorsum
946 4767 1322 4838 objicientibus
1347 4769 1603 4842 Cyrillum
1621 4813 1634 4838 ,
1667 4775 1820 4844 quasi
1852 4792 2015 4833 unam

431 4855 485 4914 in
532 4855 748 4913 Christo
779 4867 1026 4915 naturam
1075 4861 1249 4928 dicat,
1281 4863 1519 4920 Andreas
1549 4865 1931 4924 Samosatenus
1961 4870 2015 4926 in

430 4948 631 5018 scripto
650 4964 747 5004 suo
771 4950 1064 5017 contendit,
1085 4951 1341 5024 Cyrillum
1364 4956 1541 5025 potius
1556 4957 1802 5014 Nestorio
1828 4968 2016 5030 patro-

431 5040 620 5109 cinari,
658 5043 869 5099 etiamsi
905 5043 1158 5113 ignorans
1193 5047 1247 5101 id
1284 5046 1462 5116 iaciat,
1505 5059 1561 5104 et
1598 5051 1815 5121 laqueo,
1853 5067 2013 5122 quem

431 5130 544 5201 ipse
565 5134 812 5200 tetendit,
865 5135 1100 5204 capitur;
1151 5137 1253 5194 hoc
1281 5140 1419 5210 ipso,
1442 5139 1586 5209 quod
1630 5156 1698 5196 ex
1746 5143 2013 5213 principio

428 5223 606 5292 quarti
632 5225 849 5294 capituli
893 5240 923 5279 a
949 5225 1111 5283 beato
1139 5227 1337 5300 Cyrillo
1382 5232 1672 5302 conscripti
1697 5232 1814 5289 haec
1839 5233 2004 5287 citat:

435 5330 453 5364 ι
498 5313 678 5384 Siquis
705 5315 910 5372 duabus
929 5319 1174 5388 personis
1198 5321 1311 5378 sive
1337 5323 1716 5395 hypostasibus
1738 5321 2007 5380 Christum

427 5403 636 5474 dividit,
659 5409 943 5465 anathema
969 5410 1056 5466 sit.
1084 5431 1102 5464 ι

498 5496 582 5552 Ad
621 5500 733 5555 haec
769 5501 844 5556 ita
881 5502 1173 5573 respondet
1196 5516 1442 5562 andreas
1475 5525 1486 5560 :
1527 5527 1546 5560 ι
1581 5509 1754 5576 Quam
1779 5511 2008 5581 praecla-

426 5601 548 5644 rum
574 5588 857 5657 judicium!
881 5593 1051 5661 Quam
1086 5597 1177 5667 pia
1202 5605 1286 5654 est
1310 5599 1424 5656 haec
1451 5600 1636 5675 Cyrilli
1655 5603 1722 5659 de
1745 5603 2008 5673 dogmati-

419 5675 526 5758 ~im
552 5680 881 5756 explanatio!
906 5682 1064 5756 Ecce,
1079 5684 1320 5760 Patrum,
1337 5697 1392 5750 et
1412 5692 1646 5752 maxime
1669 5692 2010 5764 Synodorum

2121 4779 2322 4836 Nicteni
2349 4780 2592 4846 concilii,
2622 4780 2715 4849 qui
2755 4781 2924 4848 aiunt,
2961 4785 3076 4836 tres
3097 4793 3215 4834 esse
3243 4779 3553 4850 hypostases
3577 4777 3711 4834 sive

2121 4885 2376 4942 personas
2397 4871 2452 4926 in
2476 4871 2838 4926 sacratissima
2865 4877 2922 4926 et
2947 4868 3386 4926 consubstantiali
3413 4866 3705 4924 Trinitate.

2119 4961 2176 5017 Si
2205 4962 2366 5032 igitur
2401 4971 2550 5018 recte
2596 4969 2869 5019 asseverat
2904 4961 3222 5034 hypostases
3259 4975 3379 5016 esse
3414 4973 3710 5031 personas,

2119 5067 2224 5122 qua
2248 5055 2459 5110 ratione
2485 5055 2540 5108 in
2560 5053 2808 5110 omnibus
2823 5052 3210 5125 propemodum
3235 5051 3709 5109 lucubrationibus

2119 5146 2230 5200 suis
2274 5145 2509 5216 appellat
2536 5146 2651 5217 ipse
2700 5153 2920 5201 naturas
2943 5146 3291 5218 hypostases?
3318 5143 3450 5199 Nam
3477 5144 3714 5213 quando

2117 5249 2338 5295 naturas
2359 5247 2516 5295 vocat
2536 5240 2873 5312 hypostases,
2915 5239 3230 5310 hypostases
3259 5253 3387 5294 vero
3412 5252 3711 5308 personas,

2114 5329 2241 5397 quid
2261 5329 2404 5384 aliud
2426 5330 2730 5401 proﬁtetur,
2758 5329 2861 5386 nisi
2881 5328 3118 5385 diversas
3165 5329 3220 5384 in
3247 5327 3462 5384 Christo
3502 5342 3715 5398 perso-

2111 5421 2243 5476 nas?
2269 5429 2329 5478 ut
2367 5438 2490 5478 cum
2517 5421 2612 5489 ait,
2643 5429 2881 5489 naturas,
2910 5421 3023 5479 sive
3067 5421 3386 5493 hypostases
3429 5421 3713 5478 mansisse

2111 5512 2434 5571 inconfusas.

2188 5623 2205 5656 ι
2236 5603 2399 5676 Cujus
2420 5607 2756 5678 hypostases,
2772 5621 2806 5662 o
2826 5606 3022 5663 eximie
3037 5606 3271 5679 Cyrille?
3289 5605 3519 5670 Clarum,
3539 5605 3714 5672 quod

2107 5693 2325 5763 Christi,
2354 5698 2616 5768 siquidem
2666 5706 2726 5754 tu
2759 5698 2832 5753 ita
2867 5699 3182 5772 hypostases
3211 5698 3416 5758 delluis.
3441 5693 3596 5770 Quod
3649 5698 3715 5780 αξ
