3924 6282
192 5606 214 5706 l'

235 253 338 328 973

916 257 974 316 S.
1005 246 1279 315 CYRILLI
1307 248 1823 317 APOLOGETICUS
1859 261 2218 319 ADVEIlSUS
2256 260 2740 320 THODORETUM.

3380 270 3488 330 974

230 383 398 440 Deum
428 369 696 447 pepererit
720 381 930 441 natura,
961 374 1056 430 sed
1094 374 1240 443 quod
1270 375 1540 433 hominem
1583 374 1809 431 ediderit
1835 379 1883 440 Α
1985 376 2088 434 Sed
2112 379 2346 448 prudens
2365 386 2688 448 argutusque
2715 385 2992 445 tractator,
3026 380 3149 447 illis,
3184 396 3317 451 quae
3364 401 3486 442 eum

231 474 578 544 conjunctum
603 470 737 535 Deo,
771 478 797 507 ι
819 469 911 537 qui
936 469 1110 538 ipsum
1140 467 1482 524 formaverat.

301 605 471 676 Totus
493 603 593 676 hic
618 603 984 676 paragraphus
1009 602 1240 673 refertur
1250 604 1320 676 _in
1348 617 1396 676 vi
1413 603 1640 676 synodo,
1672 602 1815 658 inter

227 693 300 733 ea
325 671 670 740 Theodereti,
697 671 1220 745 adversnsisanctum
1235 671 1512 745 Cyrillum,
1543 689 1664 743 qum
1683 689 1814 745 alia-7

229 744 738 814 thematedamneta
765 753 916 808 sunt;
939 743 1193 813 ﬂagitium
1214 743 1341 800 vero
1360 745 1525 814 ipsius
1545 752 1643 808 est,
1667 743 1814 814 quod

227 825 420 873 sancto
459 813 656 887 Cyrillo
684 811 1027 870 contradicat
1043 815 1097 870 in
1124 830 1190 887 ea
1220 811 1438 887 parte,“
1459 815 1512 869 in
1553 829 1658 887 qua
1683 811 1813 887 fidei

227 889 370 944 ratio
398 884 568 956 posita
613 897 744 951 erat,
777 901 970 955 nempe
997 884 1142 954 quod
1178 884 1337 940 beata
1381 884 1546 956 Virgo
1571 884 1810 941 Verbum

226 955 450 1015 carnem
491 957 687 1011 factum
713 956 1010 1026 pepererit,
1060 963 1116 1011 et
1154 971 1262 1011 non
1302 962 1510 1011 tantum
1540 955 1813 1010 hominem

229 1027 577 1097 conjunctum
607 1027 736 1081 Deo.

305 1159 372 1214 At
397 1158 441 1214 si
470 1169 577 1213 non
602 1166 682 1213 εει
709 1158 892 1224 homo,
915 1158 1005 1227 qui
1027 1157 1080 1211 in
1103 1165 1258 1213 utero
1285 1156 1518 1227 Virginis
1537 1157 1694 1212 ﬁctus
1713 1164 1813 1220 est,

226 1253 328 1310 sed
356 1253 496 1308 Deus
519 1251 753 1308 Verbum
773 1291 787 1316 ,
820 1252 911 1322 qui
941 1257 1022 1306 est
1051 1259 1173 1306 ante
1203 1249 1427 1318 saecula;
1455 1250 1658 1306 factura
1689 1264 1816 1319 ergo

226 1344 404 1402 sancti
426 1343 656 1415 Spiritus
679 1351 761 1398 est
788 1342 928 1398 Deus
955 1341 1210 1397 Verbum.
1237 1341 1372 1396 Nam
1396 1343 1531 1415 quod
1555 1344 1610 1396 in
1630 1359 1690 1396 ea
1717 1357 1817 1396 na-

228 1449 339 1494 tum
366 1447 460 1505 est,
485 1437 656 1508 inquit
675 1435 910 1502 Gabriel,
935 1453 999 1490 ea:
1021 1435 1220 1506 Spiritu
1241 1445 1418 1490 sancto
1438 1444 1515 1490 est
1537 1431 1750 1500 (Matth.
1775 1449 1814 1498 ι,

224 1527 356 1601 20).
385 1528 455 1584 At
481 1529 526 1584 si
560 1529 857 1584 increatum
886 1533 968 1581 est
996 1527 1327 1595 unigenitum
1355 1525 1451 1581 Dei
1479 1524 1732 1589 Verbum,
1763 1534 1818 1578 et

229 1619 472 1691 ejusdem
494 1634 615 1676 cum
635 1615 795 1674 Patre
815 1619 1140 1684 substantiae,
1161 1615 1367 1690 [Batuz.
1387 1611 1511 1671 add.
1529 1625 1584 1672 et
1603 1624 1819 1672 coaeter-

227 1728 358 1768 num
384 1728 506 1770 cum
546 1708 726 1782 Patre]
758 1723 867 1764 non
907 1716 990 1764 est
1019 1707 1248 1780 Spiritus
1276 1709 1445 1764 sancti
1484 1706 1707 1762 factura.
1751 1706 1810 1762 Si

225 1815 408 1863 autem
436 1822 542 1862 non
572 1805 740 1860 Deum
773 1801 1008 1860 Verbum
1044 1803 1098 1857 in
1124 1811 1278 1858 utero
1306 1801 1538 1870 Virginis
1573 1799 1807 1871 Spiritus

223 1898 507 1964 formavit,
535 1904 809 1968 superest,
836 1903 894 1950 ut
921 1895 1062 1951 servi
1091 1893 1316 1949 formam
1360 1892 1716 1962 intelligamus
1754 1899 1809 1956 et

223 1990 512 2048 formatam
538 2000 593 2047 et
618 1992 794 2047 fictam
823 2003 942 2044 esse
970 1996 1179 2042 natura.

298 2085 404 2140 Sed
432 2085 682 2155 quoniam
713 2099 820 2139 non
851 2089 1057 2137 tantum
1102 2087 1218 2134 erat
1270 2077 1409 2134 servi
1463 2077 1656 2142 forma,
1708 2078 1809 2133 sed

224 2177 486 2247 templum
538 2175 896 2230 habitatorem
945 2173 1150 2227 habens
1177 2170 1345 2226 Deum
1374 2167 1627 2232 Verbum,
1656 2169 1809 2237 juxta

224 2264 380 2322 Pauli
397 2282 586 2322 vocem
609 2283 623 2320 :
657 2264 913 2330 Quoniam
933 2265 986 2318 in
1006 2265 1138 2334 ipso,
1163 2261 1353 2331 inquit,
1378 2261 1810 2330 romplacm‘tom—

225 2374 346 2414 nem
373 2357 740 2429 plenitudinem
761 2356 965 2410 deitatis
982 2354 1213 2407 habitune
1225 2352 1564 2421 corporaliter
1585 2348 1806 2416 (Colore.

225 2465 266 2515 ι,
297 2448 418 2521 i9);
446 2465 554 2505 non
580 2456 790 2502 tantum
810 2447 1206 2524 ἀνθρωποτὸκον,
1223 2443 1321 2496 sed
1342 2444 1661 2497 ειθεοτόκον
1688 2454 1813 2495 san-

229 2548 375 2595 ctam
405 2539 676 2607 Virginem
707 2549 994 2601 vocamus;
1024 2529 1429 2610 ετντρωποτόιων,
1475 2541 1700 2602 miser
1749 2528 1815 2582 ii-

228 2632 468 2685 ctionem
518 2638 573 2684 et
619 2628 1022 2692 formationem;
1052 2627 1317 2689 omne»,
1375 2631 1596 2693 propter
1615 2623 1810 2687 ἕνωσιν,

229 2723 570 2792 appellantes
595 2738 607 2772 :
639 2717 869 2788 ideoque
894 2729 1046 2788 puer,
1071 2719 1163 2786 qui
1186 2725 1346 2770 natus
1369 2724 1474 2780 est,
1499 2715 1817 2768 Enim'anuel

227 2818 317 2866 est
360 2820 612 2876 vocatus;
644 2825 743 2865 nec
771 2809 910 2864 Deus
937 2809 1004 2862 ab
1029 2809 1260 2862 humana
1289 2813 1483 2860 natura
1510 2814 1812 2874 separatus,

229 2916 335 2956 nec
357 2902 519 2957 homo
547 2902 745 2957 deitate
789 2901 982 2956 nudus.
1008 2899 1330 2954 Emmanuel
1359 2899 1502 2953 enim
1531 2897 1812 2965 signiﬁcat,

227 2993 510 3049 nobiscum
541 3001 658 3048 esse
688 2994 873 3059 Deum,
895 2993 1047 3062 juxta
1066 2990 1480 3058 Evangelierum
1503 3004 1694 3055 voces;
1721 3005 1818 3042 no-

223 3083 436 3143 biscum
465 3093 645 3140 autem
668 3085 833 3150 Deus,
863 3091 922 3138 et
940 3099 1060 3139 eum
1088 3081 1373 3151 signiﬁcat,
1398 3082 1494 3150 qui
1546 3093 1616 3136 ex
1662 3080 1816 3133 nobis

221 3191 332 3248 pro
359 3175 516 3232 nobis
541 3183 845 3245 assumptus
871 3183 973 3240 est,
1006 3181 1061 3229 et
1087 3174 1256 3228 Deum
1275 3171 1530 3236 Verbum,
1562 3171 1706 3240 quod
1728 3185 1816 3226 as-

227 3269 479 3339 sumpsit,
524 3267 776 3324 ostendit.
835 3265 976 3336 Ergo
1031 3263 1349 3319 Emmanuel
1411 3277 1547 3333 puer
1595 3271 1820 3334 propter

226 3360 421 3425 Deum,
452 3361 544 3430 qui
571 3361 890 3431 assumpsit;
915 3367 969 3414 et
997 3357 1158 3428 Virgo
1187 3355 1431 3418 Θεοτόκος
1453 3364 1675 3426 prepter
1688 3354 1820 3410 con-

222 3452 560 3524 iunctionem
609 3452 705 3507 Dei
734 3450 918 3507 formae
948 3450 1123 3516 servi;
1148 3464 1324 3519 neque
1352 3449 1405 3502 in
1432 3462 1649 3502 carnem
1677 3445 1818 3500 Deus

222 3539 469 3598 Verbum
494 3557 786 3599 conversus
818 3550 901 3597 est
925 3558 938 3594 :
970 3539 1066 3596 sed
1090 3538 1189 3596 Dei
1215 3539 1389 3595 forma
1416 3538 1559 3593 servi
1589 3537 1816 3594 formam

225 3635 460 3706 accepit.

711 3762 988 3803 BESPONSIO
1017 3762 1337 3802 ORTBODOXI.

305 3855 600 3914 Plurimum
649 3867 703 3913 et
731 3874 872 3928 saepe
901 3858 1258 3913 incusavimus
1299 3872 1394 3912 eos
1425 3856 1516 3925 qui
1564 3863 1816 3910 recusant

222 3950 476 4007 coiiliteri
523 3950 691 4006 Deum
748 3966 862 4004 esse
910 3965 1036 4004 vere
1090 3948 1436 4012 Emmanuel,
1483 3956 1538 4002 et
1574 3957 1815 4004 sanctam

225 4041 508 4113 Virginem
537 4059 653 4098 esse
681 4043 940 4108 Θεοτὸκον,
973 4041 1093 4095 ideo
1123 4041 1267 4110 quod
1296 4041 1503 4110 peperit
1524 4039 1815 4094 secundum

228 4149 456 4190 carnem
484 4133 580 4188 Dei
608 4133 858 4195 Verbum,
887 4140 1014 4186 tunc
1043 4146 1163 4185 cum
1192 4137 1274 4186 est
1312 4130 1512 4184 factum
1559 4145 1704 4196 caro,
1762 4129 1815 4184 id

229 4236 340 4292 est,
372 4228 554 4283 homo.
580 4227 646 4280 At
678 4244 803 4282 vero
833 4227 898 4293 is,
921 4227 1012 4296 qui
1034 4233 1143 4279 tam
1166 4233 1313 4280 recte
1338 4225 1477 4279 dicta
1500 4240 1530 4278 a
1559 4225 1714 4279 nobis
1735 4239 1818 4278 ac-

229 4328 409 4385 cusat,
441 4320 485 4374 si
513 4319 682 4374 Deum
712 4335 836 4374 vere
864 4333 982 4373 esse
1010 4318 1181 4372 nescit
1210 4316 1556 4380 Emmanuel;
1616 4316 1660 4369 si
1707 4331 1814 4370 non

229 4421 321 4470 est
345 4422 529 4468 natum
559 4413 844 4468 carnaliter
872 4427 939 4467 ex
983 4427 1134 4466 sacra
1174 4410 1390 4479 Virgine
1442 4424 1569 4464 caro
1615 4408 1814 4463 factum

231 4507 334 4562 Dei
355 4507 607 4573 Verbum,
635 4506 788 4576 juxta
811 4505 1146 4576 Scripturas;
1178 4520 1272 4558 cur
1302 4518 1408 4557 non
1438 4503 1606 4571 magis
1635 4503 1814 4573 palam

232 4598 532 4654 clamabat:
553 4599 687 4665 Quid
717 4600 846 4667 agis,
876 4601 956 4653 vir
975 4599 1114 4653 bone
1131 4597 1337 4670 [Belua
1359 4597 1486 4652 add.
1510 4595 1816 4667 Ambrosi]?

232 4690 463 4746 Eructas
477 4692 722 4748 infandos
734 4707 1030 4757 sermones,
1059 4691 1308 4761 dogmata
1329 4691 1529 4746 obteris
1550 4691 1811 4748 veritatis.

233 4781 357 4838 Non
385 4792 466 4839 est
491 4783 635 4839 Deus
655 4798 779 4838 vere
806 4781 1138 4848 Emmanuel,
1177 4796 1276 4836 nec
1304 4781 1464 4852 Virgo
1491 4792 1675 4838 sancta
1696 4792 1817 4839 Θεο-

230 4876 404 4940 τὸκος,
436 4882 494 4927 ιιι
514 4874 675 4928 etiam
702 4889 800 4927 nos
820 4874 934 4927 hinc
961 4872 1033 4925 ita
1059 4871 1374 4937 clamitanti,
1407 4871 1725 4940 dicentique,
1751 4887 1814 4926 ea

235 4981 356 5035 quae
402 4981 432 5019 a
485 4965 660 5020 divina
710 4964 984 5034 Scriptura
1013 4965 1153 5019 dicta
1183 4971 1325 5029 sunt,
1357 4964 1625 5034 sapienter
1645 4978 1816 5033 oppo-

236 5065 448 5120 nentes,
471 5065 524 5111 et
545 5057 850 5126 apostolicae
879 5064 1039 5125 atque
1062 5056 1384 5125 evangelicae
1414 5055 1532 5109 fidei
1571 5055 1814 5110 traditio-

237 5165 379 5214 nem,
431 5157 484 5204 et
533 5159 836 5205 sanctorum
882 5148 1098 5205 Patrum
1143 5149 1554 5214 confessionem,
1595 5148 1686 5216 qui
1714 5163 1812 5203 suo

235 5249 480 5310 tempore
505 5242 694 5298 Νὶαετε
717 5243 1026 5313 congregati
1047 5243 1186 5309 sunt,
1215 5241 1567 5311 profer-entes,
1593 5256 1815 5310 persua-

235 5331 502 5399 deremus,
525 5335 668 5402 quod
695 5344 868 5403 neque
896 5341 1060 5400 recte,
1093 5345 1266 5402 neque
1293 5333 1519 5387 honeste
1549 5331 1691 5386 dicta
1711 5347 1815 5386 no-

234 5429 346 5476 stra
367 5433 590 5479 conetur
609 5439 861 5495 arguere;
889 5425 1054 5481 humo
1082 5425 1248 5497 magis
1278 5424 1469 5480 divina:
1519 5421 1816 5496 Scriptura:

230 5513 486 5571 reluctari
506 5517 743 5572 testi-et.

1917 477 2231 538 oportuerat
2259 479 2313 525 et
2341 486 2562 526 necesse
2594 471 2767 526 fuerat
2787 471 2983 539 dicere,
3015 476 3402 544 praetermissis,
3433 487 3490 534 et

1914 575 2034 613 cum
2065 560 2192 614 nihil
2221 562 2413 616 horum
2441 562 2722 631 tetigisset,
2755 564 2974 619 omnino
3004 565 3057 618 in
3081 565 3240 620 aliam
3269 582 3327 622 se
3354 585 3488 624 con-

1918 650 2036 703 tulit
2067 652 2207 704 viam
2236 670 2248 704 :
2281 652 2460 707 dicere
2488 653 2631 707 enim
2661 667 2941 722 aggressus
2977 663 3059 713 est
3104 658 3302 723 statim,
3346 659 3490 726 quod

1916 739 2010 794 Dei
2040 741 2272 798 Verbum
2301 745 2370 798 sit
2399 745 2752 801 conversione
2779 746 3025 815 validius,
3051 755 3103 802 et
3131 749 3275 817 quod
3304 767 3409 804 non
3433 753 3490 806 in

1915 842 2160 889 naturam
2189 837 2364 891 carnis
2389 838 2822 894 transformatum
2864 840 2950 908 sit,
2985 845 3254 912 tamquam
3300 843 3345 896 si
3389 843 3492 900 hoc

1915 940 2122 991 verum,
2155 941 2272 982 esse
2300 929 2776 994 anathematismus
2802 927 2886 988 vel
2940 933 3156 1002 sentiat,
3215 933 3300 988 vel
3341 932 3490 988 affir-

1915 1025 2046 1072 met.

1988 1107 2183 1162 Audiat
2230 1109 2390 1177 igitur
2427 1110 2534 1177 hic,
2564 1112 2657 1182 qui
2685 1114 2919 1172 orationi
2948 1116 3167 1172 alterius
3201 1117 3368 1173 nescit
3400 1133 3492 1172 oc-

1916 1211 2131 1252 currere
2157 1217 2168 1251 :
2201 1214 2497 1268 sermones,
2525 1202 2708 1270 homo,
2738 1206 2852 1262 sine
2880 1222 3041 1262 causa
3057 1223 3224 1263 vanos
3249 1223 3487 1276 exerces,

1917 1300 1971 1343 ct
1998 1289 2277 1346 reluctaris
2297 1291 2537 1360 opinioni
2565 1293 2649 1347 vel
2674 1296 2828 1350 nobis
2850 1297 3051 1352 invisae.
3081 1296 3334 1352 Novimus
3349 1298 3492 1352 enim

1918 1395 2015 1436 nos
2043 1397 2276 1450 quoque,
2299 1383 2445 1452 quod
2477 1399 2578 1438 nec
2605 1387 2844 1441 umbram
2876 1389 3091 1458 quidem
3125 1390 3491 1446 conversionis

1915 1474 2092 1529 divina
2142 1475 2229 1529 illa
2267 1475 2641 1547 excellensque
2671 1489 2860 1534 natura
2888 1483 3235 1551 perpetiatur,
3269 1490 3323 1538 et
3349 1480 3493 1552 quod

1917 1566 2012 1621 Dei
2041 1565 2274 1622 Verbum
2319 1568 2373 1622 in
2402 1576 2646 1624 naturam
2687 1587 2792 1626 non
2819 1574 3248 1642 commigraverit
3293 1574 3490 1640 carnis,

1917 1653 2117 1712 dcitate
2138 1658 2403 1728 deposita.

1837 1760 1888 1822 Β
1984 1746 2182 1803 Verum
2209 1749 2423 1819 quando
2448 1765 2480 1806 a
2507 1750 2606 1806 Dei
2653 1752 2826 1808 forma
2847 1753 2986 1808 servi
3027 1753 3254 1809 formam
3282 1769 3492 1810 assum-

1907 1847 2055 1910 ptam
2084 1855 2202 1894 esse
2231 1850 2638 1909 commemorat,
2671 1842 2860 1898 doceat
2887 1857 3004 1909 nos,
3038 1843 3244 1917 [Baluz.
3276 1844 3400 1899 add.
3424 1841 3491 1915 si]

1907 1933 2023 1989 sine
2069 1935 2381 1990 substantiis
2427 1937 2557 1992 solre
2597 1944 2654 1992 et
2696 1953 2794 2008 per
2822 1952 2878 1993 se
2909 1938 3035 2007 ipsa:
3064 1937 3204 1992 inter
3223 1954 3281 1992 se
3310 1937 3494 1992 forma:

1907 2026 2275 2082 convenerint.
2301 2028 2370 2082 At
2399 2028 2471 2096 id,
2504 2027 2715 2100 opinor,
2749 2029 2863 2099 ipse
2891 2041 3106 2099 quoque
3133 2044 3240 2082 non
3263 2029 3334 2083 ita
3376 2041 3495 2084 esse

1910 2119 2250 2174 confitebitur
2281 2138 2294 2173 :
2345 2135 2519 2190 neque
2567 2122 2710 2176 enim
2757 2118 2965 2192 species
2988 2129 3200 2175 tantum
3228 2121 3344 2174 sine
3371 2119 3495 2174 sub-

1909 2213 2136 2278 stantiis,
2165 2221 2219 2267 et
2246 2213 2600 2268 formtetinter
2626 2227 2685 2269 se
2713 2227 2810 2284 per
2835 2215 3010 2270 ἕνωσιν
3037 2212 3488 2283 dispensatoriam

1909 2311 2300 2371 convenerunt;
2332 2304 2428 2358 sed
2453 2319 2634 2359 rerum
2655 2305 2890 2375 ipsarum
2920 2307 3032 2361 sive
3071 2304 3492 2359 substantiaru‘m

1911 2401 2208 2447 conventus
2229 2400 2312 2447 est
2353 2391 2542 2459 lactus,
2575 2401 2636 2448 ut
2663 2393 3117 2448 inhumanationis
3147 2393 3350 2466 [Baluz.
3392 2394 3497 2447 hu—

1913 2483 2205 2556 manitatis]
2247 2485 2387 2539 ratio
2424 2500 2552 2540 vere
2599 2485 2738 2541 facta
2783 2501 2904 2541 esse
2931 2485 3199 2540 credatur.
3223 2484 3365 2554 Ergo
3395 2483 3499 2538 etsi

1913 2577 2009 2631 Dei
2038 2578 2274 2632 Verbum
2297 2593 2517 2633 carnem
2539 2579 2737 2635 factum
2766 2595 2886 2635 esse
2905 2579 3168 2645 dicamus,
3191 2595 3296 2633 non
3318 2589 3497 2633 tamen

1916 2670 2306 2737 confusionem,
2329 2686 2431 2726 nec
2457 2672 2916 2734 commixtionem,
2944 2675 3044 2726 'nec
3070 2687 3254 2726 rursus
3274 2660 3498 2725 conver-

1916 2761 2142 2826 sionem,
2176 2770 2268 2817 aut
2306 2763 2786 2817 commutationem
2833 2762 2882 2818 ei
2921 2762 3146 2817 dicimus
3180 2761 3496 2830 contigisse;

1917 2853 2009 2908 sed
2035 2854 2203 2924 ipsum
2234 2854 2579 2924 conjunctum
2610 2871 2747 2921 esse,
2782 2871 2976 2910 arcana
3017 2853 3378 2923 incil'abilique
3409 2868 3498 2908 ra-

1913 2945 2083 3009 tione,
2117 2947 2330 3015 corpori
2361 2955 2548 3002 sancto
2576 2947 2792 3002 habenti
2823 2947 3054 3002 animam
3082 2945 3454 3001 rationabilem
3482 2962 3496 2998 :

1919 3036 2173 3105 quidquid
2203 3039 2346 3092 enim
2375 3038 2597 3093 adunari
2622 3039 2834 3105 dicitur,
2869 3054 2976 3093 non
3010 3036 3370 3102 confunditur,
3404 3036 3500 3092 sed

1843 3139 1890 3204 ρ
1922 3128 2065 3182 aliud
2086 3129 2186 3183 sibi
2216 3131 2384 3200 magis
2406 3133 2648 3186 assumit.

1992 3218 2329 3278 Affirmamus
2355 3223 2533 3291 igitur,
2561 3223 2657 3278 Dei
2685 3222 2859 3278 Patris
2885 3225 3119 3280 Verbum
3149 3225 3500 3295 assumpsisse

1920 3291 2021 3369 sibi
2060 3322 2301 3369 sanctam
2331 3322 2386 3369 et
2414 3315 2705 3369 animatum
2755 3331 2988 3382 carnem,
3021 3323 3075 3370 ct
3103 3331 3220 3372 esse
3246 3330 3373 3370 vere
3419 3315 3500 3368 in—

1919 3405 2265 3474 confuseque,
2299 3421 2367 3461 ex
2395 3407 2510 3476 ipsa
2537 3407 2714 3473 vulva,
2754 3407 3118 3476 conjunctum,
3145 3407 3338 3461 exiissc
3375 3406 3497 3474 qui-

1918 3498 2038 3552 dem
2068 3499 2358 3565 hominem,
2389 3499 2768 3556 Deumtamen
2793 3516 2984 3556 verum
3025 3501 3109 3555 sic
3153 3514 3368 3569 quoque
3407 3514 3499 3553 rc-

1917 3591 2210 3656 tnansisse;
2242 3589 2363 3645 ideo
2393 3597 2449 3645 et
2474 3589 2634 3660 Virgo
2663 3600 2848 3648 sancta
2896 3593 3138 3653 Θιοτόκος
3169 3597 3269 3646 est.
3300 3588 3500 3660 Super-

1920 3696 2143 3737 vacuum
2172 3689 2350 3736 autem
2379 3697 2498 3737 esse
2526 3683 2880 3752 opinor,_eam
2902 3683 3067 3754 etiam
3113 3682 3499 3758 ἁνθρωποτόκον

1917 3774 2120 3828 vocari.
2149 3773 2284 3829 Nam
2311 3775 2358 3829 si
2406 3784 2586 3829 essent
2632 3776 2850 3845 quidam
2877 3776 3013 3831 adeo
3039 3783 3222 3828 mente
3249 3773 3410 3846 capti,
3443 3778 3502 3830 ut

1917 3863 2174 3930 dicerent,
2208 3873 2454 3918 naturam
2498 3863 2658 3918 Verbi
2685 3881 2753 3918 ex
2779 3881 2957 3930 carne,
2993 3874 3264 3936 tamquam
3293 3862 3497 3916 fontem

1918 3973 2028 4011 suae
2055 3957 2277 4024 originis
2305 3957 2574 4019 habuisse,
2605 3964 2658 4009 et
2687 3972 2796 4010 suae
2826 3957 3102 4010 exstantia:
3134 3954 3338 4027 [Baluz.
3368 3955 3496 4006 sub-

1920 4045 2148 4116 stantiae]
2203 4047 2325 4101 inde
2362 4048 2574 4100 initium
2618 4047 2783 4100 inisse
2829 4048 3094 4110 sortitum,
3129 4047 3354 4100 fortasse
3388 4061 3499 4099 non

1915 4138 2123 4203 absque
2171 4136 2349 4204 aliqua
2391 4137 2602 4191 ratione
2649 4137 2824 4190 facere
2871 4137 3198 4201 viderentur,
3235 4136 3328 4204 qui
3373 4149 3499 4189 eam

1915 4227 2296 4302 ἀνθρωιτοτόκον
2314 4227 2493 4281 vocari
2521 4226 2718 4281 debere
2734 4227 3099 4281 ostenderent.
3117 4226 3223 4281 Sed
3242 4226 3498 4295 quoniam

1919 4316 2224 4384 hujusmodi
2253 4319 2436 4387 opinio
2463 4318 2711 4372 omnibus
2735 4318 2922 4374 odiosa
2951 4327 3051 4384 est,
3095 4333 3197 4372 nec
3216 4318 3372 4372 aliter
3397 4333 3500 4388 po—

1920 4421 2024 4467 test
2041 4414 2264 4483 intelligi
2280 4415 2520 4474 Θεοτόκος
2539 4428 2658 4468 esse
2682 4412 2841 4482 Virgo
2862 4422 3067 4480 sancta,
3088 4415 3192 4469 nisi
3215 4415 3332 4484 quis
3345 4414 3497 4485 prius

1843 4527 1895 4586 ι)
1917 4507 2225 4572 crediderit,
2276 4507 2420 4575 quod
2465 4505 2667 4561 iactum
2713 4506 2784 4561 sit
2808 4521 2954 4571 caro,
2989 4507 3040 4559 id
3068 4513 3168 4571 est,
3201 4506 3398 4562 factum
3428 4506 3499 4561 sit

1921 4600 2100 4664 homo,
2150 4599 2247 4653 Dei
2275 4597 2449 4653 Patris
2479 4598 2713 4653 Verbum
2766 4596 2961 4667 (neque
2990 4599 3135 4652 enim
3163 4597 3494 4652 divinitatem

1919 4689 2112 4743 nudam
2138 4690 2288 4760 virgo
2316 4689 2726 4759 peperit),quod
2755 4689 2910 4743 nobis
2939 4703 3007 4743 ex
3033 4689 3133 4743 hac
3152 4687 3500 4743 contentione

1921 4783 2264 4838 emolumenti
2285 4783 2496 4853 parient
2515 4782 2590 4850 hi,
2608 4783 2699 4854 qui
2721 4789 2931 4838 certant
2941 4781 3106 4836 etiam
3122 4779 3497 4856 Mpmrm'éxou

1920 4891 2039 4931 eam
2062 4875 2239 4931 vocari
2268 4875 2503 4930 debere?

1990 4969 2207 5034 Verum,
2255 4977 2516 5039 quantum
2561 4975 2803 5038 apparet,
2854 4967 3033 5022 locum
3087 4965 3190 5020 sibi
3243 4963 3500 5020 adversus

1919 5059 2190 5118 Christum
2212 5060 2429 5114 dicendi
2456 5060 2926 5128 excogitaverunt;
2961 5074 3065 5112 non
3095 5040 3240 5111 enim
3282 5055 3498 5125 patiun-

1919 5158 2025 5215 tur,
2056 5150 2142 5204 vel
2169 5151 2370 5204 sentire
2397 5150 2482 5204 vel
2508 5149 2703 5213 dicere,
2729 5149 2903 5218 ipsum
2925 5147 3021 5202 Dei
3042 5145 3216 5200 Patris
3238 5145 3497 5210 Verbum,

1917 5241 2062 5310 quod
2087 5249 2208 5295 erat
2232 5248 2360 5294 ante
2385 5239 2580 5294 saecula
2609 5238 2794 5304 Filius,
2823 5238 3131 5294 novissimis
3167 5235 3502 5306 temporibus

1917 5332 2214 5398 inconfuse,
2274 5331 2855 5400 inconvertibiliterque
2910 5329 3201 5384 adunatum
3249 5341 3388 5393 esse,
3433 5342 3502 5381 ex

1920 5424 2096 5489 vulva,
2146 5422 2293 5478 carni
2330 5421 2547 5476 habenti
2592 5421 2826 5476 animam
2872 5417 3266 5485 rationabilem,
3315 5431 3380 5472 ac
3426 5417 3505 5473 sic

1918 5516 2080 5571 fuisse
2101 5515 2376 5569 hominem
2397 5513 2624 5568 similem
2656 5511 2850 5568 nostri.
2884 5510 2991 5567 Sed
3015 5511 3158 5567 sicut
3182 5524 3350 5567 unum
3371 5523 3502 5567 sane

1401 5613 1933 5693 CASTlGATlONES
1963 5631 2056 5693 ET
2094 5628 2325 5690 norm.
3181 5703 3183 5706 ι

308 5734 334 5762 ⁸
357 5724 412 5781 in
439 5728 662 5798 epistola
690 5727 906 5797 Pelagii,
940 5743 1084 5795 quem
1118 5727 1226 5797 ipse
1247 5727 1500 5800 formavit.
1530 5729 1584 5783 In
1614 5729 1781 5783 veteri
1814 5729 2055 5784 versione
2083 5739 2241 5792 supra
2271 5720 2502 5785 laudata,
2533 5721 2620 5791 qui
2641 5720 2794 5790 ﬁnxit
2816 5737 2949 5777 eum.
2972 5719 3174 5782 ΒΑιιυι.
