3982 6278
414 321 522 381 915

935 311 1120 369 MARU
1176 299 1615 365 MERCATOMS
1651 299 1922 357 TliANSL
1940 293 2222 352 \TIOXES
2264 287 2624 346 VARIORUM
2663 282 3192 344 OPUSCULOBUM.

3594 283 3699 340 976

412 447 626 495 ctorum
655 432 1041 489 inhabitantem
1070 429 1239 483 Deum
1264 425 1513 480 habuisse
1543 424 1999 481 commemorant,
2034 423 2078 477 Α
2109 415 2178 495 1⁸5
2207 413 2498 495 anathema.
2519 409 2714 495 dicitur
2757 408 2834 471 ei,
2867 409 2952 495 qui
2983 404 3276 495 defenderit
3291 406 3475 495 Jimpia
3530 403 3700 495 Theo--

414 533 552 588 alios
580 529 742 584 etiam
771 527 845 580 ita
865 525 1066 580 sentire
1087 521 1377 576 sollicitant
1403 535 1415 570 :
1450 532 1556 570 non
1580 511 2003 573 considerantes,

412 623 558 694 quod
589 623 642 675 in
673 620 828 675 nobis
875 631 1090 687 quoque
1119 629 1217 685 per
1262 619 1508 668 sanctum
1535 608 1816 678 Spiritum,
1862 613 1922 658 ut
1951 603 2005 658 in

414 715 614 769 sanctis
655 709 886 780 templis,
934 706 1139 762 habitet
1167 703 1406 759 omnium
1438 701 1595 754 Deus.
1625 698 1893 767 Scriptum
1923 701 2006 749 est

413 806 558 860 enim
585 822 596 856 :
624 801 870 865 Nescitis,
895 797 1031 872 quod
1054 794 1296 866 templum
1322 793 1414 847 Dei
1435 793 1577 856 estis,
1603 800 1653 844 et
1673 789 1882 858 spiritus
1908 784 2005 840 Dei

415 895 608 952 habitet
644 895 699 949 in
721 892 900 949 vobis?
936 888 996 946 Si
1021 889 1131 961 quis
1155 903 1275 956 ergo
1298 883 1538 956 templum
1575 882 1667 936 Dei
1699 879 1998 949 corrumpit,

413 993 704 1056 corrumpet
730 1000 845 1038 eum
870 981 1043 1047 Deus;
1076 979 1319 1051 templum
1341 978 1478 1032 enim
1513 976 1605 1028 Dei
1644 983 1880 1027 sanctum
1901 980 2000 1038 est,

413 1077 550 1150 quod
568 1078 689 1131 estis
718 1090 802 1128 vos
826 1072 869 1145 (ι
891 1071 1009 1127 Cor.
1033 1088 1110 1136 ιιι,
1137 1069 1247 1140 16).
1272 1067 1382 1124 Sed
1400 1067 1503 1123 etsi
1532 1063 1794 1120 nominati
1820 1076 2004 1117 sumus

417 1169 632 1238 templa,
665 1165 835 1221 Deum
863 1164 1124 1220 habentes
1151 1161 1541 1218 inhabitantem
1570 1172 1667 1228 per
1711 1154 2002 1226 Spiritum;

414 1272 654 1316 attamen
683 1259 849 1314 alium
875 1256 1136 1328 mysterii,
1174 1253 1469 1310 secundum
1511 1249 1802 1314 Christum,
1845 1245 2004 1302 novi-

415 1369 535 1410 mus
561 1352 783 1408 modum
808 1369 822 1406 :
852 1365 982 1406 vere
1009 1349 1150 1404 enim
1176 1346 1466 1401 adunatam
1513 1357 1633 1398 esse
1673 1341 1784 1396 Deo
1825 1337 2004 1394 Verbo

413 1446 642 1502 dicimus
669 1458 906 1511 carnem,
931 1441 1222 1498 habentem
1250 1437 1455 1493 scilicet
1483 1434 1717 1490 animam
1761 1431 2002 1487 rationa-

415 1538 598 1595 bilem.

487 1652 596 1710 Sed
617 1652 846 1708 libenter
867 1665 992 1706 eum
1011 1647 1371 1711 consulerem,
1403 1653 1585 1701 utrum
1603 1642 1867 1697 unitatem
1905 1637 2005 1694 Dei

415 1743 577 1800 Verbi
606 1752 662 1799 et
680 1740 1049 1804 humanitatis,
1080 1738 1194 1794 sive
1221 1735 1394 1792 sancti
1433 1734 1676 1805 corporis
1704 1730 2003 1787 rationabi-

607 1785 1049 1804 ν...ι.........-,.---,
1081 1785 1193 1794 ----
1221 1785 1394 1792 __-_--_
1438 1785 1672 1805 ---τμη
1822 1785 1855 1786 ,,
2313 1791 2324 1802 ν
2537 1787 2548 1799 ,
2656 1787 2667 1798 ο

416 1835 538 1889 liter
565 1833 804 1898 animati,
837 1833 1034 1886 factam
1072 1844 1191 1884 esse
1221 1842 1346 1882 vere
1394 1825 1747 1889 conﬁteatur;
1779 1838 1848 1877 an
1890 1821 2004 1890 ipse
2034 1807 2080 1867 Β
2107 1785 2821 1898 ἀεᾼ³θ¹¹¹¹¹ξθιθ³ν¹ξίξ¹ξξ⁵θξ⁶ξξ

415 1937 634 1992 quoque
680 1921 1061 1977 nonnullorum
1109 1917 1377 1988 exemplo,
1432 1931 1531 1986 per
1569 1913 2006 1983 conjunctionem

413 2015 600 2090 Nilum.
616 2012 729 2085 [σν.
764 2013 1035 2085 συνάφειαν
1056 2005 1330 2081 σχετικὴν]
1352 2007 1562 2062 servilis
1576 2013 1630 2061 et
1643 2006 2004 2062 ἁνυποστὰτου

417 2097 604 2159 farm-.13
632 2121 753 2159 cum
780 2103 1109 2173 ὶνυποστάτῳ
1129 2099 1302 2154 forma
1331 2098 1533 2163 divina,
1564 2097 1676 2152 sive
1697 2096 1802 2150 alio
1824 2095 2006 2159 modo,

419 2211 516 2268 per
535 2198 706 2251 solam
737 2195 970 2250 ﬁlietatis
995 2194 1311 2267 ὁμωνυμίαν,
1336 2200 1391 2247 et
1418 2190 1781 2260 aequalitatem
1831 2187 2004 2256 digni-

420 2287 578 2352 tatis;
611 2294 703 2340 aut
727 2287 770 2341 si
797 2286 932 2340 alius
961 2285 1100 2340 ullus
1121 2280 1520 2354 conjunctionis
1549 2279 1866 2348 intelligitur
1885 2292 2007 2333 mo-

416 2378 554 2436 dus?
581 2377 688 2432 Sed
734 2378 874 2432 forte
914 2377 1032 2431 sine
1059 2389 1223 2431 causa
1245 2373 1506 2429 molestus
1533 2386 1673 2435 sum,
1700 2378 1755 2424 et
1782 2384 2008 2439 percun-

411 2478 536 2528 etor
591 2485 697 2522 non
749 2468 1092 2522 necessario:
1132 2466 1308 2520 habeo
1357 2464 1503 2520 enim
1545 2478 1708 2519 voces
1737 2463 1922 2532 ipsius,
1953 2470 2009 2517 et

413 2559 806 2632 apertissimam
833 2559 1264 2626 confessionem;
1295 2558 1350 2614 in
1398 2558 1574 2628 primo
1624 2571 1856 2626 namque
1901 2555 2007 2610 hoc

411 2652 650 2723 capitulo
695 2651 868 2708 dixit:
909 2649 1038 2706 Ideo
1077 2659 1232 2706 natus
1278 2668 1404 2722 puer
1431 2657 1642 2704 vocatur
1668 2646 2002 2710 Emmanuel,

411 2759 505 2800 nec
528 2741 664 2797 Deus
694 2759 725 2796 a
753 2751 945 2797 natura
972 2751 1246 2814 separatur
1272 2741 1520 2805 humana,
1553 2755 1646 2793 uec
1696 2738 1846 2792 homo
1876 2737 2006 2792 divi-

411 2837 573 2890 nitate
620 2834 804 2888 nudus.
836 2832 1162 2906 Oportuerat
1187 2832 1404 2902 quidem
1436 2833 1607 2901 ipsum
1655 2830 1908 2886 subtilem
1936 2844 2006 2885 ex

410 2923 497 2982 his
527 2925 943 2994 expositionem,
975 2925 1354 2993 elimatamque
1382 2939 1604 2988 curare;
1637 2931 1893 2976 caeterum
1950 2920 2005 2976 id

412 3025 564 3073 certe
585 3018 879 3072 notandum
906 3025 1007 3072 est.
1033 3015 1173 3073 Ecce
1194 3017 1339 3073 enim
1363 3017 1478 3086 ipse
1510 3017 1773 3071 unitatem
1819 3015 2006 3086 expla-

410 3123 566 3174 nans,
598 3108 664 3164 ab
693 3109 927 3164 humana
957 3118 1145 3165 natura
1173 3109 1343 3165 Deum
1392 3110 1597 3164 unitate
1645 3124 1703 3164 se
1751 3124 2004 3178 separare

412 3209 593 3270 negat,
644 3201 1000 3272 eumdemque
1026 3201 1316 3258 conﬁtetur
1357 3201 1526 3256 Deum
1555 3201 1713 3256 simul
1743 3208 1798 3255 et
1822 3199 2000 3255 homi-

408 3305 577 3348 nem:
628 3308 726 3349 cur
779 3307 910 3364 ergo
965 3307 1075 3350 non
1103 3293 1394 3360 erubescit,
1423 3293 1566 3348 dicta
1590 3293 1877 3364 increpans
1901 3306 2004 3348 no-

409 3383 569 3441 stra?
602 3393 626 3421 ι

798 3535 1277 3578 ΔΝΔἸἭΕΙΔἸῚΞΙΰ.
1327 3533 1613 3576 SECUNDUS.

481 3627 662 3700 Siquis
688 3646 797 3686 non
826 3629 1169 3696 conﬁteatur,
1197 3631 1347 3686 carni
1369 3647 1465 3700 per
1485 3630 1837 3684 substantiam
1867 3629 1999 3684 adu-

409 3731 595 3778 natum
622 3738 742 3780 esse
765 3723 862 3779 Dei
889 3722 1064 3779 Patris
1085 3723 1339 3788 Verbum,
1388 3731 1444 3777 et
1483 3739 1647 3776 unum
1693 3738 1811 3776 esse
1839 3720 1998 3776 Chri-

405 3821 549 3871 stum
570 3830 690 3870 cum
713 3816 933 3886 propria
954 3829 1138 3881 carne,
1160 3815 1407 3870 eumdem
1431 3813 1636 3870 scilicet
1656 3814 1824 3869 Deum
1839 3814 1998 3869 simul

404 3914 462 3966 et
489 3905 797 3974 hominem;
829 3907 1116 3962 anathema
1145 3907 1232 3962 sit.

871 4059 1235 4101 REPREHENSIO
1264 4058 1551 4100 HERETICI.

478 4149 654 4208 Unum
668 4153 884 4223 quidem
905 4153 1177 4210 Christum
1198 4153 1536 4219 conﬁtemur,
1561 4154 1755 4210 divinis
1779 4163 1998 4224 aposto-

406 4241 581 4298 lorum
610 4243 989 4298 traditionibus
1017 4243 1474 4313 obtemperantes,
1505 4251 1560 4298 et
1586 4244 1832 4300 eumdem
1869 4260 1999 4314 pro-

404 4340 526 4401 pter
570 4334 746 4388 ενωσιν
802 4334 970 4388 Deum
1026 4343 1081 4389 et
1110 4335 1380 4388 hominem
1403 4336 1761 4390 nominamus.
1794 4335 1995 4390 Verqu

399 4423 580 4479 ἕνωσιν
607 4439 705 4493 per
733 4425 1086 4479 substantiam
1108 4427 1322 4495 penitus
1344 4427 1668 4495 ignoramus,
1693 4434 1752 4481 ut
1774 4443 1990 4492 novam,

404 4520 460 4568 et
490 4513 721 4567 alienam
749 4530 778 4566 a
808 4515 1002 4569 divinis
1029 4514 1318 4585 Scripturis
1345 4524 1400 4570 et
1440 4514 1709 4584 Patribus,
1762 4519 1854 4587 qui
1898 4533 1992 4574 eas

404 4601 744 4674 interpretati
766 4613 910 4660 sunt.

395 4766 406 4776 υ
469 4693 538 4750 Ει
567 4697 654 4752 hic
681 4714 898 4776 quoque
922 4705 1064 4752 totus
1094 4699 1244 4755 locus
1273 4700 1474 4776 relatus
1496 4709 1579 4756 est
1598 4701 1994 4776 damnatusque

395 4770 449 4853 in
482 4781 532 4852 Ov
585 4770 809 4839 synodo,
835 4779 1148 4853 Opi-Opter‘ca
1184 4771 1338 4851 quod
1378 4771 1626 4853 rejicerct
1653 4774 1854 4853 iuuene
1885 4770 1994 4830 καθ’

393 4839 706 4918 ρπόσῖασιν,
761 4842 914 4918 cujus
964 4839 1234 4918 confessio
1257 4849 1361 4918 __est
1407 4839 1543 4918 sola,
1577 4843 1900 4918 indubitata,
1933 4852 1992 4900 et

393 4904 599 4967 fraudis
625 4904 841 4982 expers
861 4912 1002 4968 bene
1028 4912 1292 4968 sentiendi
1322 4904 1538 4982 regula.
1581 4913 1735 4970 Unde
1779 4904 1992 4972 canone

2111 486 2274 540 doreti
2301 485 2608 552 conscripta,
2639 495 2754 551 qua
2800 475 2980 532 contra
3019 475 3212 552 rectam
3239 475 3397 546 ﬁdem
3424 486 3475 528 et
3516 484 3702 552 contra

2109 557 2331 627 primam
2351 542 2670 627 [ip/resinam
2698 559 2935 627 sanctam
2959 542 3308 627 syriodum,“
3335 556 3578 627 sanctum
3598 542 3700 627 Cp.

2108 617 2314 690 riuum;
2336 635 2386 678 et
2402 617 2675 678 duodecim
2715 621 2826 693 ejus
2855 617 3104 693 capitula,
3144 618 3400 693 emposuit,
3432 626 3483 693 et
3522 617 3702 693 omnia

2107 714 2223 769 qua
2269 686 2576 769 conscripsit
2604 686 3032 769 _pro'Theo_doro
3056 698 3124 769 _et
3151 686 3399 769 Nestorio
3426 688 3624 769 impiis,
3651 695 3703 769 et

2107 758 2202 840 pro
2233 768 2370 829 aliis,
2399 758 2486 840 qui
2513 758 2696 840 eadem
2743 762 3004 834 prcedictis
3055 760 3324 840 Theodoro
3361 769 3409 840 et
3450 758 3702 840 Nestorio

2105 833 2717 909 sapuerunt,'defeudeus
2738 833 2845 909 eos,
2868 840 2919 886 et
2937 849 3111 909 eorum
3137 833 3476 909 impietatem,
3498 839 3549 884 et
3579 846 3704 899 pre-

2107 901 2222 980 pter
2242 910 2336 964 hoc
2359 901 2544 980 impios
2559 923 2746 962 vocans
2763 905 2998 980 doctores
3019 901 3400 980 Ecclesiw,_qui
3423 917 3702 956 UNITATEI

2107 972 2382 1036 secuunuu
2431 972 2851 1035 sunstsreu'ruu
2895 973 2994 1028 Dei
3043 972 3197 1029 Verbi
3240 972 3550 1028 adeuntem
3579 987 3705 1027 cou-

2107 1053 2337 1122 ﬁteutur,
2367 1059 2474 1106 etc.

2176 1144 2233 1200 Si
2261 1152 2441 1198 autem
2471 1144 2536 1208 is,
2557 1142 2650 1212 qui
2679 1141 2794 1197 haec
2813 1139 3036 1210 reperit,
3065 1139 3180 1193 vult
3207 1137 3386 1195 dicere
3410 1138 3594 1195 ἕνωσιν
3608 1152 3705 1209 per

2105 1235 2484 1301 substantiam,
2527 1249 2634 1304 qua
2679 1232 2998 1289 commixtio
3039 1231 3110 1286 sit
3152 1229 3294 1286 facta
3321 1229 3623 1285 divinitatis
3652 1238 3708 1285 et

2106 1331 2308 1396 carnis,
2354 1327 2789 1386 contradicemus
2825 1325 2974 1382 omni
3019 1324 3320 1390 alacritate,
3369 1331 3424 1379 et
3449 1323 3709 1394 blasphe-

2105 1423 2271 1478 miam
2293 1420 2698 1476 convincemus.
2721 1417 2955 1474 Necesse
2976 1423 3060 1471 est
3088 1415 3230 1471 enim
3257 1414 3708 1472 commixtionem

2104 1515 2352 1574 confusio
2374 1521 2658 1584 sequatur;
2689 1519 2876 1568 secuta
2905 1517 3086 1565 autem
3117 1506 3364 1563 confusio
3387 1505 3580 1561 adimit
3605 1519 3708 1559 na-

2105 1615 2240 1662 turae
2284 1605 2714 1676 proprietatem:
2764 1615 2886 1670 quae
2932 1599 3077 1655 enim
3127 1597 3445 1661 miscentur,
3476 1595 3530 1649 id
3560 1593 3711 1664 quod

2106 1706 2264 1755 erant
2303 1707 2448 1763 ante,
2481 1712 2590 1752 non
2637 1701 2882 1759 servant;
2916 1692 2970 1748 id
3001 1699 3181 1746 autem
3209 1689 3277 1745 de
3303 1688 3416 1744 Deo
3438 1686 3622 1742 Verbo
3654 1694 3713 1743 et

2851 1782 3328 1853 ﬂagitiosissimum
3353 1787 3453 1835 est.
3477 1777 3712 1849 Oportet

2111 1893 2291 1940 autem
2320 1883 2698 1952 obtemperare
2727 1877 2959 1933 Domino
2985 1873 3379 1932 demonstranti
3419 1873 3556 1928 duas
3603 1887 3711 1927 na-

2109 1986 2277 2042 turas,
2305 1984 2360 2031 ct
2387 1974 2587 2030 dicenti
2609 1971 2807 2028 Iudaeis
2832 1988 2844 2024 :
2877 1969 3074 2026 Solvite
3097 1967 3340 2039 templum
3370 1965 3530 2030 istud,
3567 1977 3619 2019 et
3653 1966 3713 2019 in

2110 2073 2280 2127 triduo
2325 2065 2656 2139 reaediﬁcabo
2700 2066 2867 2136 ipsum
2899 2061 3080 2133 (Joan.
3106 2077 3164 2126 ιι,
3197 2059 3306 2129 19).
3342 2057 3410 2112 At
3457 2057 3500 2111 si
3551 2073 3713 2113 com-

2108 2163 2302 2220 mixtio
2331 2161 2522 2218 fuisset
2542 2157 2705 2224 facta,
2730 2171 2829 2211 nec
2859 2155 3001 2209 Deus
3034 2150 3382 2207 remansisset
3410 2148 3574 2212 Deus,
3606 2162 3714 2204 nec

2108 2258 2370 2330 templum
2399 2261 2822 2325 cognosceretur
2843 2250 3124 2320 templum,
3155 2247 3249 2303 sed
3289 2255 3344 2301 et
3396 2246 3537 2300 Deus
3564 2253 3713 2298 tem-

2107 2354 2258 2425 plum
2287 2359 2452 2418 esset,
2483 2357 2540 2406 et
2560 2348 2822 2420 templum
2846 2346 2989 2402 Deus
3014 2363 3027 2399 :
3054 2345 3106 2400 id
3131 2343 3276 2399 enim
3306 2339 3714 2396 commixtionis

2106 2447 2247 2503 ratio
2275 2444 2548 2517 postulat;
2579 2450 2636 2499 et
2655 2458 2766 2498 non
2787 2448 2938 2497 recte
2964 2437 3227 2493 Dominus
3247 2434 3444 2489 Judmis
3464 2433 3664 2487 dixerit
3693 2449 3708 2484 :

2108 2539 2304 2596 Solvite
2325 2538 2571 2610 templum
2589 2535 2750 2603 istud,
2782 2535 2908 2589 etin
2940 2529 3116 2586 triduo
3138 2528 3468 2598 recedi/icabo
3512 2527 3714 2596 ipsum.

2105 2629 2434 2702 Oportuerat
2462 2628 2608 2685 enim
2637 2628 2714 2683 ita
2741 2625 2925 2682 dicere
2950 2642 2964 2678 :
2996 2621 3203 2678 Solvite
3227 2635 3336 2684 me,
3371 2627 3425 2674 et
3449 2619 3500 2672 in
3528 2617 3718 2671 triduo

2105 2737 2419 2792 resurgam;
2465 2719 2732 2790 siquidem
2781 2731 2913 2774 vere
2959 2713 3298 2777 commixtio,
3349 2710 3718 2779 confusioque

2104 2813 2296 2868 fuisset
2323 2810 2466 2867 facta
2491 2829 2505 2865 :
2539 2825 2684 2866 nunc
2704 2816 2886 2864 autem
2907 2804 3166 2871 ostendit,
3193 2812 3250 2860 et
3292 2801 3553 2874 templum
3591 2801 3718 2857 sol-

2106 2905 2362 2970 vendum,
2385 2910 2441 2958 et
2463 2901 2912 2958 resuscitaturum
2938 2899 3127 2954 Deum.

2177 2993 2458 3065 Superﬁua
2505 2993 2669 3063 igitur
2716 3006 2816 3064 per
2850 2990 3206 3046 substantiam
3237 2988 3440 3052 ἷνωσις,
3469 2999 3574 3054 qua
3603 2999 3719 3054 pro

2105 3087 2514 3153 commixtione,
2531 3091 2591 3140 ut
2611 3084 2825 3155 opinor,
2842 3091 3093 3148 utuntur;
3112 3080 3309 3136 sufﬁcit
3326 3088 3503 3135 autem
3524 3077 3719 3134 ἕνωσιν

2026 3185 2072 3248 C
2103 3178 2306 3244 dicere,
2361 3192 2482 3248 quae
2533 3183 2589 3232 et
2627 3184 2941 3231 naturarum
2971 3174 3333 3245 proprietates
3360 3169 3618 3238 ostendit,
3650 3176 3720 3226 et

2108 3285 2274 3326 unum
2296 3268 2629 3326 adorandum
2659 3266 2903 3338 praecipit
2927 3263 3224 3321 Christum.

2586 3418 2870 3461 ιεεροιιδιο
2909 3417 3232 3460 οιιτιιουοιι.

2177 3539 2318 3597 Ecce
2359 3539 2553 3596 iterum
2577 3552 2872 3608 generosus
2912 3535 3056 3592 isteb
3082 3535 3342 3591 barbarus
3373 3549 3441 3588 cx
3467 3532 3719 3589 minimis

2105 3633 2284 3690 causis
2313 3632 2655 3688 occasionem
2685 3629 3038 3686 maledicendi
3069 3637 3321 3698 captans,
3354 3625 3719 3697 reprehendit

2105 3726 2399 3781 dictionem
2427 3723 2575 3793 quod
2607 3739 2707 3794 per
2738 3722 3092 3778 substantiam
3124 3719 3432 3782 dixerimus,
3466 3725 3519 3772 ct
3548 3733 3718 3771 cam-

2105 3819 2229 3874 dem
2259 3818 2528 3873 insolitam
2557 3832 2676 3872 esse
2703 3816 2910 3882 deﬁnit,
2941 3823 2996 3870 et
3018 3831 3159 3869 novo
3181 3830 3331 3868 more
3355 3830 3471 3866 eam
3503 3811 3718 3867 factam

2103 3924 2226 3966 esse
2251 3925 2281 3963 a
2303 3909 2457 3964 nobis
2485 3907 2716 3962 afﬁrmat
2736 3924 2749 3972 ;
2769 3922 2868 3962 nec
2893 3903 3377 3973 considerat,quod
3404 3903 3718 3959 dictionum

2102 4002 2186 4057 vis
2199 4000 2340 4074 [BaL
2364 4017 2468 4058 om.
2485 4001 2778 4056 dictionum
2793 3997 2915 4069 vis],
2931 3999 3216 4070 impiorum
3232 3998 3604 4053 haereticorum
3622 4012 3720 4052 ar-

2105 4093 2267 4162 gutiis
2296 4093 2577 4148 veritatem
2605 4107 2907 4163 opponens,
2932 4090 3185 4146 convellit
3207 4088 3258 4144 id
3275 4128 3290 4155 ,
3317 4087 3461 4159 quod
3487 4087 3721 4146 videtur

2113 4185 2398 4240 obsistere.

2174 4273 2424 4331 Nestorio
2445 4274 2605 4344 igitur
2624 4275 2822 4346 ubique
2851 4282 3146 4330 evacuante
3176 4273 3270 4330 Dei
3302 4272 3460 4328 Verbi
3501 4287 3720 4327 secun—

2103 4364 2232 4421 dum
2260 4382 2476 4422 carnem
2504 4367 2930 4437 generationem,
2955 4374 3011 4423 et
3038 4367 3208 4422 solam
3241 4365 3554 4435 dignitatum
3578 4366 3716 4420 uni-

2101 4464 2270 4511 tatem
2290 4458 2792 4523 nobisinstituente,
2811 4467 2866 4513 et
2893 4459 3105 4514 dicente
3132 4459 3402 4514 hominem
3433 4457 3542 4512 Deo
3563 4473 3721 4512 con-

2025 4575 2078 4636 D
2100 4547 2346 4617 junctum
2375 4550 2611 4605 ﬁlietatis
2623 4550 2888 4624 ὁμωνυμίᾳ
2914 4550 3077 4606 fuisse
3093 4552 3448 4615 honoratum;
3473 4564 3719 4608 necesse

2105 4638 2224 4706 fuit,
2248 4648 2309 4694 ut
2335 4657 2434 4695 nos
2455 4640 2711 4697 adversus
2734 4642 2876 4697 illius
2899 4642 3037 4698 dicta
3065 4651 3303 4711 agentes,
3327 4658 3422 4712 per
3439 4642 3719 4696 substan—

2104 4730 2236 4786 tiam
2247 4733 2428 4788 ἕνωσιν
2443 4732 2636 4786 factam
2658 4731 2820 4788 fuisse
2843 4734 3163 4789 diceremus.
3183 4733 3280 4790 Hic
3307 4742 3483 4788 autem
3511 4749 3719 4790 sermo

2102 4823 2236 4877 nihil
2259 4823 2412 4878 aliud
2430 4822 2724 4893 signiﬁcat,
2757 4825 2858 4880 nisi
2887 4825 2939 4880 id
2963 4833 3171 4880 tantum
3191 4866 3205 4889 ,
3230 4825 3373 4895 quod
3399 4824 3563 4879 Verbi
3593 4842 3717 4880 na-

2101 4924 2244 4986 tura,
2268 4918 2384 4974 sive
2412 4917 2728 4984 substantia,
2757 4917 2809 4976 id
2838 4925 2941 4988 est,
2965 4918 3139 4990 ipsum
3161 4918 3415 4984 Verbum,
3445 4917 3721 4973 humanm

1579 5112 2124 5176 CASTIGATIONES
2159 5115 2249 5175 ET
2286 5117 2516 5175 NOTAE.

466 5263 493 5294 ⁸
521 5253 705 5311 Baluz.
737 5255 885 5311 addit
910 5255 1035 5310 hic:
1067 5264 1117 5309 et
1138 5255 1444 5308 criminatur
1490 5254 1748 5310 immerito
1791 5269 1980 5310 secun-

395 5325 1040 5398 dumianathematismum,
1063 5328 1148 5398 qui
1177 5343 1236 5398 se
1258 5328 1334 5379 ita
1356 5325 1530 5398 habet.
1559 5325 1713 5379 Eutr.

467 5395 496 5434 ι)
526 5396 650 5470 llaec
703 5413 807 5451 vox
851 5413 959 5470 non
1009 5394 1301 5470 respondet
1340 5397 1459 5451 voci
1712 5395 1977 5470 7swai§uc,

395 5479 510 5538 qua
525 5467 613 5522 hic
639 5483 764 5522 usus
792 5465 1159 5538 estCyrillus;
1192 5483 1420 5536 eamque
1461 5468 1530 5522 ob
1579 5465 1796 5538 causam
1842 5466 1979 5522 Gar-

396 5535 582 5590 nerius
607 5538 804 5591 addidit
833 5535 1031 5608 vocem
1051 5555 1322 5608 generosus
1336 5535 1400 5592 iet
1422 5539 1493 5592 ita
1525 5538 1652 5606 legit
1685 5557 1696 5590 :
1725 5536 1861 5591 Ecce
1881 5539 1977 5590 ite-

394 5621 512 5686 rum
540 5623 828 5687 _geperos_us
867 5609 963 5687 iste
1016 5607 1282 5662 barbarus.
1315 5609 1509 5687 Verum
1557 5617 1669 5687 aut"
1694 5624 1974 5687 generosus

393 5677 710 5748 simpliciter
759 5678 1040 5746 legendum
1071 5691 1149 5733 cst
1179 5687 1269 5732 aut
1310 5678 1577 5732 barbarus.
1609 5677 1833 5748 Videtur
1878 5694 1975 5748 au:

397 5745 521 5806 ω’
555 5745 753 5804 larius
802 5745 1069 5804 Mercator
1109 5749 1382 5820 accepisse
1431 5750 1546 5806 haec
1591 5749 1760 5806 verba
1785 5745 1976 5830 Cyrilli

2089 5267 2370 5330 tamquam
2393 5257 2618 5330 ironica,
2643 5263 2699 5330 et
2720 5254 3088 5330 ide_o_vertisse
3117 5268 3304 5330 vocem
3323 5250 3565 5326 γεννάδας
3592 5268 3719 5330 per

2087 5323 2282 5386 vocem
2313 5323 2760 5395 barbarus,'sicut
2787 5327 2923 5381 infra
2953 5341 3072 5395 pag.
3125 5323 3250 5390 288,
3283 5323 3396 5395 pro
3423 5339 3489 5378 eo
3538 5326 3712 5392 quod

2087 5402 2231 5470 apud
2251 5400 2512 5472 Cyrillum
2533 5399 2790 5472 scriptum
2816 5405 2900 5452 est
2926 5394 3188 5472 ὅθραᾳύς,
3217 5394 3361 5463 quod
3377 5394 3542 5472 isthic
3565 5409 3717 5449 ver-

2085 5463 2202 5527 tére
2231 5463 2492 5527 debuerat
2517 5463 2695 5524 audax
2721 5475 2817 5523 aut
2865 5463 3165 5522 temerarius
3184 5507 3203 5534 ,
3237 5465 3414 5535 posuit
3443 5476 3710 5522 stremms

2085 5542 2230 5610 quod
2251 5553 2331 5598 est
2354 5543 2524 5597 laudis
2552 5541 2732 5610 potius
2756 5554 2920 5610 quam
2949 5537 3222 5608 vituperii.
3255 5535 3416 5610 isthic
3438 5551 3538 5610 pro
3563 5535 3711 5610 bar-

2083 5607 2239 5756 fartus
2261 5623 2416 5739 vietus
2445 5614 2536 5668 illa
2555 5607 2740 5670 versio
2774 5607 2942 5672 cuius
2988 5607 3116 5665 ante
3151 5607 3494 5664 meminitms
3520 5607 3713 5670 habet

2108 5701 2168 5740 or
2190 5701 2254 5740 ιε.
2326 5703 2481 5742 ΑιυΖ.

2108 5686 2254 5740 "ortis.
2281 5686 2481 5742 Bswz.
