3924 6282
222 290 330 353 977

900 290 961 349 8.
998 284 1274 349 οτηιιιι
1311 282 1834 343 APOLOGETICUS

1963 282 2245 339 NERSUS
2285 282 2825 342 TIIEODORETUM.

3400 284 3504 342 978

223 415 431 467 natura!
448 420 578 463 vere
602 404 912 473 adunatum,
954 404 1159 475 absque
1192 400 1339 458 omni
1378 398 1731 457 conversione
1759 404 1815 453 et
1842 404 1890 462 Α
1919 399 2091 468 magis
2115 400 2477 454 conventione
2504 400 2756 469 quadam,
2786 413 2907 469 qua:
2934 398 3003 454 sit
3029 398 3187 465 facta,
3209 412 3308 469 per
3325 398 3506 456 ἕνωσιν

187 538 195 547 -
226 498 555 563 confusione,
579 505 639 553 ut
660 512 802 568 sape
824 496 1087 564 diximus,
1112 510 1250 551 unus
1276 493 1632 562 intelligatur,
1658 498 1713 546 et
1740 490 1811 546 sit

225 591 486 657 Christus,
520 593 633 661 ipse
661 590 803 646 Deus
828 598 886 645 et
912 590 1096 645 homo.

301 703 546 758 Notanda
570 711 695 757 sunt
722 710 973 758 accurate
996 702 1097 756 ista
1125 698 1309 772 Cyrilli
1340 698 1504 772 verba
1528 712 1542 750 :
1563 700 1663 772 Διτήν
1704 693 1813 752 καθ’

230 776 526 848 ὑπόστασιν
548 776 725 831 ἕνωσιν
742 776 975 848 γενέσθαι
994 768 1285 848 φᾳμὲνξςοῦ
1313 770 1461 848 (ικαθ’
1475 768 1771 848 uiroc-rotatu
1789 785 1808 819 ι

229 846 372 903 οὐδέν
400 848 572 917 ἕτερον
594 838 979 917 ἁποφάίνοντος,
1001 838 1134 917 ’πλὴν
1175 840 1262 917 51's
1292 841 1497 917 nouauit
1540 838 1815 917 militi-you

229 917 401 991 φύσις,
425 909 585 992 ἤνθουν
608 925 635 977 ἡ
656 909 981 992 Dinocrate-cc,
1000 914 1026 969 ὅ
1042 916 1179 992 ἔστιν
1206 909 1415 992 aurae-‘5
1442 909 1605 984 λόγος,
1624 909 1819 992 ᾆςνῼρω·

230 980 522 1063 itaque}.
542 990 675 1043 κατὰ
703 988 935 1063 abierant
960 987 1181 1049 ἔνωθεὶς,
1199 992 1314 1063 _e_tc.
1342 980 1565 1063 actam
1601 980 1819 1063 dicimus.

228 1049 516 1113 unilionem
536 1058 817 1111 secundum
838 1057 1162 1119 ὑπόστασινς
1190 1056 1272 1109 hic
1299 1062 1470 1107 autem
1498 1068 1666 1107 sermo
1689 1049 1822 1105 nihil

231 1129 380 1184 aliud
408 1129 670 1201 signiﬁcat
687 1170 712 1201 ,γ
744 1128 847 1201 nisi
887 1126 941 1201 id
991 1136 1228 1201 tantum,
1249 1123 1385 1201 quoa
1414 1121 1567 1177 Verbi
1596 1130 1820 1187 natura,

230 1202 339 1255 sire
358 1194 666 1270 liyszIasis,
690 1194 753 1252 id
773 1208 866 1270 est,
890 1200 1064 1270 ipsum
1106 1194 1327 1270 Verbum
1351 1195 1589 1270 humana:
1623 1203 1825 1270 natura:

232 1288 351 1325 rere
390 1262 621 1333 unitum,
662 1278 765 1323 etc.
809 1262 939 1323 Inde
968 1268 1107 1321 enim
1147 1266 1459 1334 intelligitur
1492 1264 1697 1319 famosa
1735 1262 1825 1316 illa

233 1341 517 1397 Athanasii
554 1355 627 1411 ac
653 1338 837 1411 Cyrilli
874 1339 1137 1393 sententia
1170 1355 1183 1389 ε
1214 1336 1361 1411 Posr
1394 1350 1681 1411 nutriens!
1723 1348 1826 1388 nm

235 1428 337 1468 nsr
366 1410 652 1466 VxnntDsi
698 1406 907 1465 unum
955 1424 1273 1465 INCARNATA.
1317 1406 1520 1461 Natura
1556 1406 1701 1461 enim
1728 1420 1828 1475 pro

233 1482 513 1555 hypostasi
532 1482 707 1555 posita
734 1488 847 1555 est;
874 1495 1055 1555 neque
1071 1478 1213 1555 illud
1239 1478 1628 1555 catholicorum
1641 1476 1828 1555 singu-

237 1545 355 1609 la'r'e
384 1560 484 1608 est.
533 1545 653 1622 ipse
682 1545 844 1605 etiam
874 1545 1150 1606 Nestorius
1168 1592 1182 1615 ,
1214 1550 1260 1604 si
1285 1549 1552 1622 credimus
1580 1545 1830 1622 Pat__'r1b_us

237 1641 277 1695 Υ
313 1624 523 1695 synodi,
536 1616 759 1678 naturas
778 1622 977 1695 posuit,
992 1636 1092 1691 pro
1107 1620 1502 1695 hypostasibus,
1516 1632 1638 1673 cum
1658 1616 1825 1695 dixit:

238 1686 466 1762 Propter
503 1686 619 1748 eum
656 1695 742 1766 qui
782 1686 979 1766 induit,
994 1686 1118 1746 eum
1146 1686 1235 1763 qui
1261 1692 1471 1766 indutus
1497 1698 1593 1753 est,
1617 1686 1780 1766 adoro
1810 1703 1830 1743 :

238 1775 452 1837 propter
471 1763 695 1837 eumqui
712 1763 939 1837 occultus
967 1771 1044 1817 est
1059 1803 1075 1829 ,
1104 1778 1219 1816 eum

244 1834 628 1906 Inseparabilis
644 1834 706 1887 ab
735 1852 821 1898 eo,
844 1835 930 1906 qui
971 1842 1203 1958 apparet,

244 1909 379 1958 eius.
411 1907 496 1958 aui
516 1905 879 1958 insenarabilis
909 1913 1004 1958 est.
1063 1920 1203 1958 anon

243 1905 380 1979 ejus,
411 1907 496 1979 qui
516 1905 879 1979 inseparabilis
909 1913 1004 1979 est,
1028 1905 1289 1979 honorem
1303 1918 1409 1959 non
1437 1915 1839 1979 s_eparo,s¢pgre

244 1968 482 2042 n'atura's,
523 1968 771 2031 sed'unio
798 1977 855 2032 in
886 1968 1191 2046 adoratione
1216 1973 1422 2046 (Serm.
1448 1968 1677 2046 '7_,_nun_t.
1710 1968 1778 2024 57
1794 1968 1839 2041 ).

247 2040 487 2103 Alteram
508 2062 636 2101 vero
659 2062 847 2102 vocem
868 2062 988 2101 cum
1012 2045 1180 2099 altera
1207 2040 1448 2100 confudit
1463 2040 1840 2097 Theodoretus

246 2118 303 2172 in
334 2116 754 2187 reprehensione
781 2114 1160 2185 consequentis
1205 2111 1673 2187 anathematismi,
1717 2126 1841 2166 cum

247 2190 324 2243 ait
352 2208 363 2242 :
396 2183 488 2264 ξῆς
506 2196 598 2244 τοῦ
619 2189 753 2264 Orion
790 2183 1259 2264 popqﬁe‘loﬁouojnc
1277 2190 1483 2264 nium?
1505 2183 1688 2264 δοιξλοξ»
1713 2203 1844 2264 ppp-

250 2266 361 2334 φυὸν.
396 2261 448 2315 ἕν
480 2263 570 2334 pitu
592 2253 1011 2334 ngkmfpijaat
1037 2258 1125 2334 ἒνᾳ
1146 2258 1257 2334 Δυἱὸν
1302 2261 1385 2334 uoti
1412 2257 1635 2334 Xptarov
1660 2253 1843 2334 ὀξώδ-

250 2321 363 2404 ίνιῐὺ
393 2321 614 2404 εὐέιϐἐσ·
635 2321 741 2387 ’δύο
779 2328 834 2404 ᾂέ
867 2321 962 2390 rei;
991 2330 1261 2390 ἱνωθιίσας
1299 2321 1640 2391 (amaritate,
1677 2321 1845 2381 ἐῖτονν

248 2399 448 2475 ῥύσεις,
477 2403 638 2475 λέγειν
662 2404 753 2456 οὐκ
782 2399 989 2457 ἄτοπον.

1324 1764 1341 1816 i
1387 1766 1622 1832 apparet,
1646 1758 1832 1813 adoro.

323 2534 383 2590 Id
399 2543 599 2601 autem,
613 2543 671 2589 ut
686 2533 898 2603 opinor,
917 2531 1260 2588 Theodoreto
1276 2531 1377 2601 ipsi
1396 2530 1609 2586 videtur
1625 2528 1847 2596 dicenti,

255 2628 322 2684 ab
370 2630 598 2684 humana
644 2637 834 2683 natura
880 2626 1049 2683 Deum
1085 2643 1192 2682 non
1223 2628 1381 2698 fuisse
1406 2633 1733 2696 separatum,
1756 2638 1851 2677 nec

256 2720 447 2794 absque
467 2720 657 2775 deitate
677 2720 1049 2774 humanitatem
1068 2718 1309 2789 intelligi.
1337 2716 1501 2787 Igitur
1522 2730 1623 2771 nec
1650 2715 1854 2784 absque

254 2813 569 2867 substantiis
594 2812 737 2868 servi
776 2820 833 2867 et
868 2811 965 2866 Dei
1004 2810 1205 2867 formas
1232 2809 1550 2880 conjunctas
1590 2808 1850 2875 dicimus,

256 2918 359 2958 nec
392 2919 733 2959 communem
770 2903 1046 2959 hominem
1081 2900 1393 2973 aequalitate
1435 2901 1551 2956 sola
1579 2898 1855 2968 dignitatis

252 2990 579 3050 honoratum
590 3001 855 3067 σχιταῶς
868 2992 1215 3063 coniunctum
1226 3007 1344 3047 esse
1357 2989 1538 3046 Verbo
1551 2988 1853 3054 deﬁnimus;

256 3084 356 3141 sed
385 3086 581 3157 ipsum,
604 3092 665 3141 ut
685 3100 849 3156 supra
876 3083 1007 3150 dixi,
1039 3083 1233 3138 Filium
1262 3081 1358 3136 Dei
1388 3079 1741 3151 unigenitum,
1763 3080 1858 3150 qui

254 3190 388 3233 vere
416 3191 635 3233 carnem
654 3176 971 3246 assumpsit,
1003 3189 1124 3245 qua:
1164 3173 1391 3229 haberet
1433 3172 1668 3227 animam
1688 3172 1857 3228 ratio-
1881 3197 1928 3260 ς

256 3268 516 3336 nabilem,
537 3268 814 3324 hominem
834 3265 1033 3323 factum
1050 3307 1065 3334 ,
1098 3266 1173 3321 ita
1198 3273 1379 3321 tamen
1397 3272 1460 3321 ut
1476 3270 1784 3321 remaneret
1802 3271 1860 3319 et

257 3358 426 3417 Deus.

334 3452 442 3509 Sed
466 3448 549 3508 vir
573 3451 664 3507 ille
691 3452 982 3508 vehemens
1002 3449 1271 3514 oratione,
1298 3456 1353 3505 et
1365 3447 1697 3519 cogitatione
1716 3461 1861 3503 acer—

253 3546 450 3612 rimus,
476 3546 917 3603 commixtionem
964 3543 1254 3616 signiﬁcari
1286 3543 1594 3613 hujusmodi
1622 3542 1861 3599 dictione

254 3637 472 3704 deﬁnit,
497 3646 554 3694 et
576 3638 758 3694 dicere
786 3637 979 3705 audet,
1012 3645 1175 3705 atque
1196 3650 1280 3701 ea,
1307 3649 1427 3705 qua
1449 3649 1519 3689 ex
1546 3641 1860 3689 naturarum

255 3730 652 3786 commixtione
672 3729 1009 3798 contingant,
1042 3727 1297 3799 proponit
1325 3727 1379 3782 in
1406 3725 1643 3782 medium
1661 3767 1677 3793 ,
1706 3725 1861 3795 quasi

255 3836 369 3877 nos
393 3822 729 3892 ignoremus,
755 3837 824 3877 an
852 3821 991 3877 forte
1017 3820 1250 3891 quadam
1265 3819 1553 3876 insolentia
1574 3819 1857 3889 gloriatur,

253 3920 323 3969 et
360 3913 633 3969 existimat
672 3912 942 3967 neminem
995 3920 1193 3983 praeter
1231 3926 1292 3968 se
1339 3909 1524 3975 alium,
1557 3909 1860 3966 orationem

257 4024 448 4081 posse,
478 4015 738 4078 quantum
763 4007 1024 4069 voluerit,
1054 4020 1387 4077 propagare;
1419 4003 1465 4058 si
1493 4003 1687 4067 modo,
1717 4001 1863 4072 quod

258 4115 302 4155 a
345 4099 492 4155 nullo
533 4100 605 4154 sit
643 4099 866 4164 dictum,
894 4106 1166 4167 tamquam
1195 4110 1321 4151 vere
1341 4095 1563 4162 dictum,
1594 4094 1697 4150 sibi
1735 4108 1866 4164 pro-

258 4191 544 4265 posuerit,
575 4200 636 4247 ut
664 4191 863 4261 aliquid
892 4189 1139 4245 videatur
1166 4203 1286 4245 esse
1310 4187 1453 4259 apud
1479 4201 1601 4255 eos,
1631 4186 1726 4258 qui
1750 4185 1864 4243 dis-

259 4299 495 4341 cernere
519 4284 783 4351 nesciunt,
808 4283 898 4353 qui
920 4284 1026 4337 sint
1047 4280 1341 4351 vaniloqui,
1373 4280 1785 4349 mendacesque,
1811 4287 1868 4334 et

264 4376 368 4446 qui
397 4385 602 4431 rectam
629 4376 771 4431 viam
789 4381 1016 4431 teneant
1032 4372 1294 4441 veritatis,
1317 4380 1373 4428 et
1394 4371 1687 4444 prudentes
1708 4385 1867 4428 exer-

266 4477 434 4524 ceant
460 4468 899 4537 necessariosque
926 4480 1222 4523 sermones.

348 4557 618 4631 Opinabar
643 4559 881 4630 quidem,
912 4556 1195 4625 conﬁteor,
1227 4572 1260 4612 a
1286 4556 1571 4629 principio,
1603 4554 1867 4627 capitulo-
1895 4581 1953 4646 ι)

268 4669 397 4709 rum
420 4653 527 4708 vim
556 4655 729 4723 ipsum
758 4652 981 4707 minime
1000 4652 1295 4721 ignorasse,
1325 4650 1420 4707 sed
1440 4649 1693 4705 simulare
1716 4648 1871 4717 igno-

269 4746 527 4813 rantiam,
545 4754 601 4801 et
628 4747 683 4801 in
709 4746 815 4801 hoc
841 4743 1161 4816 quibusdam
1182 4743 1503 4813 gratiﬁcari;
1532 4757 1661 4800 vere
1683 4749 1868 4799 tamen

271 4854 406 4895 eum
434 4839 709 4909 ignorasse
740 4851 884 4893 nunc
902 4834 1161 4906 comperi.

696 4964 1178 5006 ANATBEIIATISIUS
1213 4963 1461 5005 TERTIUS.

356 5060 535 5131 Siquis
573 5062 625 5117 in
657 5076 765 5117 uno
792 5059 1009 5117 Christo
1036 5060 1242 5116 dividat
1266 5060 1594 5117 substantias
1607 5069 1731 5133 post
1758 5061 1879 5118 uni-

280 5160 473 5223 tatem,
497 5162 552 5211 et
571 5155 951 5224 conjunctione
971 5155 1088 5210 sola
1117 5154 1415 5224 coniungat
1442 5155 1734 5211 secundum
1762 5156 1879 5225 dig-

283 5244 514 5303 nitatem
529 5287 546 5315 ,
567 5246 655 5303 vel
675 5248 1068 5317 auctoritatem,
1092 5246 1181 5303 vel
1199 5246 1623 5304 dominationem
1638 5288 1655 5315 ,
1677 5263 1743 5305 ac
1768 5264 1877 5305 non

255 5333 265 5375 ο

1916 491 2214 546 naturalem
2240 510 2255 555 ;
2292 494 2577 549 anathema
2606 494 2693 549 sit.

2375 630 3055 709 REPREHENSIO‘BERBTICI.

1991 728 2233 787 Obscura
2261 730 2477 801 quidem
2500 730 2765 787 dictorum
2787 730 3186 800 caliginosaque
3209 731 3511 798 sententia;

1917 823 2082 895 plana
2095 839 2225 879 vero
2247 821 2391 894 apud
2409 824 2529 894 pios
2556 823 2797 895 ipsorum
2816 820 3105 879 dementia.
3118 818 3219 876 Cui
3240 822 3382 909 enim
3406 839 3511 900 [ψη

1920 922 1993 976 sit
2017 920 2381 991 perspicuum,
2393 919 2540 990 quod
2553 919 2863 990 conjunctio
2884 928 2940 976 et
2958 920 3246 977 conventio
3264 898 3396 974 nihil
3415 898 3517 974 dif-

1922 1011 2173 1067 ferant?“
2190 1026 2317 1066 nam
2344 1017 2402 1066 et
2427 1012 2717 1067 conventio
2746 1025 2935 1067 eorum
2957 1018 3059 1078 est,
3077 1025 3196 1080 quae
3216 1018 3373 1066 erant
3391 1018 3518 1066 ante

1924 1101 2115 1158 divisa.
2165 1100 2272 1157 Sed
2301 1099 2605 1171 huiusmodi
2633 1102 2923 1159 verborum
2949 1102 3399 1173 prudentissimus
3426 1115 3521 1170 ge-

1927 1201 2172 1259 nerator,
2197 1200 2475 1263 tamquam
2500 1194 2770 1249 contraria
2796 1193 2978 1265 posuit
3002 1192 3167 1249 verba
3192 1192 3294 1248 sibi
3321 1208 3521 1247 conve-

1928 1286 2135 1343 nientia
2168 1303 2182 1339 :
2218 1282 2347 1340 Non
2374 1285 2514 1341 enim
2550 1294 2784 1358 oportet,
2816 1286 3022 1356 inquit,
3059 1286 3373 1357 conjungere
3398 1301 3524 1339 con-

1922 1380 2196 1453 junctione
2212 1377 2657 1445 substantias;sed
2677 1377 3068 1449 complexione,
3091 1384 3148 1433 et
3165 1378 3525 1433 conventione

1934 1470 2208 1537 naturali,
2239 1476 2333 1525 aut
2352 1469 2607 1540 ignorans
2635 1468 2774 1525 forte
2802 1466 2931 1540 quid
2974 1467 3153 1536 dicat,
3187 1474 3281 1523 aut
3306 1468 3526 1523 sciendo

1932 1562 2337 1635 blasphemans.

2006 1654 2211 1712 Natura
2240 1654 2388 1710 enim
2411 1668 2501 1710 res
2538 1659 2623 1710 est
2642 1652 2887 1724 quaedam
2911 1652 3220 1726 imperiosa,
3250 1658 3307 1709 et
3330 1667 3532 1722 cogens

1940 1746 2187 1819 quatdam
2216 1760 2398 1816 agere,
2442 1762 2551 1803 non
2597 1745 2893 1801 voluntate.
2916 1744 3014 1801 Est
3040 1752 3221 1804 autem
3250 1744 3361 1802 tale
3386 1744 3533 1815 quod

1288 1848 1376 1887 eus
1421 1809 1535 1886 εἶτε
1565 1809 1839 1901 ρῖορεετεα
1867 1809 1918 1871 Β
1943 1809 2068 1897 dico
2102 1858 2115 1893 :
2141 1809 2340 1894 Natura
2365 1809 2662 1904 esurimus,
2693 1852 2800 1893 non
2822 1837 3101 1895 voluntate
3126 1839 3232 1896 hoc
3266 1809 3534 1911 patientes

1946 1930 2156 2006 [Baluz.
2181 1927 2483 2002 sitientes],
2513 1930 2609 1985 sed
2636 1929 2992 1997 necessitate;
3025 1944 3091 1986 ac
3138 1931 3195 1986 ni
3235 1930 3313 1986 ita
3355 1936 3535 1996 esset,

1945 2036 2214 2093 pauperes
2239 2035 2270 2076 a
2297 2020 2642 2077 mendicitate
2671 2021 3055 2089 liberarentur,
3085 2020 3348 2078 habentes
3366 2021 3421 2076 in
3440 2035 3537 2075 vo-

1938 2114 2155 2170 luntate
2183 2129 2310 2183 sua,
2339 2121 2401 2170 ut
2437 2128 2546 2169 non
2588 2114 2859 2182 esuriant;
2901 2112 3223 2169 naturaliter
3243 2112 3538 2178 sentimus,

1948 2206 2270 2262 naturaliter
2305 2205 2623 2271 dormimus,
2654 2205 2974 2262 naturaliter
3000 2206 3245 2277 spiritum
3272 2205 3541 2263 ducimus.

1948 2298 2154 2355 Verum
2181 2298 2301 2357 haec
2318 2300 2529 2367 omnia,
2567 2300 2707 2356 sicut
2744 2300 2885 2368 dixi,
2918 2315 3027 2358 non
3055 2299 3189 2355 ﬁunt
3214 2299 3492 2355 voluntate
3524 2316 3539 2354 :

1951 2405 2081 2447 nam
2112 2392 2161 2447 si
2196 2391 2320 2461 quis
2346 2390 2541 2447 horum
2570 2390 2771 2461 aliquid
2798 2406 2907 2447 non
2935 2392 3201 2458 admittat,
3236 2390 3544 2448 necessario

1951 2482 2079 2538 vita!
2096 2481 2296 2537 sentiet
2314 2478 2497 2536 ﬁnem.
2522 2478 2665 2550 Ergo
2685 2479 2713 2519 δ
2735 2482 2782 2537 si
2802 2481 3060 2536 naturalis
3081 2479 3390 2550 conjunctio
3405 2479 3546 2535 facta

1956 2577 2075 2629 estc
2106 2570 2294 2628 formae
2313 2572 2545 2639 servilis,
2567 2572 2925 2643 compellente
2944 2571 3176 2642 quadam
3203 2571 3547 2636 necessitate,

1957 2679 2069 2721 non
2084 2680 2180 2721 sua
2192 2664 2477 2721 clementia
2496 2665 2638 2721 Deus
2658 2664 2894 2721 Verbum
2907 2665 3251 2735 coniunctum
3266 2671 3349 2721 est
3363 2663 3549 2719 forma:

1957 2754 2165 2823 servili,
2177 2762 2340 2827 atque
2350 2756 2427 2812 ita
2440 2756 2745 2812 invenietur
2765 2755 3043 2826 legislator
3063 2755 3381 2811 necessariis
3409 2755 3545 2823 legi-

1957 2847 2061 2905 bus
2070 2848 2331 2906 serviens.
2344 2847 2544 2905 Verum
2559 2864 2667 2905 non
2685 2849 2757 2905 ita
2779 2864 2879 2905 nos
2897 2848 3089 2904 beatus
3102 2847 3299 2905 Paulus
3313 2847 3550 2912 edocuit,

1960 2941 2059 2999 sed
2085 2948 2275 2998 contra
2293 2941 2487 3010 magis,
2517 2942 2660 3011 quod
2682 2955 2879 3013 nempe
2916 2958 2973 2998 se
2998 2941 3284 2997 exinanivit
3328 2942 3548 3012 formam

1960 3034 2096 3089 servi
2121 3033 2381 3106 accipiens
2412 3032 2644 3106 (Philip.
2669 3049 2727 3101 ιι,
2752 3034 2849 3105 6);
2880 3034 3108 3092 dicendo
3124 3072 3140 3101 ,
3164 3052 3219 3089 se
3245 3034 3552 3098 exinanivit,

1963 3125 2231 3197 signiﬁcat
2249 3127 2601 3184 voluntatem.
2634 3126 2693 3183 Si
2723 3127 2886 3198 igitur
2912 3143 3009 3184 suo
3035 3127 3259 3183 arbitrio
3287 3135 3343 3184 et
3363 3126 3546 3182 volun-

2108 3225 2314 3274 naturae
2328 3233 2398 3275 ex
2425 3220 2581 3275 nobis
2602 3227 2890 3291 assumpta:
2907 3217 3224 3290 coniunctus
3244 3226 3347 3286 est,
3369 3232 3550 3288 super-

1876 3369 1888 3385 ,
1961 3309 2069 3366 ﬂua
2098 3319 2182 3368 est
2205 3312 2370 3369 dictio
2399 3313 2655 3368 naturalis
2694 3313 3075 3386 conjunctionis
3095 3328 3115 3366 :
3142 3309 3389 3368 conﬁteri
3409 3311 3555 3367 enim

1961 3402 2160 3460 sulticit
2184 3404 2388 3461 ἕνωσιν.
2417 3404 2594 3467 {male
2628 3418 2794 3476 porro
2821 3402 2891 3461 de
2917 3402 3102 3460 divisis
3120 3403 3403 3475 accipitur,
3430 3417 3556 3459 nam

1962 3496 2009 3553 si
2036 3496 2179 3552 nulla
2200 3498 2271 3552 sit
2307 3498 2529 3563 divisio,
2561 3512 2853 3568 numquam
2878 3498 3063 3562 ἕνωσις
3088 3497 3203 3565 ﬁet,
3230 3504 3288 3554 et
3330 3496 3426 3569 qui
3464 3497 3559 3553 ad.

1962 3589 2130 3646 mittit
2150 3590 2353 3658 ἕνωσιν,
2383 3590 2619 3647 admittit
2646 3598 2702 3648 et
2726 3590 3047 3649 divisionem
3068 3592 3325 3665 pratviam
3347 3589 3555 3667 [BaluL

1962 3697 2068 3739 om.
2099 3678 2400 3753 praeviam].

2036 3775 2215 3844 Quare
2234 3791 2365 3847 ergo
2384 3776 2515 3833 dicit
2542 3776 2870 3835 substantias
2892 3778 3007 3836 sive
3024 3785 3246 3835 naturas
3264 3775 3430 3835 dividi
3448 3791 3560 3834 non

1964 3875 2243 3938 oportere,
2263 3869 2501 3924 maxime
2529 3883 2651 3923 cum
2680 3868 2838 3935 sciat,
2865 3869 3013 3938 quod
3036 3869 3279 3941 perfecta
3300 3874 3419 3925 erat
3461 3868 3559 3925 Dei

1964 3958 2128 4015 Verbi
2148 3962 2465 4028 substantia,
2505 3962 2755 4033 quodque
2780 3962 3024 4035 perfecta
3060 3964 3129 4020 ab
3169 3978 3237 4020 eo
3282 3971 3558 4034 assumpta

1965 4051 2137 4107 forma
2178 4048 2407 4121 servilis,
2466 4055 2697 4125 ideoque
2750 4055 3084 4113 substantias
3109 4056 3329 4126 dixerlt,
3365 4063 3424 4114 et
3447 4068 3559 4116 non

1966 4148 2358 4204 substantiam?
2377 4148 2522 4220 Ergo
2554 4151 2600 4206 si
2630 4159 2859 4221 utraque
2885 4157 3078 4207 natura
3106 4150 3347 4223 perfecta
3373 4153 3479 4214 est.
3504 4159 3564 4207 et

1967 4238 2142 4295 ambas
2162 4239 2219 4295 in
2256 4254 2424 4296 unum
2461 4249 2854 4310 convenerunt,
2874 4241 2973 4299 Dei
3002 4242 3175 4298 forma
3202 4241 3411 4315 scilicet
3442 4242 3557 4299 {or-

1966 4343 2113 4383 mam
2149 4338 2459 4389 assumente
2498 4333 2772 4400 servilem,
2811 4346 2977 4389 unam
3002 4333 3219 4404 quidem
3246 4346 3563 4407 personam,

1968 4419 2023 4478 ιν
2052 4426 2143 4495 μὶν
2170 4425 2453 4502 πρόσοπον,
2484 4433 2541 4481 et
2569 4441 2733 4481 unum
2763 4423 2959 4482 Filium
2980 4439 3046 4482 ac
3077 4423 3351 4482 Christum
3376 4424 3563 4481 simili.

1972 4520 2059 4569 ter
2085 4513 2353 4582 conﬁteri,
2375 4516 2592 4586 pietatis
2618 4516 2759 4572 ratio
2784 4516 2989 4588 poscit;
3012 4515 3146 4573 duas
3163 4531 3295 4573 vero
3322 4516 3547 4575 substan

1977 4609 2083 4664 tias
2128 4609 2388 4665 adunatas
2426 4611 2540 4667 sive
2580 4618 2801 4665 naturas
2828 4609 3039 4677 dicere,
3062 4625 3173 4666 non
3192 4611 3433 4681 ineptum
3460 4614 3569 4673 est,

1974 4700 2073 4756 sed
2103 4700 2310 4775 [Baluz.
2343 4702 2467 4759 add.
2500 4718 2569 4758 ex
2597 4702 2781 4775 causa]
2808 4702 2979 4772 magis
3004 4715 3361 4773 consequens.

2044 4790 2177 4847 Nam
2193 4793 2239 4849 si
2251 4794 2305 4848 in
2321 4810 2429 4850 uno
2443 4794 2661 4850 homine
2672 4803 2891 4849 naturas
2901 4792 3209 4859 dividimus,
3218 4787 3566 4848 etmortalem

1977 4882 2219 4953 quidem,
2234 4899 2433 4955 corpus
2448 4898 2731 4949 vocamus;
2757 4881 3118 4938 immortalem
3136 4893 3289 4949 vero,
3302 4880 3535 4935 animam
3552 4897 3567 4944 ;

1978 4983 2269 5046 utrumque
2302 4986 2479 5032 autem
2513 5015 2530 5043 ,
2555 4976 2828 5032 hominem
2857 4972 3068 5029 :multo
3101 4972 3274 5042 magis
3300 4985 3564 5027 assumen-

1979 5068 2051 5124 tis
2078 5068 2204 5136 Dei,
2237 5076 2293 5124 et
2318 5067 2577 5137 assumpti
2605 5064 2839 5122 hominis
2867 5072 3183 5119 naturarum
3210 5062 3570 5134 proprietates

1979 5161 2233 5215 convenit
2251 5160 2574 5215 discernere.
2593 5158 2899 5213 Invenimus
2911 5156 3075 5213 etiam
3088 5156 3305 5211 beatum
3322 5151 3569 5220 Paulum,

1979 5267 2145 5308 unum
2174 5252 2529 5322 eumdemque
2540 5250 2814 5307 hominem
2833 5250 2890 5306 in
2909 5249 3047 5306 duos
3065 5248 3314 5305 homines
3334 5244 3572 5302 dividen-

1475 5360 2019 5421 CASTIGATIONES
2053 5363 2144 5421 ET
2182 5363 2413 5422 NOTAE.

268 5454 273 5521 ζ
367 5464 394 5494 ι
417 5454 598 5512 Baluz.
629 5470 753 5512 nam
780 5464 831 5531 et
859 5459 1125 5513 conventio
1152 5471 1328 5513 eorum
1348 5464 1565 5531 estquae
1583 5466 1743 5531 erant
1760 5466 1882 5531 ante

266 5513 535 5655 :Eeparata
558 5567 576 5595 ,
617 5535 668 5584 et
712 5529 1006 5601 conjunctio
1027 5545 1200 5584 eorum
1234 5545 1349 5601 quae
1368 5513 1517 5584 erant
1546 5538 1666 5584 ante
1694 5529 1876 5585 divisa.

344 5614 452 5655 nrr.

344 5614 452 5655 DIT.

365 5669 394 5710 δ
426 5669 487 5725 Si
514 5670 788 5726 naturalis.

290 5740 438 5802 stola
458 5739 661 5816 Pelagii
680 5741 724 5798 ll
749 5756 911 5820 supra
937 5741 1173 5800 laudata.
1205 5740 1482 5806 Gutum.

2063 5456 2273 5513 eFacta
2301 5466 2378 5513 est
2407 5460 2590 5525 farina
2617 5457 2716 5515 Dei
2734 5466 2787 5514 et
2832 5458 3032 5525 forma.
3080 5451 3150 5509 Et
3201 5453 3318 5511 haec
3354 5466 3579 5525 quoque

1987 5538 2205 5586 exstant
2233 5530 2288 5585 in
2316 5523 2503 5585 eadem
2532 5530 2781 5602 epistola.
2814 5523 2905 5602 Ex
2918 5543 3032 5602 _quo
3058 5526 3292 5602 colligas
3308 5523 3455 5602 recte
3484 5523 3575 5602 illa

1988 5610 2244 5657 revocata
2293 5616 2412 5657 esse
2456 5617 2525 5657 ex
2565 5595 2842 5658 codicibus
2887 5595 3220 5654 Mercatoris.
3250 5595 3579 5657 Excidmnt

821 5668 1169 5743 Segtnentum
1216 5670 1366 5743 istud
1393 5669 1629 5729 refertur
1671 5670 1730 5729 in
1766 5669 1885 5743 epi-
1986 5672 2134 5731 enim
2160 5671 2218 5730 in
2245 5672 2483 5734 editione
2504 5671 2770 5733 Garuerii.
2801 5671 3077 5730 GALuND.
