3982 6278
414 390 522 462 οτο

935 389 1128 452 manu
1163 385 1602 465 MERCATORIS
1640 386 2003 452 manus"!

2115 389 2221 450 iES.
2262 386 2632 452 vastarunt
2667 385 3204 460 OWSGULORUM.

412 518 544 576 tem,
577 516 632 566 et
660 509 822 566 modo
851 509 1118 564 dicentem
1144 527 1158 562 :
1187 506 1396 573 Quanto
1431 507 1655 564 exterior
1696 506 1850 561 homo
1886 522 2005 561 sera
2030 511 2085 570 Α
2112 511 2403 576 propterea
2430 503 2805 577 quodaeilieet
2823 513 3074 568 tum
3089 503 3431 576 ρυώουῦω
3448 505 3720 570 habemus

412 606 686 675 rumpitur,
739 612 881 656 tanta
934 603 1149 664 biterior
1194 608 1471 660 renovatur
1520 597 1737 672 (llCor.
1770 597 2003 670 miti);

311 709 320 758 ἓ
411 698 576 756 modo
609 695 982 752 :Condelector
1001 696 1138 750 enim
1164 694 1264 766 legi
1285 691 1382 746 Dei
1406 691 1685 747 secundum
1705 692 2006 745 interiorem

311 813 322 858 f
412 791 669 846 hominem
702 787 877 862 (Rom.
913 802 1002 853 vu,
1032 785 1155 858 22);
1189 793 1245 842 et
1272 785 1458 841 statim
1491 803 1504 839 :
1540 783 1606 840 In
1631 784 1882 838 interiore
1902 783 2002 838 lio-

409 885 547 939 stine
590 863 882 936 inhabitare
926 878 1186 934 Christum
1233 875 1459 950 (Ep/tes.
1491 893 1568 945 tu,
1601 875 1724 949 i7).
1751 872 1809 931 Si
1839 873 2005 946 igitur

412 973 714 1029 naturalem
742 970 1178 1042 conjunctionem
1207 969 1448 1039 ejusdem
1497 967 1756 1039 temporis
1783 973 2005 1022 natura—

411 1083 528 1120 rum
547 1063 658 1136 [Gr.
676 1064 768 1136 ὁμο
773 1087 814 1137 χ
819 1063 994 1141 ρὸνων]
1012 1063 1299 1135 Apostolus
1313 1055 1519 1131 dividit,
1532 1076 1700 1132 quare
1712 1060 2004 1133 impietatis

409 1157 585 1225 arguit
606 1171 700 1211 eos
729 1156 1100 1226 qui,dividunt
1128 1157 1346 1227 propria
1373 1163 1706 1220 naturarum,
1743 1153 1839 1209 Dei
1867 1168 2006 1208 sem-

411 1249 608 1320 piterni
637 1257 692 1303 et
719 1245 834 1318 ejus
863 1249 1115 1314 hominis,
1139 1249 1233 1320 qui
1260 1250 1314 1304 in
1343 1241 1646 1304 novissimis
1671 1245 2006 1318 temporibus

411 1346 716 1409 assumptus
739 1342 854 1395 est?
880 1340 1090 1410 Arguit,
1123 1341 1363 1410 inquam,
1392 1335 1504 1406 ille,
1533 1331 1626 1413 qui
1657 1339 2003 1406 commixtio,-

409 1445 534 1486 nem
553 1445 652 1487 nos
672 1427 791 1487 aliis
819 1429 1126 1496 nominibus
1146 1425 1326 1492 docet.
1557 1417 1562 1422 ’

871 1583 1156 1626 RESPONSIO
1202 1583 1532 1625 οιιτιιουοιι.

482 1707 864 1772 Animadverte
911 1703 1185 1774 quomodo
1223 1703 1442 1774 sapiens
1495 1702 1586 1758 ille
1635 1701 1735 1770 vir,
1773 1699 2005 1775 primum

411 1802 630 1874 quidem
676 1800 906 1857 obscura
947 1799 1090 1853 dicta
1138 1812 1257 1853 esse
1286 1801 1470 1852 nostra
1500 1797 1777 1869 mentitur,
1799 1806 1855 1852 et
1882 1813 2007 1854 cum

2118 598 2427 654 obnoxiam.
2461 598 2652 652 Divina
2693 614 2822 655 vero
2875 614 3181 669 arcanaque
3207 599 3371 658 Verbi
3391 609 3590 661 natura
3611 619 3721 660 non

2115 693 2474 769 necessitatis,
2532 709 2632 754 nec
2677 693 2948 767 passionis
2991 709 3186 767 capax,
3217 695 3438 756 omnino
3488 711 3521 752 a
3567 699 3719 762 nullo

2113 794 2305 841 coacta
2334 791 2440 850 est,
2469 801 2540 841 ne
2565 801 2596 840 a
2622 801 2684 842 se
2718 787 2934 856 quidem
2959 795 3020 842 ut
3044 794 3234 852 contra
3270 789 3610 845 voluntatem
3634 790 3723 846 ﬁe-

2113 883 2200 932 ret
2226 891 2374 943 care,
2408 877 2525 942 sive
2572 865 2873 942 aesnmeret
2915 877 3270 934 humanitatis
3305 893 3642 945 mensuram,
3670 890 3719 937 et

2114 965 2344 1042 Abrahae
2375 972 2809 1048 apprehenderet
2835 987 3044 1036 semen,

2184 1065 2342 1133 Quod
2363 1081 2500 1122 vero
2523 1066 2824 1124 inconsulta
2844 1066 3194 1126 vehementer
3215 1065 3287 1124 sit
3314 1065 3485 1136 ipsius
3513 1066 3690 1124 oratis
3703 1108 3720 1133 ,

2113 1172 2223 1234 non
2253 1163 2334 1211 est
2354 1155 2572 1213 diiiicile
2584 1157 2892 1224 volentibus
2912 1157 3155 1212 invenire
3180 1176 3191 1210 :
3212 1157 3286 1224 ait
3305 1156 3450 1212 enim
3471 1157 3722 1224 omnino,

2111 1257 2170 1310 et
2196 1247 2384 1319 procul
2413 1248 2601 1314 dubio,
2633 1248 2814 1306 omnia
2854 1247 3120 1304 naturalia
3147 1248 3483 1310 necessitatis
3514 1248 3726 1319 legibus

2109 1340 2428 1411 “hiscere;
2449 1348 2506 1398 et
2542 1340 2616 1402 ad
2652 1340 2911 1410 hujusrei
2932 1341 3309 1411 probationem
3345 1341 3594 1412 protulit,
3627 1358 3729 1396 nos

2110 1441 2300 1490 contra
2341 1431 2677 1487 voiuntatem
2719 1431 2928 1486 esurire
2961 1439 3122 1501 atque
3167 1432 3351 1498 sitire,
3391 1431 3459 1486 ad
3482 1429 3596 1486 hoc
3628 1449 3728 1486 nos

2111 1528 2445 1599 provocante
2487 1529 2698 1590 natura,
2731 1523 2944 1578 etiamsi
2989 1523 3110 1598 quis
3161 1523 3394 1584 noluerit
3439 1521 3574 1592 (sed
3606 1530 3730 1577 erat

2110 1613 2352 1676 hominis
2367 1613 2532 1680 docti,
2556 1621 2614 1672 et
2628 1613 2682 1670 in
2703 1611 2789 1675 his
2809 1613 2972 1672 rebus
2993 1613 3275 1672 exercitati
3291 1613 3576 1670 solidiores
3589 1613 3729 1668 alias

2109 1719 2295 1761 rerum
2341 1719 2533 1762 causas
2571 1705 2776 1773 ridere,
2807 1720 2928 1775 quae
2973 1706 3219 1761 oratione
3264 1705 3472 1775 majore
3517 1705 3729 1775 requiri

2112 1796 2285 1874 digna:
2311 1797 2464 1875 sint);
2488 1801 2589 1876 nisi
2619 1801 2756 1860 ihrte
2783 1801 2854 1872 sit
2883 1799 3095 1866 falsum,
3119 1799 3394 1858 hominem
3418 1801 3725 1855 rationabi-

412 1894 528 1968 ipse
549 1891 894 1964 caliginosam
939 1879 1273 1959 oi‘i‘usamque
1299 1888 1498 1944 habeat
1522 1897 1781 1956 mentem,
1811 1891 2005 1955 obscu-
2031 1906 2083 1967 Β
2112 1895 2226 1960 iam
2248 1913 2373 1966 esse
2400 1907 2614 1964 natura.
2644 1895 2786 1970 Ergo
2815 1905 3004 1962 contra
3032 1895 3366 1954 voluntatem
3393 1891 3617 1956 coactus
3639 1905 3727 1953 est

412 2004 530 2043 rum
551 1999 672 2043 esse
701 1985 776 2040 ait
796 1992 904 2048 tam
917 1984 1134 2057 planum
1155 1981 1508 2054 sapientibus,
1523 1979 2010 2040 evidentissimum-

413 2096 520 2152 que
545 2092 870 2135 sermonem.
929 2063 932 2065 Α
1969 2149 1974 2151 _

487 2171 789 2227 Arbitratus
818 2177 900 2226 est
925 2177 1128 2236 autem,
1157 2163 1304 2242 quod
1329 2165 1779 2242 conventionem,
1809 2181 1872 2222 ac
1900 2183 2010 2223 non

414 2263 584 2333 magis
594 2261 1052 2330 coniunctionem,
1069 2259 1335 2315 nominari
1347 2257 1564 2325 debere,
1583 2266 1767 2314 nostra
1780 2253 2011 2316 afﬁrmet

414 2356 610 2418 oratio.
644 2349 846 2411 Deinde
875 2353 1222 2411 calliditatem
1267 2364 1420 2410 suam
1461 2354 1683 2424 cupiens
1711 2359 2007 2420 ostentare,

414 2463 581 2504 unum
601 2447 676 2502 ait
707 2463 738 2504 a
766 2447 922 2503 nobis
948 2446 1197 2517 idemque
1217 2443 1524 2516 signiﬁcari,
1550 2445 1663 2510 sive
1691 2446 2012 2524 conventio-

416 2556 560 2608 nem,
584 2541 698 2596 sive
725 2537 1159 2609 conjunctionem
1188 2527 1389 2594 factam
1436 2553 1554 2594 esse
1601 2536 1858 2592 dicamus.
1893 2523 2008 2605 Ego

413 2648 544 2689 vero
576 2632 681 2686 hoc
699 2645 915 2704 quoque
936 2630 1057 2685 loco
1078 2630 1275 2685 mentis
1295 2625 1462 2699 ipsius
1482 2643 1710 2685 acumen
1733 2611 2005 2683 admiror:

412 2725 562 2782 solus
591 2723 734 2781 enim
754 2723 984 2778 fortasse
1011 2708 1198 2778 didicit
1225 2704 1372 2794 quod
1406 2736 1437 2776 a
1465 2719 1612 2776 nullo
1641 2729 1724 2776 est
1753 2735 2010 2789 umquam

411 2816 749 2886 ignoratum;
799 2813 1051 2884 quodque
1107 2812 1244 2868 adeo
1289 2813 1665 2884 proculcatum
1711 2818 1814 2880 est,
1844 2819 1904 2867 ut
1931 2813 2011 2876 eis

411 2909 598 2974 etiam,
626 2908 718 2980 qui
749 2914 873 2962 sunt
901 2906 1122 2961 omnino
1152 2921 1183 2960 a
1203 2905 1451 2962 doctrina
1479 2913 1535 2961 et
1563 2904 1759 2961 litteris
1785 2889 2010 2961 saecula-

410 2997 560 3054 ribus
605 2996 938 3062 alienissimi,
987 2993 1328 3052 notissimum
1369 2995 1834 3063 videatur;immo
1861 3004 1916 3051 et
1944 2993 2011 3052 iis

409 3091 503 3161 qui
534 3090 721 3146 auditu
749 3089 1124 3145 tantummodo
1149 3077 1474 3156 fabularum,
1506 3079 1575 3144 ad
1619 3076 1796 3145 levem
1833 3088 2011 3145 incer-

409 3189 630 3254 tamque
659 3184 939 3246 scientiam
961 3189 1343 3254 pervenerunt.

2113 1989 2453 2066 rationabilis
2481 2005 2621 2046 esse.
2649 1989 2876 2069 Deinde,
2903 1989 2992 2045 dic
3011 1989 3164 2054 mihi,
3195 1989 3339 2044 Deus
3375 1989 3726 2060 omnipotens

2114 2102 2298 2142 nonne
2323 2094 2515 2141 natura
2536 2093 2620 2142 est
2639 2083 2815 2156 Deus?
2836 2081 3026 2139 Nonne
3048 2089 3238 2138 natura
3260 2091 3496 2150 sanctus,
3517 2083 3724 2154 justus,

2113 2183 2310 2252 bonus,
2336 2183 2470 2250 vita,
2499 2182 2702 2251 lumen,
2733 2181 3023 2255 sapientia,
3052 2189 3110 2240 et
3140 2183 3347 2242 virtus?
3376 2177 3569 2238 Utrum
3595 2182 3723 2253 ipse

2112 2290 2329 2345 quoque
2341 2281 2532 2331 contra
2555 2276 2912 2341 voluntatem,
2931 2282 2987 2329 at
3006 2283 3244 2336 coaetus,
3266 2274 3318 2328 id
3334 2282 3436 2340 est,
3455 2275 3600 2342 quod
3611 2275 3725 2330 est?

2113 2366 2220 2426 Sed
2254 2371 2328 2425 ita
2359 2369 2570 2440 opinari
2600 2385 2814 2426 vesanae
2870 2370 3178 2444 stoliditatis
3225 2378 3308 2426 est
3359 2372 3728 2428 certissimum

2113 2470 2505 2532 argumentum.

2186 2555 2328 2623 Quid
2357 2558 2521 2626 igitur
2565 2555 2723 2614 nobis
2763 2553 3010 2612 obtendit
3061 2555 3400 2618 mendacium
3445 2563 3724 2626 tamquam

2117 2650 2558 2722 inexpugnabile,
2592 2658 2648 2706 et
2688 2649 2998 2708 invincibiie
3043 2650 3464 2714 munimentum;
3506 2654 3564 2703 et
3610 2655 3724 2706 tam

2116 2739 2408 2799 imbecillis
2438 2741 2610 2798 utitur
2638 2741 2987 2810 argumentis,
3032 2747 3092 2795 ut
3119 2739 3373 2805 audiens,
3421 2739 3727 2804 naturalem

2113 2829 2309 2888 betam
2354 2845 2476 2889 esse
2517 2830 2919 2898 adunationem,
2953 2831 3003 2886 id
3047 2837 3151 2896 est,
3181 2843 3385 2896 veram,
3410 2835 3466 2884 et
3491 2843 3726 2884 conver-

2113 2923 2286 2979 sionis
2313 2920 2558 2991 liberam,
2591 2927 2757 2993 atque
2783 2921 3120 2979 inconiusam
3146 2921 3369 2977 omnino
3396 2920 3726 2978 substantia-

2115 3029 2234 3070 rum
2265 3015 2702 3081 conventionem,
2735 3017 2996 3086 torquere
3032 3021 3262 3074 conetur
3289 3014 3397 3069 vim
3417 3014 3724 3070 sententia-

2114 3119 2256 3175 rum,
2287 3114 2349 3163 ut
2374 3121 2564 3179 parum
2591 3117 2740 3165 recte
2758 3107 2949 3180 posita:
2969 3123 3090 3164 esse
3109 3107 3432 3164 credantur!
3459 3106 3571 3171 Nec
3587 3107 3726 3164 hor-

2114 3203 2280 3257 rescit
2306 3203 2390 3257 vir
2409 3211 2662 3258 strenuus
2684 3201 2894 3277 [latum
2928 3200 3053 3256 add.
3077 3200 3326 3272 exemplo
3358 3208 3544 3257 nostro
3549 3197 3588 3273 j,
3614 3215 3724 3255 na-

481 3275 764 3330 Admirans
787 3276 947 3357 igitur
967 3275 1133 3348 ipsius
1151 3273 1591 3364 doctrinam,hoc
1619 3271 1690 3330 ad
1716 3285 1839 3331 eum
1853 3265 2005 3332 dico:
2036 3293 2088 3356 ο
2115 3299 2293 3349 “mm
2321 3293 2484 3350 νενδί
2513 3265 2813 3350 ίηθνίιῇωιι
2840 3294 3150 3351 "omnia"
3178 3265 3460 3364 “haec”
3477 3265 3727 3350 οοῆιωθ,

408 3367 506 3424 Vel
550 3369 829 3425 minimum
875 3365 1090 3442 evigila,
1117 3359 1264 3426 velut
1283 3384 1352 3426 ex
1390 3369 1654 3426 ebrietate
1681 3373 1774 3436 aut
1794 3384 2011 3440 somno,

409 3462 500 3530 qui
559 3455 671 3518 tam
715 3477 968 3538 magnum
1024 3465 1078 3532 in
1125 3479 1226 3520 nos
1278 3479 1341 3520 os
1379 3464 1593 3536 aperire
1618 3463 2011 3531 contendis;et

413 3560 785 3618 animadverte
823 3557 1093 3620 subtiliter
1121 3569 1387 3631 acuteque
1424 3561 1741 3634 mysterium
1763 3559 2006 3626 unitatis,

409 3645 554 3722 quod
583 3651 650 3707 de
671 3649 886 3708 Christo
915 3653 1129 3727 dicitur.
1170 3652 1395 3709 Faciunt
1425 3652 1644 3724 quidam
1681 3651 2010 3728 calumniam

409 3744 535 3808 huic
570 3745 762 3808 unitati
794 3744 1003 3826 [Baluz.
1038 3745 1092 3800 in
1114 3743 1400 3818 fmditate],
1432 3747 1488 3804 in
1516 3746 1590 3812 id,
1620 3745 1766 3829 quod
1789 3744 1918 3816 ipsis
1939 3743 2008 3800 li-

409 3836 610 3912 buerit,
633 3852 906 3892 sacrarum
934 3835 1236 3896 litterarum
1266 3838 1560 3894 sententias
1588 3836 2004 3895 transferentes:

409 3927 562 3982 aiunt
588 3928 730 3984 enim
755 3969 771 3995 ,
800 3927 1002 3984 divisas
1029 3929 1246 4012 quidem
1276 3946 1395 3986 esse
1422 3945 1453 3986 a
1493 3946 1613 3987 sese
1641 3937 1863 3997 naturas
1892 3937 1948 3998 et
1975 3947 2008 3989 a

408 4037 528 4078 sese
553 4019 843 4093 sejunctas,
866 4015 922 4080 et
946 4040 1183 4094 seorsus,
1208 4032 1262 4081 et
1283 4026 1335 4080 in
1356 4031 1512 4098 parte
1537 4042 1633 4085 sua
1662 4041 1782 4081 esse
1803 4035 2008 4082 utram-

406 4129 540 4186 que;
571 4116 844 4172 hominem
889 4133 1020 4200 vero
1061 4127 1320 4200 σχετικῶς
1359 4118 1706 4190 conjunctum
1747 4133 1864 4174 esse
1893 4117 2007 4173 Deo

407 4207 761 4275 contendunt,
783 4194 1080 4276 secundum
1108 4194 1279 4265 solam
1303 4210 1642 4282 dignitatem,
1678 4211 1794 4266 sive
1821 4217 2009 4266 aucto-

403 4299 624 4356 ritatem
653 4309 706 4356 et
734 4301 1028 4358 secundum
1052 4301 1287 4359 iiiietatis
1308 4301 1618 4380 ὁμωνυμίαν.
1639 4285 1775 4358 Huic
1789 4304 2009 4360 anathe-

403 4392 686 4448 matismus
727 4391 967 4463 opinioni
1009 4399 1232 4466 pugnat,
1282 4401 1336 4449 et
1384 4403 1493 4449 tam
1522 4394 1764 4466 proiauis
1810 4411 2004 4459 vocum

402 4485 732 4542 novitatibus
789 4485 1104 4544 reluctatur.
1142 4486 1389 4549 Afﬁrmat
1443 4488 1646 4544 etenim
1709 4489 2005 4544 adunatum

401 4575 569 4632 fuisse
597 4576 830 4634 Verbum
853 4581 1068 4645 natura,
1100 4579 1152 4633 id
1181 4588 1284 4645 est,
1329 4597 1436 4636 non
1474 4587 1756 4653 σχετικῶς,
1788 4582 1883 4637 sed
1909 4597 2005 4638 ver

2115 3404 2356 3445 morans.
2394 3389 2705 3445 Exinanivit
2732 3401 2850 3457 se,‘
2873 3405 2983 3445 non
3009 3398 3197 3445 contra
3239 3389 3586 3453 voluntatem,
3620 3387 3728 3444 sed

2114 3479 2448 3536 voluntarius
2469 3481 2774 3549 unigenitus
2803 3478 2974 3536 factus
2994 3481 3156 3536 homo
3180 3498 3194 3537 :
3219 3487 3275 3534 at
3303 3492 3430 3547 non,
3452 3487 3510 3535 ut
3533 3487 3589 3534 tu
3613 3481 3720 3546 ais,

2114 3571 2404 3643 assumpsit
2437 3573 2734 3638 hominem,
2763 3577 3015 3646 σχκικὴν
3035 3572 3084 3627 ei
3113 3573 3359 3642 praebens
3379 3570 3726 3640 conjunctio-

2114 3677 2238 3720 nem
2261 3704 2277 3731 ,
2329 3671 2387 3720 et
2431 3674 2556 3721 eum
2606 3665 2846 3723 ﬁlietatis
2888 3661 3153 3722 beneﬂcio
3202 3665 3474 3720 honorans
3496 3704 3511 3730 ,
3555 3664 3724 3736 juxta

2111 3765 2232 3812 1108.

2183 3851 2348 3923 Ergo.
2379 3854 2483 3909 etsi
2509 3853 2872 3923 intelligamus
2906 3853 3170 3909 adunatas
3203 3867 3325 3908 esse
3359 3852 3717 3920 substantias,

2112 3955 2168 4003 et
2189 3947 2462 4003 hominem
2492 3946 2693 4003 factum
2737 3951 2900 4018 atque
2929 3946 3267 4002 incarnatum
3297 3943 3392 4000 Dei
3419 3943 3664 3999 Verbum
3700 3964 3715 4000 :

2111 4045 2510 4111 preptereaque
2530 4039 2827 4104 videamur,
2847 4037 3026 4107 aliquo
3047 4035 3210 4092 modo
3231 4035 3410 4091 dicere
3430 4036 3721 4092 adunatio—

2111 4141 2233 4188 nem
2257 4132 2706 4202 naturalemque:
2727 4131 2874 4186 illam
2895 4129 3161 4186 excludat.
3185 4143 3304 4199 quae
3327 4143 3430 4183 non
3452 4137 3533 4182 est
3551 4141 3714 4195 rem,

2111 4225 2208 4281 sed
2231 4231 2473 4299 σχιτιιεὴ,
2501 4235 2768 4295 quamque
2797 4235 2899 4280 nos
2922 4223 3085 4279 etiam
3109 4222 3394 4280 habuimus
3419 4235 3516 4291 per
3543 4219 3718 4276 tidem

2110 4325 2166 4372 et
2193 4317 2697 4381 sanctliicationem,
2729 4321 3018 4386 propterea
3070 4312 3216 4383 Quod
3263 4312 3453 4367 divina.-
3499 4319 3721 4368 natura:

2109 4410 2400 4481 perticipes
2430 4409 2652 4475 luimus;
2690 4409 2890 4463 ctenim
2923 4407 3062 4462 sicut
3098 4406 3174 4460 ait
3203 4403 3400 4460 Paulus
3431 4423 3444 4457 :
3478 4401 3576 4468 Qui
3608 4408 3722 4462 ad-

2109 4505 2270 4559 haeret
2305 4505 2542 4569 Domino,
2573 4520 2707 4558 unus
2745 4507 2823 4558 est
2850 4500 3077 4574 Spiritus
3109 4499 3160 4570 (l
3189 4496 3305 4554 Cor.
3340 4515 3412 4563 vr,
3438 4498 3558 4570 i7);
3592 4513 3718 4556 non

2109 4604 2288 4651 tamen
2337 4594 2643 4650 necessitati
2667 4601 2722 4649 et
2746 4594 3017 4649 Violentite
3042 4592 3270 4648 naturali
3297 4589 3624 4662 impassibile
3658 4599 3721 4648 et

403 4669 588 4736 ritate,
618 4669 765 4752 carni
810 4663 1031 4724 habenti
1068 4671 1306 4728 animam
1335 4673 1739 4740 rationabilem;
1764 4682 1818 4730 et
1848 4672 1996 4729 nullo
2022 4688 2078 4749 D
2103 4686 2329 4742 uberum
2351 4685 2448 4741 Dei
2475 4685 2711 4741 verbum
2738 4685 3068 4755 subiicimus,

378 4747 569 4848 amotio
599 4749 763 4818 dividi
791 4770 1066 4846 oportere,
1100 4777 1169 4820 ne
1191 4763 1326 4820 duos
1353 4763 1491 4822 ﬁlios
1514 4765 1893 4842 intelligamus,
1919 4766 2001 4822 in-

370 4851 679 4942 Edividuum
701 4853 1020 4910 dividentes.
1055 4853 1125 4910 At
1161 4855 1254 4912 ille
1282 4873 1390 4911 non
1418 4857 1752 4930 intelligens,
1775 4858 1903 4930 quid
1930 4858 2002 4914 sit

402 4947 621 5003 tandem
663 4947 919 5004 adunatio
962 4949 1243 5018 naturalis,
1275 4948 1330 5004 id
1367 4958 1471 5016 est,
1501 4965 1650 5016 vera,
1681 4966 1800 5020 qua:
1823 4957 2001 5025 neque

401 5047 627 5096 naturas
670 5037 994 5109 confundat,
1027 5058 1128 5098 nec
1164 5041 1604 5104 commuttionem
1626 5041 1814 5107 faciat;
1839 5044 1914 5098 ita
1941 5051 2002 5099 ut

385 5139 632 5208 utraque
658 5133 803 5194 aliud
828 5149 966 5203 esse,
1007 5149 1171 5206 quam
1209 5134 1356 5206 quod
1382 5138 1518 5200 erat,
1552 5135 1789 5207 incipiat,
1822 5135 2000 5192 infan-

398 5227 494 5280 tile
517 5225 717 5307 aliquid
746 5227 1108 5299 frivolumque
1151 5230 1376 5285 assumit
1403 5228 1473 5284 ad
1497 5229 1875 5302 probationem
1905 5245 2000 5300 eo-

399 5333 520 5376 rum
540 5334 661 5391 quae
686 5337 744 5378 sc
772 5321 913 5377 bene
936 5322 1140 5380 habere
1169 5323 1460 5380 arbitratus
1486 5329 1587 5379 est.

473 5411 715 5484 Denique
744 5413 819 5468 ait
853 5431 864 5466 :
899 5413 960 5468 Si
982 5415 1238 5468 naturalis
1262 5416 1402 5488 facta
1447 5423 1528 5470 est
1568 5413 1852 5481 adunatio;
1874 5429 1996 5488 ergo

398 5521 507 5561 non
527 5508 820 5563 voluntaria
867 5515 944 5564 est
985 5511 1280 5566 exinanitae
1319 5509 1489 5580 Verbi,
1520 5509 1612 5566 sed
1641 5520 1902 5586 tamquam
1922 5531 1988 5568 ex

397 5601 722 5668 necessitate,
779 5613 830 5659 et
876 5603 1138 5674 violtmtia,
1189 5607 1466 5677 imperiosa
1487 5607 1627 5665 enim
1666 5623 1748 5666 res
1773 5616 1986 5666 natura.

396 5690 481 5748 Ad
509 5690 615 5746 hoc
641 5694 865 5762 quilibet
887 5695 955 5750 ad
974 5707 1099 5752 eum
1125 5697 1322 5754 dixerit
1345 5716 1360 5753 :
1381 5696 1646 5766 Esuritio,
1675 5707 1733 5755 et
1767 5701 1904 5767 sitis,
1936 5708 1994 5757 et

397 5792 614 5850 cetera,
647 5787 1098 5854 quemadmodum
1123 5789 1324 5856 dixisti,
1354 5792 1531 5847 carnis
1559 5800 1686 5846 sunt
1709 5789 1992 5846 inﬁrmita-

396 5879 482 5932 tes
502 5879 798 5948 naturales,
842 5888 896 5938 et
938 5880 994 5938 in
1039 5882 1307 5940 nobismet
1334 5884 1465 5954 ipsis
1503 5885 1708 5944 habent
1745 5892 1990 5960 motum;

2177 4777 2330 4846 Quod
2351 4792 2484 4834 vero
2507 4787 2631 4849 post
2651 4780 3032 4835 adunationem
3054 4777 3263 4853 [Batuz.
3295 4779 3415 4833 add.
3441 4776 3714 4852 divinam]

2107 4870 2359 4926 nolumus
2381 4886 2465 4938 ea,
2495 4884 2616 4940 qua:
2643 4869 2876 4925 adunata
2903 4879 3046 4937 sunt,
3080 4885 3110 4925 a
3138 4883 3258 4928 sese
3286 4884 3403 4926 esse
3430 4868 3711 4938 seiuncta,

2105 4965 2209 5019 nisi
2239 4965 2414 5028 fallor.
2445 4979 2549 5024 nec
2569 4964 2917 5024 criminosum
2938 4965 3160 5025 omnino
3188 4973 3288 5030 est,
3315 4980 3414 5020 nec
3433 4963 3716 5034 culpabile

2107 5057 2336 5125 videtur,
2367 5073 2492 5118 cum
2518 5058 2820 5128 praesertim
2848 5058 2965 5130 ipse
3002 5057 3082 5122 vir
3109 5057 3354 5128 egregius
3382 5054 3715 5112 Theodore-

2103 5158 2192 5210 tus
2237 5166 2403 5212 unum
2433 5164 2502 5212 ex
2530 5150 2687 5210 nobis
2714 5150 2989 5208 hominem
3017 5149 3252 5226 exempli
3291 5164 3448 5206 causa
3491 5162 3714 5220 propo-

2105 5258 2261 5312 nens,
2285 5243 2339 5308 in
2369 5243 2478 5308 duo
2503 5241 2668 5306 dividi
2693 5259 2802 5308 non
2828 5243 3008 5316 sinat;
3037 5244 3284 5318 quamvis
3322 5248 3579 5316 quantum
3633 5239 3714 5294 ad

2102 5339 2339 5402 hominis
2358 5341 2571 5416 θεωρίαν
2599 5339 2850 5410 pertinet,
2880 5338 3158 5394 divisionis
3184 5337 3394 5408 patiens
3423 5349 3540 5392 esse
3567 5349 3712 5404 pos-

2100 5431 2188 5499 sit,
2207 5447 2273 5488 co
2301 5431 2572 5498 videlicet,
2599 5429 2744 5504 quod
2772 5430 3136 5510 intelligimus,
3161 5429 3304 5484 aliud
3324 5430 3554 5490 animam
3575 5440 3713 5482 esse

2100 5534 2313 5594 natura,
2345 5523 2492 5584 aliud
2518 5532 2711 5580 natura
2739 5524 2957 5598 propria
2986 5539 3224 5590 carnem.
3248 5522 3388 5592 Ergo
3420 5520 3579 5580 simili
3607 5535 3713 5578 ra-

2100 5619 2248 5673 tione
2297 5618 2562 5672 curiosius
2615 5617 2970 5687 inquirentes,
3023 5616 3438 5681 adunationem,
3469 5627 3586 5683 qua:
3644 5612 3711 5668 in

2096 5707 2320 5764 Christo
2344 5707 2483 5763 facta
2511 5722 2630 5764 esse
2659 5694 2994 5787 intelligitur,
3027 5703 3320 5772 secundum
3349 5708 3559 5786 θεωρίαν
3579 5706 3716 5773 qui-

2099 5799 2224 5856 dem
2251 5799 2544 5855 divinitatis
2579 5807 2634 5856 et
2660 5800 3031 5868 humanitatis,
3060 5801 3472 5856 conventionem
3505 5809 3708 5854 veram

2098 5906 2197 5964 per
2223 5892 2400 5950 ἕνωσιν
2429 5889 2626 5950 factam
2644 5907 2763 5950 esse
2782 5892 3036 5951 dicimus:
3061 5907 3168 5949 non
3190 5892 3517 5965 ignorantes,
3541 5884 3710 5944 aliud
