3982 6278
491 297 602 356 983

1006 294 1202 356 MAR“
1237 295 1690 356 MERCATORIS
1722 293 2299 356 TRANSLATIONES
2343 294 2701 355 VARIORUM
2737 295 3272 358 OPUSCULORUM.

491 412 674 470 Verbo
703 411 1064 480 ascribamus;
1095 427 1215 483 quae
1244 426 1376 467 vero
1426 409 1708 466 humiliter
1747 408 1895 466 dicta
1932 416 2093 478 sunt,
2119 419 2175 481 Α
2197 410 2458 474 dicentis:
2491 409 2571 466 De
2591 411 2672 466 die
2693 421 2863 467 autem
2891 422 2979 466 aut
2999 412 3128 467 hora
3148 410 3241 466 illa
3262 426 3411 467 nemo
3435 412 3554 479 scit,
3585 430 3675 470 nec
3697 423 3818 471 an-'

492 508 637 564 servi
658 505 843 563 forum
866 515 1133 578 aptemus,
1163 520 1230 560 ne
1251 503 1366 558 Arii
1389 511 1445 558 et
1462 500 1715 560 Eunomii
1733 499 2098 574 blasphemias

492 599 829 656 aemulemur.

975 750 1257 792 RESPONSIO
1285 749 1614 792 ORTHODOXI.

564 874 756 932 Nonne
779 876 948 931 multo
969 875 1181 943 melius,
1203 874 1598 946 quzeso,fuerat
1621 875 1822 947 ipsum,
1839 875 1951 933 vim
1971 887 2099 948 per-

490 969 724 1024 scrutari
759 969 1060 1035 dictorum,
1111 969 1181 1024 ab
1220 969 1346 1025 odio
1395 976 1449 1024 et
1504 968 1818 1039 prtejudicio
1863 968 2096 1024 liberum

491 1061 733 1117 animum
761 1063 1121 1118 retinentem?
1147 1062 1348 1118 Verum
1376 1063 1428 1117 id
1458 1063 1680 1118 minime
1707 1068 1871 1132 agere
1901 1062 2096 1132 digna-

427 1152 454 1165 "
489 1159 608 1218 tur;
633 1152 814 1207 omnia
844 1153 988 1207 enim
1017 1153 1084 1209 ad
1104 1169 1260 1209 suum
1275 1155 1547 1210 convertit
1575 1154 1877 1221 arbitrium,
1899 1161 1958 1210 et
1985 1153 2092 1208 ait:

492 1241 731 1316 Cognata
769 1255 817 1299 et
838 1245 947 1300 hcec
973 1247 1288 1318 supradictis
1311 1264 1328 1302 :
1359 1249 1464 1302 vult
1488 1249 1644 1313 enim,
1671 1257 1932 1320 tamquam
1955 1262 2097 1301 cam-

487 1337 744 1392 mixtione
765 1339 923 1408 facta,
956 1339 1155 1392 nullam
1176 1356 1286 1393 esse
1311 1339 1581 1394 verborum
1595 1338 1965 1409 diﬂ'erentiam,
1981 1356 2096 1412 qua:

487 1427 546 1482 in
557 1427 752 1481 sanctis
763 1429 1040 1499 evangeliis
1056 1428 1134 1482 vel
1154 1429 1451 1500 apostolicis
1469 1430 1620 1486 dictis
1635 1431 1929 1502 conscripta
1941 1438 2093 1497 sunt;

488 1535 607 1574 cum
632 1522 923 1590 prtesertim
951 1521 1097 1587 Aria,
1122 1531 1170 1574 et
1207 1519 1487 1588 Eunomia,
1518 1530 1569 1575 et
1595 1522 1794 1577 steteris
1821 1521 2096 1576 htereseun

489 1612 785 1668 auctoribus
817 1615 1014 1669 hostem
1061 1630 1116 1668 se
1160 1631 1274 1669 esse
1314 1616 1582 1686 glorietur.
1611 1613 1680 1669 Et
1715 1615 1832 1671 haec
1877 1615 2095 1684 quidem

487 1703 583 1759 ille
610 1722 622 1758 :
650 1719 838 1759 verum
868 1714 1076 1760 tantum
1107 1706 1283 1771 abest,
1306 1713 1366 1759 ut
1379 1719 1481 1773 ego
1503 1705 1678 1762 dicam
1703 1712 1928 1760 naturas
1953 1706 2098 1762 inter

2203 507 2307 578 geli
2328 506 2596 572 caelorum,
2629 523 2721 561 nec
2749 505 2952 575 Filius,
2981 507 3083 561 nisi
3117 505 3278 561 Pater
3308 504 3502 577 (Marc.
3538 524 3650 575 xm,
3673 510 3788 582 '52).

2201 596 2406 652 Deinde
2425 597 2745 668 sapientiam
2768 612 2890 654 esse
2914 596 3188 652 aflirmans
3209 596 3308 652 Dei
3328 594 3504 652 Patris
3534 597 3787 668 Verbum,

2199 695 2258 744 et
2282 689 2463 745 omnia
2506 687 2686 744 futura
2713 689 2963 760 praescire
2986 729 3002 756 ,
3053 688 3237 760 adjicit
3276 697 3333 745 et
3377 691 3491 746 ait:
3523 688 3647 746 Non
3667 709 3789 765 ergo

2198 781 2298 839 Dei
2335 783 2491 839 Verbi
2519 785 2818 856 ignorantia
2841 824 2858 851 ,
2888 783 2981 838 sed
3006 785 3140 838 servi
3164 786 3348 856 farinae
3370 825 3385 851 ,
3428 800 3545 856 qua
3567 793 3714 838 tanta
3732 802 3789 841 ea

2201 887 2426 950 tempore
2451 877 2678 945 sciebat;
2715 887 2740 915 α
2771 878 2882 934 htec
2910 888 2959 933 et
2985 879 3049 932 de
3085 877 3206 932 aliis
3248 877 3500 933 similibus
3541 877 3645 932 dici
3673 894 3792 950 pos-

2197 981 2338 1029 sunt.
2378 969 2522 1041 Ergo
2550 971 2596 1028 si
2625 985 2735 1026 non
2763 971 3098 1026 mendaciter
3119 969 3328 1044 [Belum
3357 969 3637 1042 mendose]
3659 969 3792 1026 dicis

2198 1079 2365 1119 unum
2391 1061 2664 1118 Christum
2680 1102 2696 1129 ,
2725 1070 2782 1118 et
2808 1062 2976 1118 Deum
3005 1061 3218 1129 Filium,
3242 1061 3495 1118 eumdem
3521 1062 3694 1119 Deum
3721 1062 3794 1119 si-

2197 1155 2312 1211 mul
2337 1164 2394 1212 et
2422 1155 2726 1212 hominem:
2757 1170 2927 1226 quare
2957 1155 3170 1222 dividis,
3189 1163 3245 1212 et
3262 1155 3401 1212 duos
3425 1155 3607 1212 dicere
3627 1155 3790 1213 Filios

2199 1262 2311 1304 non
2335 1247 2632 1314 erubescis,
2662 1248 2764 1303 nisi
2785 1247 2926 1302 forte
2951 1263 3062 1302 non
3088 1247 3378 1303 videantur
3404 1247 3513 1302 duo
3536 1262 3656 1303 esse
3676 1262 3791 1303 om—

2198 1340 2350 1408 nino,
2372 1342 2418 1397 is
2445 1342 2539 1411 qui
2564 1341 2761 1397 habeat
2800 1341 3080 1398 scientiam
3117 1340 3437 1413 przefinitam
3459 1381 3476 1408 ,
3529 1349 3586 1398 et
3629 1342 3676 1396 is
3701 1343 3790 1411 qui

2198 1435 2379 1490 omnia
2408 1435 2575 1501 sciat,
2611 1441 2667 1490 et
2697 1435 2789 1504 qui
2831 1434 3211 1505 particularem
3247 1433 3479 1504 accipiat
3505 1431 3792 1489 revelatio-

2199 1540 2358 1592 nem,
2397 1532 2454 1580 et
2475 1525 2568 1594 qui
2602 1525 2673 1580 sit
2701 1523 2972 1597 perfectus
3006 1524 3294 1596 sapientia,
3323 1532 3380 1580 et
3407 1530 3559 1580 tanta
3585 1537 3790 1594 cogno-

2197 1625 2333 1684 scat,
2364 1624 2562 1687 quanta
2594 1617 2759 1672 etiam
2787 1614 2986 1672 Pater?

2269 1709 2328 1766 Si
2377 1718 2560 1766 autem
2607 1719 2692 1767 est
2737 1725 2876 1766 unus
2901 1718 2958 1766 et
2985 1709 3150 1777 idem,
3199 1717 3424 1781 propter
3451 1709 3793 1768 adunationis

488 1810 552 1852 se
579 1795 747 1852 fuisse
784 1797 1066 1864 confusas,
1095 1797 1165 1866 {et
1193 1797 1603 1866 confusionem,
1650 1799 2096 1855 commixtionem
2127 1812 2173 1873 Β
2201 1803 2493 1859 verissimae
2538 1803 2804 1859 rationem
2825 1842 2843 1871 ,
2892 1810 2950 1858 et
2995 1817 3106 1858 non
3145 1802 3282 1858 alius
3307 1810 3363 1858 et
3387 1802 3525 1858 alius
3545 1802 3718 1859 divise
3741 1812 3792 1860 et

487 1902 556 1943 ac
579 1889 992 1946 conversionem
1019 1890 1352 1961 suscepisse,
1389 1899 1654 1961 quantum
1682 1891 1869 1958 abest,
1900 1899 1962 1948 ut
2003 1892 2095 1949 ille

487 1986 640 2035 recta
667 1981 885 2035 sentiat.

561 2069 670 2126 Sed
699 2086 872 2140 neque
901 2071 1192 2129 verborum
1220 2072 1438 2144 quidem
1480 2071 1843 2130 differentiam
1868 2076 2094 2132 sustuli-

486 2177 642 2218 mus:
675 2163 876 2218 scimus
902 2164 1048 2219 enim
1070 2203 1087 2230 ,
1141 2165 1258 2220 lucc
1301 2165 1523 2235 quidem
1563 2165 1744 2221 divine
1779 2166 1922 2223 facta
1949 2181 2092 2235 esse,

487 2255 606 2310 haec
631 2270 763 2310 vero
791 2255 1054 2324 humane;
1073 2263 1130 2312 et
1155 2257 1301 2327 quod
1329 2257 1442 2313 haec
1468 2257 1934 2314 excellentissima:
1962 2274 2096 2315 con-

486 2346 712 2401 veniant
751 2347 966 2415 gloriai,
998 2348 1115 2403 haec
1157 2348 1267 2403 sint
1305 2348 1654 2404 exinanitatis
1690 2350 1902 2421 aptiora
1940 2366 2095 2408 men-

487 2452 647 2494 surze.
689 2435 956 2510 Oportere
982 2447 1164 2495 autem
1186 2440 1497 2508 asserimus,
1523 2455 1588 2496 ea
1616 2442 1866 2512 personis
1885 2441 2095 2499 duabus

486 2545 521 2584 a
549 2545 608 2585 se
636 2531 851 2601 penitus
891 2531 1078 2587 divisis
1122 2547 1234 2588 non
1273 2531 1561 2603 deputari:
1595 2547 1722 2588 nam
1760 2532 1808 2589 si
1847 2541 1932 2590 est
1957 2551 2090 2592 unus

485 2620 744 2678 Dominus
775 2634 952 2678 noster
980 2623 1132 2679 Jesus
1163 2622 1418 2690 Christus,
1459 2641 1566 2680 una
1587 2625 1720 2696 fides
1743 2626 1798 2681 in
1821 2627 2011 2697 ipsum,
2039 2635 2092 2682 et

483 2727 647 2766 unum
668 2712 924 2785 baptisma
948 2713 1166 2787 (Ephes.
1197 2731 1271 2781 ιν,
1303 2713 1380 2786 5),
1408 2730 1514 2770 una
1542 2716 1647 2770 erit
1672 2723 1728 2771 et
1748 2717 1905 2772 unius
1924 2717 2092 2788 ipsius

483 2814 636 2862 recte
664 2822 915 2876 persona.
956 2807 1026 2862 Et
1073 2809 1120 2863 si
1157 2810 1262 2863 erit
1303 2809 1420 2878 ipse
1456 2808 1600 2866 Deus
1633 2810 1792 2866 simul
1820 2819 1877 2867 et
1903 2812 2088 2879 homo,

485 2895 646 2952 decet
674 2898 850 2968 ipsum
888 2907 1037 2955 certe
1060 2907 1116 2954 et
1162 2899 1343 2956 divine
1384 2899 1545 2955 simul
1565 2901 1745 2957 facere
1773 2910 1828 2958 et
1855 2903 2091 2960 humane

487 3002 800 3056 sermones;
833 3005 955 3045 cum
995 3003 1172 3059 neque
1209 2989 1334 3045 inde
1361 2989 1546 3045 divina
1581 2991 1751 3062 ipsius
1784 3008 2090 3063 arcanaque

486 3092 680 3139 natura
706 3085 814 3139 ulla
837 3099 906 3139 ex
926 3083 1191 3154 particula
1211 3082 1307 3140 fiat
1330 3082 1617 3153 majestate
1637 3082 1814 3140 Patris
1834 3085 2085 3155 inferior;

2197 1895 2512 1966 separatim,
2541 1894 2708 1966 ipsius
2744 1902 2830 1951 est
2853 1894 3076 1951 omnino
3105 1894 3244 1951 scire
3270 1901 3327 1950 et
3351 1893 3525 1949 videri
3557 1893 3789 1950 nescire.

2196 1987 2340 2058 Ergo
2365 1988 2467 2043 scit
2487 1987 2707 2058 quidem
2728 1987 2929 2053 divine,
2951 1995 3142 2058 utpote
3164 1985 3431 2057 sapientia
3459 1984 3660 2041 Patris.
3684 1983 3788 2042 Sed

2196 2078 2452 2148 quoniam
2469 2078 2674 2134 inscite
2695 2076 2904 2152 [Baluz.
2935 2073 3236 2148 inscientia]
3259 2075 3610 2132 humanitatis
3639 2090 3790 2131 men-

2197 2184 2378 2224 suram
2407 2170 2549 2224 subit
2577 2167 2997 2239 dispensatorie,
3040 2175 3097 2223 et
3141 2167 3246 2224 hoc
3272 2181 3493 2238 quoque
3519 2181 3651 2224 cum
3678 2166 3792 2223 aliis

2195 2261 2460 2317 familiare
2507 2260 2666 2327 facit;
2705 2260 2952 2331 quamvis
2987 2259 3128 2316 sicut
3164 2274 3336 2331 nuper
3362 2259 3628 2327 diximus,
3665 2259 3792 2316 nihil

2194 2370 2419 2428 prorsus
2439 2355 2672 2424 ignoret,
2705 2354 2800 2410 sed
2829 2354 2969 2410 sciat
2993 2361 3186 2410 cuncta
3214 2368 3338 2410 cum
3367 2352 3551 2411 Patre.

2267 2445 2441 2514 Quam
2471 2445 2632 2516 igitur
2659 2445 2730 2502 ob
2757 2461 2976 2503 causam
3003 2446 3238 2502 esurisse
3269 2444 3486 2512 dicitur,
3513 2454 3573 2502 et
3601 2445 3790 2518 fatiga-

2195 2547 2286 2597 tus
2313 2554 2434 2596 esse
2462 2555 2530 2595 ex
2568 2539 2793 2606 itinere,
2833 2553 2957 2596 cum
2983 2539 3054 2594 sit
3083 2538 3193 2594 vita
3215 2546 3271 2594 et
3296 2536 3579 2606 viviﬁcus,
3608 2548 3790 2612 utpote

2194 2632 2357 2700 Deus,
2385 2640 2442 2689 et
2468 2647 2592 2688 cum
2619 2633 2687 2687 sit
2716 2633 2830 2704 ipse
2856 2633 3008 2704 panis
3027 2632 3166 2686 vivus
3187 2671 3205 2699 ,
3236 2632 3326 2704 qui
3345 2630 3411 2688 de
3434 2632 3565 2690 mla
3586 2633 3789 2690 destert-

2195 2723 2296 2792 dit,
2335 2733 2386 2779 et
2418 2725 2578 2778 vitam
2617 2722 2749 2777 dans
2789 2722 2984 2777 mundo
3015 2721 3198 2792 (Iaan.
3229 2737 3307 2788 vr,
3328 2719 3419 2793 5i)
3443 2760 3461 2789 ,
3483 2729 3542 2778 et
3573 2723 3691 2794 ipse
3724 2722 3788 2778 sit

2194 2805 2348 2872 idem]
2365 2817 2608 2871 virtutum
2636 2813 2891 2869 Dominus
2923 2812 3104 2886 (Psal.
3135 2828 3288 2881 xxm,
3313 2811 3454 2876 10)?
3488 2813 3713 2870 Scilicet
3734 2823 3789 2870 ut

2194 2907 2367 2966 factus
2410 2907 2575 2964 fuisse
2617 2909 2782 2963 homo
2822 2921 2951 2962 vere
2997 2905 3274 2972 credatur,
3320 2898 3611 2961 familiaria
3643 2913 3788 2977 putat

2193 3003 2450 3069 humana,
2481 3015 2773 3071 numquam
2801 3007 3009 3055 naturae
3035 3015 3146 3055 sua:
3172 2997 3334 3054 bonis
3356 2998 3670 3066 excedens;
3698 2998 3786 3055 sed

2195 3108 2262 3150 ea
2290 3095 2512 3150 immota
2557 3093 2799 3150 retinens
2821 3132 2838 3158 ,
2887 3092 2943 3148 in
2969 3092 3165 3163 quibus
3188 3099 3308 3146 erat
3332 3105 3573 3163 semper,
3606 3100 3663 3148 et
3688 3099 3784 3158 est,

484 3183 544 3230 et
571 3175 659 3230 illa
681 3175 1012 3247 dispensatio
1041 3191 1165 3232 cum
1192 3191 1356 3233 carne
1377 3176 1649 3234 credenda
1677 3177 1768 3247 sit,
1798 3178 1943 3249 quod
1965 3195 2090 3236 cum
2116 3191 2164 3257 α
2195 3195 2250 3242 et
2277 3187 2398 3242 erit.

485 3267 559 3323 sit
588 3268 748 3336 Deus,
777 3270 940 3325 homo
970 3270 1134 3324 etiam
1153 3268 1309 3339 juxta
1333 3285 1436 3326 nos
1462 3267 1640 3327 factus
1666 3271 1897 3328 dicatur.

556 3358 750 3414 Omnia
781 3361 945 3429 igitur
971 3360 1132 3417 unius
1169 3359 1373 3418 Christi
1399 3369 1558 3429 sunt,
1598 3362 1780 3419 divina
1810 3371 1972 3434 atque
1991 3363 2092 3420 hu-

483 3463 683 3508 mana:
717 3466 840 3506 nam
864 3453 910 3506 si
948 3466 1056 3507 non
1086 3451 1286 3509 factum
1314 3459 1400 3509 est
1426 3453 1594 3510 homo
1623 3453 1721 3510 Dei
1745 3452 1922 3511 Patris
1949 3455 2080 3512 Ver-

485 3544 651 3611 bum,
693 3560 804 3600 non
836 3543 1045 3618 [Baluz.
1072 3545 1194 3618 nec]
1227 3544 1382 3615 juxta
1431 3561 1534 3604 nos
1559 3560 1693 3603 sane
1718 3547 1974 3618 loquatur
1996 3549 2092 3605 hu-

485 3650 684 3703 mane;
713 3636 796 3691 sin
834 3645 1016 3692 autem
1041 3651 1234 3692 verum
1266 3646 1381 3705 est,
1423 3637 1602 3709 ipsum
1627 3639 1878 3695 similiter
1902 3655 1967 3696 ac
1989 3656 2090 3698 nos

485 3729 920 3784 communicasse
973 3729 1223 3798 sanguini
1268 3736 1326 3785 et
1352 3730 1505 3786 carni
1527 3769 1546 3798 ,
1575 3730 1880 3787 assimilans
1905 3747 1964 3788 se
1989 3748 2089 3804 per

484 3821 670 3878 omnia
698 3821 956 3879 fratribus
972 3863 988 3890 ,
1017 3823 1176 3878 nobis
1196 3822 1437 3892 scilicet;
1471 3837 1642 3894 quare
1668 3823 2089 3896 dispensationis

482 3915 842 3971 rectissimam
883 3917 1150 3971 rationem
1179 3915 1498 3972 stultissime
1522 3917 1964 3988 reprehendunt,
1993 3920 2087 3990 qui

483 4024 676 4066 vocem
729 4025 838 4066 non
873 4011 1156 4080 patiuntur
1189 4010 1514 4078 humanam,
1551 4011 1753 4081 quique
1800 4013 2084 4080 sermonis,

481 4111 710 4174 propter
756 4104 1217 4174 dispensationem
1265 4102 1488 4172 factam,
1537 4105 1919 4173 humilitatem,
1947 4114 2086 4162 tam-

481 4211 646 4266 quam
694 4197 784 4252 alii
811 4213 1059 4253 seorsum
1096 4196 1256 4264 Filio,
1287 4197 1431 4253 servi
1459 4195 1668 4265 formae,
1697 4205 1757 4253 ut
1786 4199 1888 4270 ipsi
1910 4201 2083 4268 aiunt,

481 4288 748 4360 deputare
777 4289 1073 4346 festinant?

557 4377 805 4448 Ineptum
835 4389 917 4435 est
950 4389 1153 4449 autem,
1175 4395 1274 4438 eos
1304 4382 1685 4438 haereticorum
1713 4382 1931 4453 quidem
1960 4399 2082 4440 ma-

485 4469 788 4538 lignitatem
814 4471 1039 4528 horrere
1067 4487 1128 4529 se
1157 4473 1371 4540 dicere;
1413 4481 1580 4529 recta:
1602 4482 1785 4530 autem
1814 4475 1939 4530 fidei
1967 4483 2084 4530 tra-

2265 3277 2367 3345 Qui
2407 3292 2539 3333 vero
2588 3276 2977 3334 revelationem
3019 3275 3202 3331 datam
3237 3289 3359 3332 esse
3395 3282 3786 3332 commemorat

2191 3371 2336 3427 servi
2363 3368 2550 3424 formm
2594 3383 2626 3423 a
2669 3368 2781 3424 Deo
2819 3368 3180 3435 inhabitante,
3210 3375 3268 3424 et
3293 3381 3414 3423 eam
3443 3367 3783 3438 przefinitam,

2191 3461 2518 3533 Prophetam
2568 3461 2725 3517 nobis
2769 3460 3007 3516 ostendit
3052 3458 3394 3527 Emmanuel,
3424 3467 3482 3515 et
3510 3460 3782 3516 hominem

2189 3552 2464 3631 Θεοφόρον,
2487 3561 2544 3610 et
2573 3552 2719 3608 aliud
2749 3552 2901 3607 nihil.

2261 3644 2463 3700 Verum
2499 3642 2753 3700 callidum
2792 3640 2996 3711 aliquid
3036 3655 3097 3697 se
3149 3639 3332 3698 dicere
3368 3649 3426 3696 et
3452 3641 3784 3712 inexpugna-

2187 3733 2297 3792 bile
2325 3737 2654 3791 arbitratur:
2680 3731 2824 3788 Nam
2851 3735 2895 3788 si
2925 3732 3025 3789 Dei
3061 3731 3304 3800 Verbum,
3336 3733 3528 3802 inquit,
3555 3731 3784 3806 estquod

2188 3830 2518 3895 exclamavit,
2558 3826 2764 3894 PATEB,
2797 3842 2844 3883 ει
2884 3841 3089 3882 roresr
3119 3841 3280 3893 nam,
3314 3841 3599 3881 rmseA-r
3641 3843 3674 3882 Α
3713 3840 3782 3880 Is

2188 3939 2345 3980 caux
2371 3939 2492 3979 ISTE
2515 3921 2732 3995 (Matth.
2764 3936 2911 3988 xxvi,
2944 3919 3056 3990 59).
3105 3918 3345 3974 Primum
3374 3918 3583 3991 quidem
3617 3935 3652 3973 a
3678 3917 3784 3973 Pa-

2189 4026 2267 4073 tre
2305 4015 2601 4082 discordat,
2648 4030 2743 4069 nec
2770 4023 2906 4070 recte
2934 4022 3138 4069 recusat
3173 4011 3346 4068 bibere
3385 4013 3645 4079 calicem;
3671 4027 3782 4066 cum

2185 4114 2338 4179 sciat,
2365 4112 2558 4182 inquit,
2592 4109 2729 4183 quod
2749 4109 2943 4165 munda
2970 4108 3217 4164 salutaris
3251 4109 3428 4180 futura
3458 4109 3636 4178 fuerat
3665 4123 3783 4178 pas-

2185 4208 2303 4260 sio:
2333 4207 2492 4276 igitur
2536 4219 2642 4259 non
2671 4211 2827 4269 sunt,
2858 4201 3068 4271 inquit,
3105 4199 3205 4255 Dei
3241 4199 3397 4256 Verbi
3439 4199 3570 4254 tales
3619 4216 3780 4256 voces.

2185 4297 2384 4353 Audiat
2420 4297 2582 4366 igitur
2609 4305 2798 4351 contra
2832 4309 2996 4364 super
3021 4293 3127 4349 hoc
3153 4305 3373 4363 quoque
3412 4307 3442 4346 a
3475 4292 3668 4358 nobis,
3693 4293 3781 4361 qui

2186 4399 2296 4445 tam
2337 4388 2565 4444 infirmis
2601 4387 2903 4444 rationibus
2937 4393 3091 4441 nutat
3122 4393 3177 4441 et
3214 4385 3428 4440 titubat.
3471 4383 3621 4455 Ergo
3648 4398 3781 4453 quo-

2186 4484 2330 4540 niam
2362 4483 2457 4539 tibi
2483 4482 2730 4538 videntur
2750 4482 2884 4536 tales
2911 4495 3074 4537 voces
3101 4495 3134 4535 a
3165 4479 3279 4535 Deo
3302 4478 3482 4535 Verbo
3510 4478 3783 4534 removeri

486 4561 752 4616 ditionem
797 4562 942 4618 nolle
989 4564 1184 4620 sectari
1219 4583 1233 4619 :
1274 4565 1638 4635 praestabilius
1679 4573 1862 4622 autem
1906 4567 1997 4634 sit,
2028 4575 2084 4622 et

2198 4575 2404 4640 debere,
2431 4581 2487 4629 et
2513 4573 2614 4629 soli
2635 4572 2886 4644 deputari
2914 4571 3101 4626 formae
3129 4570 3333 4638 servili,
3360 4585 3539 4626 nonne
3572 4571 3628 4624 in
3649 4570 3784 4624 duos

482 4656 658 4710 multo
678 4655 909 4722 doctius,
932 4672 1098 4713 voces
1116 4658 1382 4715 humanas
1399 4667 1608 4731 aptare,
1633 4676 1740 4716 non
1763 4662 1852 4716 alii
1877 4660 2083 4734 [Baluz.

483 4747 626 4820 aliae]
670 4764 946 4818 personae,
995 4765 1118 4820 quae
1164 4751 1497 4822 intelligatur
1532 4768 1750 4810 seorsus
1793 4752 1992 4821 Filius,
2035 4762 2092 4810 et

482 4841 626 4896 servi
657 4840 862 4908 formtn,
893 4843 1031 4897 sicut
1052 4842 1156 4913 ipsi
1186 4843 1368 4900 dicere
1388 4852 1822 4912 consueverunt;
1855 4845 1952 4902 sed
1978 4861 2088 4901 ma-

483 4933 566 5001 gis
608 4933 957 4989 humanitatis
987 4935 1157 5005 ipsius
1196 4934 1460 5006 deputare
1495 4951 1798 4993 mensum:
1830 4929 2090 4995 decuerat

484 5025 632 5079 enim
650 5066 665 5090 ,
691 5040 816 5080 cum
847 5035 988 5083 esset
1016 5027 1160 5085 Deus
1186 5028 1350 5084 simul
1375 5036 1434 5084 et
1461 5028 1657 5098 homo,
1688 5045 1788 5100 per
1824 5037 2085 5100 utrosque

484 5129 607 5171 eum
634 5118 929 5187 procedere
958 5118 1166 5194 [Baluz.
1187 5136 1292 5176 am.
1315 5119 1640 5193 procedere]
1669 5136 1968 5178 sermones.

554 5208 808 5266 Admiror
835 5221 1035 5278 autem,
1056 5213 1202 5283 quod
1219 5215 1436 5272 simulet
1455 5215 1674 5286 quidem
1702 5216 1818 5287 ipse
1844 5231 2081 5286 quoque,

481 5302 748 5372 conﬁteri,
779 5306 926 5375 quod
962 5307 1032 5362 sit
1055 5323 1193 5364 unus
1218 5305 1500 5376 Christus,
1533 5308 1677 5366 idem
1703 5309 1912 5366 scilicet
1940 5309 2082 5366 Deus

483 5395 645 5451 simul
672 5405 728 5452 et
755 5398 951 5465 homo;
987 5399 1183 5455 deinde
1209 5406 1485 5470 tamquam
1530 5401 1585 5456 in
1633 5401 1961 5458 oblivionem
1989 5401 2086 5458 de-

484 5487 667 5558 lapsus
694 5505 904 5558 eorum,
925 5507 1046 5562 quae
1075 5501 1220 5549 recte
1245 5493 1444 5550 habere
1471 5495 1765 5552 arbitratus
1785 5504 1886 5565 est,
1920 5511 2085 5550 unum

484 5579 692 5638 dividat
718 5600 903 5641 rursus
930 5587 984 5641 in
1021 5585 1147 5642 duo.
1211 5585 1372 5643 Ponit
1399 5587 1543 5644 enim
1572 5588 1871 5645 Salvatoris
1894 5605 2082 5646 vocem

2190 4666 2331 4721 filios
2350 4681 2517 4720 unum
2543 4664 2758 4728 dividis,
2789 4671 2846 4719 et
2865 4663 2952 4719 cui
2977 4662 3083 4718 hoc
3105 4661 3429 4732 sapientium
3449 4661 3668 4717 videtur
3689 4661 3784 4717 ob-

2187 4759 2442 4815 scurum?
2468 4757 2674 4815 Dixerit
2706 4756 2851 4812 enim
2880 4754 3112 4812 fortasse
3144 4754 3363 4825 aliquis,
3397 4763 3516 4810 tuas
3549 4769 3787 4825 sequens

2187 4850 2457 4918 rationes,
2501 4849 2650 4920 quod
2693 4863 2796 4906 nec
2820 4848 3115 4905 verisimile
3159 4847 3262 4916 sit,
3306 4862 3409 4904 nec
3438 4847 3782 4912 rationabile,

2186 4958 2442 5000 recusare
2490 4943 2801 5016 passionem
2847 4943 2991 4999 servi
3030 4942 3289 5008 formam,
3328 4951 3385 4998 et
3408 4942 3728 4998 discordare
3758 4959 3786 4996 a

2190 5035 2353 5091 Patre
2371 5077 2385 5102 ,
2417 5044 2472 5092 et
2500 5037 2569 5091 ab
2597 5051 2684 5102 eo,
2726 5035 2872 5105 quod
2902 5035 3328 5101 inhabitaverat,
3359 5033 3536 5089 Verbo
3570 5034 3782 5107 [Βαιια.

2189 5126 2472 5200 Verbum],
2498 5143 2620 5184 cum
2649 5128 2812 5184 sciret
2831 5128 3140 5199 passionem
3163 5128 3456 5184 salutarem
3475 5127 3684 5181 mundo
3710 5128 3784 5179 fu-

2187 5227 2388 5287 turam,
2419 5229 2475 5277 et
2503 5221 2626 5276 vitae
2655 5236 2871 5276 causam
2893 5219 3026 5284 illis,
3059 5220 3152 5290 qui
3178 5221 3392 5274 fuerant
3428 5226 3605 5273 morte
3635 5219 3785 5273 devi-

2189 5312 2283 5370 cti.
2321 5310 2620 5384 Oportebat
2647 5326 2810 5383 ergo,
2852 5311 3056 5381 inquit,
3101 5311 3268 5381 ipsam
3299 5309 3473 5366 videri
3495 5309 3784 5363 timiditate

2187 5406 2523 5476 superiorem
2547 5443 2562 5469 ,
2632 5413 2688 5459 et
2743 5403 2937 5459 divinis
2995 5401 3235 5472 imperiis
3289 5401 3765 5472 obtemperantem

2188 5495 2379 5553 Nonne
2403 5497 2566 5567 igitur
2587 5505 2640 5553 te
2659 5497 2828 5552 sentis
2850 5495 3043 5550 frustra
3072 5493 3315 5566 garrire?
3344 5493 3498 5551 Unde
3525 5493 3645 5550 haec
3675 5510 3770 5550 seu

2192 5591 2482 5645 tentiarum
2511 5589 2746 5660 vulgaris
2772 5587 3011 5646 inventio

1659 5677 2198 5736 CASTIGATIONES
2237 5677 2326 5733 ET
2365 5675 2594 5733 NOTAE.

561 5771 590 5806 α
625 5765 809 5824 Baluz.
849 5768 1034 5825 addit:
1065 5778 1260 5842 quanta
1295 5772 1342 5824 ei
1381 5769 1678 5829 inhabitans
1718 5772 1965 5826 diuinitas
1993 5766 2268 5828 reuelabat.
2301 5767 2456 5825 EDIT.
