3924 6282
853 332 913 391 S.
951 326 1230 390 CYRlLLl
1270 324 1798 387 APOLOGETICUS
1846 323 2213 383 ADVERSUS
2248 320 2793 381 THEODORETUM.

245 453 412 525 Ergo,
435 446 581 522 quod
608 449 787 505 omnia
812 447 1026 519 quidem
1046 447 1281 501 humana
1302 444 1415 499 Deo
1437 443 1617 498 Verbo
1637 455 1764 510 par-
1788 440 1845 501 Α
1868 454 2003 494 nans
2031 440 2220 497 beatus
2261 436 2459 493 Paulus
2487 436 2700 491 dicebat
2724 454 2737 490 :
2772 435 2982 502 Videte,
3012 451 3079 491 ne
3111 437 3225 510 quis
3250 454 3348 495 nos
3381 458 3463 497 κ..

106 554 128 614 ζ
157 549 302 605 vula
323 554 375 602 et
395 546 588 614 exigua
608 544 910 609 videantur,
934 557 1065 597 sane
1086 539 1380 605 confiteor;
1402 538 1497 594 sed
1525 535 1763 605 requiro,

162 638 482 694 exinanitas
508 633 659 705 cujus
680 634 822 689 facta
842 649 961 689 esse
982 632 1328 701 intelligatur,
1358 638 1414 686 et
1439 630 1560 699 quis
1578 628 1768 683 volens

159 745 299 784 eam
327 726 662 783 sustinuerit.
702 724 838 780 Nam
868 724 951 791 si,
995 731 1052 778 ut
1072 723 1173 793 ipsi
1203 723 1372 788 aiunt,
1396 721 1538 777 servi
1569 718 1763 785 forma,

160 823 297 879 sive
326 822 377 876 id
397 820 540 890 quod
572 825 689 874 erat
717 833 786 873 ex
818 810 1024 873 semine
1052 815 1248 881 David;
1277 813 1551 884 quomodo
1580 820 1635 868 et
1662 826 1769 881 qua

158 915 390 969 ratione
429 912 763 967 exinanitum
791 910 889 974 sit,
932 924 1056 964 cum
1084 924 1115 962 a
1143 908 1255 962 Deo
1284 913 1618 976 assumptum
1656 904 1769 958 sit?

158 1006 230 1060 Si
262 1022 394 1061 vero
420 1006 593 1075 ipsum
621 1003 877 1067 Verbum,
906 1000 1049 1071 quod
1079 1008 1197 1055 erat
1224 1001 1279 1054 in
1307 999 1479 1054 forma
1508 1006 1563 1052 et
1582 1012 1767 1067 aequa-

155 1095 329 1151 litate
358 1096 452 1150 Dei
483 1104 537 1150 ct
563 1094 767 1159 Patris,
818 1093 1122 1148 exinanisse
1162 1108 1222 1146 se
1249 1091 1462 1154 dicitur,
1494 1089 1767 1158 quomodo

158 1209 365 1247 rursus
392 1193 477 1246 vel
500 1207 604 1260 qua
633 1191 844 1245 ratione
871 1188 1203 1243 exinanitum
1229 1188 1317 1250 sit,
1350 1186 1393 1241 si
1414 1192 1627 1241 recuset
1655 1183 1771 1239 exi-

160 1285 513 1339 nanitatem?
545 1282 861 1337 Exinanitas
890 1288 1070 1335 autem
1100 1279 1196 1334 Dei
1222 1278 1404 1344 Verbi,
1431 1277 1575 1347 quod
1598 1277 1769 1332 nescit

157 1376 291 1446 pati
321 1374 729 1430 conversionem
752 1414 766 1439 ,
812 1381 896 1428 est
935 1387 1095 1441 agere
1116 1370 1319 1440 aliquid
1348 1371 1433 1425 vel
1461 1370 1642 1425 dicere
1670 1370 1769 1424 h’u-

163 1482 461 1521 manorum
489 1507 504 1532 ,
568 1474 792 1536 propter
845 1464 1261 1521 conventionem
1318 1460 1768 1532 dispensatoriam

162 1557 379 1614 carnis.

248 1647 362 1704 Sed
389 1646 491 1703 etsi
518 1646 690 1702 factus
710 1646 781 1702 sit
808 1644 993 1711 homo,
1026 1643 1174 1699 nullo
1207 1649 1387 1699 tamen
1414 1642 1578 1697 modo
1607 1647 1767 1697 natu-

160 1756 296 1798 ram
322 1740 437 1810 ejus
466 1739 707 1811 mysterii
739 1738 902 1793 violat
938 1738 1078 1792 ratio
1105 1756 1117 1791 :
1140 1737 1339 1791 mansit
1368 1736 1513 1791 enim
1543 1735 1595 1789 id
1622 1733 1768 1804 quod

164 1841 317 1900 erat,
350 1832 561 1888 etiamsi
589 1831 655 1885 ad
698 1830 1084 1885 humanitatem
1110 1869 1124 1895 ,
1151 1837 1376 1900 propter
1410 1828 1596 1883 mundi
1626 1828 1770 1882 salu-

162 1932 312 1991 tem,
336 1925 610 1993 vitamque
630 1924 985 1979 descenderit.
1024 1923 1192 1991 Igitur
1219 1938 1329 1978 non
1356 1922 1604 1993 personis
1635 1921 1768 1976 dua-

163 2018 301 2085 bus,
331 2019 427 2075 sed
457 2018 550 2073 uni
576 2017 812 2083 Christo,
833 2017 1078 2086 Filioque
1106 2024 1163 2071 et
1182 2016 1314 2080 Deo,
1339 2016 1678 2085 evangelicas
1708 2030 1773 2070 ac

165 2119 491 2166 sanctorum
531 2110 902 2181 apostolorum
942 2109 1317 2179 deputabimus
1362 2123 1555 2173 voces;
1599 2122 1774 2177 neque

170 2202 422 2257 divinam
453 2203 621 2273 ipsius
651 2210 919 2266 naturam,
946 2210 1001 2256 et
1028 2202 1256 2269 gloriam
1275 2200 1543 2256 minorem
1572 2201 1774 2256 facien-

168 2301 283 2359 tes,
307 2302 531 2364 propter
558 2295 843 2348 humanam
862 2334 877 2359 ,
910 2307 1011 2347 nec
1047 2291 1505 2362 dispensationem
1532 2290 1774 2345 abnuen—

168 2395 297 2453 tes;
321 2389 415 2443 sed
436 2388 603 2458 ipsius
626 2388 790 2444 Verbi
813 2388 1187 2464 ἐνανθρώπησιν
1211 2393 1437 2457 propter
1456 2400 1559 2441 nos
1576 2383 1774 2440 factam

169 2495 306 2539 esse
333 2482 636 2537 credentes.

596 2608 1076 2650 ANATKEMATISMUS
1103 2608 1349 2658 QUINTUS.

262 2709 438 2780 Siquis
466 2710 645 2765 dicere
674 2709 889 2775 audeat,
919 2707 1194 2764 Christum
1217 2723 1337 2763 esse
1364 2708 1640 2764 hominem
1669 2708 1781 2765 θεο-

177 2803 368 2877 φόρον,
400 2818 463 2856 ac
493 2817 599 2856 non
625 2802 794 2869 magis
823 2816 950 2856 vere
977 2801 1144 2856 Deum
1161 2840 1177 2865 ,
1209 2808 1397 2871 utpote
1419 2818 1585 2856 unum
1611 2800 1777 2856 lilium

176 2908 288 2965 per
316 2901 563 2947 naturam
586 2934 602 2959 ,
634 2908 701 2948 eo
725 2893 872 2961 quod
904 2892 1135 2948 Verbum
1164 2891 1363 2947 factum
1410 2894 1482 2947 sit
1524 2908 1671 2959 caro,
1723 2901 1778 2948 et

178 2984 600 3039 communicarit
618 2983 866 3039 similiter
894 2998 959 3040 ac
978 2999 1078 3039 nos
1097 2984 1249 3039 carni
1270 2992 1325 3038 et
1344 2984 1590 3053 sanguini
1609 3001 1624 3051 ;
1649 3000 1779 3039 ana-

180 3077 368 3133 thema
399 3077 488 3131 sit.

639 3204 1007 3246 BEPREBENSIO
1030 3204 1315 3247 BERETICI.

259 3296 703 3354 Communicasse
743 3299 960 3368 quidem
988 3299 1236 3355 similiter
1279 3316 1343 3355 ac
1370 3315 1499 3367 nos,
1532 3302 1779 3371 sanguini

181 3397 243 3445 et
259 3389 428 3454 carni,
455 3396 509 3445 et
533 3391 727 3445 animae
750 3392 1042 3446 immortali
1068 3392 1235 3447 Deum
1265 3392 1515 3456 Verbum,
1543 3410 1608 3449 eo
1633 3395 1778 3463 quod

179 3482 304 3537 hac
342 3482 441 3551 ipsi
485 3483 593 3537 sint
636 3483 907 3549 adunata,
957 3483 1295 3539 confitemur.
1374 3484 1605 3540 Carnem
1646 3502 1778 3540 vero

181 3574 358 3629 Deum
383 3574 616 3630 Verbum
637 3577 991 3630 conversione
1018 3578 1215 3631 factum
1232 3591 1369 3643 esse,
1398 3593 1505 3631 non
1530 3577 1775 3645 dicimus;

179 3665 281 3720 sed
311 3666 430 3720 illos
455 3665 616 3721 etiam
636 3705 651 3730 ,
695 3668 787 3735 qui
820 3667 873 3721 id
912 3667 1124 3733 dicunt,
1156 3668 1449 3738 impietatis
1480 3670 1774 3737 arguimus.

180 3756 359 3823 Quam
382 3765 559 3811 autem
584 3758 914 3812 contrarium
936 3758 988 3812 id
1011 3759 1081 3812 sit
1096 3758 1207 3828 jam
1232 3767 1356 3813 ante
1384 3759 1560 3826 dictis,
1594 3760 1780 3816 videre

180 3848 316 3905 licet
341 3869 351 3903 :
386 3866 508 3904 nam
536 3851 582 3904 si
610 3850 843 3906 Verbum
872 3853 927 3905 in
955 3866 1174 3907 carnem
1195 3867 1513 3908 conversum
1543 3862 1643 3919 est,
1668 3870 1777 3910 non

181 3942 608 3998 communicavit
649 3950 798 3997 certe
844 3944 995 3999 carni
1050 3951 1106 3998 et
1143 3944 1421 4013 sanguini;
1463 3945 1543 3998 sin
1596 3952 1778 3999 autem

182 4034 336 4088 carni
364 4041 417 4089 et
456 4034 703 4104 sanguini
741 4035 1197 4101 communicavit,
1230 4036 1385 4104 quasi
1414 4035 1550 4091 alius
1583 4044 1781 4105 praeter

184 4124 333 4188 hzec,
377 4125 829 4179 communicavit:
869 4124 914 4178 si
949 4139 1080 4179 vero
1121 4140 1249 4181 caro
1290 4126 1434 4179 aliud
1461 4133 1544 4180 est
1582 4134 1782 4195 prteter

186 4216 396 4286 ipsum,
440 4232 548 4271 non
578 4224 662 4271 est
690 4217 861 4287 ipsum
900 4216 955 4271 in
996 4232 1213 4272 carnem
1249 4232 1590 4273 conversum.
1636 4216 1779 4286 Ergo

186 4316 213 4347 ι
240 4308 462 4363 nomine
491 4309 994 4365 communicationis
1024 4316 1254 4377 utentes,
1286 4318 1346 4364 ut
1366 4326 1532 4363 unum
1562 4311 1777 4379 quidem

187 4398 383 4455 Filium
413 4400 717 4465 adoramus,
743 4407 797 4454 et
819 4416 961 4468 eum,
992 4401 1085 4469 qui
1113 4401 1418 4471 assumpsit,
1446 4409 1501 4455 et
1522 4416 1663 4469 eum,
1687 4402 1780 4471 qui

187 4501 495 4563 assumptus
526 4500 636 4559 est;
668 4491 1028 4548 ditl‘erentiam
1058 4501 1236 4548 tamen
1274 4493 1647 4562 cognoscimus
1683 4510 1780 4549 na-

189 4591 452 4639 turarum.

258 4676 289 4715 δ
304 4677 551 4752 Θεοφόρον
570 4681 771 4741 autem,
787 4675 841 4731 id
861 4682 963 4740 est,
988 4673 1270 4741 deiferum,
1293 4673 1491 4741 dicere,
1506 4682 1566 4730 ut
1594 4690 1623 4729 a
1644 4676 1778 4731 mul-

190 4768 258 4823 tis
284 4770 482 4822 sanctis
512 4766 759 4822 Patribus
786 4768 962 4823 dictus
989 4774 1090 4833 est,
1114 4783 1225 4823 non
1253 4782 1562 4823 recusamus
1590 4788 1602 4823 :
1635 4784 1774 4839 quo-

190 4873 307 4915 rum
336 4876 471 4913 unus
508 4872 735 4925 magnus
774 4858 862 4912 ille
890 4858 1150 4922 Basilius,
1197 4860 1251 4913 in
1276 4859 1521 4914 oratione
1548 4860 1615 4914 ad
1644 4861 1774 4914 Am-

192 4951 519 5019 philochium
558 4950 625 5004 de
664 4960 852 5004 sancto
881 4950 1105 5020 Spiritu,
1139 4952 1244 5005 hoc
1270 4960 1352 5006 est
1379 4968 1508 5007 usus
1536 4954 1773 5019 nomine,

193 5050 245 5096 et
266 5043 319 5095 in
348 5041 788 5111 interpretatione
817 5043 1005 5110 psalmi
1032 5043 1457 5111 quinquagesimi
1491 5045 1636 5099 noni.
1669 5044 1779 5099 Vo-

194 5148 375 5188 camus
404 5142 582 5187 autem
627 5133 874 5208 θεοφόρον,
926 5149 1034 5189 non
1083 5141 1140 5188 ut
1179 5137 1561 5205 particularem
1594 5137 1777 5193 nescio

195 5239 351 5292 quam
383 5224 615 5279 divinam
644 5225 869 5291 gratiam
900 5225 1253 5294 accipientem
1273 5269 1287 5293 ,
1328 5229 1423 5281 sed
1464 5238 1524 5283 ut
1563 5245 1777 5285 omnem

196 5311 477 5369 habentem
506 5314 793 5368 adunatam
826 5313 947 5369 Filii
973 5315 1260 5382 deitatem;
1294 5318 1398 5373 hoc
1420 5320 1562 5373 enim
1593 5322 1777 5392 expla—

1874 531 2051 598 ducat,
2076 541 2283 603 propter
2307 530 2685 602 philosophiam
2709 538 2758 583 et
2776 530 2987 584 inanem
3007 530 3247 601 gloriam,
3276 549 3462 589 secun-

1873 623 1998 678 dum
2029 624 2358 678 traditionem
2386 624 2671 689 hominum,
2694 621 2975 677 secundum
2994 623 3245 678 elementa
3258 628 3461 694 mundi,

1870 727 1921 773 et
1968 736 2073 774 non
2120 720 2400 774 secundum
2444 716 2735 783 Christum;
2794 718 2915 790 quia
2958 720 3017 773 in
3052 720 3168 789 ipso
3204 720 3465 777 inhabitat

1869 813 2039 868 omnis
2062 812 2325 883 plenitudo
2357 812 2638 866 diuinitatis
2668 811 3009 882 corporaliter
3037 810 3263 884 (Coloss.
3295 830 3352 880 ll,
3381 814 3462 885 8).

2350 961 2636 1004 RESPONSIO
2666 963 2988 1004 OBTBODOXI.

1942 1081 2043 1139 Hic
2065 1096 2281 1152 quoque
2308 1097 2475 1139 vanas
2510 1098 2632 1139 eum
2662 1083 2869 1139 fabulas
2902 1099 3158 1141 exercere
3183 1084 3364 1142 nullus
3385 1094 3469 1141 est

1871 1176 2025 1232 labor
2052 1176 2373 1243 ostendere;
2417 1177 2707 1232 asserimus
2736 1178 2912 1243 enim,
2954 1193 2987 1232 a
3030 1180 3177 1233 nullo
3214 1188 3468 1250 oportere

1870 1271 2103 1349 Θεοφόρον
2126 1270 2402 1323 hominem
2424 1270 2689 1324 nominari
2710 1267 3004 1337 Christum,
3034 1286 3103 1327 ne
3126 1270 3279 1342 juxta
3302 1288 3469 1328 unum

1873 1364 2109 1433 aliquem
2156 1361 2488 1429 intelligatur
2542 1360 2704 1417 fuisse
2764 1374 3110 1430 sanctorum;
3158 1364 3253 1418 sed
3297 1364 3468 1420 Deum

1870 1455 2041 1523 magis
2074 1468 2263 1508 verum
2310 1453 2587 1508 hominem
2629 1452 2850 1522 factum,
2889 1463 2944 1511 et
2982 1456 3322 1512 incarnatum
3368 1456 3467 1513 Dei

1869 1548 2130 1604 Verbum.

1941 1641 2192 1713 Increpat
2224 1648 2404 1696 autem
2433 1640 2647 1709 iterum,
2681 1655 2802 1711 qua:
2848 1650 2997 1698 recte
3037 1651 3163 1699 sunt
3201 1643 3363 1710 dicta,
3414 1652 3469 1702 et

1871 1730 2009 1789 fallit
2029 1733 2203 1789 modis
2224 1733 2406 1799 variis,
2440 1740 2602 1802 atque
2630 1733 2909 1788 mentitur.
2937 1733 3042 1799 Ait,
3075 1735 3254 1790 dicere
3275 1752 3393 1800 nos,
3415 1736 3470 1792 in

1802 1833 1848 1892 Β
1877 1832 2123 1880 naturam
2165 1825 2343 1881 carnis
2391 1824 2486 1879 Dei
2535 1824 2772 1879 Verbum
2819 1823 2980 1879 fuisse
3027 1840 3364 1893 conversum,
3416 1835 3469 1883 et

1874 1917 2015 1972 eruit
2055 1917 2297 1971 rationes
2344 1931 2409 1971 ex
2440 1917 2569 1983 alto,
2610 1932 2708 1987 per
2746 1932 2881 1986 quas
2922 1917 3153 1986 probare
3194 1920 3471 1974 contendit

1874 2010 1971 2066 Dei
2014 2009 2247 2065 Verbum
2295 2025 2403 2064 non
2452 2025 2570 2066 esse
2599 2009 2865 2065 vertibile.
2916 2009 3072 2075 Quod
3101 2026 3229 2065 vero
3277 2012 3472 2080 sacpius

1874 2100 2004 2167 dixi,
2037 2100 2213 2155 dicam
2254 2116 2400 2155 nunc
2428 2114 2646 2169 quoque
2674 2101 3002 2167 necessario,
3027 2116 3146 2155 cum
3180 2117 3336 2156 nemo
3378 2103 3466 2165 sit.

1874 2192 1968 2262 qui
2016 2191 2071 2246 in
2127 2206 2346 2247 carnem
2396 2199 2688 2259 terrenam,
2721 2191 2959 2246 divinam
3005 2193 3473 2262 immortalemque

1874 2282 2037 2339 Verbi
2058 2291 2305 2338 naturam
2333 2298 2653 2339 conversam
2682 2283 2846 2339 fuisse
2866 2284 3040 2351 dicat;
3064 2286 3161 2340 sed
3188 2285 3472 2341 inconver—

1873 2378 2078 2433 tibilem
2108 2393 2225 2433 eam
2257 2393 2446 2433 omnes
2485 2376 2864 2432 confiteantur.
2900 2377 3112 2437 Parcite
3137 2378 3249 2447 jam
3280 2379 3471 2434 inanes

1874 2467 2089 2523 labores
2117 2467 2448 2537 impendere,
2481 2476 2543 2521 ut
2571 2468 2668 2533 eis,
2701 2468 2792 2536 qui
2815 2469 2867 2521 in
2906 2468 3052 2523 nullo
3078 2469 3289 2538 decepti
3325 2479 3470 2536 sunt,

1875 2560 2094 2631 possitis
2123 2558 2410 2615 ostendere
2434 2600 2449 2625 ,
2481 2561 2627 2628 quod
2649 2568 2703 2614 et
2744 2560 3044 2615 invertihile
3091 2562 3161 2615 sit
3190 2578 3287 2632 per
3316 2571 3474 2618 natu-

1876 2664 2013 2717 ram,
2045 2659 2100 2705 et
2138 2649 2574 2706 incommutabile
2613 2651 2708 2705 Dei
2750 2650 2957 2723 [Baluz.
3005 2650 3167 2723 Deus]
3216 2652 3470 2709 Verbum.

1879 2742 2010 2811 Quis
2031 2743 2173 2799 enim
2203 2741 2338 2798 adeo
2368 2742 2634 2813 stupidus,
2667 2743 2750 2797 vel
2796 2752 2977 2798 mente
3006 2752 3197 2815 captus
3234 2754 3337 2813 est,
3381 2747 3476 2815 qui

1878 2844 1989 2891 tam
2037 2836 2386 2902 dedecorosa,
2432 2843 2488 2890 et
2526 2835 2656 2905 ipsis
2698 2834 2837 2890 forte
2891 2837 3055 2890 etiam
3102 2838 3476 2908 insipientibus

1881 2926 2258 2992 abominanda,
2284 2925 2485 2981 sentire
2510 2925 2639 2980 velit
2667 2934 2722 2980 et
2750 2926 2968 2982 dicere?

1951 3016 2066 3087 Ego
2091 3033 2221 3073 vero
2249 3018 2603 3073 vehementer
2631 3018 2886 3083 admiror,
2930 3019 3074 3088 quod
3104 3034 3224 3074 cum
3272 3020 3473 3089 ubique

1882 3107 2133 3173 afﬁrmet,
2165 3109 2333 3164 Deum
2362 3123 2481 3164 esse
2509 3107 2846 3176 Emmanuel,
2879 3109 3163 3181 Prophetae
3183 3112 3235 3167 ei
3253 3126 3475 3166 mensu-

1804 3207 1850 3271 C
1880 3219 1999 3259 ram
2042 3204 2095 3258 in
2125 3203 2210 3258 his
2250 3203 2501 3259 tribuisse
2544 3204 2899 3259 convincatur
2930 3223 2943 3258 :
2970 3206 3047 3259 ait
3092 3206 3268 3273 enim,
3299 3205 3474 3276 ipsum

1883 3310 2003 3352 esse
2037 3296 2313 3350 hominem
2355 3296 2622 3370 θεοφόρον,
2652 3304 2713 3350 ut
2740 3295 2987 3350 videatur
3014 3312 3134 3351 esse
3157 3296 3311 3365 juxta
3355 3312 3473 3364 nos,

1881 3389 1973 3458 qui
1994 3390 2255 3444 habemus
2272 3389 2661 3445 inhabitantem
2682 3389 2850 3444 Deum
2872 3390 2924 3444 in
2944 3390 3097 3445 nobis
3118 3405 3216 3460 per
3232 3398 3477 3446 sanctum

1881 3480 2177 3551 Spiritum:
2208 3482 2474 3536 inhabitat
2502 3483 2645 3536 enim
2671 3482 2723 3536 in
2763 3482 3017 3537 cordibus
3053 3482 3269 3549 nostris,
3306 3489 3361 3537 et
3382 3498 3477 3537 su-

1880 3591 2001 3630 mus
2040 3576 2237 3645 templa
2266 3574 2384 3629 Dei.
2435 3574 2653 3630 Minime
2684 3590 2813 3630 vero
2861 3575 3199 3629 tantumdem
3243 3583 3329 3631 est
3353 3614 3367 3640 ,
3396 3574 3479 3629 di-

1881 3684 2005 3725 cere
2029 3668 2264 3724 Verbum
2293 3667 2492 3724 factum
2523 3684 2641 3724 esse
2672 3668 2966 3733 hominem,
2993 3684 3057 3724 ac
3083 3669 3252 3723 Deum
3299 3669 3352 3723 in
3380 3669 3480 3723 ho-

1879 3760 2024 3814 mine
2054 3759 2394 3825 inhabitare;
2428 3775 2550 3813 nam
2576 3760 2701 3815 licet
2727 3776 2854 3814 vera
2885 3760 2954 3815 sit
2974 3760 3118 3814 beati
3151 3759 3302 3814 Pauli
3330 3776 3435 3813 vox
3462 3778 3473 3812 :

1883 3849 2140 3916 Quoniam
2162 3854 2215 3905 in
2235 3854 2348 3923 ipso
2389 3853 2699 3923 complacuit
2719 3850 3014 3905 inhabitare
3033 3868 3235 3905 omnem
3257 3852 3479 3921 plenitu-

1882 3943 2057 3998 dinem
2099 3944 2387 3997 dirinitatis
2417 3944 2757 4013 corporaliter
2797 3941 3033 4011 (Coloss.
3067 3958 3122 4007 ιι,
3157 3941 3247 4011 8),
3292 3940 3345 3995 id
3373 3948 3475 4007 est,

1884 4050 1991 4090 non
2035 4043 2327 4106 σχετικῶς;
2372 4041 2610 4087 attamen
2643 4049 2806 4086 unum
2857 4033 2931 4086 ait
2978 4048 3097 4086 esse
3137 4030 3370 4096 Patrem,
3424 4040 3481 4086 et

1881 4142 2048 4182 unum
2076 4127 2359 4180 Dominum
2397 4124 2578 4179 Jesum
2621 4124 2913 4190 Christum,
2942 4139 3041 4194 per
3066 4139 3229 4192 quem
3272 4124 3475 4179 omnia.

1956 4218 2107 4273 Dicat
2133 4217 2326 4286 aliquis
2349 4216 2562 4282 deinde,
2608 4217 2769 4270 etiam
2818 4217 2870 4270 in
2917 4216 3137 4271 homine
3177 4215 3481 4270 inhabitare

1881 4308 2175 4373 Christum,
2211 4308 2558 4377 ejusdemque
2585 4309 2830 4379 spiritum
2850 4352 2862 4373 ,
2893 4317 2947 4364 et
2983 4308 3243 4379 scriptum
3272 4323 3392 4363 esse
3411 4307 3481 4365 de

1884 4401 2206 4471 quibusdam
2235 4420 2246 4454 :
2280 4399 2643 4455 Inhabitantes
2683 4411 2853 4455 autem
2894 4402 3073 4455 domos
3116 4402 3280 4455 luteas
3322 4397 3476 4472 (Job.

1882 4507 1956 4559 tv,
1989 4490 2121 4562 l9);
2148 4490 2216 4545 de
2244 4492 2441 4561 quibus
2473 4500 2528 4546 et
2553 4507 2653 4546 nos
2686 4508 2751 4547 ex
2782 4494 2970 4547 eodem
3001 4493 3114 4547 luto
3137 4508 3359 4547 sumus:
3393 4497 3480 4545 at-

1710 4599 1717 4606 ‘
1804 4590 2065 4652 Dtamen
2112 4601 2251 4639 unus
2279 4584 2613 4653 intelligitur,
2658 4592 2714 4640 et
2760 4594 2840 4640 est
2888 4601 2987 4656 per
3032 4586 3481 4656 compositionem

1884 4677 2047 4731 homo
2069 4691 2137 4730 ex
2164 4691 2347 4739 carne,
2372 4684 2426 4729 et
2447 4691 2512 4730 ex
2547 4677 2723 4731 anima
2744 4676 3049 4731 rationabili
3078 4692 3296 4732 carnem
3325 4676 3481 4729 inha-

1883 4768 2091 4823 bitante
2122 4767 2328 4840 [Baluz.
2367 4785 2470 4823 om.
2522 4785 2738 4824 carnem
2781 4767 3158 4840 inhabitante].
3197 4767 3306 4822 Cur
3349 4783 3479 4836 ergo

1882 4869 2085 4916 rectam
2117 4867 2173 4914 et
2200 4860 2447 4915 stabilem
2471 4854 2594 4915 ﬁdei
2617 4861 2881 4914 rationem
2901 4861 3117 4913 turbare
3140 4874 3245 4912 non
3270 4860 3478 4912 cessat?

1884 4953 2045 5008 Modo
2074 4953 2221 5007 enim
2256 4968 2425 5008 unum
2453 4953 2529 5006 ait
2554 4950 2846 5016 Christum,
2881 4959 2936 5005 et
2964 4950 3178 5016 Filium,
3209 4958 3264 5005 et
3294 4950 3477 5003 Domi-

1886 5060 2042 5112 num,
2068 5044 2427 5113 eumdemque
2456 5044 2627 5098 Deum
2664 5043 2822 5097 simul
2853 5050 2908 5096 et
2938 5042 3212 5095 hominem
3256 5059 3267 5094 :
3317 5040 3479 5095 mcdo

1885 5138 2028 5192 inter
2052 5139 2345 5208 prophetas
2370 5152 2491 5191 eum
2514 5135 2687 5205 ponit,
2711 5136 2983 5191 hominem
3002 5136 3174 5205 ipsum
3197 5136 3482 5190 nominans

1884 5234 2141 5309 θεοφόρον,
2172 5233 2418 5289 nesciens
2438 5245 2497 5286 se
2525 5230 2751 5286 fortasse
2772 5231 2946 5301 ipsum
2976 5245 3208 5300 aequare,
3240 5229 3324 5283 vel
3354 5230 3483 5299 ipsis

1886 5324 2061 5388 nobis,
2093 5325 2138 5378 si
2182 5323 2402 5393 quidem
2444 5336 2554 5377 non
2582 5322 2653 5377 sit
2674 5321 2818 5377 Deus
2847 5337 2994 5388 vere,
3017 5321 3113 5377 sed
3140 5321 3310 5390 magis
3341 5329 3478 5375 tem-

1381 5452 1835 5511 CASTIGATION
1842 5457 1925 5513 ES
1962 5457 2051 5511 ET
2091 5456 2318 5513 ΝΟΤΕ.

268 5568 296 5636 ξ
332 5561 448 5636 I_sta
467 5561 733 5619 habentur
752 5564 803 5619 in
826 5564 1011 5619 eadem
1033 5566 1259 5636 epistola
1284 5566 1553 5636 Pelagiin.
1580 5570 1778 5626 BALUZ.

267 5630 297 5670 ι)
319 5631 402 5711 _Et
431 5635 662 5711 θεοφορογ
700 5645 869 5689 autem
906 5630 1184 5711 hominem,
1216 5649 1270 5692 ut
1300 5658 1330 5692 a
1359 5630 1554 5695 multis.
1594 5641 1792 5696 Viden-

203 5709 286 5781 tur
304 5703 754 5781 deesseho'clnco
785 5708 1034 5781 nomtulla
1076 5725 1194 5781 qum
1225 5720 1437 5764 exstant
1472 5713 1521 5763 in
1563 5714 1788 5781 cpistola

202 5772 290 5830 illa
317 5772 547 5847 Pelagii,
580 5777 668 5832 ubi
690 5778 766 5832 sic
795 5777 1021 5849 legitur:
1074 5772 1407 5851 TheOphorou
1431 5772 1610 5837 autem.
1623 5785 1791 5843 dicere

1891 5584 2107 5645 portans
2149 5575 2225 5629 vel
2274 5574 2441 5645 Deum
2470 5572 2683 5645 indutu;
2725 5572 2978 5627 hominem
3020 5569 3312 5637 Christum,
3352 5583 3409 5626 ut
3444 5589 3478 5629 α

1898 5646 2071 5697 multis
2112 5646 2304 5699 sanctis
2352 5644 2601 5698 Patribus
2652 5644 2842 5697 dictum
2887 5654 2981 5709 est,
3025 5660 3125 5697 non
3164 5660 3473 5699 recusamus.

1901 5715 2095 5768 Verum
2120 5716 2170 5768 in
2197 5716 2416 5785 antiqua
2438 5716 2685 5770 versione
2707 5714 2942 5769 Antidoti
2965 5714 3157 5771 eodeni
3185 5715 3294 5772 fere
3314 5715 3477 5773 modo

1896 5786 2091 5856 legitur
2118 5802 2225 5859 quo
2252 5787 2397 5863 apud
2415 5786 2791 5843 Mercatorem.
2828 5786 3023 5842 Bawz.
