3924 6282
515 348 623 410 98⁸1

514 474 685 557 plum,
714 469 770 541 in
813 481 924 545 quo
966 464 1231 535 inhabitet
1250 464 1488 522 Verbum
1510 507 1529 537 ,
1557 466 1696 522 sicut
1742 473 1799 523 et
1826 466 1882 523 in
1923 468 2099 529 nobis.

516 566 716 635 Verum
741 564 858 637 haec
877 576 985 616 non
1011 559 1087 616 ita
1115 575 1175 616 se
1202 559 1422 635 habere,
1452 559 1631 615 divina
1672 559 1949 633 Scriptum
1976 579 2104 639 per-

515 658 699 727 docuit
730 675 744 712 :
785 650 1006 727 Verbum
1033 670 1155 709 caro
1179 654 1374 725 factum
1400 661 1497 719 est,
1530 662 1581 706 et
1603 651 1852 710 habitavit
1876 656 1930 710 in
1952 655 2098 713 nobis

515 718 713 822 (Joan.
743 766 781 817 ι,
812 746 935 820 14);
959 718 1027 813 ne
1051 718 1481 817 quis-arbitretur
1501 761 1598 816 per
1616 749 2023 806 conversionem
2043 758 2099 806 et

513 840 988 898 commutationem
1017 838 1071 892 in
1099 837 1275 893 carnis
1303 844 1553 893 naturam
1581 838 1753 909 ipsum
1779 840 1943 897 fuisse
1964 858 2097 898 con-

510 949 745 989 versum.
775 930 877 999 Qui
906 939 1087 986 autem
1117 929 1290 989 factus
1328 937 1412 989 est
1437 947 1567 988 caro
1589 971 1605 999 ,
1631 934 1744 988 sive
1771 934 1955 1003 homo,
1985 953 2094 993 non

508 1032 591 1079 est
618 1023 782 1087 homo
810 1022 1060 1102 aso’tipog,
1091 1022 1185 1085 sed
1212 1021 1356 1089 Deus
1381 1024 1580 1095 magis,
1604 1026 1696 1103 qui
1720 1040 1779 1081 se
1816 1027 1872 1082 iu
1898 1025 2100 1089 volun;

504 1112 697 1168 tariam
720 1113 1108 1183 exinanitatem
1133 1114 1371 1181 immisit,
1390 1123 1446 1169 et
1474 1117 1746 1189 propriam
1768 1133 1984 1181 carnem
2010 1120 2092 1190 fe-

500 1215 581 1264 ctt
611 1220 682 1261 ex
706 1205 953 1275 muliere,
975 1223 1193 1265 carnem
1220 1217 1399 1277 autem
1428 1225 1536 1279 non
1563 1210 1856 1275 iuanimem
1881 1222 1935 1270 et
1962 1216 2090 1279 abs.-

501 1312 609 1375 que
636 1311 819 1365 sensu,
846 1297 941 1353 sed
966 1299 1257 1355 animatam
1285 1307 1342 1355 et
1366 1301 1764 1365 rationabilem.

489 1424 517 1477 ς
571 1388 910 1463 Meminimus
940 1400 1159 1461 autem,
1205 1402 1261 1453 et
1287 1390 1560 1471 templum
1607 1412 1733 1452 eum
1777 1401 2088 1469 nominasse

499 1497 656 1536 suum
704 1498 901 1553 corpus
932 1502 945 1537 ε
972 1494 1224 1540 ueterum
1253 1503 1359 1542 non
1386 1494 1636 1560 σχετικὴν
1664 1489 1790 1546 fecit
1816 1493 2086 1551 inhabita.

498 1573 726 1645 tionem,
754 1574 895 1641 sicut
922 1583 978 1632 et
1002 1577 1055 1632 in
1080 1578 1255 1649 nobis,
1283 1593 1381 1648 per
1405 1580 1680 1655 spiritum;
1709 1582 1802 1639 sed
1830 1600 1968 1641 unus
1989 1603 2088 1669 per

497 1664 879 1724 adunationem
912 1668 1226 1747 intelligitur
1264 1668 1542 1739 Christus,
1573 1679 1626 1728 et
1656 1672 1842 1744 Filius,
1884 1664 2084 1751 et

495 1756 694 1816 minus.

922 1898 1404 1951 snsrunus'rtsuvs
1437 1901 1658 1947 auarus.

561 1994 741 2065 Siquis
782 1996 971 2064 dicat,
1026 1997 1195 2053 Deum
1244 1999 1329 2056 vel
1357 2000 1643 2057 Dominum
1693 2016 1812 2059 esse
1857 2003 2082 2076 Christi,

492 2086 696 2159 [Βαιαι.
722 2088 846 2144 add.
878 2088 988 2161 vel]
1021 2092 1117 2146 Dei
1157 2090 1334 2148 Patris
1360 2093 1627 2159 Verbum;
1672 2112 1735 2152 ac
1773 2112 1883 2152 non
1911 2101 2082 2170 magis

478 2177 778 2234 confitetur
821 2181 1070 2237 eumdem
1108 2183 1277 2240 Deum
1321 2186 1481 2241 simul
1510 2195 1565 2243 et
1611 2188 1907 2258 hominem,
1948 2208 2079 2263 pro-

486 2277 673 2341 pterea
699 2271 843 2341 quod
872 2272 1107 2329 Verbum
1135 2292 1264 2333 caro
1284 2277 1355 2333 sit
1374 2277 1592 2345 factum,
1619 2282 1914 2339 secundum
1935 2282 2079 2341 Scri-

486 2369 706 2434 pturas;
741 2365 1037 2422 anathema
1053 2367 1143 2423 sit.

937 2518 1301 2563 ηριιειιεκειο
1337 2523 1622 2575 Βῶκετιςι.

552 2609 751 2679 Beatus
769 2613 989 2684 quidem
1013 2613 1212 2675 Paulus
1238 2618 1314 2687 id,
1346 2621 1493 2689 quod
1541 2638 1574 2678 a
1616 2623 1730 2687 Deo
1773 2625 1956 2697 Verbo
1988 2645 2075 2693 as-

479 2709 755 2783 sumptum
795 2711 898 2775 est,
933 2704 1165 2764 formam
1191 2711 1435 2775 nominat
1462 2714 1623 2777 servi.
1667 2714 1775 2772 Sed
1818 2721 2071 2788 quoniam

479 2800 607 2851 ante
653 2793 1042 2853 adunationem
1085 2803 1383 2871 assumptio
1429 2813 1543 2871 est;
1589 2806 1659 2865 de
1706 2814 2072 2883 assumptione

415 2895 418 2898 '
477 2894 657 2943 autem
684 2887 875 2944 beatus
898 2886 1097 2955 Paulus
1123 2893 1405 2964 disputans
1427 2937 1442 2963 ,
1483 2901 1626 2959 servi
1653 2902 1880 2969 formam
1909 2924 2073 2967 voca-

474 2976 555 3037 vit
577 2985 915 3050 assumptam
942 2988 1194 3041 naturam
1225 3001 1240 3039 :
1270 2984 1395 3049 ideo
1422 2989 1627 3051 nullum
1641 2991 1753 3060 jam
1783 2994 1959 3061 locum
1979 2999 2070 3054 ha-

366 3150 369 3151 r
424 3098 431 3101 ν
473 3069 588 3139 δα,
616 3068 944 3143 adunatione
972 3073 1135 3143 tacta,
1173 3079 1447 3143 servitutis
1476 3099 1703 3152 nomen;
1737 3103 1861 3149 nam
1890 3092 1935 3148 si
1964 3093 2062 3160 eis,

473 3167 566 3236 qui
587 3166 641 3223 in
672 3167 849 3238 ipsum
876 3169 1240 3241 crediderunt,
1260 3174 1453 3239 beatus
1480 3177 1678 3241 Paulus
1703 3184 1943 3243 scribens
1977 3187 2062 3245 di-

470 3258 631 3331 cebat
657 3275 678 3315 :
705 3257 851 3333 Ergo
870 3260 988 3337 jam
1008 3280 1114 3319 non
1140 3274 1219 3323 est
1244 3283 1440 3348 seruus,
1470 3270 1563 3335 sed
1589 3270 1639 3323 F
1641 3274 1763 3331 ilius
1793 3274 1812 3347 (
1836 3272 1955 3335 Gal.
1987 3295 2060 3345 tv,
2091 3270 2138 3332 C

475 3351 562 3423 7);
583 3359 641 3415 et
664 3352 923 3413 Dominus
942 3372 1108 3427 porro
1136 3359 1414 3432 discipulis
1446 3383 1458 3418 :
1484 3362 1610 3425 Non
1630 3367 1745 3438 jam
1776 3369 1948 3429 dicam
1979 3391 2065 3433 vos

471 3458 665 3509 servos,
688 3444 782 3500 sed
806 3449 999 3504 amicos
1024 3448 1209 3520 (Joau.
1257 3468 1347 3520 xv,
1377 3453 1497 3527 45);
1544 3458 1717 3519 multo
1760 3463 1930 3531 magis
1955 3465 2067 3533 pri:-

470 3533 741 3600 mordium
779 3544 978 3592 nostrae
1007 3546 1233 3607 naturae,
1279 3557 1379 3612 per
1420 3546 1566 3613 quod
1611 3549 1774 3607 etiam
1801 3567 1901 3608 nos
1929 3555 2063 3615 allu-

471 3624 674 3695 ptionis
698 3629 997 3687 meruimus
1023 3633 1284 3706 gratiam,
1309 3638 1490 3693 servili
1528 3642 1892 3710 appellatione
1931 3647 2065 3709 liba.-

468 3723 648 3779 ratum
669 3723 773 3783 est,

539 3806 710 3873 Deum
764 3809 928 3880 igitur
971 3814 1294 3871 conﬁtemur
1327 3819 1471 3879 servi
1517 3819 1743 3883 formam
1771 3865 1786 3891 ,
1840 3837 2064 3899 propter

465 3899 755 3963 adunatam
797 3902 850 3957 ei
888 3902 1116 3967 formam
1161 3906 1278 3975 Dei,
1323 3917 1378 3966 et
1416 3915 1736 3977 assentimus
1778 3917 2061 3990 Propheta:

467 3994 687 4055 vocanti
708 4012 923 4068 puerum
952 3996 1282 4068 Emmanuel,
1305 4012 1355 4057 et
1377 4006 1555 4076 magni
1574 4008 1780 4064 consilii
1798 4014 2058 4083 nuntium,

465 4092 517 4147 et
541 4086 871 4154 miraculum,
900 4098 950 4144 et
971 4092 1351 4161 consiliarium,
1382 4104 1433 4150 et
1458 4095 1626 4155 Deum
1656 4101 1863 4170 fortem,
1893 4114 1944 4158 et
1974 4106 2063 4169 do-

463 4177 767 4245 minantem,
796 4188 848 4237 et
873 4181 1160 4254 principem
1187 4186 1351 4257 pacis,
1373 4196 1424 4242 et
1449 4196 1652 4258 patrem
1690 4192 1853 4269 futuri
1880 4197 2061 4255 seaculi

464 4265 640 4358 (isai.
673 4286 767 4339 vn,
799 4270 896 4339 M;
923 4289 998 4341 ιι,
1029 4274 1106 4347 6).
1137 4275 1285 4343 idem
1304 4294 1436 4334 vero
1457 4265 1721 4351 propheta
1752 4286 1915 4343 etiam
1936 4296 2060 4358 post

462 4356 870 4431 adunationem,
901 4365 1200 4433 prmdicans
1235 4371 1497 4439 assumpti
1540 4381 1815 4443 naturam,
1841 4356 2055 4441 servum

460 4448 697 4537 appellat
720 4451 774 4506 id
798 4454 944 4522 quod
971 4463 1054 4510 est
1079 4471 1149 4515 ex
1168 4459 1373 4521 semine
1405 4461 1699 4530 Abraham,
1734 4466 1809 4529 ita
1836 4468 2052 4537 dicens:

460 4536 655 4629 ξεῖναι
682 4557 823 4603 meus
848 4558 901 4607 es
933 4553 987 4599 tu
1015 4544 1206 4613 Israel,
1226 4558 1279 4603 et
1304 4550 1359 4604 in
1397 4558 1445 4606 te
1464 4552 1731 4624 gloriabor
1759 4556 1862 4629 (Is.
1886 4575 2014 4627 nu
2034 4601 2051 4626 ,

400 4643 403 4647 -
458 4623 551 4700 3);
581 4638 638 4695 ει
676 4647 862 4689 rursus
886 4632 1021 4690 :‘Ita
1062 4635 1196 4692 dixit
1225 4623 1502 4708 Dominus,
1544 4646 1631 4714 qui
1660 4662 1741 4700 me
1768 4623 1935 4718 'ﬁttxt'l

460 4731 608 4778 utero
629 4740 830 4781 servum
856 4724 955 4782 sibi
985 4727 1149 4801 (Ibid.
1184 4728 1259 4803 5).
1292 4730 1359 4786 Et
1378 4735 1539 4803 paulo
1567 4745 1692 4806 post
1724 4756 1738 4794 :
1768 4738 1907 4805 Ecce
1929 4743 2048 4805 dedi

460 4822 508 4871 ιε
527 4814 582 4867 in
604 4823 961 4873 testamentum
980 4821 1183 4892 generis
1203 4822 1259 4877 in
1280 4824 1452 4879 lumen
1474 4830 1738 4897 gentium,
1759 4840 1819 4886 ut
1837 4850 1972 4901 esses
1990 4837 2046 4892 in

453 4904 673 4965 salutem
697 4924 857 4981 usque
883 4910 952 4965 ad
969 4922 1253 4971 extremum
1276 4924 1426 4977 teme
1442 4917 1614 4990 .(Isai.
1646 4938 1777 4993 nu,
1808 4927 1875 4993 7;
1898 4943 2044 4998 χιιι,

456 4996 533 5069 6).
578 5000 733 5067 Quod
770 5011 953 5061 autem
982 5006 1035 5061 in
1061 5016 1217 5064 utero
1243 5009 1428 5067 ﬁctum
1468 5021 1571 5080 est,
1621 5032 1731 5072 non
1771 5026 1855 5074 est
1902 4996 2046 5079 Deus

456 5086 714 5158 Verbum,
744 5092 839 5148 sed
865 5096 1007 5151 servi
1026 5095 1196 5154 forma
1221 5117 1234 5153 :
1266 5116 1440 5170 neque
1466 5105 1613 5161 enim
1636 5107 1781 5165 Deus
1808 5108 2043 5171 Verbum

336 5168 339 5169 ⁷
449 5196 774 5241 conversum
817 5188 1019 5247 factum
1056 5198 1141 5247 est
1181 5207 1332 5265 caro,
1374 5196 1472 5257 sed
1499 5201 1788 5273 assumpsit
1824 5218 2042 5273 carnem

447 5274 737 5335 habentem
758 5280 993 5337 animam
1031 5284 1429 5355 rationabilem,

920 5434 1202 5483 BESPONSIO
1238 5439 1561 5483 ORTIIODOXI.
1656 5443 1659 5446 ’

510 5526 825 5601 Mysterium
886 5534 1304 5609 dispensationis
1369 5540 1668 5613 Unigeniti,
1736 5561 1857 5616 quae
1911 5563 2036 5604 cum

438 5634 602 5676 carne
630 5621 770 5679 facta
796 5636 897 5693 est,
923 5639 1138 5687 nostros
1166 5648 1443 5690 sermones
1470 5636 1640 5692 nihilo
1676 5653 1819 5694 nunc
1858 5640 2037 5696 minus

436 5715 796 5786 communiat,
842 5728 899 5775 et
924 5735 1019 5777 eos
1055 5740 1166 5781 non
1206 5727 1647 5789 irrationabiliter
1691 5731 1911 5790 habitos
1954 5734 2036 5793 fa-

435 5802 633 5863 cillime
668 5805 1059 5870 demonstrabit
1096 5833 1110 5871 :
1143 5817 1237 5885 qui
1264 5818 1408 5875 enim
1436 5819 1492 5876 in
1533 5820 1707 5879 forma
1732 5832 1815 5881 est
1839 5823 1938 5882 Dei
1972 5831 2031 5882 et

1028 342 1225 406 manu
1254 344 1704 431 annosannis
1744 344 2324 413 TRANSLA'HONBS
2361 326 2722 417 vanionuu
2756 355 3288 426 OPUSL'ULORUM.

2129 470 2184 534 Α
2208 469 2385 530 Patris
2413 474 2716 559 unigenitus
2758 478 2946 551 Filius,
2975 483 3073 563 qui.
3110 499 3210 569 per
3232 488 3413 545 Omnia
3449 498 3552 549 est
3602 497 3823 568 aqualis

2207 566 2414 643 [Baluz.
2439 585 2539 642 par
2555 570 2907 649 aequalisque]
2932 566 3183 657 genitori,
3205 581 3297 657 qui
3323 583 3585 665 ejusdem
3616 566 3813 660 gloria,

2202 669 2258 716 et
2286 661 2443 737 liber,
2470 666 2861 743 servirformam
2895 671 3187 753 accipiens,
3214 661 3573 753 nuncupatus
3604 687 3692 733 est
3721 682 3813 737 fra-

2199 760 2287 809 ter
2313 770 2522 821 eorum,
2555 758 2647 837 qui
2680 757 2867 830 jugum
2913 762 3095 837 ferunt
3134 768 3428 836 servitutis,
3479 769 3544 823 id
3575 778 3686 836 est,
3723 788 3809 825 no-

2198 853 2325 905 ster.
2359 844 2547 921 Itaque
2574 858 2845 922 tamquam
2871 871 3007 910 unus
3034 872 3101 911 ex
3126 859 3282 935 nobis
3311 861 3675 931 didragmum
3720 873 3804 920 tn-

2195 938 2448 995 hutorum
2498 942 2842 1000 exactoribus
2888 948 3219 1018 pensitabat,
3270 960 3325 1007 et
3357 951 3549 1008 factus
3595 962 3683 1008 est
3720 956 3803 1011 sub

2194 1030 2314 1102 lege
2340 1038 2401 1087 ut
2439 1033 2621 1102 homo,
2655 1037 2746 1109 qui
2777 1046 2861 1093 est
2895 1040 3171 1108 legislator
3212 1052 3270 1098 ut
3310 1043 3491 1110 Deus;
3547 1045 3801 1103 edocebat

2193 1131 2374 1181 autem
2403 1131 2532 1182 tunc
2557 1143 2686 1185 suos
2724 1129 3045 1211 discipulos,
3085 1134 3230 1211 quod
3256 1145 3311 1190 et
3353 1135 3536 1191 Filius
3569 1137 3644 1190 sit
3664 1154 3792 1205 vere,

2191 1221 2248 1269 et
2276 1215 2331 1271 in
2356 1213 2526 1273 forma
2553 1220 2696 1281 servi
2724 1231 2949 1295 propter
2975 1210 3213 1291 carnem,
3254 1241 3496 1296 cumque
3523 1243 3634 1298 per
3659 1244 3790 1284 suam

2190 1314 2436 1364 naturam
2464 1309 2535 1376 sit
2554 1311 2710 1380 liber,
2743 1321 2932 1389 utpote
2960 1330 3027 1370 ex
3053 1316 3164 1387 Deo
3183 1357 3199 1382 ,
3224 1324 3278 1371 et
3305 1317 3448 1372 Deus
3472 1336 3493 1383 ;
3531 1328 3790 1374 verumne

2189 1412 2336 1465 men,
2366 1402 2642 1475 propriam
2672 1403 2877 1461 habens
2906 1406 3044 1460 servi
3075 1404 3322 1471 formam,
3346 1417 3593 1479 propter
3620 1410 3785 1465 exina-

2190 1489 2375 1545 nitatis
2403 1509 2730 1561 mensuram,
2761 1497 3019 1553 tributum
3042 1499 3387 1557 exactoribus
3407 1500 3739 1571 pensitabat.

2258 1580 2400 1653 Ergo
2427 1586 2639 1659 etiamsi
2668 1588 2935 1671 quispiam
2973 1589 3187 1667 dixerit,
3220 1607 3440 1657 servum
3469 1607 3610 1647 eum
3636 1591 3776 1651 fuisse

2186 1673 2521 1733 nominatum
2574 1678 2963 1751 prophetarum
3026 1697 3160 1737 voce
3225 1690 3553 1739 sanctorum
3578 1726 3594 1749 ,
3650 1686 3773 1743 nullo

2185 1764 2349 1820 modo
2403 1767 2565 1823 debet
2624 1770 2907 1851 quisquam
2961 1772 3272 1833 scandalum
3327 1776 3447 1845 pati
3491 1794 3505 1828 :
3551 1776 3769 1834 sciebant

2114 1875 2163 1936 Β
2193 1855 2335 1910 enim
2365 1857 2460 1924 illi,
2491 1860 2766 1919 revelante
2794 1863 3002 1945 [Baluz.
3039 1864 3166 1921 add.
3210 1865 3312 1939 eis]
3336 1856 3556 1939 ‘Spiritu
3582 1880 3764 1940 saneto,

2187 1949 2331 2015 quod
2362 1949 2557 2013 factum
2578 1954 2764 2025 homo,
2788 1956 2932 2039 quod
2962 1973 3029 2017 ex
3058 1957 3170 2014 Deo
3197 1956 3355 2016 Patre
3378 1959 3642 2030 Verbum,
3668 1974 3761 2021 erat

2185 2039 2431 2110 quidem,
2464 2044 2542 2100 sic
2581 2061 2797 2117 quoque
2827 2046 2964 2104 liber
2989 2046 3189 2119 Filius;
3219 2068 3329 2107 non
3359 2060 3548 2108 tamen
3574 2056 3758 2127 sapien-

2182 2130 2407 2199 tissime:
2436 2134 2786 2203 exinanitatis
2816 2140 3103 2210 abjicichat
3126 2158 3465 2211 mensuram,
3498 2145 3653 2201 nobis
3685 2149 3758 2219 qui

2181 2238 2365 2280 sumus
2394 2228 2494 2282 sub
2523 2229 2798 2286 servitutis
2839 2230 2990 2300 jugo,
3021 2232 3249 2288 similem
3275 2236 3496 2305 capiens
3524 2237 3755 2293 tor-mam.

2180 2313 2269 2373 Sic
2298 2326 2350 2373 et
2380 2317 2549 2375 Deum
2572 2322 2747 2392 ipsum
2779 2320 2995 2379 Patrem
3024 2324 3171 2392 dicit,
3202 2342 3329 2393 cum
3357 2327 3468 2399 ipse
3487 2338 3673 2384 natura
3694 2331 3756 2386 sit

2180 2408 2320 2465 Deus
2364 2420 2419 2467 et
2462 2428 2530 2469 ex
2568 2408 2757 2483 Patre;
2790 2418 2845 2472 et
2888 2414 3033 2473 nulla
3073 2425 3234 2491 parte
3275 2418 3534 2489 majestate
3570 2418 3748 2479 Patris

2176 2500 2400 2558 inferior
2426 2513 2526 2560 est.
3730 2502 3733 2505 Ἴ

2246 2594 2497 2652 Nestorio
2525 2598 2689 2667 igitur
2716 2600 2989 2658 scribente
3017 2602 3091 2657 ita
3122 2603 3193 2659 de
3216 2603 3427 2660 Christo
3451 2624 3465 2658 :
3502 2604 3630 2678 Ergo
3654 2608 3733 2679 qui

2175 2703 2362 2757 passus
2386 2697 2482 2756 est,
2516 2700 2595 2747 est
2622 2690 2712 2757 illo
2738 2693 2976 2765 pontifex
3000 2695 3314 2763 misericors,
3344 2713 3449 2754 non
3471 2694 3605 2751 Deus
3628 2700 3742 2752 viri—

2172 2782 2361 2851 ﬁcatar
2405 2784 2537 2854 ejus,
2580 2786 2668 2857 qui
2706 2802 2894 2856 passus
2935 2795 3042 2854 est.
3070 2787 3309 2854 Verbum
3348 2787 3546 2846 Christi
3584 2791 3739 2855 noui

2171 2882 2336 2937 nauta
2369 2872 2558 2939 Deum,
2601 2884 2766 2945 atque
2788 2876 2907 2941 haec
2934 2877 3227 2948 adjiciule
3256 2877 3436 2945 tErat
3461 2889 3629 2935 utea
3650 2884 3741 2952 ipse

2169 2976 2396 3037 etpuer.
2428 2977 2481 3035 el
2519 2971 2667 3041 ﬁeri
2711 2968 2970 3034 Datum
3012 2970 3209 3043 (δην
3253 2973 3483 3041 ασκεω.
3530 2973 3616 3043 6);
3656 2989 3741 3037 est
3807 2980 3813 2986 ’

2169 3068 2334 3122 recte,
2368 3075 2471 3116 nec
2497 3062 2829 3131 competenti
2876 3063 3059 3130 modo,
3088 3063 3185 3119 sed
3228 3064 3391 3136 impie
3432 3064 3611 3130 dictos
3642 3079 3740 3127 esse

2168 3151 2267 3205 hos
2332 3169 2651 3227 sermones,
2711 3154 3063 3225 vehementer
3118 3153 3471 3227 allii-uamus.
3535 3156 3659 3211 Nam
3701 3157 3739 3212 si

2168 3242 2365 3299 Christi
2408 3244 2550 3299 Deus
2579 3245 2788 3320 [Baluz.
2827 3244 3077 3327 Christus
3115 3245 3239 3327 Dei],
3278 3256 3363 3327 est
3387 3246 3625 3304 Verbum
3661 3248 3739 3304 Dei

2170 3345 2223 3391 et
2255 3336 2447 3403 Patris,
2480 3339 2586 3394 duo
2614 3339 2861 3413 omnino,
2889 3347 2944 3396 et
2971 3340 3160 3419 procul
3201 3342 3363 3399 dubio
3391 3358 3520 3399 esse
3549 3358 3737 3399 necesse

2169 3438 2268 3483 est.
2299 3429 2420 3496 Quo
2450 3438 2631 3485 autem
2661 3430 2823 3487 modo
2866 3432 3197 3501 intelligatur
3234 3432 3396 3501 idem,
3422 3443 3485 3489 et
3512 3451 3657 3507 puer,
3694 3443 3737 3489 et

2168 3524 2323 3595 pueri
2356 3524 2655 3578 Dominus?
2692 3523 2808 3579 Non
2838 3541 2967 3597 ergo
3008 3525 3267 3582 dicendus
3293 3534 3376 3583 est
3401 3535 3461 3582 et
3507 3528 3641 3584 Dens
3668 3528 3737 3584 sui

2168 3614 2373 3687 [Belum
2408 3615 2559 3689 suus]
2586 3657 2600 3683 ,
2629 3625 2682 3672 et
2710 3617 2967 3673 Dominus
2995 3616 3341 3688 Emmanuel,
3368 3620 3635 3703 siquidem
3669 3627 3736 3677 est

2165 3704 2331 3783 idem,
2363 3718 2417 3765 et
2443 3709 2586 3775 Deus
2612 3710 2771 3765 simul
2801 3717 2855 3767 et
2882 3711 3068 3783 homo,
3094 3715 3250 3789 quasi
3271 3713 3433 3771 homo
3480 3715 3668 3772 factum
3690 3724 3733 3770 et

2163 3801 2499 3871 incarnatum
2531 3803 2627 3873 Dei
2659 3802 2914 3860 Verbum.
2942 3804 3096 3889 Quod
3118 3822 3249 3863 vero
3269 3806 3524 3867 divinitas
3546 3807 3731 3880 quidem

2164 3896 2307 3953 aliud
2332 3897 2587 3967 quiddam
2619 3900 2688 3967 sit
2717 3908 2909 3965 natura
2935 3916 3057 3974 sua,
3081 3902 3225 3975 aliud
3247 3902 3576 3982 humanitas,
3596 3916 3731 3958 nemo

2161 3990 2332 4060 possit
2357 3990 2628 4060 ambigere
2670 4010 2683 4046 :
2726 3998 2984 4065 caeterum
3007 4009 3076 4049 ex
3104 4000 3336 4073 utraque
3378 4003 3463 4055 est
3489 3994 3729 4061 Christus,

2162 4097 2245 4153 ex
2270 4081 2475 4161 deitate
2506 4091 2561 4149 et
2587 4082 2924 4159 humanitate
2941 4125 2959 4161 ι
2986 4084 3280 4161 secundum
3307 4087 3722 4171 dispensatoriam

2161 4176 2560 4245 adunationem.

2502 4330 2506 4335 ο
2552 4319 3033 4372 Ακιτιικιητιειιυδ
3068 4326 3347 4376 βεηιιυε.

2230 4424 2410 4496 Siquis
2436 4424 2728 4497 Christum,
2768 4437 2828 4485 ut
2850 4430 3148 4500 hominem,
3167 4430 3486 4505 operatione
3509 4435 3604 4493 Dei
3623 4435 3732 4490 Ver-

2153 4518 2211 4576 hi
2237 4518 2477 4591 adjutum
2512 4520 2720 4596 [Baluz.
2754 4524 2878 4580 add.
2910 4516 3128 4601 Filium]
3155 4528 3318 4595 dicat,
3348 4534 3403 4585 et
3427 4528 3505 4586 illi
3527 4530 3733 4599 gloriam

2077 4648 2130 4708 Β
2159 4608 2454 4684 Unigeniti,
2493 4622 2553 4670 ut
2581 4616 2672 4689 alii
2698 4626 2896 4695 prater
2920 4618 3098 4691 ipsum
3121 4661 3139 4695 ,
3165 4623 3429 4707 assignet;
3460 4625 3731 4679 anathema

2154 4704 2242 4761 sit.

2596 4816 2962 4867 REPREHENSIO
3000 4822 3287 4867 HERETXCI.

2225 4912 2282 4969 Si
2322 4915 2567 4975 mortalis
2594 4925 2675 4973 est
2717 4919 2954 4977 hominis
2991 4929 3207 4988 natura,
3243 4921 3448 4993 Deique
3486 4922 3732 4986 Verbum.

2150 5021 2273 5065 cum
2320 5007 2430 5062 vita
2476 5009 2548 5062 sit
2593 5016 2758 5080 atque
2804 5011 3105 5080 viviﬁcum,
3137 5014 3414 5071 suscitavit
3458 5014 3731 5085 templum,

2149 5097 2294 5173 quod
2321 5114 2350 5152 a
2377 5097 2572 5160 tudinis
2596 5102 2831 5161 solutum
2859 5112 2961 5170 est,
2993 5112 3048 5159 et
3067 5105 3297 5171 elevavit
3318 5107 3371 5169 in
3393 5106 3585 5182 caelos,
3608 5120 3736 5175 quo-

2145 5188 2307 5245 modo
2348 5206 2457 5246 non
2502 5190 2803 5262 gloriﬁcata
2846 5201 2929 5253 est
2956 5197 3099 5255 servi
3143 5195 3318 5253 forma
3361 5212 3461 5271 per
3489 5197 3585 5254 Dei
3632 5198 3735 5252 for-

2142 5280 2323 5333 mam?
2354 5281 2487 5336 Nam
2516 5282 2563 5339 si
2588 5299 2708 5365 qua:
2732 5293 2924 5342 natura
2954 5288 3201 5345 mortalis
3225 5298 3329 5356 est,
3356 5289 3499 5346 facta
3526 5297 3612 5346 cst
3638 5289 3733 5345 ἰω-

2138 5373 2408 5439 mortalis,
2436 5382 2661 5447 propter
2687 5376 3069 5435 adunationem
3097 5379 3262 5437 Verbi
3289 5393 3346 5437 et
3366 5381 3482 5447 Dei,
3514 5381 3569 5437 id
3591 5378 3734 5452 quod

2141 5479 2251 5519 non
2280 5461 2515 5521 habebat
2552 5468 2791 5539 accepit;
2833 5471 3103 5542 accipiens
3131 5461 3312 5529 autem
3336 5472 3481 5544 quod
3500 5489 3610 5528 non
3638 5473 3733 5527 ha-

2138 5556 2325 5622 bebat,
2347 5565 2403 5612 et
2429 5555 2749 5627 gloriﬁcata,
2782 5561 2850 5639 ab
2879 5576 2947 5617 eo
2974 5562 3067 5632 qui
3095 5563 3262 5631 dedit,
3299 5565 3597 5634 glariticata
3618 5570 3728 5632 est;

2138 5653 2361 5716 propter
2386 5649 2529 5719 quod
2558 5649 2845 5721 Apostolus
2871 5654 3071 5710 clamat
3103 5674 3116 5709 :
3149 5655 3445 5714 Secundum
3473 5659 3731 5731 operatio-

2136 5753 2253 5792 nem
2291 5742 2560 5811 potestatis
2606 5746 2808 5809 virtutis
2850 5748 3039 5818 ipsius,
3080 5766 3237 5821 quam
3282 5759 3522 5824 operatus
3561 5758 3646 5814 est
3670 5749 3728 5815 in

2136 5828 2360 5899 Christo,
2391 5835 2647 5891 suscitans
2675 5853 2792 5893 cum
2815 5855 2849 5894 ο
2874 5842 3091 5897 mortuis
3121 5840 3284 5914 (Eph.
3313 5859 3354 5910 ι,
3382 5840 3496 5916 ΞΟ).
