3924 6282
118 366 221 426 989

576 496 856 539 RISPONSIO
894 494 1213 535 ORTHODOXI.

184 580 286 649 Qui
311 577 581 634 Christum
607 575 906 640 nominant,
941 589 1046 629 non
1075 588 1243 628 unum
1264 570 1496 626 similem
1524 568 1695 623 nostri

115 684 453 734 communem
481 670 773 734 hominem,
797 668 891 723 sed
916 667 1188 722 hominem
1212 665 1430 728 factum,
1457 669 1512 716 et
1531 662 1700 716 incan-

113 780 296 826 natum
326 767 419 821 Dei
442 763 675 819 Verbum
708 762 1053 823 audientibus
1076 759 1376 827 designant.
1408 756 1570 825 Ergo,
1596 756 1697 811 etsi

112 858 316 929 aliquid
350 856 672 913 mirabilium
706 861 761 907 et
787 853 1086 908 divinorum
1116 864 1341 919 operum
1368 847 1577 902 dicatur
1603 861 1699 916 per

108 968 271 1012 suum
308 964 503 1020 corpus
532 948 811 1017 implesse,
843 943 987 1013 quod
1031 944 1081 998 ei
1107 941 1446 996 instrumenti
1475 939 1700 1009 praebuit

52 1028 55 1031 ἢ
112 1042 368 1105 cilicium,
416 1039 761 1093 nihilominus
789 1044 969 1091 tamen
1015 1036 1129 1105 ipse
1169 1040 1269 1099 est,
1303 1032 1394 1102 qui
1422 1038 1695 1102 operatur,

113 1135 372 1190 virtutum
418 1130 627 1203 [Baluz.
675 1146 778 1184 om.
827 1125 1107 1197 virtutum]
1137 1125 1393 1181 Dominus
1432 1124 1697 1186 Christus,

112 1227 473 1297 principatum
523 1238 630 1279 non
677 1223 766 1277 alii
811 1230 1091 1291 prmstans,
1122 1225 1181 1272 ut
1224 1217 1441 1287 operari
1486 1217 1697 1285 possit;

113 1322 253 1375 sicut
299 1332 491 1387 nempe
530 1317 701 1371 beatis
744 1314 1019 1384 discipulis
1063 1319 1388 1383 potestatem
1430 1310 1703 1381 praebebat

115 1410 324 1483 [Balu1..
352 1409 473 1462 add.
507 1404 784 1477 adversus]
813 1406 1033 1476 spiritus
1060 1404 1385 1469 immundos,
1412 1411 1472 1458 ut
1493 1419 1587 1459 eos
1607 1402 1704 1471 eji-

113 1509 321 1567 cerent,
367 1510 419 1554 et
447 1509 700 1555 curarent
744 1514 957 1553 omnem
986 1498 1262 1561 morbum,
1295 1504 1349 1551 et
1376 1510 1588 1550 omnem
1618 1495 1703 1548 in-

114 1594 424 1648 ﬁrmitatem
456 1594 507 1646 in
552 1593 774 1662 papulo.
808 1590 961 1653 Unde
988 1591 1176 1645 beatus
1210 1588 1407 1644 Paulus
1445 1588 1701 1643 dicebat:

116 1682 173 1739 Ν
177 1702 245 1738 au
274 1685 409 1739 enim
440 1683 602 1739 audeo
628 1682 824 1753 aliquid
847 1684 984 1755 loqui
1011 1698 1205 1745 eorum,
1237 1697 1351 1753 qua
1376 1696 1467 1751 per
1493 1695 1574 1733 me
1601 1694 1706 1732 non

113 1777 289 1845 effecit
318 1774 571 1839 Christus,
604 1773 753 1829 verba
789 1782 839 1827 et
870 1775 1040 1845 factis,
1072 1774 1127 1827 in
1158 1773 1341 1826 virtute
1367 1774 1633 1842 signarum
1658 1778 1708 1824 et

110 1867 492 1938 prodigiorum,
521 1867 577 1923 in
597 1868 781 1920 virtute
808 1865 1039 1935 Spiritus
1076 1866 1243 1918 sancti
1272 1863 1448 1935 (Rom.
1472 1877 1562 1929 xv,
1591 1862 1702 1934 18).
1736 1860 1783 1921 Β

112 1958 430 2014 Gaudentes
457 1959 618 2013 etiam
639 1958 783 2012 beati
802 1957 1047 2026 discipuli
1073 1956 1400 2011 accedebant
1420 1956 1707 2026 aliquando

112 2049 191 2106 ad
219 2049 491 2107 Christum
517 2050 757 2105 dicentes
781 2067 797 2101 :
827 2047 1066 2114 Domine,
1092 2049 1247 2104 etiam
1275 2050 1533 2104 daemonia
1559 2047 1708 2105 nobis

111 2143 326 2198 subdita
356 2150 474 2199 sunt
501 2144 555 2197 in
582 2143 790 2202 nomine
817 2150 907 2196 tito
934 2139 1085 2211 (Luc.
1111 2157 1165 2206 ι,
1198 2140 1309 2211 17).

190 2238 417 2307 Adjutos
457 2238 671 2308 quidem
702 2253 800 2307 per
836 2235 1109 2292 Christum
1138 2236 1194 2290 in
1241 2236 1434 2307 spiritu
1479 2236 1708 2292 dicimus

112 2339 357 2397 sanctos,
403 2331 557 2399 quasi
595 2330 730 2385 alios
768 2336 964 2400 praeter
1007 2329 1202 2399 ipsum.
1235 2328 1319 2382 An
1365 2344 1474 2383 non
1520 2328 1713 2383 eodem

115 2422 307 2485 modo,
339 2422 635 2491 eademque
663 2422 877 2476 ratione
911 2429 969 2475 et
996 2421 1173 2491 ipsum
1201 2419 1442 2489 adjutum
1470 2418 1652 2474 Jesum
1682 2435 1712 2473 a

117 2510 305 2568 Verbo
352 2512 406 2567 in
452 2512 664 2580 spiritu,
712 2512 1080 2580 intelligimus,
1110 2510 1263 2579 quasi
1309 2510 1474 2564 alium
1519 2509 1715 2564 Filium

118 2614 325 2675 praeter
369 2604 561 2659 Filium
600 2604 695 2659 Dei
734 2604 1106 2672 unigenitum?
1144 2600 1321 2657 Unum
1360 2604 1503 2657 enim
1542 2603 1715 2671 ipsum

122 2695 387 2753 adunatio
415 2696 571 2750 nobis
616 2694 877 2760 ostendit,
899 2702 956 2749 et
982 2694 1037 2750 in
1077 2694 1185 2749 duo
1225 2694 1463 2749 dividere
1496 2708 1717 2749 recusa-

119 2803 249 2842 mus
275 2805 288 2839 :
317 2803 443 2841 nam
473 2788 574 2842 etsi
602 2802 731 2843 caro
760 2786 958 2845 factum
984 2787 1055 2841 sit
1082 2786 1348 2852 Verbum,
1388 2785 1542 2854 juxta
1571 2784 1718 2841 Scri-

90 2884 348 2948 rpturas,
389 2886 627 2933 attamen
669 2886 752 2932 est
797 2878 874 2932 sic
913 2891 1130 2946 quoque
1175 2876 1343 2931 Filius
1389 2877 1716 2945 unigenitus,

120 2968 425 3024 secundum
463 2969 846 3024 adunationem
874 2984 1080 3033 veram,
1111 2966 1272 3038 quam
1312 2982 1474 3024 nemo
1517 2969 1723 3037 cogita-

121 3059 284 3117 tione
310 3060 489 3130 capiat
514 3060 727 3116 mentis.

203 3150 326 3223 lpse
351 3152 513 3221 igitur
541 3164 679 3206 unus
720 3159 805 3205 est
830 3150 978 3207 solus
1003 3147 1249 3209 Christus
1293 3148 1477 3217 Jesus,
1508 3148 1599 3219 qui
1628 3163 1726 3219 per

684 354 693 363 ’
794 362 850 420 S.
889 359 1163 425 CYBlLLl
1201 351 1724 419 APOLOGETICUS
1760 351 2135 413 ADVERSUS‘
2167 348 2706 419 THEODORETUH.

1720 470 1773 533 Δ
1796 472 1907 536 rari
1936 480 2191 542 oportere
2233 487 2356 529 cum
2402 472 2513 527 Deo
2546 470 2740 538 Verbo,
2784 477 2841 526 et
2884 467 3295 540 eonglorilieari,
3327 476 3383 525 et

1797 566 2201 635 oonnuncupari
2228 566 2396 620 Deum
2417 604 2432 627 ,
2464 571 2736 633 tamquam
2766 563 2992 618 alterum
3021 577 3142 620 eum
3171 562 3340 616 altero
3364 577 3378 628 ;
3424 615 3429 620 .

1798 674 1862 713 ac
1905 673 2014 713 non
2044 659 2214 727 magis
2263 674 2367 711 una
2418 656 2766 711 veneratione
2808 656 2938 714 colit
2966 655 3296 720 Emmanuel,
3328 660 3384 708 et

1797 765 1961 805 unam
2005 751 2055 805 ei
2094 749 2538 819 gloriﬁcationem
2575 748 2827 819 deputat,
2860 763 2927 803 eo
2972 747 3116 818 quod
3163 744 3386 802 Verbum

1801 862 1921 904 caro
1944 847 2134 917 factum
2164 854 2239 898 est
2269 844 2443 913 (Joan.
2476 859 2512 909 r,
2548 841 2669 912 ii);
2703 841 2987 896 anathema
3009 841 3096 894 sit.

2249 974 2614 1025 DEFREHENSIO
2654 973 2938 1015 H£RETICL

1876 1075 2045 1131 Unam
2077 1073 2309 1144 quidem,
2340 1082 2398 1127 ut
2442 1088 2584 1155 sape
2612 1071 2741 1136 dixi,
2784 1070 3230 1140 glou‘ilieationem
3260 1068 3391 1124 offe-

1801 1172 1968 1225 rimus
1998 1168 2224 1227 Domino
2264 1164 2495 1231 Christo,
2529 1174 2583 1231 et,
2629 1164 2877 1233 eumdem
2923 1164 3092 1218 Deum
3132 1162 3290 1216 simul
3338 1170 3393 1216 et

1803 1262 2077 1325 hominem
2107 1258 2424 1323 confitemur
2458 1276 2469 1310 :
2504 1257 2606 1321 hoc
2630 1258 2773 1312 enim
2802 1272 2900 1311 nos
2927 1254 3266 1317 adunationis
3308 1238 3394 1307 ra-

1805 1358 1882 1412 tio
1922 1353 2125 1421 docuit,
2153 1360 2209 1408 at
2235 1360 2548 1413 naturarum
2578 1350 2937 1421 proprietates
2959 1348 3137 1405 dicere
3168 1362 3273 1401 non
3303 1360 3391 1400 re-

1805 1446 2130 1505 cusahimus.
2182 1444 2366 1513 Neque
2415 1442 2558 1503 enim
2606 1441 2747 1496 Deus
2793 1440 3026 1495 Verbum
3070 1439 3123 1493 in
3174 1453 3394 1492 carnem

1806 1552 2127 1599 conversum
2174 1545 2294 1604 est;
2343 1550 2444 1593 nec
2488 1550 2673 1593 rursus
2700 1534 2883 1599 homo,
2916 1532 2967 1587 id
3007 1530 3151 1602 quod
3199 1530 3392 1595 luerat,

1806 1628 2059 1702 perdidit,
2089 1637 2143 1684 et
2186 1628 2239 1693 in
2270 1627 2367 1682 Dei
2395 1634 2642 1687 naturam
2670 1626 3056 1679 trarismutatus
3103 1631 3223 1690 est;
3267 1636 3395 1690 ergo

1808 1723 2087 1794 utriusque
2125 1728 2331 1777 natura:
2371 1719 2758 1790 proprietatem
2806 1716 3078 1785 dicentes,
3126 1716 3397 1772 Christum

1812 1816 2098 1873 Dominum
2129 1814 2436 1873 adoramus.
2486 1794 2493 1801 ’

2278 1939 2561 1989 8881³08810
2597 1937 2917 1987 ΘΒΪΗΟΒΟΧΙ.

1883 2044 1953 2097 At
1996 2057 2096 2097 nos
2142 2042 2366 2096 meliora
2408 2040 2686 2108 magisque
2732 2050 2861 2092 vera
2906 2034 3106 2090 sentire
3145 2033 3316 2098 soliti,
3348 2039 3404 2086 et

1811 2135 2120 2191 subtiliores
2164 2148 2355 2189 sensus
2382 2138 2676 2187 tractantes
2706 2130 2773 2185 ad
2813 2129 3102 2183 certiorem
3142 2125 3403 2196 explana-

1812 2231 2035 2295 tionem,
2067 2227 2465 2295 rectioremque
2483 2223 2743 2295 mysterii,
2764 2221 2915 2291 juxta
2942 2220 3243 2275 litterarum
3266 2230 3406 2288 pras-

1815 2330 1970 2392 cepta
1999 2334 2293 2385 sacrarum,
2328 2325 2383 2373 et
2400 2317 2555 2387 juxta
2588 2329 2798 2371 morem
2820 2312 3039 2367 Patrum
3068 2318 3403 2375 sanctorum,

1817 2430 1927 2470 non
1973 2414 2249 2468 hominem
2291 2417 2625 2479 assumptum
2669 2407 2895 2461 dicimus
2938 2421 2968 2459 a
3016 2402 3127 2457 Deo
3175 2400 3409 2456 Verbum

1819 2506 2024 2579 [Βαιυι.
2057 2500 2281 2574 Verbo],
2312 2508 2367 2556 et
2393 2502 2441 2556 ei
2466 2494 2841 2569 conjunctum,
2865 2512 2961 2567 per
2991 2496 3181 2567 σχίσιν
3208 2493 3411 2547 extrin-

1821 2610 1981 2653 secus
2010 2593 2441 2663 intelligendam;
2471 2592 2567 2647 sed
2612 2590 2887 2645 hominem
2916 2587 3086 2655 magis
3126 2586 3299 2656 ipsum
3329 2583 3409 2638 fa-

1820 2698 1966 2745 ctum
2022 2702 2141 2743 esse
2197 2683 2497 2741 definimus.
2542 2682 2710 2751 Hujus
2758 2694 2919 2736 causa
2948 2692 3061 2740 eos,
3100 2676 3193 2745 qui
3231 2674 3413 2729 dicere

1822 2784 2040 2849 audent,
2099 2786 2433 2850 assumptum
2477 2777 2640 2832 fuisse
2693 2774 2989 2835 hominem,
3022 2770 3267 2825 ducimus
3294 2782 3413 2823 esse

1822 2880 1975 2929 extra
2004 2873 2264 2927 terminos
2310 2869 2619 2938 dogmatum
2647 2866 2886 2937 pietatis,
2918 2864 3009 2933 qui
3033 2861 3301 2917 allirmant
3327 2861 3412 2930 ip-

1823 2981 1963 3031 sum,
2013 2972 2072 3019 ut
2114 2964 2344 3018 alterum
2382 2976 2503 3016 eum
2542 2960 2732 3022 altero,
2764 2955 3046 3012 eoadorari
3069 2954 3266 3008 debere
3292 2966 3414 3007 cum
3513 2949 3515 2952 ⁴

1824 3058 1962 3113 Filio
2002 3057 2134 3111 Dei:
2169 3071 2292 3110 nam
2346 3054 2393 3108 si
2438 3061 2522 3108 est
2568 3051 2707 3107 idem
2736 3049 2896 3114 Deus,
2929 3047 3088 3102 simul
3127 3054 3183 3102 et
3228 3046 3412 3107 homo,

1828 3152 2085 3207 adoratur
2112 3150 2300 3218 magis,
2342 3156 2401 3203 ut
2442 3161 2596 3211 unus,
2621 3142 2938 3199 adoratione
2964 3153 3089 3205 una,
3109 3152 3172 3193 ac
3198 3153 3305 3191 non
3326 3152 3419 3191 co-

121 3258 292 3301 suum
318 3258 533 3313 corpus,
567 3250 838 3311 tamquam
867 3256 965 3311 per
991 3241 1439 3305 instrumentum,
1472 3246 1727 3310 operatus
1752 3234 1797 3295 C
1831 3245 2102 3309 adoratur,
2121 3251 2176 3297 et
2196 3246 2639 3311 connuncupatur
2660 3238 2819 3302 Deus,
2837 3248 2904 3289 ne
2918 3234 3080 3289 homo
3107 3230 3420 3301 simpliciter

124 3345 221 3395 est
247 3338 399 3408 signa
426 3337 626 3392 divina.
656 3334 767 3391 Nec
792 3335 966 3406 ipsum
986 3332 1257 3389 Christum
1284 3333 1510 3389 dicimus
1534 3348 1727 3403 opera-

125 3435 287 3495 tione
328 3431 599 3501 adjutum,
632 3429 882 3501 exemplo
909 3436 1223 3485 sanctorum
1255 3447 1269 3483 :
1313 3429 1418 3484 hoc
1444 3428 1589 3483 enim
1627 3426 1728 3481 im-

125 3529 288 3601 pium
316 3536 399 3583 est
424 3534 480 3583 et
506 3526 855 3582 vehementer
892 3523 1174 3593 culpabile.
1217 3521 1325 3577 Sed
1364 3522 1410 3576 si
1451 3520 1730 3576 suscitavit

130 3634 161 3673 a
192 3617 424 3675 mortuis
450 3616 726 3687 proprium
747 3629 961 3684 corpus,
994 3619 1183 3683 utpote
1206 3612 1317 3667 vita
1344 3611 1480 3681 ipse,
1509 3618 1564 3665 et
1589 3609 1728 3665 vivi-

130 3711 302 3779 ﬂcus,
333 3709 568 3779 illudque
605 3704 953 3778 gloriﬁcavit,
984 3704 1250 3763 viviﬁcam
1290 3718 1442 3760 suam
1481 3709 1729 3759 naturam

132 3821 261 3866 esse
289 3806 681 3869 demonstrans,
729 3810 785 3856 at
809 3817 920 3857 non
961 3800 1053 3855 alii
1094 3799 1306 3855 cuidam
1347 3805 1544 3869 praeter
1569 3811 1629 3851 se
1677 3795 1730 3850 in

133 3902 247 3956 hoe
267 3899 495 3967 gloriam
518 3895 759 3952 donavit.
790 3894 951 3949 Certe
982 3893 1199 3962 quidem
1225 3890 1294 3947 ad
1319 3891 1594 3948 cmlestem
1624 3888 1730 3943 Pa-

135 4003 282 4049 trem
310 3992 520 4047 dicebat
552 4007 565 4043 :
596 3987 758 4043 Pater
786 3987 1023 4058 gloriﬁca
1050 4002 1132 4040 me
1159 3986 1355 4056 gloria,
1395 3999 1547 4053 quam
1577 3982 1732 4035 habui

138 4100 302 4156 penes
343 4092 409 4149 te,
458 4082 756 4154 priusquam
794 4077 1015 4133 mundus
1062 4076 1209 4148 ﬁeret
1258 4074 1437 4147 (Joan.
1471 4090 1596 4137 xvn,
1642 4072 1730 4143 5);

139 4176 361 4231 tametsi
389 4182 445 4229 et
470 4172 612 4228 Deus
640 4178 803 4236 esset,
847 4177 903 4225 et
930 4184 999 4223 ex
1033 4168 1144 4223 Deo
1172 4182 1271 4237 per
1309 4173 1574 4227 naturam,
1619 4165 1735 4233 glo-

140 4271 345 4337 riaeque
367 4266 644 4321 Dominus.
670 4263 790 4331 Quo
823 4263 984 4331 igitur
1004 4260 1187 4325 modo,
1215 4257 1369 4327 quasi
1404 4256 1585 4323 gloria:
1614 4268 1736 4322 ege—

145 4377 268 4427 nus,
300 4374 463 4429 quam
488 4357 723 4412 habebat
747 4361 872 4409 ante
900 4351 1175 4418 mundum,
1206 4349 1433 4419 gloriam
1460 4347 1738 4416 reposcit?

144 4453 284 4507 Nam
323 4459 605 4522 postquam
646 4448 816 4503 lactus
868 4454 951 4501 est
1003 4446 1186 4509 homo,
1238 4442 1402 4496 etiam
1444 4456 1542 4511 per
1584 4455 1738 4493 suam

144 4558 370 4600 carnem
415 4560 429 4597 ε
471 4539 655 4595 Gratia
701 4537 800 4593 Dei
838 4555 932 4609 pro
974 4534 1208 4591 omnibus
1248 4543 1463 4588 mortem
1516 4534 1739 4603 gustavit

1827 3335 2146 3399 communis,
2179 3341 2233 3387 et
2261 3332 2447 3386 similis
2470 3331 2637 3385 nostri
2664 3324 2981 3382 Emmanuel
3009 3337 3129 3379 esse
3149 3321 3415 3384 credatur,

1829 3446 1927 3501 per
1941 3425 2468 3483 beneﬁciumdlvinae
2494 3423 2679 3492 glorize
2705 3419 2977 3491 particeps
3006 3416 3177 3470 factus
3209 3432 3221 3466 :
3255 3411 3422 3467 credi—

1830 3528 1917 3574 tur
1937 3519 2081 3573 enim
2107 3517 2275 3584 magis
2304 3516 2445 3570 Deus
2473 3515 2526 3567 in
2548 3524 2708 3567 carne
2728 3518 2951 3581 prapter
2979 3525 3077 3563 nos
3104 3523 3231 3562 vere
3257 3506 3421 3561 homo

1829 3611 2022 3671 factus,
2056 3622 2161 3663 non
2184 3606 2539 3662 conversione
2568 3611 2803 3668 naturae,
2837 3607 2928 3655 aut
2961 3597 3383 3655 commutatione
3405 3635 3420 3661 ,

1830 3702 1926 3758 sed
1956 3699 2285 3755 adunatione
2314 3695 2726 3767 dispensatoria.

2282 3820 2761 3865 ANATHEMATISMUS
2798 3819 2982 3859 NONUS.

1904 3926 2083 3996 Siquis
2122 3925 2267 3980 dicat
2294 3937 2458 3976 unum
2482 3920 2765 3974 Dominum
2786 3916 2967 3971 Jesum
2986 3913 3278 3977 Christum,
3304 3911 3422 3980 glo-

1834 4020 2098 4075 rilicatum
2120 4016 2187 4070 ab
2209 4015 2411 4085 Spiritu
2438 4015 2637 4068 virtute
2666 4012 2851 4081 ipsius,
2884 4010 3035 4079 quasi
3067 4008 3239 4063 aliena
3271 4006 3340 4069 vi,
3367 4014 3425 4059 et

1837 4112 1903 4173 ab
1932 4111 2046 4181 ipso
2069 4108 2329 4178 accipere,
2358 4114 2416 4163 ut
2444 4105 2617 4176 possit
2636 4102 2849 4173 operari
2895 4101 3149 4156 adversus
3198 4100 3428 4153 immun-

1836 4202 1934 4257 dos
1964 4201 2201 4272 spiritus,
2247 4204 2301 4257 et
2340 4196 2564 4267 implere
2612 4195 2762 4263 signa
2792 4192 2994 4258 divina,
3034 4207 3096 4246 ac
3123 4207 3228 4245 non
3258 4190 3428 4257 magis

1840 4296 2006 4365 ipsius
2032 4308 2150 4349 esse
2179 4290 2454 4363 proprium
2485 4287 2867 4359 spiritum,per
2886 4298 3045 4355 quem
3074 4291 3328 4355 operatus
3349 4287 3430 4336 est

1840 4387 1989 4455 signa
2012 4385 2222 4451 divina;
2247 4382 2533 4447 anathema
2561 4381 2651 4436 sit.
2726 4376 2731 4381 ’

2289 4506 2654 4548 REPREHENSIO
2692 4504 2979 4545 ΒΑΕΗΕἸΊΟῘ.

150 4636 314 4709 (Heli.
344 4652 401 4701 ιι,
433 4632 510 4705 9),
540 4640 600 4688 ut
626 4633 701 4687 ait
723 4599 915 4686 beatus
943 4628 1157 4684 Paulus.
1192 4637 1218 4666 ⁸
1248 4624 1453 4682 Exinde
1498 4599 1630 4680 ortae
1659 4624 1741 4679 in-
1770 4621 1821 4681 D
1918 4611 2016 4669 “i0
2042 4609 2201 4681 Plane
2228 4622 2339 4662 που
2359 4620 2453 4661 cos
2474 4612 2704 4671 “mum:
2725 4604 2817 4673 qui
2842 4605 2895 4658 in
2916 4604 3021 4658 hoc
3041 4601 3236 4657 εωθυίο
3263 4599 3433 4670 Pieta-

148 4733 304 4803 iurize
330 4744 585 4786 recusans
627 4725 1005 4797 opprobrium,
1038 4721 1363 4794 praenuntiat
1388 4716 1743 4773 resurrectio-

154 4840 299 4892 nem,
331 4838 428 4894 per
450 4836 613 4892 quam
639 4817 1001 4887 cognoscitur,
1032 4813 1176 4884 quod
1203 4814 1272 4868 sit
1300 4819 1356 4867 et
1378 4812 1507 4875 vita,
1540 4818 1596 4863 et
1615 4809 1745 4864 vivi-

155 4916 307 4981 licus,
340 4921 526 4985 utpote
570 4912 730 4977 Deus,
762 4917 817 4966 et
845 4924 911 4965 eo
938 4920 1155 4977 quoque
1181 4904 1344 4960 modo
1383 4917 1415 4957 a
1443 4901 1597 4957 nobis
1624 4914 1743 4957 creo

154 5008 323 5062 ditur.

228 5095 558 5153 Glorilicavit
584 5095 744 5164 igitur
767 5088 873 5148 non
901 5092 1063 5147 alium
1088 5089 1391 5159 quemdam,
1423 5086 1519 5143 sed
1546 5093 1743 5142 semet-

157 5191 370 5259 ipsum,
425 5186 682 5258 templum
734 5185 837 5239 sibi
877 5199 1006 5238 vere
1057 5179 1404 5250 conjunctum
1457 5177 1744 5246 designans

157 5288 337 5337 morte
360 5280 624 5343 validius;
655 5292 851 5347 corpus
878 5283 1076 5340 autem,
1110 5272 1254 5342 quod
1293 5278 1378 5325 est
1409 5270 1509 5340 ipsi
1537 5269 1743 5324 aduna-

160 5384 307 5441 tum,
356 5388 465 5428 non
511 5372 822 5435 inanimum,
868 5382 968 5422 nec
1011 5366 1213 5433 absque
1258 5374 1419 5419 sensu
1467 5369 1522 5417 et
1564 5369 1747 5416 mente

159 5468 371 5544 [,Baluz.
402 5484 502 5523 om.
529 5473 585 5522 et
604 5461 805 5533 mente]
828 5477 947 5517 esse
976 5458 1258 5515 credimus.

574 5562 1048 5617 ausurusausurus
1084 5566 1337 5608 ocuvus.

235 5656 417 5728 Siquis
441 5655 621 5713 dicere
647 5653 860 5719 audeat,
884 5654 1214 5717 assumptum
1246 5642 1519 5697 hominem
1548 5638 1749 5694 coado-

1843 4716 1954 4762 tem
1982 4709 2228 4765 servant,
2273 4700 2368 4756 sed
2413 4698 2536 4754 illos
2559 4698 2719 4754 etiam
2738 4737 2752 4763 ,
2777 4698 2867 4765 qui
2891 4704 3016 4751 ante
3036 4694 3269 4758 fuerunt,
3301 4707 3433 4762 praa~

1842 4798 2113 4854 dicatores
2137 4792 2403 4860 veritatis,
2428 4800 2486 4849 et
2511 4792 2659 4862 ipsos
2693 4788 2998 4844 divinorum
3024 4784 3435 4853 Evangeliorum

1842 4891 2151 4961 scriptores,
2167 4903 2231 4943 ac
2244 4892 2554 4943 sanctorum
2567 4880 2933 4954 apostolorum
2948 4879 3170 4934 chorum
3188 4893 3201 4943 ;
3217 4882 3436 4946 praeter.

1843 4998 1908 5039 ea
1948 4983 2113 5039 etiam
2149 4978 2367 5035 Gabriel
2397 4975 2777 5045 archangelum
2806 4970 3258 5027 anathematizare
3280 4983 3437 5023 ausus

1844 5082 1947 5131 est.
2005 5071 2309 5129 Secundum
2359 5082 2577 5125 carnem
2626 5065 2769 5120 enim
2822 5063 3093 5119 Christum
3129 5076 3197 5115 ex
3234 5059 3437 5129 Spiritu

1849 5175 2038 5225 sancto
2058 5165 2260 5221 factum
2279 5177 2418 5226 esse,
2442 5161 2646 5231 primus
2667 5158 2775 5225 ille,
2798 5165 2853 5212 et
2874 5165 3001 5210 ante
3021 5155 3436 5224 conceptionem

1850 5259 2097 5333 pmdixit
2143 5257 2325 5315 Maria
2377 5253 2583 5327 [.Baluz.
2641 5268 2743 5307 om.
2790 5247 3025 5319 Maria];
3056 5256 3111 5304 et
3148 5256 3270 5319 post
3307 5260 3437 5299 con-

1851 5355 2161 5425 ceptionem
2189 5347 2390 5417 Joseph
2418 5345 2667 5409 edocuit,
2694 5342 2761 5398 ad
2782 5342 3002 5397 Mariam
3032 5340 3246 5410 quidem
3268 5338 3437 5391 inter-

1851 5453 2134 5517 rogantem
2163 5460 2175 5495 :
2212 5437 2480 5505 Quomodo
2518 5438 2615 5491 erit
2643 5436 2767 5490 mihi
2812 5433 2967 5499 istud,
2999 5433 3239 5505 quoniam
3273 5430 3443 5483 virum

1853 5522 1956 5597 nou
1988 5550 2236 5608 cognosco
2288 5530 2458 5604 (Luc.
2489 5547 2524 5595 ι,
2559 5526 2627 5583 ’ὖέἰ
2648 5529 2701 5599 )?
2722 5528 2904 5587 dicens
2938 5543 2949 5578 :
2983 5524 3208 5595 Spiritus
3238 5530 3440 5577 sanctus

1856 5631 2175 5702 superveniet
2206 5629 2261 5683 in
2304 5634 2381 5693 te,
2417 5625 2644 5681 etvirtus
2686 5622 2937 5677 Allissimi
2976 5616 3292 5675 obumbrabit
3319 5616 3438 5682 tibi,

1062 5794 1065 5797 .
1327 5728 1870 5791 CASTIGATIONES
1908 5727 1995 5780 ET
2032 5720 2262 5780 ΝΘΤΕ.

242 5853 271 5884 ι
308 5841 488 5899 Baluz.
519 5859 531 5895 :
561 5839 628 5897 Ut
648 5840 721 5895 ait
750 5838 924 5892 beatus
952 5830 1170 5893 Paulus,
1195 5837 1413 5886 terrenis
1439 5825 1769 5896 injuriwuon
1786 5833 2035 5874 recusans
2068 5814 2423 5885 opprobrium,
2452 5816 2557 5867 etc.
2589 5807 2745 5863 Ευιτ.
