3982 6278
472 516 555 571 Ad
593 513 794 583 Joseph
831 525 1001 565 vero:
1033 505 1119 562 Ne
1155 508 1334 562 timeas
1369 508 1600 578 accipere
1626 504 1857 560 Mariam
1884 506 2066 577 conju-

472 627 585 682 gem
611 617 768 671 tuam,
799 602 936 677 quod
962 603 1099 657 enim
1126 602 1182 655 in
1203 618 1264 654 ea
1286 609 1466 654 natum
1485 608 1591 665 est,
1617 615 1683 654 ex
1711 597 1914 670 Spiritu
1941 614 2068 653 san-

474 711 552 754 cto
575 695 878 769 est(Matth.
909 693 1076 765 1,20).
1101 691 1169 746 Et
1192 691 1535 759 Evangelista
1569 708 1582 744 :
1613 690 1941 762 Desponsata
1969 706 2066 744 au-

477 802 594 855 tem,
639 789 828 858 inquit,
859 795 1026 840 matre
1052 785 1164 856 ejus
1211 782 1390 838 Maria
1426 782 1642 855 Ioseph,
1674 784 1883 838 inventa
1911 791 1987 837 est
2012 783 2068 836 in

477 892 620 934 utero
649 879 840 933 habens
887 876 952 931 de
979 874 1182 946 Spiritu
1209 883 1391 930 sancto
1440 872 1641 947 (Ibid.,
1666 872 1798 946 18).
1848 871 1918 927 Et
1956 873 2070 943 ipse

477 972 637 1025 etiam
669 969 927 1026 Dominus
978 967 1252 1036 ingressus
1289 967 1344 1021 in
1381 979 1709 1038 synagogam
1735 963 2067 1032 Judaeorum,

480 1079 601 1118 cum
652 1061 950 1132 accepisset
988 1059 1181 1114 Isaiam
1221 1059 1560 1130 prophetam,
1591 1065 1648 1113 et
1682 1057 1903 1128 legisset
1924 1057 2073 1112 illum

481 1157 678 1220 locum,
713 1155 766 1209 in
812 1169 919 1223 quo
961 1154 1036 1208 ait
1066 1171 1078 1207 :
1113 1152 1343 1225 Spiritus
1375 1150 1592 1206 Domini
1618 1167 1774 1223 super
1798 1168 1898 1217 me,
1927 1151 2073 1222 cujus

480 1266 639 1304 causa
663 1251 810 1303 unxit
838 1266 917 1302 me
948 1247 1099 1320 (Luc.
1132 1261 1203 1312 tv,
1235 1243 1356 1316 18);
1388 1252 1442 1300 et
1477 1258 1597 1314 quae
1633 1250 1950 1312 sequuntur,
1981 1240 2076 1296 ad-

477 1341 607 1411 jecit
636 1361 647 1395 :
682 1341 855 1397 Ilodie
881 1340 1094 1411 impleta
1115 1348 1191 1392 est
1226 1338 1487 1408 scriptura
1515 1335 1628 1390 haec
1657 1336 1715 1389 in
1744 1332 1954 1388 auribus
1992 1349 2077 1387 ve-

485 1437 607 1489 stris
634 1436 650 1506 (
679 1433 842 1498 Ibid.,
873 1433 933 1486 21
963 1437 1001 1493 ).
1032 1431 1091 1487 Id
1113 1439 1295 1486 autem
1327 1439 1383 1485 et
1406 1429 1598 1484 beatus
1618 1426 1830 1494 Petrus,
1860 1442 1981 1482 cum
2011 1424 2078 1481 ad

483 1525 699 1581 Iudaeos
723 1526 1055 1594 loqueretur,
1088 1522 1224 1577 dixit
1257 1519 1471 1576 :Jesum
1500 1519 1564 1574 de
1592 1517 1862 1574 Naza‘reth
1885 1559 1899 1583 ,
1930 1534 2078 1590 quem

483 1621 634 1673 unxit
659 1617 799 1672 Deus
831 1617 1032 1688 Spiritu
1060 1623 1240 1671 sancto
1270 1613 1419 1686 (Act.
1445 1629 1500 1678 x,
1525 1610 1647 1684 '58);
1682 1619 1739 1666 et
1765 1611 1928 1666 Isaias
1955 1618 2079 1666 ante

485 1711 655 1764 multa
677 1710 871 1763 saecula
895 1707 1274 1778 praecantavit:
1293 1705 1440 1761 Exiit
1458 1707 1605 1776 virga
1631 1703 1695 1759 tle
1715 1703 1890 1758 radice
1912 1703 2075 1771 Jesse,

484 1809 534 1854 et
555 1802 650 1870 ﬂos
681 1801 744 1854 de
772 1799 948 1853 radice
975 1799 1088 1870 ejus
1128 1797 1388 1860 ascendet,
1420 1807 1468 1850 et
1507 1797 1786 1868 requiescet
1821 1812 1980 1867 supra
2000 1797 2082 1868 ip-

483 1909 600 1947 sum
627 1893 838 1963 spiritus
863 1889 980 1958 Dei,
1007 1890 1219 1962 spiritus
1247 1889 1518 1960 sapientia:
1544 1897 1594 1942 et
1619 1886 1925 1953 intellectus,
1969 1888 2081 1958 spi-

485 1989 618 2041 ritus
645 1985 849 2040 consilii
879 1993 930 2040 et
971 1984 1194 2050 virtutis,
1238 1984 1452 2055 spiritus
1507 1982 1739 2036 scientia:
1765 1989 1815 2034 et
1841 1981 2080 2051 pietatis;

486 2078 698 2148 spiritus
729 2075 925 2130 timoris
954 2072 1054 2128 Dei
1081 2071 1297 2144 replebit
1315 2087 1431 2126 eum
1459 2069 1615 2143 (lsai.
1645 2085 1718 2134 xi,
1744 2068 1831 2140 1).
1864 2066 1932 2122 Et
1958 2085 2072 2123 rur-

489 2183 581 2223 sus
614 2186 626 2221 :
660 2166 797 2220 Ecce
823 2166 964 2236 [ilius
997 2181 1138 2219 meus
1181 2181 1330 2237 quem
1377 2163 1570 2228 dilexi;
1602 2161 1816 2217 dilectus
1838 2177 1998 2228 meus,
2026 2161 2082 2216 in

488 2278 590 2333 quo
622 2258 930 2330 complacuit
958 2258 1134 2311 anima
1155 2273 1288 2311 mea.
1322 2254 1529 2310 Ponam
1556 2255 1796 2326 spiritum
1817 2270 1984 2307 meum
2004 2270 2085 2307 su-

490 2369 584 2422 per
611 2367 724 2405 eum
742 2391 758 2417 ,
788 2359 836 2405 et
857 2349 1118 2421 judicium
1143 2345 1376 2420 gentibus
1397 2344 1726 2400 annuntiabit
1749 2343 1960 2416 (Matth.
1988 2359 2081 2410 xu,

492 2441 604 2512 l8).
629 2441 687 2496 ld
726 2449 906 2496 autem
936 2439 1305 2494 testimonium
1325 2437 1488 2493 etiam
1507 2435 1848 2505 Evangelista
1888 2435 1942 2489 in
1973 2435 2086 2490 suis

487 2533 701 2604 scriptis
725 2533 937 2604 posuit;
969 2532 1086 2602 ipse
1121 2538 1300 2586 autem
1323 2529 1580 2584 Dominus
1613 2528 1666 2583 in
1699 2527 1992 2597 evangeliis
2017 2527 2084 2582 ad

488 2622 705 2678 Iudaeos
733 2623 868 2678 dixit
902 2641 914 2676 :
943 2621 1042 2678 Sin
1069 2631 1241 2676 autem
1260 2622 1317 2675 in
1338 2621 1524 2692 spiritu
1546 2619 1644 2674 Dei
1673 2635 1766 2691 ego
1795 2620 1948 2690 ejicio
1977 2619 2084 2673 da:-

488 2717 684 2781 monia,
714 2732 841 2770 sane
867 2715 1093 2787 pervenit
1114 2716 1169 2768 in
1196 2731 1283 2768 vos
1304 2729 1519 2785 regnum
1564 2712 1658 2766 Dei
1685 2711 1836 2784 (Luc.
1864 2728 1936 2778 xt,
1966 2710 2080 2782 ΞΟ).

492 2807 561 2862 Ει
583 2807 856 2864 Joannes:
897 2807 997 2873 Qui
1025 2809 1166 2863 misit
1200 2824 1300 2874 me,
1332 2807 1525 2876 inquit,
1567 2807 1830 2877 baptizare
1849 2807 1904 2860 in
1926 2821 2081 2878 aqua,

490 2904 600 2972 ipse
623 2902 750 2955 mihi
779 2901 911 2955 dixit
953 2917 971 2954 :
1014 2899 1183 2971 Super
1202 2916 1350 2972 quem
1370 2899 1558 2953 videris
1585 2897 1840 2968 Spiritum
1870 2897 2084 2951 descen-

492 2995 715 3059 dentem,
757 3003 1124 3061 et_manentem
1164 3011 1318 3066 super
1337 2995 1528 3065 ipsum,
1550 2993 1661 3063 ipse
1685 3001 1780 3058 est,
1813 2993 1897 3064 qui
1919 2991 2087 3062 bapti-

492 3098 578 3143 και
602 3090 658 3143 in
690 3089 892 3160 Spiritu
920 3097 1100 3142 sancto
1131 3087 1309 3161 (Joan.
1337 3103 1373 3152 ι,
1407 3087 1519 3158 55).

979 303 1175 363 MAR"
1211 301 1654 362 MERCATORIS
1690 300 2085 359 TRANSLATI‘

2197 299 2260 359 ES
2300 299 2662 358 VARIORUM
2699 294 3238 360 ορυεουιοιιυκ.

470 430 740 498 propterea
767 417 904 493 quod
928 425 1170 472 nascetur
1188 425 1445 482 sanctum,
1463 415 1729 471 vocabitur
1746 413 1920 470 Filius
1942 414 2060 469 Dei.
2093 425 2144 478 Α

2640 428 2923 468 ιεεροιηειυ
2961 427 3280 468 οιιτιιοῡοιι.
3781 453 3788 486 ξ

2238 505 2358 563 Jam
2387 513 2514 562 ante
2564 505 2695 572 dixi,
2724 504 2870 574 quod
2916 503 3151 561 Nestorii
3203 503 3566 572 vanitatibus,
3597 504 3771 560 immo

2167 599 2535 671 blasphemiis,
2566 605 2622 654 et
2649 597 2808 655 dictis
2843 606 2868 635 ι
2911 597 3077 668 ipsius
3124 597 3473 652 vehementer
3515 597 3784 660 incultis;

2169 691 2529 763 capitulomm
2557 689 2639 745 vis
2680 697 2963 760 repugnat.
3002 688 3098 745 lllo
3127 689 3270 744 enim
3302 687 3516 744 dicente
3544 687 3613 743 de
3647 687 3788 759 Spi-‘

2171 786 2278 841 ritu
2307 790 2498 839 sancto
2525 781 2721 855 (Serm.
2745 779 2802 851 2)
2829 799 2842 834 :
2866 780 2970 835 Hic
2991 781 3076 853 qui
3103 789 3300 835 tantam
3320 779 3528 835 Christo
3548 781 3778 852 gloriam

2175 879 2510 944 condonavit,
2541 878 2628 950 qui
2656 893 2769 931 eum
2795 876 3064 931 daemoniis
3087 877 3210 948 fecit
3233 873 3553 942 horribilem,
3574 877 3662 948 qui
3684 893 3745 930 as
3762 907 3779 916 -

2174 972 2520 1042 sumptionem
2547 970 2650 1040 ipsi
2671 969 2724 1022 in
2748 969 2904 1024 caelos
2924 969 3164 1035 donavit;
3187 977 3243 1024 et
3269 968 3339 1024 de
3367 966 3606 1034 Christo,
3633 978 3776 1022 tam-

2175 1078 2339 1133 quam
2361 1061 2428 1117 de
2450 1061 2629 1130 aliquo
2663 1061 2882 1116 homine
2909 1061 3182 1116 communi
3224 1060 3385 1116 simili
3425 1061 3630 1126 nostri,
3663 1061 3780 1122 haec

2177 1157 2252 1212 ita
2287 1155 2579 1224 garriente,
2625 1153 2798 1209 factus
2825 1161 2907 1209 est
2934 1153 3242 1210 necessario
3271 1152 3776 1213 anathematismus.

2177 1247 2296 1303 Non
2346 1247 2400 1302 in
2451 1263 2567 1314 eos,
2615 1248 2709 1317 qui
2737 1247 2951 1313 dicunt,
2994 1244 3353 1316 gloriﬁcatum
3381 1260 3501 1302 esse
3529 1261 3558 1300 a
3586 1254 3783 1300 sancto

2179 1337 2382 1408 Spiritu
2401 1337 2607 1404 Jesum,
2638 1337 2692 1392 id
2714 1346 2820 1404 est,
2852 1338 3124 1393 hominem
3155 1336 3354 1392 factum
3386 1336 3482 1392 Dei
3505 1335 3781 1400 Verbum;

2179 1431 2276 1486 sed
2300 1431 2354 1485 in
2380 1431 2500 1485 illos
2520 1431 2709 1499 magis,
2735 1429 2827 1500 qui
2849 1429 3192 1500 impudenter
3220 1431 3393 1500 ipsum
3420 1430 3627 1483 virtute
3656 1427 3784 1498 Spi-

2179 1525 2316 1580 ritus
2342 1525 2538 1591 sancti,
2570 1533 2844 1594 tamquam
2874 1524 3070 1589 aliena,
3094 1539 3248 1578 usum
3275 1522 3436 1577 fuisse
3451 1537 3788 1578 commemo-

2180 1625 2321 1671 rant.
2378 1614 2717 1670 Meminimus
2772 1615 2917 1670 enim
2973 1614 3090 1684 ejus
3139 1613 3417 1669 evidenter
3456 1611 3690 1669 dicentis
3717 1612 3792 1667 de

2182 1708 2387 1779 Spiritu
2427 1715 2616 1763 sancto
2656 1725 2668 1760 ε
2707 1705 2808 1762 Ille
2834 1724 2915 1762 me
2943 1704 3254 1778 gloriﬁcabit
3278 1704 3458 1776 (Joan.
3489 1720 3639 1768 xvtu,
3671 1702 3787 1773 14).

2112 1813 2160 1873 Β
2185 1801 2444 1856 Novimus
2492 1809 2758 1872 przeterea
2813 1800 2986 1854 sancti
3033 1798 3266 1870 Spiritus
3311 1797 3634 1868 operatione
3682 1797 3787 1851 im-

2185 1893 2414 1949 mundos
2442 1893 2814 1961 malignosque
2842 1890 3064 1961 spiritus
3089 1890 3264 1960 ipsum
3286 1886 3640 1945 contundere.

2255 1985 2362 2041 Sed
2384 2001 2492 2041 non
2519 1984 2768 2050 dicimus,
2807 1992 3080 2052 tamquam
3109 1997 3275 2036 unum
3303 1980 3608 2051 quempiam
3649 1993 3789 2050 pro-

2183 2077 2490 2149 phetarum,
2523 2091 2678 2130 usum
2705 2074 2869 2130 fuisse
2899 2073 3075 2144 ipsum
3102 2072 3306 2128 virtute
3329 2071 3563 2143 Spiritus
3591 2071 3789 2136 sancti,

2183 2177 2245 2224 ut
2273 2168 2448 2224 aliena
2482 2185 2494 2220 :
2527 2175 2646 2222 erat
2674 2180 2907 2235 namque
2943 2163 3130 2234 ipsius,
3172 2170 3358 2229 etest,
3399 2161 3636 2232 Spiritus
3663 2177 3790 2218 san—

2183 2271 2323 2329 ctus,
2355 2261 2493 2317 sicut
2521 2267 2576 2316 et
2603 2258 2797 2314 Patris.
2822 2257 2938 2314 Hoc
2966 2264 3148 2312 autem
3189 2256 3343 2312 nobis
3383 2256 3793 2312 evidentissima

2183 2354 2486 2424 designavit
2514 2353 2727 2410 divinus
2753 2351 2954 2407 Paulus
2983 2351 3057 2406 ita
3086 2350 3328 2406 scribens
3361 2368 3374 2403 :
3409 2348 3511 2414 Qui
3539 2359 3716 2404 autem
3734 2351 3790 2404 in

2185 2463 2346 2502 carne
2373 2454 2516 2512 sunt,
2549 2444 2661 2500 Deo
2690 2447 2898 2517 placere
2919 2459 3028 2499 non
3064 2451 3312 2515 possunt;
3350 2459 3435 2498 ros
3480 2451 3656 2496 autem
3683 2458 3791 2496 non

2186 2543 2310 2596 estis
2330 2542 2386 2596 in
2411 2556 2590 2606 carne,
2619 2538 2714 2594 sed
2729 2539 2784 2592 in
2809 2537 3018 2609 spiritu,
3034 2537 3081 2591 si
3106 2536 3314 2609 quidem
3341 2536 3556 2606 spiritus
3579 2533 3682 2588 Dei
3702 2535 3790 2588 in-

2186 2631 2388 2686 habitat
2415 2633 2471 2686 in
2499 2629 2659 2686 vobis.
2716 2628 2779 2685 Si
2808 2631 2922 2702 quis
2951 2637 3121 2682 autem
3151 2627 3409 2699 Spiritum
3457 2624 3653 2681 Christi
3682 2642 3793 2680 non

2186 2722 2361 2787 habet,
2392 2723 2475 2776 hic
2495 2737 2599 2776 non
2627 2730 2706 2776 est
2736 2720 2848 2792 ejus
2879 2717 3059 2791 (Rom.
3085 2733 3158 2784 tv,
3187 2716 3263 2788 9).
3292 2717 3417 2772 Exit
3445 2731 3683 2786 namque
3713 2731 3787 2771 ex

2187 2812 2300 2868 Deo
2328 2820 2384 2868 et
2411 2810 2573 2867 Patre
2601 2811 2836 2883 Spiritus
2882 2816 3120 2874 sanctus,
3149 2807 3444 2864 secundum
3485 2806 3792 2862 Salvatoris

2186 2918 2397 2968 vocem,
2427 2901 2521 2958 sed
2545 2916 2655 2958 non
2683 2909 2766 2956 est
2797 2914 2830 2955 a
2865 2898 3004 2954 Filio
3035 2899 3242 2955 alienus
3266 2916 3279 2952 :
3304 2898 3483 2953 omnia
3512 2897 3658 2952 enim
3691 2898 3793 2951 ha-

2184 2994 2278 3050 bet
2298 3011 2420 3050 cum
2450 2992 2629 3048 Patre.
2663 2991 2732 3047 Et
2752 2992 2805 3047 id
2826 2991 2943 3062 ipse
2971 2990 3207 3046 ostendit
3227 2989 3295 3045 de
3323 2988 3526 3060 Spiritu
3545 2996 3742 3043 sancto
3773 3004 3790 3042 :

2191 3084 2386 3140 Omnia
2412 3100 2526 3157 qua:
2555 3082 2709 3138 habet
2755 3082 2918 3138 Pater
2941 3121 2956 3149 ,
2983 3099 3100 3137 mea
3127 3077 3272 3147 sunt‘,
3307 3081 3421 3136 ideo
3468 3079 3579 3134 dixi
3622 3077 3793 3146 vobis,

563 3178 730 3249 Igitur
750 3191 856 3235 non
874 3179 1166 3251 prophetas
1195 3180 1362 3243 solos,
1381 3186 1438 3234 et
1466 3177 1763 3248 apostolos,
1789 3192 1890 3233 nec
1909 3177 2083 3234 solum
2110 3165 2155 3226 C
2190 3181 2332 3254 quod
2359 3198 2424 3236 ex
2447 3196 2561 3235 meo
2591 3180 2829 3250 accipiet,
2857 3188 2910 3234 et
2949 3177 3284 3234 annuntiabit
3308 3178 3448 3232 vobis
3471 3176 3651 3248 (Joan.
3679 3192 3794 3241 XVI.

495 3270 712 3327 Gabriel
735 3271 1136 3341 archangelum,
1169 3271 1645 3326 anathematizavit
1667 3270 1756 3325 ille
1777 3270 2082 3325 divinorum

494 3364 803 3433 dogmatum
831 3363 1271 3432 diligentissimus
1299 3364 1670 3430 examinator;
1701 3378 1891 3419 verum
1921 3363 2082 3417 etiam

495 3457 548 3511 in
572 3447 745 3526 ipsum
760 3455 1094 3512 Salvatorem
1117 3457 1358 3512 omnium
1380 3457 1657 3526 protendit
1675 3456 2080 3527 blasphemiam.

495 3545 833 3602 Ostendimus
861 3547 1022 3614 enim,
1055 3555 1112 3602 et
1141 3548 1317 3618 ipsum
1344 3546 1637 3612 Christum,
1681 3549 1843 3602 modo
1870 3548 2084 3616 quidem

496 3635 713 3700 Iudaeis,
747 3645 1032 3705 postquam
1061 3637 1380 3692 recitasset:
1416 3637 1650 3709 Spiritus
1674 3637 1888 3692 Domini
1935 3654 2089 3708 super

498 3745 594 3792 me,
629 3736 836 3798 propter
864 3728 1001 3800 quod
1040 3729 1189 3782 unxit
1216 3745 1327 3793 me;
1350 3728 1552 3784 dixisse
1584 3747 1596 3781 :
1629 3728 1803 3783 Hodie
1831 3731 2088 3802 scriptura

498 3822 609 3876 hazc
630 3821 842 3892 impleta
870 3829 948 3874 est
967 3821 1020 3873 in
1048 3820 1260 3874 auribus
1288 3821 1472 3874 vestris
1503 3818 1654 3890 (Luc.
1681 3837 1749 3884 Iv,
1777 3819 1895 3891 18);
1927 3821 2088 3876 modo

500 3911 567 3966 ad
595 3926 707 3975 eos,
732 3911 823 3980 qui
864 3909 1140 3976 dixerant,
1174 3911 1346 3980 ipsum
1375 3926 1474 3982 per
1519 3910 1845 3965 Beelzebuth
1892 3910 2090 3979 ejicere

501 4002 784 4069 daemonia,
810 4001 1026 4066 dixisse,
1056 4004 1111 4058 in
1144 4003 1330 4074 spiritu
1371 3999 1470 4056 Dei
1510 4018 1566 4057 se
1603 4003 1789 4074 ejicere
1832 4001 2090 4057 daemonia

507 4092 657 4161 (Luc.
693 4109 765 4159 χι,
795 4090 909 4161 20).

574 4183 886 4238 Formatum
914 4199 1046 4241 vero
1073 4200 1103 4239 a
1131 4193 1321 4242 saneto
1349 4185 1575 4257 Spiritu,
1608 4195 1937 4258 unetumque
1983 4203 2090 4244 non

502 4274 729 4330 dicimus
757 4273 924 4329 Deum
953 4273 1218 4341 Verbum,
1261 4277 1406 4345 quod
1455 4285 1536 4333 est
1562 4293 1686 4332 cum
1713 4276 1916 4348 Spiritu
1944 4276 2090 4347 ejus-

504 4367 628 4422 dem
672 4365 1014 4429 substantim,
1047 4375 1101 4420 et
1141 4376 1506 4434 eomternum;
1549 4367 1642 4422 sed
1693 4376 1938 4423 naturam
1993 4369 2092 4423 bu-

507 4472 742 4522 manam,
766 4471 885 4526 quae
912 4457 980 4512 ab
1006 4457 1123 4528 ipso
1149 4459 1454 4515 novissimis
1473 4467 1557 4515 est
1583 4469 1855 4531 assumpta
1884 4469 2094 4532 tempo-

509 4549 674 4603 ribus.

577 4639 862 4712 Proprium
890 4656 1020 4698 vero
1048 4643 1294 4713 spiritum
1323 4643 1464 4710 Filii,
1493 4643 1538 4699 si
1575 4645 1700 4715 quia
1728 4644 1968 4714 ejusdem
1993 4660 2094 4700 na-

510 4743 642 4789 tune
670 4736 758 4801 sit,
783 4743 838 4791 et
865 4750 933 4790 ex
973 4735 1130 4790 Patre
1159 4745 1335 4802 exeat,
1385 4736 1550 4805 dixit,
1593 4737 2010 4799 consentiemus,
2042 4745 2100 4791 et

511 4835 570 4880 ut
590 4828 734 4897 piam
762 4842 950 4882 vocem
973 4828 1331 4898 accipiemus;
1362 4829 1445 4883 sin
1475 4837 1658 4886 autem
1695 4829 1818 4899 quia
1847 4843 1913 4883 ex
1937 4826 2095 4896 Filio,

511 4920 596 4974 vel
625 4935 724 4990 per
751 4919 962 4986 Filium,
1005 4920 1203 4975 habeat
1231 4923 1554 4978 exstantiam
1586 4920 1801 4995 [Baluz.
1846 4919 2098 4976 substan-

476 5022 490 5049 -‘
513 5008 684 5081 tiam],
709 5011 762 5065 id
784 5019 842 5066 ut
866 5011 1273 5082 blasphemiam,
1299 5021 1354 5070 et
1378 5014 1710 5084 impietatem
1730 5011 2097 5083 projiciemus.

513 5100 794 5156 Credimus
821 5103 965 5158 enim
993 5102 1224 5159 Domino
1251 5104 1450 5160 dicenti
1482 5123 1494 5158 :
1529 5103 1778 5175 Spiritus,
1807 5105 1894 5177 qui
1912 5121 1977 5160 ex
2001 5103 2105 5158 Pa-

515 5203 592 5248 tre
618 5197 726 5250 exit
757 5194 934 5266 (Joan.
967 5212 1064 5262 xv,
1093 5196 1215 5268 26);
1249 5198 1432 5254 divino
1480 5196 1647 5252 Paulo
1688 5198 1816 5253 item
1863 5198 2100 5255 dicenti:

520 5282 634 5340 Nos
659 5297 828 5343 autem
866 5305 970 5343 non
998 5291 1240 5362 spiritum
1277 5289 1458 5344 mundi
1487 5290 1799 5361 accepimus,
1831 5291 1924 5346 sed
1948 5291 2107 5363 spiri-

518 5385 624 5432 tum
651 5381 736 5451 qui
757 5397 821 5434 επ
846 5379 1009 5435 Patre
1028 5389 1103 5436 est
1125 5380 1167 5452 (1
1191 5377 1313 5436 Cor.
1342 5397 1398 5447 ιι,
1433 5380 1543 5453 12).

2187 3271 2302 3343 15).
2333 3270 2672 3327 Glorilicavit
2695 3271 2862 3339 igitur
2886 3268 3070 3326 Jesum
3109 3269 3340 3341 Spiritus
3376 3274 3596 3324 sanctus
3622 3267 3797 3322 mira-

2186 3364 2314 3420 bilia
2343 3369 2693 3434 operantem;
2727 3370 3100 3417 verumtamen
3125 3369 3186 3416 ut
3220 3361 3438 3432 spiritus
3466 3358 3658 3431 ipsius,
3689 3373 3798 3414 nec

2188 3455 2364 3510 aliena
2412 3455 2628 3521 virtute,
2660 3468 2761 3510 nec
2789 3453 2908 3524 ipso
2937 3452 3166 3521 melior,
3189 3467 3255 3509 eo
3301 3450 3448 3524 quod
3474 3449 3799 3520 intelligitur

2190 3545 2352 3601 Deus.

2262 3637 2379 3691 Non
2409 3636 2902 3707 blasphemavimus
2928 3649 3057 3704 ergo
3088 3634 3143 3690 in
3172 3633 3394 3704 angelos
3420 3643 3659 3700 sanctos,
3685 3648 3794 3690 nec

2191 3730 2246 3784 in
2274 3729 2590 3799 prophetas,
2647 3735 2709 3784 ut
2747 3743 2912 3783 ausus
2956 3735 3040 3783 est
3078 3727 3277 3794 dicere,
3326 3727 3420 3798 qui
3464 3726 3798 3783 maledicere

2191 3827 2400 3874 tantum
2429 3819 2636 3875 didicit.
2691 3819 2910 3885 Verum,
2963 3819 3220 3889 quoniam
3251 3819 3426 3874 adhuc
3451 3819 3798 3890 propositum

2193 3920 2276 3967 est
2305 3912 2375 3978 ei,
2408 3920 2463 3968 et
2510 3911 2774 3968 similibus
2813 3911 2999 3981 ipsius,
3032 3923 3196 3966 unum
3226 3909 3498 3966 Christum
3547 3912 3600 3965 in
3653 3910 3802 3969 duos

2192 4001 2464 4068 dividere;
2492 4000 2521 4040 ι’
2563 4002 2617 4057 in
2647 4018 2770 4058 eum
2800 4017 3014 4074 nempe,
3056 4002 3148 4071 qui
3182 4002 3532 4071 glorificatur,
3569 4012 3624 4059 et
3664 4018 3800 4060 eum

2195 4094 2286 4163 qui
2318 4094 2689 4165 operationem
2745 4093 2964 4164 adjuvat
2995 4113 3008 4149 ;
3038 4095 3440 4167 reprehendunt
3477 4096 3806 4166 insipienter

2193 4201 2412 4240 omnem
2436 4186 2701 4241 rationem
2731 4187 2969 4257 pietatis,
3000 4201 3121 4256 quae
3147 4201 3243 4242 eos
3271 4187 3442 4257 possit
3473 4202 3502 4241 a
3529 4194 3638 4242 tam
3668 4202 3806 4258 pra-

2195 4292 2262 4333 va
2294 4278 2550 4347 opinione
2572 4277 2837 4333 reducere
2868 4277 3072 4349 [Baluz.
3105 4277 3407 4349 seducere].

2271 4369 2514 4438 Denique
2553 4369 2621 4425 de
2648 4370 2810 4425 beato
2835 4369 3050 4425 Gabriel
3080 4372 3411 4426 mentionem
3452 4371 3654 4428 faciens
3697 4372 3808 4428 ob-

2195 4461 2444 4531 jurgator
2479 4480 2491 4516 :
2526 4461 2686 4516 Illum
2715 4465 2801 4534 qui
2843 4463 3122 4518 secundum
3161 4479 3389 4529 carnem,
3418 4464 3610 4534 inquit,
3641 4464 3809 4521 Chri-

2122 4553 2172 4613 D
2197 4562 2333 4608 stum
2365 4571 2430 4607 ex
2460 4553 2663 4625 Spiritu
2714 4565 2893 4609 sancto
2925 4558 3120 4628 factum
3162 4558 3338 4628 fuisse,
3385 4559 3582 4629 primus
3621 4558 3720 4613 ille
3757 4565 3812 4613 et

2205 4652 2327 4698 ante
2360 4646 2740 4715 conceptionem
2768 4647 3030 4717 praedixit.
3064 4647 3214 4702 Alius
3242 4657 3325 4703 est
3351 4649 3511 4717 igitur
3529 4647 3809 4718 Christus,

2202 4733 2294 4802 qui
2322 4733 2614 4789 secundum
2645 4750 2893 4801 carnem;
2925 4745 2982 4791 et
3009 4737 3146 4792 alius
3184 4739 3492 4808 specialiter
3527 4738 3809 4808 Christus,

2206 4826 2298 4897 qui
2341 4841 2409 4881 ex
2458 4825 2569 4881 Deo
2600 4824 2759 4881 Patre
2804 4827 3054 4882 Verbum.
3091 4826 3191 4885 Ubi
3238 4844 3366 4898 ergo
3395 4830 3690 4886 adunatio?
3741 4830 3814 4887 Et

2209 4919 2359 4989 quod
2388 4918 2491 4974 erit
2519 4918 2642 4974 inde
2668 4919 3111 4989 emolumentum,
3142 4923 3186 4977 si
3214 4923 3322 4978 duo
3349 4931 3474 4978 sunt
3495 4920 3720 4989 Christi,
3754 4933 3817 4980 et

2207 5025 2458 5067 seorsum
2488 5019 2718 5080 uterque
2749 5012 3064 5081 intelligitur
3091 5020 3148 5068 et
3174 5015 3432 5069 vocatur?

2281 5101 2434 5159 Licet
2456 5117 2585 5172 ergo
2605 5103 2812 5159 vultum
2834 5119 3228 5175 personamque
3250 5104 3464 5173 pietatis
3481 5103 3584 5158 sibi
3604 5102 3822 5173 fingen-

2208 5205 2311 5264 tes,
2359 5212 2523 5252 unum
2572 5195 2847 5252 Christum
2887 5196 3084 5262 dicant,
3131 5197 3267 5252 duos
3293 5203 3473 5252 tamen
3519 5195 3822 5255 credentes

2211 5291 2432 5347 audiant
2460 5306 2490 5344 a
2519 5292 2676 5346 nobis
2710 5307 2724 5344 :
2754 5288 3028 5363 Quousque
3054 5289 3409 5345 claudicabitis
3437 5299 3651 5362 utroque
3682 5291 3824 5362 pede

2217 5385 2307 5458 (111
2328 5384 2456 5457 Reg.
2488 5399 2638 5450 xvtu,
2667 5383 2796 5454 2i)?
2829 5382 3018 5440 Melius
3046 5390 3130 5440 est
3167 5382 3310 5439 enim
3354 5381 3517 5438 rectis
3539 5381 3617 5437 uti
3646 5383 3823 5439 vcsti-

1691 5521 2232 5582 CASTIGATIONES
2273 5522 2362 5578 ET
2399 5521 2631 5583 ΝΟΤᾸΕ.

593 5617 620 5687 εξ
641 5607 698 5664 1η
726 5609 910 5687 codice
929 5611 1300 5687 Bellpvaceusi
1326 5614 1547 5683 legitur:
1569 5616 1731 5684 ipsius
1760 5627 1838 5670 est
1858 5616 2109 5687 prwdixit

523 5679 639 5754 aliis
669 5697 732 5735 ne
758 5683 914 5754 igitur
933 5694 1008 5737 est
1028 5681 1257 5738 Christus
1282 5679 1558 5740 secundum
1587 5679 1795 5740 carnem
1833 5679 2107 5741 uehemen-

525 5759 604 5808 ter
619 5753 845 5809 incultis.
873 5753 998 5822 Quae
1025 5756 1206 5812 nescio
1223 5757 1362 5813 mide
1387 5757 1492 5813 huc
1507 5759 1767 5815 translata
1791 5759 1902 5816 sint
1929 5760 2108 5818 sinon

2215 5618 2323 5745 liniue
2350 5619 2648 5687 migrarunt
2669 5631 2736 5673 ex
2765 5617 2830 5673 iis
2851 5629 2971 5686 qua:
2995 5616 3247 5688 leguntur
3261 5618 3313 5674 in
3343 5600 3536 5689 pagina
3561 5623 3849 5694 sequenti,

2261 5705 2416 5744 ALUZ.

2261 5705 2416 5744 ALUZ.

2289 5759 2317 5800 ιι
2344 5760 2530 5821 Baluz.
2558 5777 2572 5817 :
2604 5768 2658 5816 et
2675 5775 2792 5816 stam
2829 5760 3266 5836 quigloriﬁcatur
3289 5770 3344 5819 et
3380 5764 3688 5836 operations
3715 5765 3826 5821 ad—
