3982 6278
259 378 369 436 99.5

950 373 1008 430 S.
1048 370 1319 428 CYRlLLl
1363 364 1875 427 APULOGETICUS
1916 366 2274 424 ADVERSUS
2314 362 2852 424 TllEODORETUM.

3416 371 3522 429 99b

256 497 380 564 giis,
409 502 610 549 rectam
632 492 788 546 tidem
807 498 1083 544 servantes
1107 495 1162 543 et
1182 487 1538 554 stabilempac
1557 500 1666 540 non
1686 484 1838 553 inep-
1862 490 1918 548 Α
1942 484 2043 551 gis,
2072 482 2215 551 quod
2244 499 2311 538 ex
2340 484 2544 538 semine
2573 484 2737 537 David
2767 498 2797 535 a
2827 483 2937 537 Deo
2966 482 3139 537 fuerat
3162 492 3517 555 assumptum,

257 587 330 643 tis
357 583 767 655 cogitationibus
800 580 1159 636 vacillantem.

674 704 1150 747 ANATBEIATISIUS
1177 702 1421 744 DECIIUS.

328 805 643 862 Pontiﬁcem
681 810 737 858 et
780 801 1084 873 apostolum
1130 796 1479 855 confessionis
1513 804 1709 852 nostrte
1755 793 1837 849 ia-

252 907 406 956 ctum
426 913 545 953 esse
570 896 861 962 Christum,
903 896 1082 951 divina
1109 892 1384 963 Scriptura
1422 897 1832 947 commemorat.

253 987 461 1046 Obtulit
488 988 631 1042 enim
673 1002 732 1041 se
758 987 872 1056 ipse
896 1001 993 1056 pro
1040 985 1193 1039 nobis
1221 984 1275 1038 in
1304 982 1527 1039 odorem
1555 980 1836 1037 suavitatis

250 1078 369 1136 Deo
393 1087 447 1134 et
473 1077 640 1133 Patri.
667 1078 725 1133 Si
752 1077 872 1147 quis
910 1076 1069 1145 igitur
1089 1074 1417 1145 pontiﬁcem,
1448 1082 1504 1128 et
1531 1072 1835 1143 apostolum

251 1179 495 1226 nostrum
536 1168 735 1223 factum
759 1182 878 1221 esse
906 1166 1071 1231 dicat,
1103 1181 1209 1220 non
1249 1165 1422 1233 ipsum
1452 1162 1686 1218 Verbum
1718 1162 1836 1228 Dei,

251 1270 384 1318 tunc
436 1261 659 1325 scilicet,
703 1274 825 1315 cum
878 1266 962 1313 est
987 1272 1115 1312 caro
1162 1256 1383 1322 factum,
1412 1262 1467 1311 et
1496 1256 1658 1311 homo
1683 1254 1836 1324 juxta

249 1368 386 1419 nos;
416 1351 509 1407 sed
543 1359 604 1406 ut
631 1351 814 1414 alium,
842 1357 1038 1420 praeter
1060 1350 1256 1419 ipsum,
1287 1362 1532 1403 seorsum
1562 1346 1837 1400 hominem

249 1460 323 1501 ex
350 1444 571 1499 muliere
603 1460 617 1497 :
642 1451 733 1498 aut
757 1442 802 1498 si
831 1443 953 1513 quis
973 1442 1135 1507 dicat,
1160 1455 1259 1510 pro
1288 1454 1347 1494 se
1376 1438 1635 1495 obtulisse
1662 1438 1837 1507 ipsum

246 1535 599 1601 oblationem,
627 1550 719 1610 .ac
765 1549 873 1589 non
918 1533 1087 1601 magis
1114 1547 1213 1603 pro
1258 1531 1413 1586 nobis
1445 1528 1835 1595 tantummodo,

245 1640 427 1696 neque
450 1626 593 1681 enim
624 1625 770 1693 eguit
814 1623 1099 1689 sacriﬁcio,
1147 1622 1241 1693 qui
1270 1629 1552 1693 peccatum
1581 1636 1690 1677 non
1734 1634 1835 1675 no-

245 1725 438 1785 verat;
476 1717 762 1772 anathema
787 1716 875 1771 sit.

700 1843 1065 1886 REPREHENSIO
1106 1842 1395 1883 HBBETICI.

320 1940 441 1998 Non
480 1940 535 1996 in
561 1941 738 1997 carnis
765 1949 1013 1995 naturam
1043 1938 1463 1994 inconvertibilis
1491 1946 1680 1993 natura
1708 1953 1838 1994 con-

246 2047 409 2089 versa
436 2040 547 2098 est;
569 2032 664 2088 sed
684 2031 972 2086 humanam
996 2038 1241 2084 naturam
1268 2028 1579 2098 assumpsit,
1606 2043 1834 2097 eamque

244 2138 415 2194 super
440 2136 753 2178 communes
793 2120 1075 2191 pontiﬁces
1122 2120 1419 2185 constituit,
1467 2120 1607 2174 sicut
1647 2120 1838 2175 beatus

245 2213 449 2270 Paulus
475 2214 636 2270 docet
662 2213 846 2271 dicens
878 2230 893 2267 :
926 2212 1110 2267 Omnis
1153 2229 1373 2284 namque
1400 2214 1633 2283 pontifex
1660 2228 1725 2266 ea;
1752 2212 1841 2267 ho-

244 2304 474 2360 minibus
495 2314 807 2376 assumptus,
852 2319 945 2375 pro
984 2300 1274 2356 hominibus
1305 2302 1632 2355 constituitur
1658 2302 1713 2353 in
1734 2300 1836 2368 his,

245 2410 361 2466 qua
385 2402 522 2464 .sunt
549 2394 618 2449 ad
645 2393 834 2460 Deum,
883 2403 937 2447 ut
966 2394 1151 2462 oﬂ’erat
1181 2392 1319 2446 dona
1353 2401 1401 2446 et
1443 2392 1704 2465 sacriﬁcia
1742 2408 1836 2461 pro

243 2487 495 2558 peccatis,
517 2487 603 2558 qui
634 2484 906 2539 condolere
933 2484 1094 2554 possit
1120 2482 1218 2546 his,
1252 2483 1336 2553 qui
1376 2483 1636 2551 ignorant,
1677 2492 1724 2533 et
1756 2498 1839 2535 er-

246 2586 387 2631 rant.
440 2574 698 2642 Quoniam
747 2585 796 2628 et
849 2575 958 2643 ipse
1012 2573 1355 2626 circumdatus
1409 2580 1483 2625 est
1511 2572 1837 2640 inﬁrmitate,

246 2673 525 2738 propterea
554 2665 718 2729 debet,
762 2662 1189 2734 quemadmodum
1218 2678 1310 2731 pro
1332 2661 1539 2731 populo,
1583 2662 1655 2713 ita
1684 2661 1839 2714 etiam

248 2771 346 2826 pro
374 2754 649 2823 semetipso
671 2752 861 2822 offerre
882 2769 975 2822 pro
1005 2752 1227 2822 peccatis
1252 2749 1416 2820 (Heb.
1440 2766 1489 2814 v,
1528 2750 1593 2819 l).
1625 2748 1691 2801 Et
1712 2764 1840 2803 mox

248 2845 305 2902 id
334 2846 511 2916 ipsum
540 2844 837 2913 explanatis
868 2861 881 2895 :
912 2843 1061 2897 Sicut
1098 2844 1296 2905 Aaron,
1325 2843 1397 2894 ita
1425 2843 1579 2894 etiam
1608 2840 1837 2897 Christus

249 2935 444 3009 (Ibid.,
494 2934 569 3005 5).
602 2934 805 2989 Deinde
840 2933 1132 2989 ostendens
1163 2940 1450 3001 assumptio
1500 2942 1701 2986 natura:
1754 2933 1839 2986 in-

250 3028 560 3085 ﬁrmitatem
589 3026 720 3081 dicit
750 3042 763 3079 :
794 3023 894 3091 Qui
914 3027 971 3079 in
993 3024 1169 3079 diebus
1198 3025 1369 3077 carnis
1392 3040 1499 3078 sua:
1519 3041 1690 3094 preces
1720 3041 1841 3095 sup-

249 3120 649 3192 plicationesque
673 3118 742 3171 ad
769 3134 905 3183 eum,
934 3117 1021 3189 qui
1048 3126 1227 3187 potens
1265 3125 1341 3170 est
1370 3117 1535 3186 ipsum
1563 3133 1766 3171 servare
1808 3134 1841 3170 a

246 3219 439 3312 morte,
469 3226 584 3264 cum
613 3210 840 3312 clamore
876 3207 1049 3312 Ξαιὶάιξ
1076 3217 1123 3312 ξι
1147 3207 1388 3277 ίαενυηιίδ
1417 3208 1658 3312 οῙΪξξδδν
1688 3224 1842 3312 ei“?
1865 3222 1911 3286 C
1943 3207 2094 3295 domo
2120 3258 2214 3296 sua
2242 3207 2506 3312 ('H'ebsm,
2524 3207 2598 3312 1):

248 3302 393 3357 ditus
421 3311 497 3357 est
515 3319 609 3373 pro
631 3302 838 3373 pietate.
869 3300 938 3354 Et
965 3301 1167 3371 quidem
1193 3316 1307 3354 cum
1336 3311 1465 3355 esset
1484 3299 1675 3367 Filius,
1701 3301 1839 3355 didi-

248 3396 329 3451 cit
352 3410 421 3449 ea:
444 3393 622 3467 quibus
644 3410 825 3466 passus
854 3401 954 3458 est,
982 3391 1344 3458 obedientiam,
1385 3402 1435 3447 et
1462 3402 1840 3448 consummatus

250 3487 425 3559 factm
454 3496 530 3541 est
558 3487 793 3541 omnibus
821 3484 1170 3540 obedientibus
1200 3484 1404 3557 [Baluz.
1429 3484 1841 3557 obaudientibus]

249 3577 354 3633 sibi
380 3593 539 3633 causa
583 3577 764 3632 salutis
809 3586 1037 3642 ceteram,
1076 3577 1364 3647 appellatus
1394 3593 1427 3629 a
1473 3576 1582 3632 Deo
1606 3579 1844 3649 pontifex

249 3666 536 3723 secundum
563 3668 795 3723 ordinent
819 3666 1198 3721 Melchisedech
1230 3666 1419 3739 (Ibid.,
1452 3668 1526 3737 7).

329 3761 460 3828 Quis
514 3760 674 3831 igitur
700 3760 913 3815 virtutis
966 3760 1239 3815 laboribus
1290 3768 1691 3816 consummatus
1736 3770 1840 3826 est,

251 3868 381 3911 cum
405 3867 513 3908 non
540 3861 684 3908 esset
710 3860 900 3907 natura
929 3851 1232 3921 perfectus?
1270 3852 1401 3919 Quis
1430 3861 1532 3917 est,
1563 3852 1654 3921 qui
1675 3868 1842 3923 expe-

251 3944 506 4002 timentis
542 3942 727 3998 didicit
757 3942 1117 3998 obedientiam
1156 3942 1362 4015 [Baluz.
1398 3942 1840 4014 obaudieutiam],

251 4050 423 4107 quam
473 4042 598 4089 ante
644 4034 1068 4104 experimentum
1122 4034 1433 4088 nesciebat?
1484 4033 1613 4099 Quis
1643 4034 1842 4103 estqui

252 4140 384 4183 cum
425 4125 721 4181 reverentia
763 4125 931 4179 vixit?
970 4123 1100 4190 Quis
1141 4140 1264 4178 cum
1295 4124 1532 4178 clamore
1580 4124 1759 4177 valido
1788 4133 1845 4178 et

251 4215 508 4287 lacrymis
536 4216 952 4286 supplicationes
998 4216 1249 4280 oll'erens,
1282 4222 1335 4269 et
1361 4230 1578 4269 servare
1606 4215 1843 4284 seipsum

254 4322 372 4364 non
400 4308 602 4372 valens,
632 4307 727 4362 sed
756 4322 901 4373 eum,
944 4307 1036 4376 qui
1065 4322 1281 4361 servare
1312 4306 1499 4375 possit,
1532 4307 1841 4374 obsecrans,

253 4405 320 4455 et
346 4398 718 4454 liberationem
740 4399 928 4454 mortis
957 4399 1247 4467 expetens?
1277 4397 1392 4452 Non
1419 4397 1558 4451 Deus
1588 4396 1841 4463 Verbum,

255 4492 585 4557 immortale,
626 4492 971 4562 impassibile,
1003 4490 1337 4560 incorporale
1371 4507 1381 4541 :
1418 4489 1577 4560 Cujus
1620 4506 1843 4543 comme-

1938 574 2167 629 mortale
2213 582 2269 629 et
2304 574 2587 645 passibile;
2632 573 2774 643 quod
2812 574 2960 642 pavit
3004 574 3071 627 ad
3100 582 3348 639 mortem,
3394 576 3521 630 licet

1937 665 2112 735 ipsum
2142 672 2330 733 postea
2371 664 2653 735 imperium
2692 664 2881 720 mortis
2920 664 3263 730 destruxerit,
3301 674 3522 735 propter

1937 755 2258 810 assumentis
2302 755 2664 821 divinitatem;
2713 755 2857 825 quod
2883 770 2980 825 per
3020 770 3234 810 omnem
3258 754 3519 823 justitiam

1936 848 2256 913 ambulavit;
2288 848 2433 917 quod
2461 849 2528 904 ad
2554 847 2815 905 Joannem
2843 848 3003 903 dixit:
3024 847 3151 904 Sine
3173 849 3346 912 modo,
3378 849 3519 903 decet

1936 954 2032 994 nos
2075 939 2290 1009 implere
2318 957 2520 995 omnem
2542 941 2804 1011 justitiam
2844 939 3058 1010 (Matth.
3114 956 3190 1004 ιιι,
3222 937 3341 1008 15);
3374 940 3519 1007 quod

1936 1029 2280 1101 pontiﬁcatus
2326 1033 2741 1102 appellationem
2789 1032 2996 1101 accepit
3036 1032 3326 1087 secundum
3369 1033 3518 1087 ordi-
3555 1026 3559 1032 ’

1938 1138 2061 1178 nem
2090 1123 2477 1180 Melchisedech
2510 1124 2667 1195 (Heb.
2717 1142 2769 1192 v,
2802 1124 2889 1196 l0)
2922 1125 3131 1195 :ipsum
3163 1126 3303 1180 enim
3330 1135 3517 1196 porta-

1936 1215 2031 1269 bat
2056 1225 2259 1271 naturte
2307 1217 2689 1282 inﬁrmitatem,
2714 1234 2819 1273 non
2850 1220 2978 1273 item
3008 1218 3347 1288 omnipotens
3378 1220 3518 1276 Deus

1938 1308 2191 1365 Verbum.
2242 1309 2366 1365 Ideo
2409 1319 2463 1365 et
2492 1318 2617 1365 ante
2663 1311 2853 1365 beatus
2893 1310 3101 1365 dixerat
3129 1308 3364 1365 Paulus:
3393 1310 3517 1364 Non

1934 1402 2071 1454 enim
2100 1400 2341 1456 habemus
2362 1404 2677 1472 pontiﬁcem,
2698 1404 2781 1474 qui
2812 1419 2912 1456 non
2952 1404 3113 1471 possit
3141 1402 3413 1456 condolere
3432 1404 3516 1455 in-

1936 1488 2269 1558 ﬁmtitatibus
2314 1492 2536 1555 nostris;
2566 1500 2815 1544 tentatum
2862 1500 3030 1543 autem
3074 1492 3126 1543 in
3174 1491 3409 1546 omnibus
3449 1490 3519 1544 ad

1933 1579 2321 1635 similitudinem
2350 1580 2536 1653 absque
2560 1591 2773 1652 peccato
2799 1581 2957 1652 (Ileb.
2985 1598 3055 1650 tv,
3084 1581 3193 1652 15).

2008 1708 2132 1787 Haec
2164 1717 2274 1764 tota
2322 1709 2433 1787 fere
2476 1719 2739 1787 «ipim-iri
2766 1713 2817 1766 in
2846 1728 2878 1787 _v
2919 1713 3124 1784 synodo
3169 1713 3366 1787 legitur
3405 1717 3517 1787 col-

1936 1778 2037 1863 ξιιιἒ
2062 1779 2095 1831 6
2128 1798 2139 1831 :
2173 1782 2502 1862 contendunt
2522 1778 2651 1837 vero
2682 1778 3133 1863 Theodorétuset
3159 1778 3386 1863 Cyrillus
3413 1786 3519 1863 hoc

1863 1851 1914 1913 Β
1940 1849 1993 1903 in
2024 1849 2145 1921 loco
2170 1864 2360 1921 magna
2405 1852 2457 1904 vi
2497 1861 2951 1919 argumentorum,
2981 1854 3075 1908 sed
3115 1849 3320 1921 majore
3342 1855 3518 1910 studio

1938 1920 2172 2040 partium
2200 1937 2211 1971 :
2244 1920 2417 1987 agitur
2437 1922 2599 1985 enim,
2629 1922 2770 1988 quod
2800 1939 2904 1976 non
2934 1923 3099 1978 semel
3124 1920 3325 1988 monui,
3356 1939 3517 1980 causa

1985 1990 2135 2040 rocli.
2164 2005 2322 2040 auem
2354 1990 2579 2040 invisum
2625 1991 3014 2040 Thendnmlns.
3046 2002 3231 2040 ulnam
3282 1993 3516 2040 Nasum-ii

1985 1990 2135 2063 rocli,
2164 2005 2322 2063 quem
2353 1990 2579 2063 invisum
2625 1991 3015 2063 Theodoretus,
3046 2002 3231 2063 utpote
3282 1993 3518 2049 Nestorii

1938 2059 2305 2133 adversarium
2335 2061 2566 2133 nobilem
2590 2061 2858 2133 ;_cliarum
2887 2059 3135 2133 Cyrillus,
3160 2064 3306 2118 velut
3328 2064 3519 2119 ducem

1939 2130 2288 2202 pugnantium
2320 2145 2434 2202 _pro
2465 2130 2565 2202 ﬁde
2595 2130 3078 2202 Constantinopoli,
3126 2134 3376 2187 habebat.
3410 2134 3517 2202 Cy—

1938 2198 2061 2251 rillo
2089 2200 2493 2253 conversionem
2518 2200 2677 2255 Verbi
2705 2201 2755 2254 in
2778 2198 2993 2256 carnem
3021 2202 3393 2258 Theodoretus
3420 2198 3521 2258 ob-

1933 2266 2072 2349 jicit,
2104 2267 2332 2349 Cyrillus
2360 2277 2546 2324 contra
2563 2272 2863 2349 exprobrat
2886 2272 3181 2349 deﬂendam
3212 2275 3519 2349 amentiam,

1940 2340 2300 2406 ignorantiam
2356 2340 2597 2410 mysterii
2650 2356 2759 2409 quo
2811 2343 2879 2396 de
2917 2343 3107 2409 agitur,
3168 2345 3523 2397 assertionem

1939 2410 2165 2469 ἃνώσιως
2182 2412 2885 2481 σχετικῆςιεοιιδριιδὶοιιριιι
2912 2428 3030 2467 cum
3054 2413 3318 2477 Nestorio,
3344 2414 3527 2481 impie-

1938 2485 2106 2533 tatem
2153 2479 2752 2553 et’contradictionem.
2800 2481 2935 2553 Tota
2979 2484 3078 2536 ista
3120 2482 3303 2553 Cyrilli
3348 2479 3524 2537 oratio

1940 2562 2189 2617 magnam
2213 2564 2427 2605 crucem
2456 2549 2619 2619 ﬁgere
2648 2559 2828 2621 potest
2847 2549 3180 2608 Theodoreti
3194 2554 3452 2623 patronis.

2011 2691 2246 2763 Experta
2271 2702 2354 2749 est
2382 2704 2562 2749 autem
2592 2697 2869 2766 passiones
2893 2708 3125 2763 nostras,
3161 2700 3363 2768 absque
3396 2715 3521 2769 pec-

1942 2789 2086 2847 cato,
2116 2790 2308 2839 natura
2339 2785 2448 2851 illa,
2492 2800 2611 2856 qua:
2640 2802 2705 2841 ex
2745 2788 2900 2843 nobis
2929 2805 3025 2857 pro
3062 2789 3217 2843 nobis
3253 2801 3526 2862 assumpta

1942 2882 2058 2939 est;
2090 2890 2197 2930 non
2224 2876 2315 2944 qui
2339 2891 2461 2932 eam
2493 2892 2592 2947 pro
2621 2878 2792 2933 salute
2824 2887 3003 2933 nostra
3036 2882 3339 2950 assumpsit.
3372 2881 3437 2936 Et
3477 2884 3527 2939 in

1942 2968 2208 3037 principio
2235 2967 2396 3037 hujus
2428 2968 2648 3038 capituli
2682 2970 2875 3024 iterum
2905 2970 3100 3026 docet:
3136 2982 3159 3009 α
3193 2972 3531 3031 Considerate

1943 3060 2230 3128 apostolum
2274 3067 2325 3113 et
2366 3060 2665 3130 pontificem
2704 3062 3043 3132 confessionis
3094 3073 3286 3117 nostra:
3330 3063 3525 3131 Iesum,

1943 3149 2147 3218 ﬁdelem
2184 3150 2261 3214 ei,
2291 3150 2376 3222 qui
2407 3152 2528 3222 fecit
2563 3152 2732 3221 ipsum
2755 3191 2769 3216 ,
2811 3152 2941 3205 sicut
2979 3161 3027 3206 et
3070 3152 3277 3224 Moyses
3311 3156 3363 3207 in
3392 3158 3531 3210 omni

2626 3242 2907 3297 Facturam
2930 3252 3107 3297 autem
3130 3246 3249 3315 quis
3269 3260 3385 3299 esse
3407 3262 3527 3299 um-

1942 3345 2101 3400 quam
2131 3330 2327 3386 dixerit
2351 3339 2495 3386 recta
2524 3333 2778 3399 sentiens,
2804 3332 3122 3397 increatum,
3153 3343 3349 3389 etcum
3370 3333 3531 3391 Patre

1943 3430 2271 3475 comtcrnum
2302 3421 2329 3460 ι’
2361 3422 2527 3477 Deum
2554 3422 2828 3489 Verbum;
2878 3424 2971 3478 sed
3000 3440 3120 3479 eum
3146 3466 3161 3491 ,
3204 3427 3293 3494 qui
3333 3441 3399 3480 ex
3441 3442 3530 3482 se-

1942 3513 2086 3567 mine
2132 3513 2297 3568 David
2319 3554 2335 3581 ,
2367 3514 2459 3582 qui
2482 3554 2498 3580 ,
2541 3514 2675 3569 liber
2712 3515 2779 3569 ab
2808 3515 2955 3570 omni
3000 3524 3255 3586 peccato,
3288 3516 3530 3587 pontifex

1944 3615 2128 3661 noster
2155 3604 2289 3669 fuit,
2336 3606 2607 3661 victimam
2639 3606 2753 3676 ipse
2793 3622 2851 3661 se
2897 3622 2995 3676 pro
3035 3608 3189 3661 nobis
3237 3618 3258 3646 ε
3298 3607 3530 3664 oﬂerens

1944 3697 2075 3761 Deo,
2108 3697 2311 3752 habens
2339 3697 2391 3751 in
2432 3712 2492 3751 se
2531 3705 2677 3753 certe
2716 3698 2810 3751 Dei
2838 3697 3073 3753 Verbum
3112 3699 3401 3753 adunatum
3430 3700 3529 3755 sibi

1945 3796 1998 3843 et
2028 3787 2455 3858 inseparabiliter
2482 3787 2864 3856 conjunctum?

2414 3937 2611 3978 RESPON
2618 3938 2696 3978 διο
2728 3938 3049 3978 ORTIIODOXI.

2013 4033 2272 4089 Jeremias
2306 4034 2571 4103 propheta
2618 4049 2741 4088 cum
2770 4033 2934 4089 Israel
2967 4034 3277 4087 offendisset
3317 4033 3487 4088 Deum
3509 4071 3527 4099 ,

1945 4138 2176 4194 eumque
2196 4123 2263 4177 ad
2276 4123 2606 4178 iracundiam
2627 4131 2995 4193 provocasset,
3013 4124 3362 4179 contristatus
3381 4122 3531 4178 dice-

1944 4216 2037 4270 bat
2070 4233 2081 4267 :
2122 4214 2247 4279 Quis
2279 4214 2421 4268 dabit
2452 4216 2606 4285 capiti
2636 4232 2745 4268 meo
2768 4232 2974 4286 aquam,
3001 4224 3049 4267 et
3073 4214 3236 4267 oculis
3264 4216 3388 4268 meis
3418 4216 3532 4283 [on-

1945 4318 2045 4363 tem
2075 4310 2440 4379 lacrymarum,
2472 4318 2525 4362 ut
2555 4310 2746 4379 possim
2777 4308 2965 4378 deﬂere
2991 4310 3234 4379 populum
3263 4309 3397 4362 hunc
3420 4309 3533 4365 dies

1944 4410 1993 4454 et
2036 4411 2206 4454 noctes
2238 4401 2450 4472 (Jerem.
2497 4419 2569 4465 ιχ,
2626 4402 2721 4471 ’1)ῗθ
2751 4400 2817 4453 Et
2845 4415 2944 4469 ego
2988 4400 3182 4470 opinor
3224 4416 3385 4455 voces
3431 4401 3532 4456 hu.

1942 4491 2176 4560 jusmodi
2203 4532 2217 4557 ,
2271 4509 2375 4546 non
2404 4492 2586 4547 lsraeli
2630 4493 2835 4564 lBaluz.
2868 4491 2963 4563 illi]
3012 4493 3183 4560 magis
3211 4492 3529 4558 convenire,

256 4585 504 4649 moralia,
534 4584 827 4638 secundum
873 4581 1217 4651 Prophetam,
1249 4581 1532 4651 la’tiﬁcatio
1560 4588 1656 4643 est,
1687 4589 1735 4632 et
1772 4579 1845 4633 le-
1874 4603 1923 4662 Ι)
1948 4598 2107 4650 quam
2138 4582 2201 4635 iis
2220 4621 2235 4646 ,
2265 4582 2355 4650 qui
2388 4584 2624 4652 palulum
2655 4598 2868 4652 semper
2896 4589 2948 4636 et
2978 4578 3002 4618 δ
3040 4582 3312 4651 petulcnm
3341 4597 3402 4637 os
3434 4581 3531 4636 ha-

257 4682 399 4734 uatio
426 4678 804 4749 lacrymarum;
860 4678 969 4747 ipse
986 4678 1123 4731 enim
1152 4674 1407 4745 absterget
1437 4689 1639 4727 omnem
1669 4674 1841 4743 lacry-

258 4789 407 4827 mam
434 4772 497 4826 ab
518 4773 657 4827 omni
679 4771 815 4824 vultu
844 4768 979 4841 (Isa.
1007 4784 1133 4833 xxv,
1164 4766 1218 4832 9,
1240 4783 1342 4820 sec.
1367 4764 1550 4833 LXX).
1576 4763 1643 4817 Et
1662 4779 1847 4819 rursus

260 4862 534 4935 Propheta
566 4880 578 4915 :
607 4862 808 4916 Memor
830 4861 925 4933 fui,
957 4859 1148 4929 inquit,
1174 4856 1271 4911 Dei
1296 4855 1465 4926 (Psal.
1496 4854 1767 4923 Lxxvi,4),
1796 4862 1849 4909 et

262 4956 476 5011 ltetatus
520 4970 654 5019 sum,
703 4952 847 5023 quod
897 4959 1110 5005 coronat
1138 4952 1325 5019 pietate
1352 4946 1631 5018 prwclaros
1663 4944 1847 5017 (Dan.

263 5063 383 5112 xm,
409 5044 498 5115 2);
528 5045 671 5116 quod
701 5045 874 5099 omnia
912 5041 1090 5095 Patris
1117 5040 1341 5111 possidet
1372 5038 1551 5109 (Joan.
1582 5054 1687 5101 xvr,
1722 5034 1845 5106 15);

262 5138 414 5209 quod
438 5148 515 5193 est
541 5139 709 5209 imago
730 5135 993 5190 simillima
1020 5134 1266 5204 genitoris
1298 5129 1519 5199 (Coloss.
1546 5146 1582 5193 ι,
1618 5126 1702 5194 15,
1725 5127 1846 5197 59);

261 5229 414 5301 quod
456 5232 511 5285 in
539 5246 592 5284 se
613 5228 825 5283 Patrem
852 5224 1073 5282 ostendit
1102 5222 1281 5295 (Joan.
1314 5239 1418 5288 xlv,
1452 5220 1538 5290 10)
1568 5238 1579 5273 :
1614 5218 1707 5274 sed
1734 5234 1850 5273 ma-

1948 4672 2077 4727 bent
2105 4672 2159 4726 in
2185 4670 2454 4726 Christum
2487 4691 2499 4725 :
2530 4671 2629 4735 Qui
2650 4674 2801 4725 etiam
2833 4671 3084 4741 inelfabili
3113 4672 3388 4726 detrahunt
3412 4671 3529 4741 glo-

1950 4767 2063 4831 riw,
2080 4765 2322 4829 audaces,
2349 4762 2809 4836 petulantesque(ll
2831 4763 2974 4817 Petr.
2999 4779 3057 4828 ιι,
3082 4762 3192 4829 10),
3209 4762 3361 4829 juxta
3384 4740 3531 4829 quod
3558 4740 3568 4790 ἶ

1948 4858 2207 4927 scriptum
2247 4863 2348 4910 est.
2380 4854 2533 4909 Fletu
2562 4862 2744 4909 autem
2783 4860 2907 4907 sunt
2945 4862 3001 4907 et
3028 4851 3411 4906 lamentatione
3444 4850 3529 4903 di-

1948 4945 2218 5017 gnissimi,
2259 4945 2350 5014 qui
2379 4942 2582 4999 inﬁnita
2623 4943 2891 4999 dementia
2921 4951 3122 4997 rectam
3150 4950 3204 4995 et
3232 4940 3527 5009 inculpabi-

1948 5038 2054 5094 lem
2086 5036 2303 5108 pietatis
2331 5036 2384 5089 in
2424 5033 2696 5089 Christum
2738 5033 2983 5089 semitam
3027 5032 3390 5100 negligentes,
3420 5029 3528 5082 dis-

1950 5138 2149 5186 tortam
2178 5130 2429 5194 orbitam,
2461 5128 2818 5196 ambagesque
2845 5134 3138 5190 sectantur,
3160 5132 3215 5179 et
3239 5122 3526 5193 cogitatio-

1951 5239 2078 5279 num
2105 5222 2284 5293 pravis
2306 5220 2538 5277 inventis
2557 5219 2720 5276 decus
2748 5219 3029 5288 inquinant
3050 5216 3309 5272 veritatis.

1421 5336 1957 5394 CASTlGATlO‘NES
1994 5335 2084 5391 ET
2121 5333 2350 5391 NOTE.

253 5439 493 5511 juvatur,
537 5444 586 5489 et
612 5450 725 5511 eum
754 5434 837 5505 qui
866 5432 1122 5506 gloriﬁcat
1158 5440 1207 5485 et
1255 5432 1601 5502 operationem
1632 5430 1844 5500 adjuvat

262 5503 455 5571 dicere,
478 5514 580 5561 etc.
616 5503 765 5558 Eon.

342 5587 369 5615 ι
400 5570 455 5630 ln
485 5575 711 5645 epistola
739 5573 935 5642 Pelagii
965 5571 1025 5627 ll.
1052 5570 1403 5645 Considerate,
1435 5570 1844 5645 ittquileiposlof

262 5649 381 5714 lus,
419 5641 717 5718 pontiﬁcem
757 5641 1090 5718 conﬁessionis
1122 5657 1314 5698 nostra:
1338 5641 1516 5696 Iesum
1542 5642 1746 5709 ﬁdelem
1792 5642 1840 5694 ei

258 5722 356 5798 qui
386 5717 505 5798 ea:
531 5717 695 5798 iter!»
716 5724 829 5798 eis:
853 5717 1048 5798 36W:
1074 5784 1108 5798 η
1474 5781 1526 5798 η.
1665 5781 1674 5791 .

339 5780 459 5846 lVin
486 5786 713 5860 epistola
741 5785 965 5856 Pelagii,
987 5794 1036 5841 et
1063 5784 1227 5840 Deum
1254 5799 1441 5841 verum.
1474 5781 1564 5840 Sic
1591 5781 1735 5837 enim
1763 5780 1842 5839 le-

1948 5430 2090 5501 gitur
2117 5428 2381 5501 inqcodice
2415 5425 2747 5501 Colhertino,
2782 5438 2982 5501 exquo
3010 5422 3152 5476 edita
3182 5428 3295 5501 es‘t',
3330 5434 3430 5489 pro
3456 5433 3526 5501 eo

1947 5490 2090 5571 quod
2125 5499 2391 5571 editiones
2432 5497 2630 5571 habent
2670 5506 2717 5548 et
2760 5490 3180 5571 qddtint__verum.
3230 5490 3430 5571 Verum
3468 5490 3526 5545 in

1947 5561 2196 5623 versione
2236 5568 2474 5621 Antidoti
2516 5568 2708 5633 legitur
2747 5564 2912 5618 Deum
2961 5562 3199 5618 Verbum.
3240 5561 3329 5618 Sic
3359 5561 3526 5617 etiam

1948 5648 2124 5694 textus
2150 5637 2387 5693 Graecus.
2420 5637 2620 5691 Bswz.

2019 5720 2043 5748 ο
2074 5709 2131 5777 ln
2153 5710 2378 5777 epistola
2410 5706 2629 5775 Pelagii,
2656 5705 2852 5777 obtulit.
2880 5704 3080 5762 BALUZ.

2016 5777 2046 5820 ἀ
2066 5776 2253 5837 Codex
2278 5777 2447 5836 Vatic.
2472 5778 2726 5849 petatem.
2757 5776 2936 5833 Βλιυι
