3982 6278
517 223 684 289 995-

1018 217 1216 277 MARII
1256 211 1701 275 MERCATOBIS
1738 207 2307 269 TRANSLATIONES
2347 205 2707 264 VARIORUM
2745 202 3279 264 OPUSCULORUI.

3700 203 3813 262 996

585 336 730 407 Ergo
758 335 998 401 audiant,
1024 334 1120 404 qui
1152 333 1323 389 invisa
1347 329 1596 387 omnibus
1620 326 1880 392 sentiunt,
1917 339 2107 380 erran-
2134 329 2187 390 Α
2209 321 2383 378 {actus
2411 327 2495 377 est
2520 321 2685 376 homo
2713 335 2783 376 ex
2809 320 3017 376 semine
3057 318 3258 385 David;
3302 324 3460 372 natus
3491 323 3578 373 est
3622 333 3817 376 secun-

514 435 600 486 tes
629 431 682 484 in
719 428 942 483 scientia
972 425 1392 496 Scripturarum,
1441 421 1748 476 nescientes
1776 431 2029 486 magnum
2057 423 2113 470 et

515 519 828 578 venerabile
873 515 1265 574 incarnationis
1306 514 1622 586 mysterium
1666 529 1679 564 :
1730 507 1927 564 divinae
1965 508 2112 564 enim

517 609 845 682 Scriptura),
890 603 1163 665 hominem
1212 605 1440 662 similem
1493 601 1650 659 nobis
1694 597 1893 656 factum
1945 598 2112 657 fuisse

516 703 810 774 praedicant
852 697 1194 765 Emmanuel,
1225 705 1281 753 et
1326 696 1678 768 participasse
1708 693 1860 750 carni
1889 701 1945 749 et
1989 708 2114 747 san-

517 797 686 866 guini,
716 796 963 851 similiter
986 810 1050 850 ac
1078 809 1198 860 nos,
1237 783 1474 847 Verbum
1501 788 1598 845 Dei
1623 798 1680 845 et
1706 785 1904 844 Patris.
1943 784 2110 842 Al'lir-

517 899 668 946 mant
707 897 762 946 et
798 903 1016 945 carnem
1044 886 1274 954 factum,
1317 885 1371 940 id
1401 895 1504 952 est,
1536 885 1847 951 hominem;
1874 900 1986 938 non
2015 898 2114 954 per

515 982 950 1047 conversionem,
977 988 1069 1035 aut
1093 995 1190 1051 per
1217 978 1696 1035 commutationem
1719 1017 1735 1045 ,
1777 973 1873 1032 sed
1912 975 2113 1031 virtute

515 1074 858 1129 adunationis
887 1089 1118 1140 arcanae,
1149 1080 1546 1145 proptereaque
1577 1087 1742 1127 unum
1769 1071 1998 1126 dicimus
2019 1065 2112 1125 Je-

515 1180 635 1219 sum
665 1165 936 1220 Christum
961 1165 1268 1231 Dominum,
1297 1172 1352 1220 et
1379 1179 1542 1220 unam
1578 1160 1760 1230 ﬁdem,
1783 1177 1950 1217 unum
1977 1161 2112 1217 item

515 1267 761 1316 sanctum
794 1259 1082 1330 baptisma.

587 1351 654 1405 Hi
694 1367 824 1407 vero
867 1369 897 1406 a
934 1352 1096 1407 rectis
1123 1349 1464 1420 dogmatibus
1503 1348 1888 1414 abhorrentes,
1915 1354 1972 1402 et
2011 1343 2111 1401 ad-

514 1459 704 1500 versus
729 1459 910 1499 sacras
938 1443 1146 1498 litteras
1177 1442 1370 1497 durum
1422 1455 1641 1496 sensum
1678 1439 2112 1508 insolentemque

517 1542 887 1605 opponentes;
920 1533 987 1588 ad
1019 1533 1071 1586 id
1103 1531 1499 1596 tantummodo,
1530 1529 1677 1602 quod
1698 1529 1827 1599 ipsis
1855 1528 1994 1584 bene
2014 1527 2112 1583 ha-

514 1628 648 1683 bere
675 1627 918 1690 videtur,
949 1625 1261 1695 inspiciunt,
1292 1631 1349 1678 et
1390 1623 1667 1678 hominem
1707 1629 2044 1691 assumptum
2078 1635 2112 1674 a

2215 418 2344 473 dum
2371 431 2612 483 carnem,
2649 424 2704 471 et
2731 415 2984 471 servilem
3013 415 3176 470 subiit
3217 428 3527 467 mensuram
3549 452 3564 477 ,
3607 412 3662 466 id
3690 420 3813 481 est,

2215 512 2528 577 humanam,
2559 511 2652 582 qui
2681 517 2764 566 est
2797 509 2979 580 opifex
3025 507 3266 564 omnium
3301 524 3313 560 :
3345 506 3512 561 homo
3553 506 3700 561 enim
3741 504 3819 562 fa-

2215 614 2334 662 ctus
2355 645 2372 671 ,
2403 604 2753 660 humanitatis
2782 619 2890 658 non
2940 602 3209 658 erubescit
3247 599 3431 656 subire
3476 614 3812 656 mensuram.

2216 696 2320 765 Qui
2347 697 2492 753 enim
2516 713 2626 752 non
2653 694 2926 751 recusavit
2953 709 3073 750 esse
3096 693 3288 749 similis
3313 692 3507 758 nostri,
3538 692 3816 762 quomodo

2215 808 2281 849 ea
2324 799 2634 857 recusaret,
2663 805 2764 862 per
2806 805 2927 860 qua:
2955 789 3233 846 hominem
3277 803 3338 843 se
3364 787 3540 842 nostri
3583 786 3815 843 similem

2215 897 2344 942 vere
2369 885 2571 941 factum
2599 898 2742 949 esse,
2769 891 2954 954 posset
2975 880 3296 938 ostendere?
3313 878 3374 936 Si
3398 880 3566 949 igitur
3591 893 3722 934 eum
3749 877 3819 935 ab

2214 980 2486 1046 humanis,
2535 986 2590 1034 et
2636 976 2799 1033 rebus
2823 1015 2838 1043 ,
2884 969 2943 1032 et
2969 975 3311 1032 sermonibus
3355 973 3780 1029 submoveamus
3801 1010 3816 1038 ,

2214 1072 2364 1129 nullo
2387 1078 2548 1142 pacto
2573 1069 2874 1126 differimus
2914 1067 2983 1124 ab
3010 1068 3116 1134 his,
3152 1067 3246 1137 qui
3285 1079 3432 1132 etim,
3460 1065 3509 1120 si
3539 1063 3660 1119 ﬁeri
3692 1079 3817 1133 pns-

2215 1169 2320 1230 set,
2339 1179 2436 1219 sua
2454 1173 2620 1219 carne
2642 1162 2806 1218 etiam
2831 1160 3160 1232 spoliarent;
3183 1159 3276 1229 qui
3303 1158 3599 1230 Scriptura:
3623 1155 3818 1211 dim

2215 1271 2325 1312 non
2343 1257 2594 1322 credunt,
2624 1261 2935 1311 evertentes
2956 1253 3178 1308 omnino
3201 1250 3595 1309 lncarnationis
3615 1255 3819 1321 myste-

2214 1349 2378 1416 rium,
2400 1348 2630 1404 salutem
2663 1347 2813 1404 orbis
2842 1353 3131 1412 terrarum,
3159 1357 3334 1416 spem,
3357 1341 3539 1410 ﬁdem,
3579 1354 3819 1398 rasum

2216 1443 2477 1498 ctionem.

2286 1535 2441 1590 Dicat
2485 1531 2701 1604 aliquis,
2731 1531 2846 1591 Deo
2875 1532 3052 1590 Verbo
3079 1546 3273 1605 parum
3298 1530 3557 1587 decorum
3585 1541 3732 1593 use,
3763 1535 3819 1584 et

2217 1627 2367 1685 nullo
2392 1629 2558 1685 modo
2595 1629 2953 1694 conveniens,
2981 1625 3290 1698 lacrymari,
3329 1625 3522 1680 timere
3561 1629 3815 1688 morm,

515 1719 628 1775 Deo
657 1719 840 1774 Verbo
867 1723 1317 1782 commemorant,
1341 1716 1498 1786 quta
1530 1714 1662 1770 illud
1693 1714 1924 1770 fortasse
1961 1713 2109 1784 quod
2140 1729 2187 1788 Β
2214 1721 2436 1776 calicem
2457 1736 2726 1784 recusare,
2751 1719 2934 1774 subire
2947 1717 3184 1775 ofﬁcium
3202 1713 3699 1772 sacerdotis.VIlde
3717 1721 3818 1782 θευ

516 1812 585 1867 ab
610 1827 717 1867 uno
739 1809 1124 1882 prophetarum
1147 1809 1347 1864 dictum
1369 1814 1454 1863 est
1485 1825 1498 1861 :
1522 1806 1790 1878 Propheta
1818 1823 1923 1860 non
1943 1807 2108 1871 erant,

515 1921 609 1960 nec
637 1906 779 1975 ﬁlius
808 1903 1116 1974 Propheta;
1157 1902 1248 1957 sed
1283 1911 1464 1971 pastor
1499 1917 1646 1956 erant
1679 1899 1927 1954 rellicans
1956 1913 2112 1969 syco-

515 2012 696 2061 mora;
721 2003 770 2050 et
799 1996 1075 2066 assuntpsit
1101 2010 1182 2049 me
1201 1993 1342 2048 Deus
1369 2009 1434 2048 ea:
1469 1990 1642 2047 ovibus
1666 1991 1845 2063 (Amos
1866 2005 1963 2056 vn,
1985 1988 2109 2059 id);

517 2097 612 2146 aut
643 2091 803 2155 forte,
832 2090 969 2144 sicut
995 2087 1070 2142 ait
1092 2089 1285 2143 beatus
1313 2086 1483 2142 David
1509 2105 1523 2140 :
1555 2085 1840 2140 Assumeus
1864 2100 2112 2138 mansue-

520 2193 598 2238 tos
609 2182 865 2238 Dominus
887 2181 1062 2253 (Psal.
1081 2198 1258 2248 CXLVI,
1273 2180 1362 2251 6);
1383 2179 1678 2236 secundum
1697 2182 1892 2251 σχέσιν
1907 2177 2116 2233 scilicet

519 2283 577 2332 et
597 2274 1018 2330 familiaritatem
1045 2275 1366 2346 spiritalem,
1395 2281 1560 2344 quam
1577 2273 1879 2338 voluntate,
1909 2279 1966 2326 et
1993 2283 2116 2341 gra-

519 2369 616 2434 tia,
639 2376 692 2423 et
714 2368 1162 2434 sanctiﬁcatione,
1188 2384 1286 2423 nos
1309 2367 1473 2422 etiam
1493 2363 1756 2422 habemus
1780 2364 1883 2437 ipsi
1907 2381 1920 2417 :
1945 2359 2118 2419 adhtc-

518 2467 701 2515 rentes
725 2460 868 2514 enim
893 2459 1144 2525 Domino,
1171 2471 1306 2514 anus
1336 2459 1552 2531 spiritus
1568 2471 1772 2522 sum,
1796 2455 1950 2526 juxta
1970 2453 2118 2524 quod

518 2551 777 2621 scriptum
808 2558 889 2604 est
913 2549 955 2622 (l
980 2549 1101 2604 Cor.
1125 2565 1198 2617 vi,
1233 2551 1344 2621 Π).
1379 2550 1440 2605 Id
1471 2557 1652 2606 autem
1672 2561 2017 2619 nequaquam
2035 2547 2116 2602 si-

519 2642 760 2715 gnificat,
794 2644 962 2698 Deum
991 2645 1266 2701 hominem
1301 2644 1466 2702 fuisse
1505 2645 1742 2712 factum;
1785 2659 1964 2714 neque
1991 2658 2118 2699 eum

519 2738 767 2794 similiter
795 2754 859 2793 ac
895 2753 1022 2804 nos,
1052 2740 1409 2810 participasse
1430 2739 1582 2796 carni
1621 2746 1677 2794 et
1705 2737 1992 2808 sanguini,
2021 2735 2118 2793 sed

518 2834 692 2900 magis
719 2833 1070 2902 assumpsisse
1110 2833 1408 2899 hominem,
1437 2848 1548 2888 non
1580 2831 1688 2888 alio
1726 2840 1886 2906 pacto
1907 2870 1926 2898 ,
1955 2845 2118 2901 quam

518 2939 628 2994 quo
643 2925 855 2990 dicitur,
882 2933 937 2980 et
963 2926 1259 2995 apostolos,
1283 2933 1338 2982 et
1357 2925 1676 2998 prophetas,
1698 2932 1753 2982 et
1773 2939 1963 2982 omnes
1982 2923 2120 2980 alios

521 3023 741 3070 sanctos
764 3017 1134 3086 assumpsisse.

2214 1829 2432 1884 quoque
2461 1813 2635 1868 libens
2663 1811 2974 1874 assentiam.
3001 1810 3115 1866 hinc
3139 1808 3334 1865 divina:
3372 1814 3579 1862 natura:
3619 1813 3679 1860 et
3705 1805 3818 1874 glo-

2214 1905 2309 1960 rite
2328 1906 2550 1962 minime
2568 1905 2883 1964 convenire.
2913 1903 3296 1960 Verumtamen
3324 1900 3380 1955 in
3405 1899 3489 1954 his
3511 1897 3674 1954 video
3695 1912 3818 1971 pau-

2214 2009 2500 2072 pertatem,
2529 2015 2694 2070 quam
2735 2008 2959 2071 propter
2999 2013 3100 2054 nos
3145 1996 3334 2053 volens
3378 1995 3497 2066 ipse
3539 1992 3814 2048 sustinuit.

2215 2094 2274 2150 Si
2302 2095 2400 2152 tibi
2438 2094 2616 2164 gravis
2645 2093 2888 2149 videatur
2931 2088 3279 2147 exinanitatis
3323 2085 3551 2157 injuria,
3580 2100 3652 2142 eo
3695 2083 3818 2156 plus

2215 2186 2414 2243 mirare
2440 2199 2568 2256 erga
2595 2201 2696 2241 nos
2720 2184 2843 2242 Filii
2860 2183 3217 2248 charitatem;
3247 2179 3394 2252 quod
3423 2179 3570 2248 enim
3597 2186 3712 2233 tam
3740 2175 3817 2249 in-

2215 2277 3028 2348 decommdicis.etparvum.
3073 2267 3817 2337 hoeDeustuicausasibi

2215 2368 2345 2426 fecit
2371 2370 2623 2426 amabile.

2285 2459 2440 2516 More
2463 2461 2746 2517 horninum
2783 2457 3118 2531 lacrymavit.
3149 2463 3211 2514 ut
3249 2463 3369 2518 tuas
3402 2453 3817 2527 laeqmasipse

2219 2554 2500 2612 cohiberet
2523 2554 2733 2630 [Βσιιιι.
2765 2549 3149 2624 conspicuet].
3167 2550 3402 2622 Expavit
3423 2548 3817 2619 dispensatoris

2219 2647 2541 2717 permittens
2559 2647 2710 2702 carni
2739 2645 3009 2701 interdum
3031 2645 3168 2716 pati,
3199 2658 3320 2714 qua
3344 2657 3438 2698 sua
3469 2648 3614 2706 sunt,
3641 2647 3701 2695 ut
3717 2654 3816 2698 nos

2219 2738 2662 2796 conﬁdentissimi
2715 2739 3083 2794 redderemur.
3131 2736 3372 2792 Calicem
3419 2733 3710 2795 wit.
3759 2739 3818 2792 ut

2221 2847 2354 2890 enix
2381 2833 2714 2904 impietatem
2736 2839 2988 2902 argueret
3011 2829 3340 2884 ludeorum.
3362 2826 3674 2882 lnﬁrnatns
3693 2838 3817 2881 esse

2222 2925 2421 2981 dicitur
2443 2925 2736 2980 secundum
2773 2924 3189 2988 humanitatem,
3227 2929 3294 2976 ut
3317 2929 3374 2976 te
3407 2917 3818 2980 inﬁnitam

2220 3017 2495 3073 liberaret.
2527 3015 2725 3070 Preces
2770 3013 3301 3086 supplicationesque
3347 3011 3563 3078 obtulit,
3605 3019 3672 3066 ω
3709 3011 3817 3067 ω

591 3104 871 3176 Decipitne
902 3106 1114 3161 divinus
1159 3104 1358 3162 Paulus
1386 3103 1751 3163 sanctiﬁcates
1784 3121 1884 3177 per
1921 3102 2116 3172 ﬁdem,
2143 3113 2189 3177 ο
2222 3109 2385 3166 aiam
2416 3106 2896 3180 supplicationibus
2913 3120 3101 3161 autem
3131 3104 3349 3162 facilem
3373 3103 3650 3167 reddent.
3669 3111 3734 3159 ut
3755 3108 3815 3159 lu

521 3195 921 3252 evidentissime
958 3196 1025 3252 de
1056 3195 1344 3267 Unigenito
1388 3198 1604 3266 dicens,
1635 3187 1780 3269 quod
1819 3215 1936 3252 eum
1975 3198 2115 3253 dives

520 3304 672 3360 esset,
702 3310 898 3366 pauper
917 3302 994 3348 est
1017 3295 1187 3366 (actus
1218 3293 1282 3367 (ll
1311 3292 1430 3349 Cor.
1462 3311 1574 3359 vui,
1606 3293 1702 3364 9.)?
1732 3293 1925 3349 Absit:
1964 3308 2117 3349 num-

520 3398 682 3454 quam
711 3386 855 3441 enim
887 3387 1178 3441 mentietur
1207 3387 1447 3441 veritatis
1475 3387 1743 3441 maximus
1770 3385 2112 3457 praedicator.

522 3476 631 3534 Sed
658 3480 906 3548 quisnam
933 3480 1001 3534 sit
1021 3479 1193 3547 dives,
1221 3488 1278 3536 et
1298 3480 1572 3552 quomodo
1601 3495 1806 3552 pauper
1823 3481 1898 3536 sit
1915 3478 2114 3547 factus,

523 3587 669 3628 nunc
694 3587 911 3641 quoque
933 3570 1241 3641 diligentius
1266 3580 1689 3642 persta-utemur.
1721 3572 1938 3628 Etenim
1966 3573 2032 3639 si,
2057 3580 2119 3628 ut

526 3663 609 3720 illi
652 3664 832 3720 dicere
860 3672 916 3719 et
943 3665 1147 3720 sentire
1173 3664 1470 3732 conﬁdunt,
1514 3667 1678 3721 homo
1703 3675 1790 3721 est
1811 3673 2118 3737 assummus

525 3771 558 3811 a
587 3755 731 3822 Deo;
760 3755 1036 3825 quomodo
1065 3756 1110 3811 is
1138 3757 1230 3826 qui
1259 3765 1566 3826 assumptus
1599 3764 1682 3812 est
1711 3771 1741 3810 a
1763 3756 1874 3811 Deo
1892 3795 1909 3821 ,
1944 3755 2118 3812 {actus

525 3857 608 3904 est
631 3864 854 3918 pauper,
885 3863 1009 3903 cum
1031 3847 1436 3903 sublimioribus
1466 3856 1671 3902 natura:
1705 3863 1815 3902 suae
1839 3847 2116 3916 dignitati-

523 3941 626 3999 bus
667 3941 965 3996 illustratus
1009 3939 1114 3994 sit?
1161 3939 1494 4009 glorillcatus
1539 3947 1621 3994 est
1668 3939 1831 3994 enim.
1879 3938 1948 3992 At
1976 3939 2022 3994 si
2065 3939 2119 3994 id

524 4045 714 4088 verum
739 4045 851 4088 non
873 4041 996 4099 est,
1042 4031 1469 4102 reprehendetur
1513 4029 1582 4091 ab
1611 4031 1743 4101 ipsis
1788 4031 2115 4102 assumptio,

529 4127 730 4198 quippe
762 4141 883 4196 qute
910 4126 976 4182 ad
1005 4125 1337 4191 inferiorem,
1366 4133 1420 4180 et
1447 4124 1881 4194 ingloriosi’orem
1903 4124 2120 4194 deiece-

527 4218 599 4271 rit
623 4217 976 4272 humanitatis
1003 4216 1244 4272 modum.
1286 4215 1482 4270 Verum
1525 4217 1601 4270 ita
1631 4217 1834 4272 senti-re
1875 4217 2120 4287 ineptum

528 4320 628 4366 est.
674 4308 817 4380 Ergo
845 4325 956 4366 non
984 4311 1055 4377 is,
1103 4312 1194 4381 qui
1223 4315 1534 4381 assumptus
1555 4320 1661 4375 est,
1691 4323 1900 4382 pauper
1927 4311 2012 4366 est
2041 4309 2121 4365 fa-

529 4411 680 4468 ctus;
731 4411 975 4472 superest
1001 4404 1191 4473 igitur,
1244 4411 1303 4459 ut
1331 4402 1591 4468 dicamus,
1643 4403 1810 4458 Deum
1859 4401 2118 4469 Verbum,

2218 3199 2457 3255 disceres
2482 3199 2538 3253 in
2567 3197 2957 3254 mutationibus
2975 3196 3199 3252 autsine
3227 3196 3550 3260 dormitare,
3571 3192 3680 3250 sed
3699 3193 3818 3250 ani-

2218 3307 2367 3348 mum
2396 3292 2732 3348 orationibus
2755 3291 2926 3360 magis
2943 3289 3244 3346 intendere.
3259 3287 3499 3356 Ideoque
3525 3283 3819 3360 {Bal-sail

2219 3387 2497 3442 orationes
2522 3386 2695 3455 magis
2723 3387 2978 3454 arrigere.
3019 3379 3287 3453 Denique]
3312 3381 3817 3436 danitautessan-

2219 3486 2342 3538 ctos
2363 3478 2642 3550 apostolos
2663 3477 2946 3533 incusabat
2957 3474 3150 3531 dicens
3173 3492 3188 3528 :
3207 3473 3306 3529 Sic
3319 3489 3433 3528 una
3445 3473 3697 3545 petiisti
3711 3485 3819 3526 stas

2219 3573 2350 3628 hora
2369 3574 2585 3644 vigilare
2621 3570 2858 3627 meeum?
2881 3570 3093 3642 uigilata
3127 3579 3181 3624 et
3209 3577 3385 3633 orate,
3412 3579 3480 3622 ne
3519 3568 3730 3620 iuuans
3759 3566 3819 3619 ἡ

2221 3667 2556 3720 tentationem
2583 3657 2800 3736 (Matth.
2842 3675 2990 3729 nn,
3025 3661 3110 3733 4)..
3147 3659 3225 3716 8e
3272 3659 3480 3734 [Βάκι.
3505 3654 3646 3728 Sed]
3672 3657 3818 3711 eli

2221 3766 2494 3827 tamquam
2512 3756 2957 3813 reformationem
2984 3755 3105 3810 vita:
3125 3754 3297 3809 beata
3322 3753 3588 3823 praeeris,
3618 3750 3818 3820 puniit

2220 3850 2454 3914 mundo;
2484 3849 2609 3905 ideo
2629 3849 2980 3904 humanitatis
3005 3847 3346 3903 inﬁrmitates
3372 3844 3666 3900 familiares
3693 3841 3817 3898 {erit

2221 3949 2279 3996 ut
2301 3941 2467 3996 etiam
2489 3955 2620 3996 vere
2647 3942 2813 3996 homo
2839 3939 3014 3998 factus
3032 3953 3155 3995 esse
3181 3937 3516 4002 mederetur,
3541 3945 3666 3991 ca-
3687 3947 3815 4006 pen

2220 4031 2504 4086 mansisset
2531 4031 2880 4087 nihilominus
2899 4031 2959 4086 id
2987 4029 3134 4101 quod
3159 4035 3298 4096 erat,
3318 4028 3377 4084 id
3399 4036 3506 4094 est,
3533 4026 3703 4082 Deus.

2293 4124 2400 4181 Sed
2419 4126 2604 4180 nescio
2625 4124 2898 4195 quomodo
2930 4124 3005 4188 hi,
3027 4123 3122 4192 qui
3145 4119 3421 4176 Christum
3447 4133 3508 4176 se
3537 4131 3705 4173 unum
3727 4115 3815 4170 di-

2221 4233 2344 4278 cere
2369 4221 2641 4288 simulant,
2673 4229 2729 4277 et
2764 4219 2977 4287 Filium,
3009 4229 3066 4276 et
3108 4219 3426 4284 Dominum,
3457 4216 3816 4285 emndemqna

2222 4315 2393 4373 Deum
2428 4318 2590 4373 simul
2617 4325 2673 4373 et
2714 4316 3009 4382 hominem,
3060 4315 3264 4381 dicunt,
3293 4323 3403 4368 non
3453 4311 3553 4367 Dei
3581 4310 3815 4366 Verbum

2223 4419 2588 4481 nuncupatum
2617 4409 2781 4466 fuisse
2820 4405 3148 4481 pontiﬁcem,
3179 4415 3235 4463 et
3264 4405 3565 4478 apostolum
3607 4402 3817 4459 confer

530 4507 653 4549 cum
694 4503 837 4550 85583
861 4496 1038 4561 dives.
1081 4496 1148 4549 ad
1187 4505 1422 4551 nostram
1454 4497 1771 4567 pauperiem
1813 4497 2113 4552 devenisse.
2142 4497 2196 4559 D
2221 4503 2388 4559 s’ionis
2415 4512 2632 4569 nostrae,
2678 4512 2805 4559 tunc
2842 4518 2963 4558 cum
3009 4501 3182 4556 factus
3222 4507 3304 4556 est
3347 4499 3546 4563 homo;
3587 4497 3686 4551 sed
3726 4501 3819 4549 ant

601 4581 803 4641 Verum
842 4585 1113 4655 quomodo
1141 4599 1350 4656 pauper
1389 4597 1471 4642 est
1511 4587 1720 4643 factus?
1754 4588 1896 4658 Age,
1927 4597 1989 4643 ut
2017 4604 2117 4645 ne-

528 4677 823 4733 cessurium
861 4681 974 4744 ’es‘t,
1019 4673 1356 4732 attendamus
1389 4697 1401 4730 :
1447 4679 1873 4735 inconvertibilis
1901 4680 2120 4750 quidem

528 4781 610 4826 est
641 4771 831 4842 procul
857 4771 1025 4826 dubio
1045 4783 1154 4842 per
1181 4781 1427 4826 naturam
1444 4813 1457 4837 ,
1483 4787 1590 4828 nec
1614 4789 1715 4828 sua
1745 4773 2023 4839 derelicta,
2063 4774 2120 4830 in

529 4872 779 4918 naturam
795 4865 1008 4918 transiit
1031 4864 1236 4930 carnis;
1261 4866 1554 4931 permansit
1575 4867 1715 4920 enim
1741 4865 1791 4920 id
1808 4866 1956 4935 quod
1981 4873 2119 4934 erat,

529 4958 584 5013 id
613 4965 723 5024 est,
751 4955 912 5012 Deus.
947 4951 1047 5010 Ubi
1075 4957 1240 5026 igitur
1262 4955 1621 5012 humilitatem
1646 4957 1951 5014 videbimus
1977 4971 2120 5029 pau-

529 5049 794 5122 pertatis?
829 5039 888 5102 in
921 5063 1081 5114 eone,
1118 5047 1264 5119 quod
1299 5064 1464 5104 unum
1503 5050 1733 5104 similem
1765 5051 1937 5105 nostri
1973 5045 2122 5107 Deus

531 5142 910 5213 assumpserﬂ,
936 5142 1079 5196 sicut
1109 5128 1288 5196 dicere
1319 5143 1433 5202 ausi
1458 5150 1583 5196 sunt
1603 5143 1904 5212 impietatis
1927 5141 2124 5199 Nesto-

531 5235 596 5290 rii
617 5223 876 5305 parasiti?
895 5227 971 5288 Et
999 5233 1119 5304 quis
1133 5232 1231 5288 ﬁat
1259 5231 1466 5307 [Baias
1493 5237 1591 5304 qui
1608 5234 1737 5307 fuit]
1768 5235 1869 5304 ipsi
1891 5245 2128 5308 pauper-

530 5327 659 5382 tatis
698 5333 754 5381 et
781 5325 1123 5381 exinanitatis
1167 5327 1390 5381 modus?
1421 5327 1476 5381 ln
1507 5343 1644 5382 eone
1685 5325 1892 5382 tantum
1917 5349 1936 5394 ο,
1979 5328 2125 5399 Quod

532 5418 670 5474 forte
697 5418 931 5473 voluerit
950 5418 1182 5488 aliquem
1205 5421 1374 5475 nostri
1403 5422 1633 5477 similem
1645 5421 1923 5478 hominem
1942 5421 2124 5480 hono-

533 5510 691 5564 rare?
719 5509 788 5564 At
812 5510 962 5565 nullo
991 5518 1152 5582 pacto
1183 5511 1442 5570 beneﬁcia
1477 5515 1782 5586 prmstando
1813 5516 1957 5573 Deus
1996 5533 2117 5572 om-

538 5603 785 5670 nipotens
811 5602 1042 5658 violatur
1067 5622 1080 5658 :
1105 5605 1377 5675 quomodo
1399 5621 1530 5678 ergo
1557 5625 1767 5679 pauper
1796 5619 1881 5666 est
1906 5610 2122 5667 factus?

536 5694 670 5761 Quia
693 5709 814 5750 cum
845 5705 988 5754 esset
1011 5697 1158 5755 Deos
1178 5707 1395 5768 natura,
1428 5709 1481 5756 et
1505 5701 1676 5759 Fiiius
1699 5703 1802 5760 Dei
1829 5713 1885 5762 et
1908 5704 2118 5773 Putris,

2227 4591 2408 4663 alium,
2441 4596 2625 4652 nescio
2647 4609 2826 4666 quem,
2855 4609 3070 4652 seorsus
3096 4595 3370 4650 hominem
3412 4592 3588 4663 ipsum
3609 4605 3710 4661 per
3731 4603 3816 4655 se,

2226 4691 2318 4762 qui
2347 4697 2463 4747 erat
2489 4705 2557 4748 ex
2585 4691 2792 4747 semine
2820 4689 3006 4756 David,
3047 4691 3101 4744 in
3123 4687 3182 4744 id
3205 4695 3459 4743 vocatum
3499 4697 3621 4739 esse
3670 4680 3817 4737 aﬂir-

2227 4791 2415 4839 mant:
2461 4783 2688 4840 forsitan
2714 4789 3048 4846 metuentes,
3079 4795 3146 4836 ne
3191 4780 3412 4834 sli-ecta
3451 4777 3715 4840 sentiant,
3739 4763 3833 4848 ab".

2226 4874 2504 4947 impietate
2533 4876 2817 4931 videantur
2845 4873 3075 4930 Nestor-ii
3103 4871 3380 4927 defecisse.
3408 4869 3495 4923 Ait
3529 4869 3672 4922 enim
3707 4866 3820 4920 hoc

2228 4968 2390 5023 modo
2411 4969 2500 5022 ille
2531 4967 2723 5040 (Serm.
2755 4966 2788 5019 6
2815 4967 2900 5038 qui
2939 4967 3116 5020 tertius
3141 4966 3194 5018 in
3217 4960 3485 5031 Proetum)
3519 4978 3533 5012 :
3566 4957 3701 5023 Hic,
3729 4957 3825 5029 qui

2224 5059 2396 5131 ﬁdelis
2424 5059 2493 5111 ad
2521 5057 2686 5112 Deum
2714 5057 2950 5128 pontifex
2971 5057 3138 5128 factus
3159 5064 3265 5117 est;
3291 5055 3457 5124 factus
3477 5061 3554 5106 est
3578 5051 3739 5114 alim,
3769 5057 3825 5102 et

2225 5160 2329 5207 non
2360 5165 2560 5222 semper
2594 5153 2792 5224 fuerat;
2825 5150 2925 5216 hic,
2951 5151 3036 5222 qui
3063 5149 3314 5220 paulatim
3331 5149 3386 5201 in
3403 5146 3670 5218 pontificis
3691 5159 3822 5215 pro-

2230 5246 2366 5316 fecit,
2396 5245 2652 5310 lueretice,
2677 5243 3001 5315 dignitatem.
3033 5239 3256 5306 Deinde,
3285 5247 3347 5294 ut
3375 5239 3494 5309 ipse
3515 5236 3822 5298 existimat,

2231 5354 2448 5394 suarum
2463 5353 2656 5394 vocum
2677 5338 2896 5408 cupiens
2911 5337 3191 5393 veritatem
3207 5333 3548 5396 conﬁrmare,
3564 5332 3720 5387 dicit:
3740 5329 3826 5383 De

2227 5447 2325 5502 quo
2353 5439 2402 5485 et
2431 5428 2602 5484 Lucas
2622 5431 2677 5483 in
2697 5427 2994 5500 Etungeliis
3019 5426 3312 5483 clamabat:
3333 5424 3486 5490 Iesus
3515 5433 3684 5478 auem
3699 5439 3830 5493 pro-

2227 5523 2434 5593 ﬁciebat
2471 5531 2642 5588 celate,
2674 5531 2722 5575 et
2765 5522 3043 5593 sapientia,
3067 5529 3118 5575 et
3138 5520 3327 5592 gratia.
3361 5515 3434 5571 Et
3461 5532 3681 5572 rursus:
3713 5512 3831 5569 Sed

2227 5631 2340 5670 cum
2365 5617 2434 5670 sit
2454 5613 2598 5670 nobis
2627 5609 2708 5668 hic
2727 5612 2870 5668 solus
2903 5613 3142 5684 pontifex
3157 5609 3461 5676 condolens,
3475 5617 3527 5664 et
3555 5616 3832 5680 cognatus,

2227 5718 2275 5764 et
2295 5717 2480 5773 certus,
2510 5703 2573 5761 ab
2599 5707 2761 5777 ipsius
2802 5715 2991 5762 natura
3511 5719 3530 5759 :
