3924 6282
166 168 262 228 997

838 162 896 221 S.
935 163 1212 221 CYRILLI
1254 155 1777 222 APOLOGETICUS
1816 157 2182 223 ADVERSUS
2226 166 2767 227 TllEODORETUM.

3341 171 3448 229 998

165 283 306 339 nobis
331 296 395 334 ea;
421 275 677 351 promissa
713 276 1062 340 benedictione
1086 289 1141 334 et
1157 280 1354 336 semina
1379 279 1603 334 Abram
1626 279 1754 333 mis-
1783 282 1830 342 A
1859 291 1977 348 quae
1998 281 2245 352 lacrymat
2267 289 2376 336 tam
2404 283 2566 354 impie
2584 281 2917 340 credentium
2948 291 3201 355 poterunt
3227 279 3445 341 abolere

164 392 245 430 sus
286 382 379 438 est,
412 389 505 443 pro
552 389 608 428 se
634 373 768 446 ipso,
796 381 845 425 et
883 388 974 430 suo
1001 389 1184 446 genere
1230 373 1465 444 corporis
1494 372 1754 428 victimam

165 482 329 521 secum
366 455 654 519 adducens.

232 557 300 613 At
327 557 609 612 dementia:
650 549 790 613 illius
833 559 1071 630 optimus
1119 557 1422 628 mmulator,
1452 558 1534 613 vir
1581 557 1758 612 bonus

168 653 367 728 [Baluz-.
385 651 509 705 add.
537 641 659 723 iste]
683 637 1073 718 Theodoretus,
1104 668 1212 708 non
1241 653 1511 709 erubescit
1535 651 1753 706 dicens:

167 746 464 800 Humanam
493 753 734 798 naturam
763 745 1058 816 assumpsit,
1083 753 1132 798 et
1159 760 1273 798 eam
1294 760 1447 815 super
1467 758 1758 798 communes

167 837 428 908 pontiﬁces
455 823 731 900 ordinavit,
762 836 896 889 sicut
923 843 972 889 et
998 829 1198 889 Pa‘uius
1221 833 1344 888 dicit
1368 851 1384 888 :
1411 830 1592 888 Omnis
1621 834 1759 887 enim

164 929 398 1001 pontifes:
433 935 498 982 es
539 925 834 982 hominibus
859 930 1157 997 assuntpt'ns
1192 931 1286 996 pro
1315 923 1606 980 hominibus
1635 940 1762 978 con-

162 1021 392 1076 stituitur
409 1020 464 1074 in
499 1019 600 1084 his,
629 1029 745 1090 quin
771 1027 892 1072 sunt
919 1017 988 1071 ad
1016 1015 1203 1081 Deum,
1233 1017 1318 1089 qui
1341 1014 1614 1070 condotere
1636 1031 1759 1085 pos-

161 1113 227 1165 sit
255 1111 357 1175 his,
375 1111 466 1182 qui
493 1113 737 1181 ignorant
755 1120 806 1164 et
833 1117 1029 1175 errant,
1058 1111 1300 1181 (maniam
1331 1119 1378 1162 et
1396 1110 1509 1178 ipse
1536 1108 1761 1160 circum-

163 1204 316 1258 datus
351 1210 430 1258 est
463 1203 805 1274 infirmitate;
828 1211 885 1256 et
927 1210 1196 1273 prapterea
1237 1197 1404 1264 debet,
1432 1197 1763 1270 quemadmo-

162 1296 286 1349 dum
325 1303 420 1366 pro
459 1295 671 1366 populo,
696 1296 775 1348 ita
821 1295 980 1348 etiam
1007 1309 1101 1364 pro
1131 1293 1403 1362 semetipso
1430 1290 1624 1360 offerre
1666 1305 1761 1360 pro

159 1389 405 1459 peccatis.
437 1386 628 1442 Nonne
663 1387 942 1443 hominem
968 1386 1128 1441 nobis
1175 1388 1515 1440 cemmunem
1545 1381 1764 1438 Emma-

157 1479 310 1545 nuel,
339 1486 601 1549 quantum
628 1478 699 1533 ad
723 1479 897 1549 ipsum
924 1478 1175 1548 pertinet,
1204 1473 1420 1532 eﬁ‘ecit?
1447 1475 1638 1531 Nonne
1659 1489 1761 1531 su-

1855 381 2078 446 pcccata
2094 375 2116 428 ?
2130 373 2186 428 Si
2207 375 2502 443 acquiescis
2523 375 2855 440 adunatioui,
2874 377 3146 446 quomodo
3167 378 3444 445 ignorasti,

1857 464 2003 534 quod
2051 465 2120 521 de
2160 465 2272 522 Deo
2308 466 2472 535 dicas,
2504 468 2598 537 qui
2625 466 2799 524 factus
2819 469 2890 524 sit
2911 468 3108 522 homo?
3137 466 3451 524 llumiliavit

1857 572 1917 612 se
1941 564 2030 612 tua
2059 573 2244 624 causa,
2275 567 2331 614 et
2360 567 2416 615 tu
2443 560 2607 630 impie
2632 561 2901 616 exclamas
2933 578 2947 614 :
2999 560 3266 631 Propitius
3319 573 3446 626 esto,

1859 649 2101 715 Domine,
2131 666 2411 725 numquam
2451 653 2541 708 tibi
2569 655 2667 708 erit
2693 654 2852 708 istud.
2883 652 3025 721 Ergo
3048 652 3233 707 audies
3277 653 3449 722 ipsum

1859 742 2126 797 dicentem
2150 762 2164 797 :
2205 743 2350 798 Vade
2375 753 2516 800 retro
2541 761 2574 799 a
2597 761 2697 811 nte,
2723 744 2928 800 Sasona
2947 760 2969 810 ς
2991 742 3296 797 scandalum
3325 741 3449 795 mihi

1855 849 1911 889 es
1943 833 2160 906 (Matth.
2192 851 2298 901 ut,
2331 835 2442 908 22).
3461 891 3466 897 .

1931 928 2038 985 Sed
2067 931 2212 985 enim
2241 931 2295 985 in
2316 931 2556 987 clausula
2582 943 2803 988 suorum
2824 931 3090 987 dictorum
3111 929 3246 985 dixit
3271 947 3285 982 :
3311 927 3453 1001 Ergo

1858 1027 1925 1090 is,
1955 1026 2041 1096 qui
2071 1022 2276 1097 [Baluz.
2310 1025 2432 1080 add.
2465 1025 2562 1098 est]
2584 1043 2648 1081 ea:
2667 1029 2861 1081 semine
2883 1025 3070 1091 David,
3096 1026 3332 1096 pontifex
3355 1034 3451 1087 est,

1862 1118 2055 1173 habens
2081 1120 2139 1172 in
2159 1134 2214 1172 se
2240 1119 2436 1173 scilicet
2459 1119 2626 1174 Deum
2662 1119 2886 1174 Verbum
2926 1118 3025 1173 sibi
3053 1118 3358 1180 adunatum,
3407 1123 3456 1168 et

1857 1210 2279 1282 inseparabiliter
2325 1211 2676 1284 conjunctum.
2733 1210 2802 1266 Et
2847 1209 3119 1280 quomodo
3164 1208 3454 1263 adunatum

1861 1305 1997 1360 dicit
2025 1305 2136 1359 Deo
2163 1303 2342 1360 Verbo
2371 1305 2442 1371 id,
2477 1306 2622 1375 quod
2649 1313 2734 1362 est
2760 1321 2827 1362 ex
2851 1305 3057 1360 semine
3079 1302 3267 1369 David,
3290 1302 3336 1357 si
3357 1300 3459 1355 soli

1862 1396 1934 1462 ei,
1963 1395 2057 1464 qui
2085 1404 2168 1450 est
2195 1411 2262 1450 ex
2282 1396 2486 1450 semine
2517 1396 2704 1462 David,
2735 1395 3096 1453 sacerdotium
3135 1392 3458 1464 deputavit?

1863 1485 1997 1543 Nam
2019 1485 2066 1542 si
2096 1499 2222 1541 vera
2242 1493 2326 1541 est
2347 1487 2620 1552 adunatio,
2662 1499 2772 1540 non
2795 1490 2926 1541 sunt
2953 1484 3060 1541 duo
3090 1485 3330 1554 omnino,
3363 1482 3457 1538 sed

162 1588 263 1644 pra
284 1573 599 1628 memoratis
619 1572 734 1628 haec
752 1575 968 1642 quoque
995 1579 1118 1626 sunt
1143 1583 1414 1640 germana:
1443 1570 1760 1636 sententiae.
1863 1591 2023 1644 unus,
2082 1584 2137 1631 et
2184 1577 2348 1642 solus,
2402 1577 2496 1645 qui
2545 1591 2612 1631 ex
2654 1576 2895 1646 utrisque
2947 1576 3268 1645 intelligitur
3300 1573 3458 1628 Chri-

160 1667 411 1722 eamdem
435 1663 826 1736 blasphemiam
852 1665 1245 1735 parturientes?
1266 1662 1405 1731 Quid
1427 1661 1545 1720 ais?
1566 1662 1758 1718 Metuis
1789 1667 1838 1728 B
1863 1676 1998 1723 stus.
2651 1683 2653 1685 ί

159 1759 452 1815 sacerdotii
494 1757 712 1814 modum
733 1759 787 1812 in
813 1757 1029 1812 Christo
1056 1757 1295 1812 omnium
1323 1757 1621 1822 salvatore;
1653 1769 1758 1810 nec

161 1850 496 1907 conveniens
523 1849 735 1906 videtur
755 1865 874 1905 esse
902 1848 1012 1904 Deo
1035 1848 1213 1905 Verbo
1233 1849 1471 1904 humano
1490 1861 1645 1903 more
1663 1848 1761 1902 mi-

164 1943 414 2009 nistrare,
439 1947 667 2013 propter
688 1939 1189 2011 diSpensationem?
1230 1939 1433 2011 Detege
1460 1948 1611 1994 tuum
1634 1938 1759 1993 vul-

162 2041 299 2100 tum,
329 2041 561 2105 persona
585 2029 831 2104 deposita
852 2075 866 2101 ,
910 2037 964 2088 et
989 2032 1170 2102 palam
1197 2030 1406 2102 denega
1452 2019 1552 2087 Dei
1598 2023 1760 2086 Verbi

162 2125 612 2191 incarnationem,
636 2133 863 2196 propter
890 2137 1051 2194 quam
1080 2132 1135 2178 et
1171 2124 1416 2194 pontifex
1453 2122 1763 2179 nominatus

162 2213 737 2273 est.immol’antemne
769 2221 898 2272 eum
948 2217 1235 2288 conspicis,
1263 2224 1540 2288 tamquam
1579 2215 1671 2272 alii
1710 2223 1766 2271 et

165 2309 364 2379 majori
392 2307 526 2375 Deo,
554 2293 742 2363 patri?
763 2306 1249 2379 Contemplatusne
1270 2323 1329 2365 es
1355 2308 1618 2365 sacriﬁcia
1640 2306 1766 2364 olfe-

164 2407 397 2466 rentem,
431 2401 684 2470 exemplo
727 2409 913 2456 eorum
942 2401 1034 2468 qui
1073 2401 1142 2455 ab
1169 2401 1476 2456 hominibus
1505 2401 1766 2471 assumpti

163 2501 314 2555 sunt,
353 2494 555 2562 quique
583 2492 875 2547 condolere
913 2497 1143 2561 possunt
1189 2492 1561 2560 ignorantibus
1599 2498 1654 2546 et
1681 2505 1767 2546 er-

167 2585 436 2649 rantibus,
457 2582 581 2638 ideo
605 2583 754 2652 quod
779 2582 838 2638 et
863 2583 967 2652 ipsi
991 2579 1102 2638 sint
1127 2577 1185 2636 in
1221 2580 1627 2637 inﬁrmitatibus
1666 2593 1769 2637 no-

167 2676 336 2730 stris?
364 2675 445 2729 An
470 2691 575 2730 non
600 2674 970 2741 considerasti,
999 2673 1147 2743 quod
1177 2673 1336 2729 fidem
1362 2675 1622 2741 omnium,
1655 2673 1771 2730 sive

167 2767 297 2822 ﬁdei
325 2769 737 2834 confessionem,
767 2777 791 2804 ε
822 2775 877 2822 et
917 2766 1139 2838 Spiritui
1185 2773 1373 2823 sancto
1402 2774 1688 2822 consecrat
1714 2772 1770 2820 et

168 2847 356 2914 Patri?
376 2860 534 2916 hicne
572 2860 792 2916 humani
814 2859 1096 2914 ministerii
1119 2858 1310 2914 modus
1347 2868 1430 2914 est
1457 2874 1682 2930 poscere
1706 2856 1769 2910 ﬁ-

169 2950 296 3005 dem
321 2951 388 3005 ab
428 2951 530 3016 his,
556 2951 646 3020 qui
673 2952 728 3006 in
776 2951 998 3006 odorem
1045 2951 1324 3007 suavitatis
1365 2950 1530 3005 oblati
1569 2951 1675 3006 sint
1713 2951 1768 3008 in

169 3041 398 3111 spiritu?
451 3041 853 3108 Animadverte,
911 3057 1070 3112 quam
1128 3041 1342 3098 diverso
1397 3043 1588 3108 modo,
1645 3057 1769 3097 cum

169 3134 315 3189 Deus
342 3135 428 3200 sit,
459 3135 582 3188 licet
613 3134 846 3190 humano
866 3149 1038 3200 more,
1057 3143 1284 3205 propter
1309 3135 1768 3206 dispensationem

169 3227 480 3282 ministrare
504 3223 713 3282 dicatur
744 3245 758 3280 :
782 3228 1027 3284 considet
1054 3228 1198 3284 enim
1226 3228 1339 3284 Deo
1359 3236 1416 3286 et
1435 3227 1602 3294 Patri,
1636 3238 1691 3285 et
1709 3229 1768 3284 in

168 3319 394 3374 sedibus
421 3319 647 3374 excelsis
675 3319 1020 3390 conspicitur.

243 3411 435 3466 Terret
457 3419 508 3467 te
527 3412 671 3482 quod
692 3412 1056 3480 humanitatis,
1081 3428 1184 3468 nec
1202 3422 1256 3469 te
1281 3414 1427 3483 quod
1449 3412 1764 3480 divinitatis,

166 3505 371 3560 liberat
397 3514 542 3560 metu
559 3507 581 3560 ’ἰ
610 3505 726 3561 Non
749 3508 970 3576 pateris,
1013 3522 1082 3573 es;
1129 3508 1291 3562 rebus
1319 3509 1449 3578 ipsis
1476 3509 1764 3579 inspicere,

168 3598 344 3653 Deum
366 3613 484 3654 esse
501 3599 659 3654 simul
683 3607 737 3653 ct
755 3599 1029 3654 hominem
1049 3598 1401 3667 Emmanuel;
1425 3602 1520 3658 sed
1541 3609 1651 3658 tam
1671 3617 1770 3671 pe-

170 3690 411 3744 tulanter
455 3698 508 3744 et
545 3690 960 3758 inconsiderate,
1021 3692 1184 3747 immo
1215 3693 1352 3748 ultra
1378 3695 1638 3750 terminos
1665 3696 1769 3750 im-

164 3784 394 3856 pietatis
441 3786 603 3841 totius
644 3802 952 3852 excurrens,
1005 3788 1083 3842 ais
1131 3789 1306 3857 ipsum
1335 3794 1766 3846 consummatum

169 3892 299 3933 esse
353 3878 640 3945 laboribus,
695 3887 750 3934 et
778 3881 992 3946 virtute,
1037 3881 1407 3951 etprofecisse
1427 3885 1690 3953 paulatim
1711 3889 1768 3939 in

163 3969 446 4042 pontiﬁcis
483 3971 813 4039 dignitatem.
855 3971 916 4026 Si
955 3971 1210 4042 proiecit;
1243 3974 1332 4028 ubi
1351 3975 1680 4037 exinanitas,
1713 3983 1768 4029 'ct

170 4062 266 4118 ubi
295 4076 502 4132 pauper
515 4069 603 4117 est
627 4061 838 4117 factus?
871 4062 894 4100 ι)
922 4061 978 4116 Si
1004 4072 1406 4119 conisummatus
1433 4067 1517 4120 eat
1544 4075 1642 4135 per
1661 4067 1770 4121 vir-

171 4165 368 4222 tutem,
402 4171 467 4210 ex
490 4157 802 4226 imperfecto
828 4156 1032 4226 utique,
1063 4156 1194 4211 etin
1225 4165 1470 4226 tempore
1492 4141 1768 4214 factuscst

171 4248 466 4319 perfectus.
509 4247 777 4317 Quidquid
811 4259 997 4304 autem
1023 4263 1132 4304 non
1157 4257 1242 4304 est
1282 4249 1337 4304 in
1366 4250 1560 4304 virtute
1585 4249 1767 4319 perfe-

172 4348 344 4405 ctum,
369 4341 522 4410 culpa
545 4349 600 4395 et
620 4340 748 4396 vitio
769 4341 1107 4407 continetur;
1135 4349 1190 4396 et
1208 4341 1358 4411 quod
1376 4342 1509 4396 vitio
1531 4343 1770 4398 contine-

1933 1757 2152 1814 Certum
2180 1765 2264 1814 est
2297 1772 2448 1828 ergo,
2481 1758 2602 1813 illos
2628 1757 2879 1812 simulate
2907 1757 3292 1812 adunationem
3320 1757 3456 1813 cen-

1863 1849 2021 1915 ﬁteri,
2045 1851 2435 1920 simpliciorum
2469 1850 2677 1905 animos
2703 1849 3033 1904 insectantes
3067 1847 3278 1921 {Batus
3326 1849 3462 1903 inlc-

1864 1939 2135 2014 ctantes]:
2171 1940 2607 2010 conjunctionem
2634 1956 2867 2010 namque
2915 1941 3142 1996 credunt
3189 1947 3458 2011 σχετικήνδ,

1864 2039 1921 2086 et
1967 2032 2302 2087 extrinsecus
2342 2031 2558 2098 factam,
2614 2043 2776 2101 quam
2818 2037 2919 2087 nos
2957 2033 3122 2086 etiam
3152 2033 3458 2097 habuimus,

1865 2139 1988 2180 cum
2015 2125 2305 2195 participes
2325 2125 2522 2179 divinus
2546 2125 2713 2194 ipsius
2741 2130 2950 2179 naturae
2978 2123 3106 2180 ihcti
3133 2133 3318 2178 sumus
3360 2135 3462 2192 per

1866 2219 2133 2288 spiritum.
2160 2218 2278 2276 Non
2308 2219 2687 2274 adhmrendum
2710 2217 2917 2291 (Batus.
2953 2215 3341 2288 accedendum]
3365 2217 3465 2285 igi-

1867 2319 1955 2365 tur
1975 2312 2188 2367 illorum
2208 2313 2552 2377 vanitatibus,
2580 2312 2674 2366 sed
2703 2322 2864 2366 rectm
2895 2319 2950 2366 et
2973 2309 3289 2381 inculpabili
3317 2308 3460 2376 lidei,

1867 2411 1924 2456 et
1943 2403 2283 2470 evangelicis,
2309 2409 2363 2457 et
2386 2403 2696 2472 apostolicis
2714 2402 3102 2456 sanctionibus.

2247 2537 2725 2580 ANA’TUEMATISMUS
2751 2541 3066 2581 UNDECIHUS.

1943 2641 2124 2712 Siquis
2162 2656 2269 2695 non
2321 2641 2644 2698 conﬁteatur
2690 2658 2907 2698 carnem
2947 2641 3162 2698 Domini
3200 2641 3464 2698 viviticam

1873 2751 2011 2800 esse,
2062 2743 2118 2789 et
2159 2734 2327 2805 ipsius
2355 2735 2450 2790 Dei
2478 2734 2641 2790 Verbi
2687 2734 2978 2805 propriam,
3030 2732 3124 2789 sed
3159 2741 3218 2790 ut
3242 2733 3464 2788 alterius

1870 2828 2188 2900 cuiuspiam,
2216 2828 2490 2898 conjuncti
2509 2829 2726 2899 quidem
2753 2829 2859 2900 ipsi
2884 2845 2982 2900 per
2999 2829 3333 2898 dignitatem,
3351 2826 3466 2882 sive

1870 2936 1969 2992 per
1994 2920 2166 2976 solam
2193 2921 2673 2988 inhabitatiouem;
2698 2936 2760 2977 ac
2780 2937 2888 2977 non
2916 2921 3086 2990 magis
3106 2918 3390 2984 viviﬁcam,
3407 2923 3468 2971 ut

1793 3043 1840 3106 Ο
1872 3019 1999 3066 ante
2017 3012 2146 3078 dixi,
2172 3027 2238 3106 eo
2255 3013 2410 3106 quod
2431 3013 2502 3068 sit
2521 3013 2741 3084 propria
2768 3012 2952 3078 Verbi,
2984 3011 3131 3082 quod
3150 3011 3330 3069 omnia
3359 3024 3461 3079 po-

1873 3111 1997 3159 tens
2024 3110 2110 3159 est
2134 3101 2437 3172 viviﬁcare;
2471 3106 2760 3160 anathema
2781 3106 2870 3161 sit.

2324 3233 2687 3275 navemnauem
2721 3216 3016 3276 unusne}.

1941 3329 2212 3402 Quantum
2229 3343 2473 3407 apparet,
2491 3335 2807 3392 Obscuritati
2828 3325 3026 3399 studet,
3053 3337 3112 3390 ut
3129 3335 3466 3406 impietatem

1871 3429 2023 3481 Suam
2052 3427 2306 3494 occultet,
2340 3428 2432 3497 qui
2461 3427 2650 3483 eadem
2678 3439 2801 3483 cum
2839 3428 3103 3483 haereticis
3147 3429 3341 3496 sentit;
3373 3428 3469 3484 sed

1871 3521 2003 3575 nihil
2027 3523 2251 3577 veritate
2271 3521 2518 3587 validius,
2542 3537 2661 3589 qua:
2680 3521 2843 3576 radiis
2864 3521 2974 3576 suis
2998 3517 3263 3576 mendacii
3286 3527 3467 3592 potest

1869 3613 2150 3682 ‘caliginem
2173 3614 2434 3668 revelare.
2459 3597 2537 3667 Ea
2567 3612 2852 3666 illuminati
2883 3609 3222 3667 manifestam
3263 3613 3379 3682 ejus
3405 3599 3468 3663 li—

1865 3701 1991 3759 dem
2015 3703 2296 3782 ἑτερόδοξοι)
2326 3704 2601 3760 faciamus.
2635 3700 2878 3757 Primum
2923 3705 3159 3773 quidem,
3196 3695 3464 3771 nusquam

1870 3798 2047 3852 carnis
2067 3798 2404 3853 rationabilis
2425 3797 2688 3863 meminit,
2718 3812 2822 3855 nec
2841 3796 3113 3851 hominem
3138 3792 3454 3863 perfectum,

1870 3890 1962 3958 qui
1991 3897 2072 3943 cst
2094 3896 2416 3958 assumptus,
2439 3890 2716 3943 conlessus
2747 3894 2858 3954 est;
2891 3885 2983 3941 sed
3008 3884 3204 3952 ubique
3245 3892 3464 3938 carnem

1870 3980 2018 4043 dicit,
2051 3979 2375 4049 Apollinaris
2396 3993 2628 4046 sequens
2648 3977 2919 4046 dogmata.
2949 3971 3465 4037 Deintle,.commix-

1867 4067 2032 4126 tionis
2049 4072 2376 4141 opinionem,
2401 4081 2420 4108 ε
2437 4071 2558 4124 aliis
2578 4084 2697 4124 eam
2718 4068 2942 4123 vocibus
2963 4064 3258 4135 proferens,
3284 4078 3469 4132 asper-

1871 4165 1945 4233 git
1967 4165 2323 4230 sermonibus,
2347 4165 2472 4218 hinc
2503 4163 2642 4218 enim
2669 4170 2854 4232 aperte
2877 4159 3165 4214 inanimum
3197 4156 3326 4212 dicit
3354 4155 3465 4211 Do-

1873 4259 2004 4312 mini
2033 4274 2271 4324 carnem,
2293 4274 2416 4313 cum
2438 4257 2513 4311 ait
2539 4275 2550 4309 ε
2578 4254 2638 4310 Si
2658 4256 2770 4328 quis
2793 4254 3099 4324 confiteatur
3118 4248 3333 4306 Domini
3349 4267 3469 4304 car-

1872 4367 1988 4405 nem
2004 4369 2107 4405 non
2123 4369 2232 4405 esse
2252 4353 2516 4422 propriam
2544 4351 2706 4422 ipsius
2727 4347 2826 4401 Dei
2857 4347 3028 4412 Verbi,
3052 4345 3143 4399 sed
3171 4354 3227 4398 ut
3254 4345 3468 4400 alterius

173 4439 283 4499 tur,
310 4431 362 4485 in
387 4440 607 4501 peccato
628 4442 725 4487 est.
751 4431 1034 4498 Quomodo
1056 4433 1220 4501 igitur
1267 4433 1334 4490 de
1360 4435 1480 4504 ipso
1507 4436 1764 4506 scriptum
1796 4433 1844 4493 D
1870 4453 2058 4514 prmter
2087 4445 2272 4514 ipsum,
2322 4443 2599 4496 anathema
2655 4443 2739 4495 sit.
2776 4438 2929 4494 Unde
2959 4446 3185 4509 apparet
3207 4454 3331 4494 cum
3361 4453 3470 4493 non

171 4532 290 4589 est,
321 4523 456 4594 quod
473 4533 738 4594 peccatum
769 4537 872 4579 non
901 4527 1024 4596 fecit
1062 4525 1107 4592 (Ι
1128 4525 1272 4581 Petr.
1304 4543 1360 4592 ιι,
1392 4526 1519 4600 23)?

246 4615 426 4669 Ausus
455 4624 534 4669 est
553 4615 749 4680 dicere,
771 4627 891 4684 quae
921 4615 1058 4672 infra
1083 4619 1286 4688 scripta
1312 4637 1324 4671 :
1360 4617 1486 4683 Quis
1507 4623 1665 4693 igitur
1687 4635 1767 4676 sa-

173 4707 356 4761 cerdos
385 4718 462 4760 est
491 4707 697 4778 factus?
726 4704 852 4771 Quis
881 4710 1063 4763 virtute
1089 4721 1472 4766 consummatus
1491 4723 1592 4778 est,
1653 4731 1766 4768 cum

174 4817 280 4854 non
310 4809 442 4854 esset
469 4809 658 4852 natura
697 4803 985 4870 perfectus?
1013 4799 1141 4864 Quis
1175 4804 1538 4858 (cantationibus
1585 4806 1766 4859 didicit

175 4889 522 4944 obedientiam
560 4888 760 4958 [Βαιπιι.
794 4889 1237 4963 obaudientiam],
1269 4910 1424 4964 quam
1449 4905 1572 4949 ante
1603 4905 1767 4950 tenta-

176 4983 341 5035 tiones
366 4980 660 5037 nesciebat?
682 4981 808 5046 Quis
830 5001 942 5037 cum
967 4988 1246 5040 reverentia
1269 4988 1412 5054 vixit,
1443 4999 1492 5042 et
1520 5007 1633 5044 cum
1661 4994 1768 5043 cla-

177 5091 321 5128 more
342 5074 511 5128 valido
531 5074 844 5146 iacrymans,
867 5086 917 5130 et
941 5079 1340 5148 utpjﬂicationes
1381 5081 1620 5150 oferens,
1651 5099 1767 5137 cum

176 5183 231 5220 se
257 5183 464 5221 servare
485 5182 593 5221 non
613 5177 812 5238 posset,
834 5168 925 5223 sed
939 5181 1075 5234 eum,
1105 5171 1191 5240 qui
1208 5183 1417 5224 servare
1446 5183 1638 5241 posset,
1671 5173 1765 5227 ob-

177 5259 920 5318 secrans?0=audacissimam
947 5270 1001 5318 et
1039 5262 1510 5320 sceleratissimam
1540 5269 1760 5322 vocem!

1871 4534 2117 4588 conﬁteri
2158 4534 2325 4591 Deum
2374 4533 2610 4588 Verbum
2651 4532 2886 4586 animam
2943 4531 3316 4600 assumpsisse,
3377 4529 3472 4585 scd

1872 4640 2086 4680 carnem
2132 4624 2532 4691 tantummodo;
2576 4625 2748 4695 ipsum
2797 4632 2978 4678 autem
3026 4637 3146 4677 esse
3182 4620 3332 4677 carni
3374 4635 3474 4690 pro

1869 4718 2047 4770 anima
2075 4735 2087 4769 :
2121 4733 2221 4772 nos
2240 4733 2369 4771 vero
2397 4715 2665 4771 vivificam
2689 4716 2935 4781 dicimus,
2959 4713 3271 4775 animatum,
3305 4718 3360 4766 et
3382 4727 3440 4764 ra

1872 4811 2183 4865 tionabilem
2221 4811 2435 4865 Domini
2483 4817 2722 4872 carnem,
2765 4815 2991 4878 propter
3035 4805 3325 4861 adunatam
3369 4803 3469 4872 ipsi

1875 4901 2081 4975 [Batus
2116 4919 2218 4956 om.
2254 4900 2379 4974 ipsi]
2406 4901 2669 4957 viviﬁcam
2693 4901 2970 4956 deitatem.

1942 4994 2244 5050 Conﬁtctur
2286 5004 2465 5049 autem
2510 4995 2629 5064 ipse
2671 5009 2906 5063 quoque,
2957 4985 3086 5048 licet
3121 4991 3332 5065 [Batus
3366 5006 3466 5042 om.

1871 5069 2021 5159 licet]
2045 5089 2258 5154 invitus,
2291 5087 2645 5142 differentiam
2677 5093 3012 5153 naturarum,
3054 5100 3269 5142 carnem
3299 5083 3472 5137 nomi-

1875 5193 2008 5234 nans
2023 5188 2076 5234 et
2095 5180 2265 5235 Deum
2286 5179 2542 5242 Verbum,
2567 5186 2620 5232 et
2636 5179 2909 5248 propriam
2928 5177 3097 5248 ipsius
3111 5177 3294 5232 dicens
3310 5174 3473 5228 fuisse

1878 5290 2097 5329 carnem
2124 5293 2136 5328 :
2164 5275 2325 5344 igitur
2347 5290 2453 5328 non
2486 5274 2629 5329 Deus
2655 5267 2891 5328 Verbum
2919 5273 2974 5328 in
2996 5272 3176 5329 carnis
3223 5279 3472 5326 naturam

1357 5385 1895 5466 CASTIGATIONES
1933 5408 2024 5464 ET
2064 5406 2297 5464 now.

247 5493 272 5533 ³
303 5494 507 5551 8211112.:
535 5484 645 5553 Sibi
674 5508 722 5552 et
741 5508 917 5552 sancto
935 5491 1128 5551 dedicet
1155 5479 1330 5551 Patri?
1346 5493 1757 5564 Hicne,ctc.En.

247 5564 275 5642 ιζ
307 5567 484 5642 Verba
529 5569 588 5625 Si
625 5579 1118 5642 consummatus”...
1150 5572 1316 5641 factus
1360 5579 1436 5624 est
1483 5574 1756 5642 perfectus,

174 5633 429 5694 Baluztus
453 5651 564 5696 non
587 5642 776 5697 ὴιὺιτι.
815 5639 972 5697 Eutr.

1911 5581 1929 5627 ι
1953 5512 1975 5539 ο
2004 5500 2189 5624 Ealuz.
2215 5497 2468 5556 Omnibus
2491 5504 2605 5557 eant
2630 5501 2897 5558 sententiis
2933 5501 3184 5577 inferens,
3218 5497 3472 5573 “NW.

1933 5589 1979 5627 c.
2023 5587 2034 5604 ⁴
2053 5588 2161 5625 DlT.

1875 5587 1979 5629 οιο.
2005 5587 2161 5625 ILDIT.
