3982 6278
532 323 649 386 ωδ

1032 324 1228 388 MAR"
1266 325 1708 383 MERCATORIS
1745 318 2314 388 TRANSLATIONES
2349 328 2710 391 VARIORUM
2747 329 3281 392 OPUSCULORUM.

3673 337 3815 397 i000

529 460 852 506 conversum
876 450 990 512 est;
1029 445 1124 501 sed
1152 445 1425 517 propriam
1451 445 1616 501 habet
1642 461 1879 512 carnem,
1905 460 2114 502 assum-
2141 451 2190 510 Δ
2218 452 2287 506 sit
2333 467 2515 518 carne,
2565 459 2624 507 et
2659 451 2977 508 cruciﬁxum
3022 467 3204 519 carne,
3234 459 3291 508 et
3316 458 3551 508 mortem
3577 453 3812 523 gustavit

531 547 683 612 ptam
708 539 914 596 scilicet
951 546 1218 605 naturam,
1248 546 1305 594 et
1340 536 1609 594 viviﬁcam
1646 553 1768 594 eam
1796 538 2122 595 adunatione

534 630 734 688 effecit.

1001 715 1282 758 BESPONSIO
1327 715 1654 758 οιτιιουοιι.

603 793 706 862 Qui
734 809 766 849 a
793 791 1000 867 [Baluz.
1024 810 1128 848 om.
1173 793 1227 866 a]
1256 795 1420 850 rectis
1447 803 1503 850 et
1529 794 1673 850 veris
1701 793 2122 863 cogitationibus

528 901 630 957 per
657 885 976 956 imperitiam
1003 884 1209 955 delapsi
1230 894 1373 954 sunt,
1399 901 1539 957 pene
1565 887 1730 942 etiam
1750 886 1972 942 dicunt:
2008 885 2121 942 Po-

528 980 724 1034 suimus
750 977 1075 1032 mendacium
1095 995 1238 1049 spem
1260 991 1509 1046 nostram,
1540 989 1592 1034 et
1616 979 1888 1034 mendacio
1914 980 2120 1049 operie-

528 1086 645 1124 mur
673 1068 826 1139 (Isai.
859 1085 1042 1133 xxvm,
1066 1069 1179 1139 xv).
1212 1069 1268 1124 ln
1299 1085 1691 1140 quemcumque
1729 1071 1872 1126 enim
1896 1070 2024 1140 ipsis
2052 1069 2120 1124 li-

525 1161 696 1216 bitum
726 1159 904 1226 fuerit,
927 1159 1209 1230 proferunt
1232 1162 1624 1218 inconsiderate
1644 1163 1996 1227 sententiam;
2020 1175 2122 1217 nec

526 1253 889 1308 meminerunt
915 1252 1108 1307 divina:
1135 1251 1426 1324 Scriptura:
1446 1253 1671 1309 dicentis
1696 1271 1708 1307 :
1733 1252 2000 1307 Iudicium
2023 1254 2118 1325 ju-

524 1356 660 1402 stum
679 1346 914 1418 judicate
935 1344 1121 1417 (Zach.
1147 1363 1238 1412 vn,
1263 1345 1340 1416 9).
1371 1345 1438 1401 Et
1480 1363 1666 1402 rursus
1693 1365 1704 1400 :
1741 1346 1905 1401 Testis
1954 1345 2118 1418 falsus

526 1456 632 1495 non
652 1440 749 1494 erit
766 1440 1049 1510 impunitus
1072 1437 1253 1511 (Prov.
1272 1456 1379 1506 ιιι,
1397 1439 1473 1511 5).
1499 1439 1608 1495 Nos
1631 1440 1831 1495 etenim
1851 1438 2120 1494 viviﬁcum

526 1544 645 1584 esse
665 1529 891 1584 dicimus
913 1536 1161 1584 sanctum
1188 1544 1384 1599 corpus
1409 1530 1692 1585 salvatoris
1712 1530 1949 1584 omnium
1963 1528 2119 1583 Chri-

525 1623 614 1677 sti.
648 1621 744 1676 Est
761 1637 995 1691 namque
1025 1637 1132 1676 non
1164 1622 1320 1678 unius
1342 1622 1658 1692 simpliciter
1705 1623 1892 1678 similis
1947 1622 2118 1678 nostri

525 1713 779 1779 hominis,
809 1721 866 1768 et
887 1715 1216 1780 communis;
1260 1717 1537 1784 proprium
1565 1723 1745 1770 autem
1775 1716 1945 1784 magis
1989 1731 2116 1771 vere

523 1802 709 1870 Verbi,
731 1803 877 1874 quod
904 1805 1084 1860 omnia
1113 1802 1366 1861 viviﬁcat.
1392 1806 1483 1861 Sic
1503 1814 1683 1861 autem
1720 1807 2016 1876 pr0prium,
2055 1815 2116 1860 ut
2143 1833 2190 1890 Β

525 1895 570 1949 si
591 1894 732 1951 forte
750 1894 960 1952 dicatur
990 1896 1409 1968 uniuscujusque
1429 1899 1599 1954 nostri
1619 1898 1897 1970 proprium
1917 1913 2116 1969 corpus

524 2004 703 2044 suum.

596 2078 697 2136 Hic
715 2085 896 2134 autem
924 2078 1008 2134 vir
1031 2079 1224 2148 bellus,
1255 2080 1600 2136 verbositatis
1629 2096 1737 2136 sum
1767 2082 1820 2136 in
1851 2097 1950 2138 nos
1996 2083 2116 2138 nul-

526 2185 637 2224 tum
655 2169 876 2225 modum
901 2171 1162 2240 praeteriit
1181 2171 1520 2235 intentatum,
1547 2173 1789 2241 quamvis
1810 2173 2008 2228 nostris
2035 2173 2117 2228 di-

526 2261 629 2316 ctis
655 2261 978 2317 consentiat.
1028 2260 1197 2316 inurit
1217 2261 1428 2335 [Baluz.
1458 2261 1721 2336 nominat]
1749 2279 1935 2318 rursus
1963 2263 2119 2318 nobis

527 2352 851 2424 Apollinaris
879 2353 1174 2424 impietatis
1201 2352 1509 2420 infamiam;
1542 2369 1642 2410 nec
1661 2356 1949 2422 erubescit,
1967 2371 2118 2411 com-

525 2457 837 2499 memorans
861 2457 951 2500 me
971 2444 1152 2499 verbis
1178 2443 1316 2508 aliis,
1350 2460 1414 2500 ac
1441 2446 1786 2511 dictionibus,
1808 2462 1923 2501 rem
1965 2462 2117 2501 com-

525 2533 804 2590 mixtionis
821 2535 936 2589 sive
955 2533 1285 2590 confusionis
1305 2536 1598 2602 occultare,
1622 2543 1677 2592 et
1717 2537 2007 2591 inanimam
2037 2536 2119 2591 di-

526 2639 654 2682 cere
674 2639 893 2681 carnem
919 2623 1100 2682 Verbo
1129 2625 1491 2695 coniunctam.
1524 2625 1632 2682 Sed
1656 2626 1854 2682 dixerit
1901 2627 1968 2681 ad
1994 2643 2120 2682 eum

525 2717 666 2775 forte
711 2719 904 2788 aliquis
936 2734 948 2770 :
992 2717 1036 2773 Ο
1068 2717 1150 2772 vir
1177 2719 1409 2788 optime,
1455 2718 1641 2774 iisdem
1682 2720 1846 2774 etiam
1902 2719 2120 2775 beatum

526 2809 788 2866 Joannem
827 2810 1140 2866 criminibus
1187 2809 1498 2876 accusabis;
1555 2811 1629 2864 ait
1672 2810 1855 2866 enim:
1901 2808 2120 2864 Verbum

529 2919 649 2957 caro
687 2904 884 2974 factum
930 2911 1006 2956 est
1036 2900 1217 2973 (Joan.
1258 2917 1297 2967 ι,
1348 2900 1462 2972 14).
1495 2901 1605 2969 Age
1627 2901 1790 2970 igitur
1825 2916 1947 2957 cum
1999 2901 2120 2971 ipso

529 2996 693 3051 etiam
725 2995 1042 3059 insolenter,
1067 3001 1124 3049 et
1146 2993 1249 3059 dic,
1274 2993 1465 3048 anima:
1494 3009 1617 3049 eum
1652 3009 1764 3049 non
1810 2993 2121 3049 meminisse

528 3088 887 3153 rationabilis,
928 3086 1026 3142 sed
1071 3087 1362 3141 inanimam
1411 3087 1592 3142 dicere
1636 3087 1847 3141 Domini
1876 3100 2114 3142 carnem.

2222 561 2407 612 carne,
2437 554 2492 601 et
2522 546 2720 601 factum
2748 545 3163 616 primogenitum
3193 561 3261 602 ex
3288 547 3536 614 mortuis,
3558 562 3624 602 eo
3645 547 3809 618 quod,

2223 646 2280 690 ut
2308 637 2447 692 Deus
2475 636 2684 710 [Balus.
2709 654 2812 692 om.
2843 644 2903 693 ut
2927 635 3115 708 Deus],
3137 636 3230 693 det
3253 638 3442 707 vitam,
3466 647 3522 695 et
3551 640 3624 696 sit
3643 640 3810 695 viviﬁ-

2221 744 2373 796 cum;
2406 730 2695 784 anathema
2726 730 2816 784 sit.

2675 856 3039 898 RBPREBENSIO
3061 857 3349 899 εικετιοι.

2292 950 2578 1007 Passiones
2623 959 2830 1008 natura:
2883 952 3091 1025 [Βαιαι.
3144 969 3248 1009 om.
3283 949 3517 1026 naturas]
3543 954 3808 1023 passibilis

2221 1043 2452 1114 promite
2473 1051 2630 1109 sunt;
2653 1044 3018 1114 impassibilis,
3049 1045 3389 1116 passionibus
3415 1045 3668 1117 superior
3701 1055 3804 1112 est;

2221 1149 2377 1204 passa
2399 1143 2485 1190 est
2510 1135 2673 1204 igitur
2700 1137 2843 1192 servi
2871 1136 3065 1203 forma,
3095 1137 3406 1193 adhaerente
3452 1137 3557 1208 ipsi
3607 1138 3810 1194 scilicet

2221 1225 2383 1281 etiam
2437 1226 2534 1282 Dei
2577 1226 2770 1293 forma,
2801 1237 2858 1283 et
2884 1229 3230 1298 permittente
3257 1227 3477 1298 quidem
3515 1229 3652 1300 pati,
3684 1244 3806 1298 pro-

2221 1324 2343 1386 pter
2387 1319 2638 1385 salutem,
2691 1333 2811 1388 quze
2849 1335 2918 1374 ex
2945 1318 3286 1390 passionibus
3313 1317 3492 1376 fuerat
3518 1328 3805 1389 eventura;

2221 1423 2346 1463 suas
2383 1424 2514 1465 vero
2570 1411 2870 1480 passiones,
2895 1419 3117 1482 propter
3146 1411 3552 1476 adunationem,
3601 1413 3810 1468 dicente

2221 1499 2430 1575 [Baluz.
2486 1501 2777 1574 ducente]:
2833 1517 2962 1572 ergo
3015 1519 3125 1559 non
3163 1505 3306 1561 Deus
3351 1521 3543 1576 passus
3582 1514 3688 1570 est,
3722 1506 3810 1562 sed

2220 1592 2429 1666 [Baluz.
2462 1593 2589 1648 add.
2613 1591 2681 1666 is]
2711 1595 2895 1659 homo,
2926 1597 3018 1665 qui
3039 1611 3106 1651 ex
3134 1596 3289 1651 nobis
3313 1612 3343 1651 a
3368 1597 3480 1652 Deo
3506 1605 3810 1667 assumptus

2220 1692 2321 1739 est.
2371 1683 2665 1756 Propterea
2717 1694 2772 1740 et
2817 1686 3009 1742 beatus
3053 1686 3218 1743 Isaias
3259 1696 3386 1743 ante
3425 1689 3808 1757 prmnuntians,

2219 1778 2454 1832 clamat:
2489 1777 2662 1834 Homo
2708 1780 2762 1831 in
2809 1779 2986 1850 plaga,
3017 1789 3066 1833 et
3091 1781 3257 1834 sciens
3289 1783 3424 1851 ferre
3452 1781 3808 1850 inﬁrmitatem

2223 1867 2376 1939 (Isai.
2405 1886 2517 1935 un,
2546 1871 2622 1940 5).
2649 1869 2715 1922 Et
2753 1869 2866 1940 ipse
2896 1870 3150 1924 Dominus
3190 1871 3438 1928 Christus
3485 1872 3554 1927 ad
3597 1870 3809 1928 Judteos

2215 1960 2426 2020 dicebat
2451 1979 2463 2014 :
2499 1957 2637 2025 Quid
2659 1978 2738 2016 me
2765 1963 2996 2034 quazritis
3024 1962 3258 2018 occidere
3278 1964 3555 2027 hominem,
3586 1965 3680 2035 qui
3693 1965 3809 2018 veri-

2218 2062 2373 2107 tatem
2394 2051 2531 2107 vobis
2561 2053 2760 2107 locutus
2788 2070 2900 2108 sum
2921 2053 3100 2123 (Joan.
3135 2070 3245 2119 vm,
3263 2054 3374 2126 40).
3399 2053 3676 2110 Occiditur
3689 2070 3810 2108 vero

2217 2159 2327 2198 non
2358 2143 2472 2213 ipsa
2498 2145 2628 2210 vita,
2655 2145 2752 2199 sed
2779 2145 2870 2212 qui
2900 2146 3185 2200 mortalem
3217 2146 3383 2201 habet
3431 2154 3700 2202 naturam.
3749 2144 3810 2200 Et

2218 2235 2274 2290 id
2300 2235 2427 2289 alibi
2455 2235 2656 2290 docens
2697 2235 2958 2291 Dominus
3011 2237 3080 2291 ad
3124 2235 3340 2292 Judteos
3386 2237 3566 2292 dixit:
3623 2236 3810 2292 Solvite

2220 2326 2462 2397 templum
2491 2327 2650 2392 istud,
2702 2336 2753 2380 et
2798 2328 2854 2381 in
2900 2327 3068 2382 triduo
3090 2327 3417 2398 rewdiﬁeabo
3446 2330 3640 2399 ipsum.
3675 2327 3809 2396 Ergo

2219 2420 2426 2474 solutus
2463 2420 2680 2489 quidem
2719 2429 2824 2486 est,
2873 2422 2965 2490 qui
3007 2429 3089 2476 est
3124 2436 3193 2476 ex
3234 2421 3434 2488 David;
3469 2423 3810 2478 resuscitavit

2219 2527 2352 2566 vero
2392 2512 2649 2578 solutum,
2699 2514 3034 2581 unigenitum
3077 2514 3219 2569 Deus
3274 2513 3533 2580 Verbum,
3575 2515 3726 2584 quod
3747 2529 3809 2570 ex

2219 2600 2382 2659 Patre
2408 2603 2814 2674 impassibiliter
2841 2612 2968 2660 ante
2990 2607 3185 2661 saecula
3215 2615 3401 2661 natum
3427 2614 3532 2662 est.

2694 2741 2976 2784 RESPONSIO
3003 2742 3328 2784 οιιτιιουοιι.

2291 2837 2388 2894 Est
2411 2838 2630 2908 quidem
2654 2839 2995 2910 impassibilis
3014 2842 3203 2911 procul
3222 2841 3385 2898 dubio
3406 2840 3570 2898 Verbi
3599 2853 3808 2910 natura,

2220 2936 2276 2985 et
2304 2930 2359 2984 id
2389 2930 2519 2985 nulli
2550 2938 2634 2985 est
2659 2931 2960 2997 hominum,
2989 2940 3049 2986 ut
3073 2933 3285 3002 opinor,
3321 2932 3605 2989 incertum.
3634 2934 3812 3004 Neque

2219 3020 2366 3075 enim
2383 3019 2450 3074 ad
2472 3030 2580 3075 tam
2598 3021 2842 3076 insanam
2855 3021 3181 3076 dementiam
3204 3023 3490 3092 quisquam
3510 3023 3807 3089 delabetnr,

2219 3117 2280 3165 ut
2307 3109 2453 3164 illam
2476 3124 2728 3165 arcanam
2750 3118 2806 3165 et
2830 3110 3171 3181 passionibus
3199 3111 3537 3180 superiorem
3566 3123 3812 3168 naturam

531 3182 667 3276 Quid
713 3181 756 3236 εί
778 3180 970 3276 *θίίδω
1017 3179 1192 3276 ips“?
1231 3178 1411 3276 dic‘ff'e
1435 3179 1667 3276 3“.d_i_e"i5
1690 3177 1965 3276 Christum
1994 3193 2114 3233 om'
2140 3198 2187 3263 C
2219 3201 2366 3258 dicat
2387 3202 2589 3257 nostris
2616 3177 3019 3257 inﬁrmitatibus
3047 3202 3219 3258 teneri
3243 3177 3454 3276 [Datum
3498 3201 3810 3276 contineri].

529 3273 676 3327 nium
717 3272 1040 3326 salvatorem
1067 3288 1079 3323 :
1109 3271 1276 3324 Amen
1313 3270 1428 3326 dico
1457 3255 1614 3336 v5bis,
1646 3271 1747 3324 nisi
1777 3270 2118 3325 manducave-

530 3367 643 3420 ritis
674 3380 883 3418 carnem
911 3360 1041 3417 Filii
1080 3363 1326 3428 hominis,
1355 3369 1404 3416 et
1431 3359 1658 3416 biberitis
1698 3363 1857 3432 ipsius
1907 3362 2121 3434 sangui-

531 3473 669 3520 nem,
691 3472 795 3510 non
817 3454 1067 3508 habebitis
1087 3455 1243 3508 vitam
1261 3455 1318 3506 in
1345 3452 1504 3508 vobis.
1533 3451 1599 3505 Et
1621 3469 1803 3507 rursus
1830 3471 1841 3504 :
1869 3451 2121 3516 Quiman-

533 3547 688 3600 ducat
715 3562 923 3599 carnem
949 3561 1136 3609 meam,
1157 3554 1207 3599 et
1235 3545 1360 3598 bibit
1387 3545 1691 3616 sanguinem
1721 3560 1906 3608 meum,
1941 3545 1995 3596 in
2040 3559 2121 3597 me

533 3648 727 3701 manet,
749 3647 797 3691 et
817 3653 910 3707 ego
931 3637 985 3690 in
1006 3637 1138 3706 ipso.
1172 3635 1239 3689 Et
1267 3651 1450 3689 rursus
1478 3653 1490 3686 :
1523 3635 1687 3689 Panis
1744 3645 1931 3700 autem,
1974 3651 2122 3706 quem

535 3747 630 3801 ego
677 3728 831 3793 dabo,
855 3744 974 3781 caro
1021 3742 1135 3780 mea
1154 3735 1232 3780 est
1249 3742 1342 3796 pro
1364 3726 1543 3779 mundi
1574 3728 1677 3778 vita
1708 3725 1884 3796 (Joan.
1908 3741 1980 3791 vt,
2006 3724 2117 3798 54).

533 3824 756 3888 lnsulta,
781 3823 824 3879 si
853 3820 1142 3883 videbitur,
1175 3819 1338 3874 etiam
1363 3819 1462 3888 ipsi
1483 3818 1660 3874 Verbo
1685 3836 1697 3871 :
1731 3834 1948 3874 carnem
1978 3818 2120 3873 enim

537 3914 782 3971 nominat
829 3921 1058 3978 tantum,
1086 3926 1187 3967 nec
1213 3913 1406 3967 animus
1433 3911 1768 3988 rationabilis
1797 3912 1850 3966 in
1878 3912 1962 3968 his
1993 3910 2121 3967 facit

537 4022 765 4078 usquam
786 4006 1138 4062 mentionem.

605 4099 675 4152 At
690 4109 768 4165 tu,
795 4098 840 4154 si
860 4112 1024 4166 sagax
1041 4111 1186 4152 esses
1211 4103 1268 4152 et
1288 4096 1523 4166 sapiens,
1545 4111 1654 4152 non
1676 4096 1953 4165 ignorares
1976 4093 2124 4165 quod

533 4189 852 4260 plerumque
881 4187 1045 4242 etiam
1075 4187 1189 4241 sola
1207 4187 1387 4242 carnis
1413 4188 1687 4242 mentione
1730 4186 1948 4253 animal,
1977 4185 2124 4256 quod

532 4290 618 4336 est
663 4297 728 4336 ex
758 4281 936 4333 anima
965 4289 1021 4334 et
1049 4293 1298 4348 corpore,
1347 4279 1676 4348 designetur,
1714 4280 1768 4334 id
1797 4288 1898 4344 est,
1930 4280 2116 4334 homo.

532 4373 803 4442 Scriptum
831 4381 913 4428 est
933 4374 1112 4428 enim:
1143 4371 1278 4444 quod
1304 4372 1490 4428 videbit
1529 4375 1696 4428 omnis
1731 4391 1850 4427 caro
1884 4374 2121 4427 salutare

534 4463 632 4518 Dei
661 4462 816 4535 (Isai.
851 4480 939 4529 η,
963 4462 1037 4534 5).
1069 4462 1213 4534 Ergo
1237 4465 1328 4534 qui
1350 4480 1567 4520 carnem
1589 4465 1717 4519 dicit
1738 4462 1899 4519 fuisse
1920 4463 2122 4518 factum

2219 3291 2328 3348 Sed
2355 3291 2610 3362 quoniam
2634 3291 2813 3362 passio
2836 3291 3036 3348 mundo
3055 3291 3236 3348 futura
3258 3303 3374 3348 erat
3395 3294 3678 3361 salutaris;
3703 3303 3816 3351 erat

2219 3393 2400 3440 autem
2428 3384 2779 3455 impossibile,
2801 3391 2861 3440 ut
2880 3383 2935 3439 in
2960 3399 3059 3440 sua
3079 3392 3272 3440 natura
3297 3384 3530 3441 Verbum
3554 3386 3702 3441 Deus
3723 3387 3816 3441 ali-

2219 3478 2349 3548 quid
2369 3484 2673 3549 pateretur;
2696 3477 3153 3549 dispensationem
3174 3477 3335 3532 subiit
3359 3478 3636 3548 sapienter
3663 3497 3675 3531 :
3701 3494 3817 3548 pro-

2221 3571 2397 3640 prium
2426 3570 2570 3626 enim
2598 3585 2796 3641 corpus
2819 3569 2963 3636 fecit,
2992 3569 3134 3640 quod
3162 3578 3378 3641 poterat
3403 3571 3537 3641 pati,
3586 3581 3653 3625 ut
3699 3588 3815 3626 cor-

2222 3678 2354 3733 pore
2373 3663 2632 3734 patiente,
2655 3663 2772 3733 ipse
2792 3677 2981 3734 passus
2999 3660 3167 3741 fuisse
3186 3662 3418 3728 dicatur,
3435 3662 3561 3718 licet
3580 3663 3704 3734 ipse
3722 3679 3816 3736 per

2221 3769 2374 3811 suam
2394 3763 2643 3811 naturam
2669 3755 3012 3825 impassibilis
3034 3755 3440 3826 permansisset.

2292 3845 2491 3901 Verum
2517 3847 2775 3915 quoniam
2793 3861 2955 3901 carne
2975 3862 3166 3916 passus
3187 3853 3270 3900 est
3290 3845 3498 3910 volens,
3523 3856 3817 3918 propterea

2221 3936 2464 3992 omnium
2491 3936 2748 4001 salvator,
2777 3945 2835 3991 et
2859 3943 2964 4002 est,
2986 3943 3044 3992 et
3071 3936 3398 3991 nominatur.
3434 3933 3499 3990 Ut
3521 3937 3672 3992 enim
3690 3936 3819 3992 Pau-

2221 4026 2305 4084 lus
2325 4027 2403 4083 ait
2428 4045 2443 4082 :
2475 4025 2661 4082 Gratia
2680 4026 2778 4082 Dei
2805 4044 2900 4100 pro
2925 4027 3158 4083 omnibus
3179 4028 3400 4099 gustavit
3420 4037 3640 4082 mortem
3657 4026 3814 4100 (Heb.

2219 4135 2280 4187 ιι,
2309 4117 2387 4192 9).
2441 4118 2693 4176 Testatur
2719 4135 2851 4176 vero
2879 4121 3045 4176 etiam
3071 4119 3284 4176 divinus
3312 4118 3504 4175 Petrus
3531 4121 3819 4191 sapientis-

2221 4213 2359 4268 sime
2386 4211 2570 4268 diceus
2596 4229 2622 4292 τ’
2642 4210 2850 4267 Christo
2878 4228 3000 4284 ergo
3019 4228 3175 4284 passo
3195 4229 3288 4283 pro
3311 4212 3459 4266 nobis
3489 4211 3532 4283 (l
3564 4210 3714 4267 Petr.
3745 4228 3817 4279 tv,

2223 4305 2300 4377 1).
2347 4305 2466 4386 Non
2503 4305 2721 4361 deitatis
2749 4305 2933 4376 utique
2959 4313 3169 4372 natura,
3201 4304 3296 4360 sed
3343 4317 3526 4360 carne.
3572 4303 3819 4374 Denique

2221 4415 2459 4469 quonam
2473 4398 2637 4454 modo
2658 4397 2917 4453 Dominus
2937 4397 3124 4466 gloriae
3143 4397 3427 4453 cruciﬁxus
3447 4411 3568 4454 esse
3591 4395 3819 4452 dicitur?

2221 4509 2330 4562 quo
2362 4493 2491 4548 item
2521 4491 2683 4546 modo
2711 4491 2775 4558 is,
2805 4506 2896 4561 per
2919 4506 3069 4563 quem
3095 4491 3291 4556 omnia,
3331 4499 3380 4543 et
3401 4491 3457 4544 in
3486 4505 3586 4560 quo
3642 4490 3820 4544 omnia

532 4555 791 4620 Verbum,
823 4569 931 4609 non
959 4555 1170 4623 ignorat
1199 4556 1418 4610 omnino
1445 4571 1502 4611 se
1539 4555 1701 4610 etiam
1730 4555 1921 4609 anima:
1948 4554 2118 4610 ratio-

2225 4554 2463 4638 erdinata
2489 4592 2610 4638 sunt
2639 4580 2680 4652 (ἰ
2702 4554 2824 4638 ϐὀτί
2855 4597 2912 4648 ιι,
2932 4554 3000 4647 S;
3034 4579 3168 4636 Heb.
3202 4554 3402 4649 11,10),
3432 4554 3596 4634 ut'ait
3623 4580 3820 4635 beatus

532 4646 726 4702 nabilis
772 4644 951 4701 facere
992 4646 1344 4700 mentionem.
1375 4646 1592 4712 Verum,
1624 4645 1768 4716 quod
1797 4664 1826 4700 ιι
1856 4645 2120 4716 principio

530 4739 663 4807 dixi,
707 4741 758 4795 in
800 4730 1206 4810 probatiOnibus
1231 4737 1504 4803 deﬁciens,
1533 4740 1738 4794 invenit
1769 4740 1867 4794 sibi
1897 4739 2120 4794 menda-

529 4831 675 4887 cium
707 4837 1040 4899 tegumento,
1088 4837 1144 4886 et
1186 4828 1500 4884 calumniari
1543 4838 1789 4895 conatur,
1821 4838 1878 4884 ut
1918 4829 2120 4900 aliquid

528 4923 709 4979 dicere
746 4922 1008 4978 videatur.

597 5013 668 5068 At
712 5029 863 5078 vero,
919 5012 1127 5086 [Baluz.
1172 5013 1296 5067 add.
1332 5011 1464 5084 non]
1496 5013 1768 5069 hominem
1789 5021 2118 5085 assumptum

525 5103 691 5160 fuisse
745 5119 777 5158 a
825 5103 956 5168 Deo,
1002 5104 1200 5158 sanctis
1241 5103 1491 5160 Patribus
1517 5093 1624 5160 non
1650 5106 1898 5160 videtur:
1931 5105 2118 5175 Neque

525 5196 670 5251 enim
697 5195 770 5250 ita
798 5209 1052 5264 umquam
1065 5195 1436 5262 crediderunt;
1466 5196 1559 5251 sed
1580 5197 1750 5266 ipsum
1763 5199 1931 5266 magis
1948 5199 2117 5254 Deum

523 5287 764 5343 Verbum
803 5288 1077 5343 hominem
1100 5286 1300 5343 factum
1330 5302 1453 5343 esse
1484 5287 1756 5354 dixerunt,
1787 5289 2116 5345 adunatum-

524 5393 631 5448 que
664 5379 813 5438 carni
859 5379 1077 5434 habenti
1131 5378 1365 5433 animam
1415 5379 1804 5435 rationabilem.
1832 5381 2113 5437 luconfusa

523 5478 726 5537 autem,
766 5478 821 5526 et
848 5469 1050 5539 absque
1071 5472 1424 5527 conversione
1451 5472 1672 5527 omnino
1697 5480 1780 5528 est
1808 5474 2067 5530 adunatio
2093 5493 2106 5528 :

521 5560 930 5618 inconvertibile
955 5569 1036 5616 est
1055 5563 1198 5617 enim
1225 5563 1322 5620 Dei
1349 5563 1603 5632 Verbum,
1633 5574 1689 5621 et
1717 5566 1790 5620 ita
1812 5568 2104 5625 credimus.

885 5691 1364 5736 ANATHEIIATISIUB
1388 5695 1736 5737 DUODECIIIUS.

2221 4674 2438 4740 Paulus,
2469 4673 2625 4729 datus
2652 4681 2736 4729 est
2762 4687 2793 4728 a
2822 4673 2935 4730 Deo
2975 4680 3032 4729 et
3055 4671 3218 4727 Patre
3246 4680 3408 4741 caput
3436 4674 3688 4742 corporis
3719 4671 3821 4728 Ec-

2221 4769 2418 4831 clesiaa,
2451 4765 2623 4822 factus
2650 4767 3042 4837 primogenitus
3065 4779 3131 4821 ex
3160 4765 3426 4821 mortuis?
3467 4766 3650 4820 carnis
3677 4767 3822 4821 scili-

2220 4869 2308 4918 cet
2359 4861 2641 4933 passiones
2679 4860 3015 4916 familiariter
3057 4874 3281 4931 passus;
3324 4856 3583 4912 Dominus
3633 4868 3822 4913 autem

2219 4952 2405 5022 gloria:
2449 4965 2789 5022 nequaquam
2838 4948 2940 5006 fuit
2966 4949 3130 5005 homo
3168 4946 3341 5004 nostri
3367 4945 3558 5003 similis
3586 4956 3646 5002 et
3668 4964 3824 5004 com-

2221 5047 2418 5102 munis.

2292 5138 2400 5195 Sed
2435 5137 2576 5194 forte
2601 5137 2748 5193 dices
2777 5133 3027 5192 sufﬁcere
3062 5135 3326 5191 unitatem
3364 5134 3433 5191 ad
3471 5134 3821 5206 probandum

2224 5245 2387 5285 unum
2425 5244 2544 5285 esse
2579 5228 2854 5284 Christum
2893 5233 2948 5283 et
2988 5226 3275 5283 Dominum
3305 5225 3640 5282 cruciﬁxum.
3675 5226 3824 5297 Ergo

2224 5323 2403 5377 omnia
2434 5322 2680 5377 dicantur
2706 5319 2895 5390 ipsius,
2923 5326 2979 5374 et
3007 5317 3262 5374 credatur
3300 5317 3398 5375 Dei
3424 5317 3668 5374 Verbum
3700 5334 3824 5375 esse

2218 5413 2488 5481 Salvator,
2531 5426 2855 5484 permanens
2901 5409 3116 5480 quidem
3163 5409 3491 5480 impassibile
3516 5412 3825 5468 secundum

2218 5502 2434 5560 deitatis
2480 5511 2747 5568 naturam,
2776 5515 2942 5557 carne
2987 5508 3166 5557 autem
3214 5516 3453 5571 passum,
3479 5501 3637 5572 juxta
3670 5502 3826 5573 quod

2215 5593 2350 5650 dixit
2379 5593 2570 5650 Petrus
2602 5612 2615 5648 :
2648 5594 2816 5665 ipsius
2844 5592 2989 5648 enim
3036 5599 3154 5648 erat
3192 5593 3472 5663 proprium
3499 5607 3599 5664 per
3622 5607 3827 5648 veram

2214 5685 2597 5742 adunationem
2625 5701 2842 5755 corpus,
2865 5682 3012 5755 quod
3031 5691 3260 5738 mortem
3281 5683 3536 5752 gustavit.
3566 5681 3827 5755 Denique

590 5764 772 5838 Siquis
795 5781 907 5825 non
940 5768 1260 5828 conﬁteatur
1294 5771 1441 5842 quod
1478 5771 1575 5829 Dei
1602 5772 1835 5829 Verbum
1883 5784 2100 5842 passum
2212 5776 2485 5846 quomodo
2525 5794 2590 5833 ea:
2629 5775 2829 5832 ludatis
2885 5773 3167 5832 καιιιάαηι
3212 5789 3423 5829 carnem
3475 5771 3726 5830 Christus
3775 5781 3828 5831 st
