3924 6282
526 311 666 372 Ιίοῖ

1044 313 1239 372 MAR"
1276 316 1719 379 MERCATORIS
1764 319 2332 385 TRANSLA'IIONES
2375 328 2729 387 VARIORUM
2767 329 3292 392 OPUSCULORUM.

3708 344 3865 401 £068

522 433 611 480 tus
630 424 797 481 David
824 425 1002 497 psallit
1028 426 1097 482 ad
1124 426 1316 484 Filium
1348 447 1361 483 :
1387 429 1629 486 Dileeisti
1642 433 1902 504 justitiam
1930 443 1982 490 et
2008 436 2116 492 odi-
2140 447 2192 507 Α
2217 455 2390 496 mana.-
2409 442 2641 498 hominis
2660 454 2867 500 natura:
2886 447 3132 516 spiritum
3152 450 3450 520 accipiens,
3473 461 3542 508 ut
3565 453 3626 508 in
3643 469 3711 508 se
3733 456 3861 526 ipso

520 519 594 572 sti
617 519 959 589 iniquitatem,
988 519 1104 575 ideo
1134 522 1284 575 unxit
1320 530 1367 575 te
1399 519 1539 576 Deus
1568 521 1709 578 Deus
1739 532 1852 580 tuus
1881 526 1994 582 oleo
2016 526 2116 583 lte-

525 609 651 663 titice
679 608 795 681 (Ps.
830 626 976 677 xuv,
1008 610 1087 681 8).

597 699 803 756 Unctus
822 708 906 758 est
932 702 1095 771 igitur
1112 704 1361 775 exemplo
1382 712 1569 761 nostro
1596 705 1765 762 Filius
1793 707 2118 766 innocentia:

521 792 787 859 laudibus,
819 803 893 856 et,
919 802 980 849 ut
1000 803 1126 849 ante
1144 794 1272 861 dixi,
1306 796 1358 852 in
1380 797 1499 868 ipso
1520 805 1711 854 natura
1731 800 1966 857 hominis
1995 802 2119 856 illu—

522 892 721 953 strata,
754 894 809 942 et
834 887 992 957 digna
1015 886 1129 956 jam
1164 889 1345 945 sortiri
1392 890 1648 961 Spiritum
1702 903 1965 959 sanctum,
2001 894 2117 965 jam

522 993 632 1032 non
652 979 1026 1044 discessurum,
1050 979 1189 1035 sicut
1209 988 1387 1047 antea,
1415 983 1510 1038 sed
1532 1000 1841 1040 mansurum
1864 987 2034 1056 magis
2061 988 2117 1042 in

521 1068 657 1138 ipsa.
688 1069 923 1139 Ideoque
950 1071 1207 1141 scriptum
1237 1081 1350 1140 est,
1383 1074 1528 1143 quod
1575 1075 1842 1131 descendit
1894 1078 1951 1132 in
1998 1094 2114 1133 eum

520 1161 766 1232 Spiritus,
790 1176 841 1216 et
867 1164 1056 1218 mansit
1094 1181 1248 1234 super
1277 1166 1443 1237 ipsum
1479 1167 1659 1239 (Joan.
1692 1186 1730 1234 ι,
1762 1168 1874 1240 52).
1906 1170 2117 1227 Dicitur

519 1266 649 1320 ergo
676 1250 921 1310 Christus
948 1254 1046 1309 Dei
1070 1255 1327 1322 Verbum,
1358 1258 1503 1327 quod
1532 1268 1754 1330 propter
1782 1275 1883 1316 nos
1918 1269 1977 1319 et
2009 1278 2113 1319 no-

518 1345 616 1400 stri
663 1346 851 1400 similis
880 1347 1043 1401 homo
1091 1356 1173 1402 est
1208 1347 1425 1416 factum,
1459 1358 1515 1405 et
1543 1352 1596 1404 in
1639 1352 1781 1406 servi
1807 1353 1979 1409 forma
2012 1372 2026 1408 :
2058 1361 2114 1410 et

518 1441 735 1510 ungitur
759 1439 963 1513 [Baluz.
997 1442 1270 1514 unguitur]
1290 1444 1506 1513 quidem
1533 1445 1787 1512 humane,
1820 1446 2114 1503 secundum

517 1547 767 1599 carnem;
798 1534 950 1604 ungit
980 1535 1188 1609 [Baluz.
1221 1535 1432 1608 unguit]
1462 1547 1644 1595 autem
1666 1538 1848 1596 divine
1875 1554 1974 1596 suo
1990 1539 2113 1613 Spio

518 1622 627 1678 ritu
654 1638 750 1680 eos
776 1626 870 1694 qui
898 1625 952 1679 in
982 1627 1159 1695 ipsum
1178 1625 1422 1681 credunt.

1152 1761 1381 1818 CAPUT
1417 1763 1481 1818 II.

793 1868 1024 1935 Qualiter
1043 1873 1261 1945 intelligi
1283 1873 1463 1929 debeat
1487 1873 1816 1931 Emmanuel.

586 2002 903 2060 Emmanuel
932 2006 1238 2083 nominatur
1260 2008 1399 2065 Deus
1419 2008 1676 2078 Verbum,
1705 2013 1851 2082 quod
1882 2012 2106 2073 Abralue

512 2114 685 2152 semen
713 2098 1068 2168 apprehendit,
1086 2109 1135 2153 et
1155 2101 1393 2155 similiter
1413 2118 1475 2156 ac
1499 2119 1592 2157 nos
1612 2106 1941 2177 participavit
1958 2109 2106 2162 carni

511 2198 564 2242 et
590 2190 832 2260 sanguini
854 2188 1040 2259 (Hebr.
1068 2208 1131 2255 ιι,
1158 2190 1265 2262 id).
1291 2191 1679 2264 Interpretatur
1698 2204 1878 2253 autem
1898 2197 2106 2254 Emma-

513 2279 658 2344 nuel,
691 2280 971 2335 nobiscum
1014 2282 1171 2337 Deus.
1217 2281 1550 2340 Conlitemur
1575 2294 1775 2354 autem,
1822 2290 2105 2347 nobiscum

514 2367 722 2443 [Belua
751 2388 853 2425 om.
889 2373 1201 2447 nobiscum]
1222 2374 1386 2431 fuisse
1415 2376 1510 2431 Dei
1532 2377 1789 2446 Verbum,
1820 2398 1929 2438 non
1958 2384 2105 2440 loca-

511 2461 636 2516 liter
661 2480 673 2515 :
708 2463 891 2532 inquo
911 2465 1054 2519 enim
1080 2466 1202 2522 loco
1233 2484 1339 2522 non
1361 2477 1444 2523 est
1459 2469 1620 2538 Deus,
1647 2473 1739 2542 qui
1768 2474 1954 2546 implet
1982 2492 2102 2532 om-

510 2556 639 2610 nia?
684 2555 794 2611 Nec
820 2557 963 2627 quod
993 2558 1179 2614 adesse
1223 2560 1381 2618 nobis
1417 2566 1749 2635 conspicitur
1785 2570 1970 2625 auxilii
2013 2586 2104 2627 ra-

508 2647 688 2713 tione;
719 2647 923 2704 dictum
969 2640 1052 2705 est
1080 2652 1222 2707 enim
1266 2655 1371 2710 hoc
1410 2657 1571 2713 modo
1612 2659 1678 2713 ad
1723 2658 1905 2716 Iesum
1934 2661 2102 2720 ﬁlium

508 2741 655 2797 Nave
685 2741 909 2816 [Baluz.
944 2761 1045 2798 om.
1082 2745 1246 2800 illium
1276 2747 1462 2822 Nave]
1496 2767 1509 2803 :
1540 2750 1613 2805 Et
1647 2755 1781 2807 sicut
1815 2772 1959 2810 eram
1986 2773 2101 2812 cum

512 2831 713 2904 Moyse,
737 2835 812 2887 ita
855 2851 942 2889 ero
971 2846 1021 2889 et
1042 2845 1205 2892 tecum
1235 2839 1385 2910 (Ias.
1411 2859 1448 2907 ι,
1479 2840 1555 2911 5).
1589 2842 1694 2898 Sed
1725 2847 1871 2916 quod
1902 2847 2099 2906 factum

510 2933 595 2980 est
623 2926 675 2978 in
707 2927 922 2989 nostris,
956 2927 1007 2981 id
1037 2937 1137 2994 est,
1171 2932 1225 2984 in
1272 2933 1634 3002 humanitate,
1685 2954 1793 2993 non
1841 2940 2099 2998 derelicta

509 3031 607 3071 sua
634 3023 857 3071 natura:
890 3016 1299 3077 inconvertibile
1344 3032 1427 3079 est
1455 3026 1597 3080 enim
1630 3036 1821 3084 natura
1848 3030 1943 3087 Dei
1964 3031 2098 3088 Ver-

508 3106 659 3163 bum.

2221 540 2279 589 et
2304 534 2480 604 primo
2509 534 2628 608 [ΑΙ.
2669 536 2908 591 humana
2936 547 3127 593 natura
3157 540 3408 611 spiritum
3449 544 3783 615 accipiente
3801 548 3858 603 in

2220 626 2363 696 ipso,
2400 631 2460 680 ut
2487 624 2710 698 primo].
2739 625 2956 684 Positus
2983 638 3068 685 est
3103 634 3245 688 enim
3275 633 3656 703 primordium
3682 649 3855 704 gene-

2218 718 2315 783 ris,
2346 732 2533 773 rursus
2561 720 2677 789 ipse
2703 735 2933 790 ungens,
2964 730 3023 778 ut
3048 723 3191 783 Deus
3212 765 3230 791 ,
3253 724 3461 797 Spiritu
3490 736 3705 785 sanun
3728 745 3848 799 eos,

2217 807 2310 875 qui
2339 809 2394 864 in
2423 824 2484 865 se
2512 810 2741 867 credunt
2764 829 2779 865 :
2806 814 3027 883 partim,
3049 815 3175 885 quia
3196 814 3299 872 fuit
3319 818 3620 875 nobiscum
3650 836 3846 878 secun-

2218 898 2346 955 dum
2379 916 2516 971 quas
2545 902 2706 960 modo
2736 903 2949 960 reddidi
2976 907 3247 973 rationes,
3289 916 3345 964 et
3372 909 3444 965 de
3473 926 3548 967 eo
3582 928 3696 969 nos
3721 913 3845 972 [ad

2217 1000 2397 1047 certos
2439 992 2608 1049 Isaias
2636 995 2902 1067 propheta
2942 996 3134 1054 dicens
3170 1015 3184 1052 :
3217 997 3354 1056 Ecce
3385 1000 3560 1074 Virgo
3604 1004 3673 1057 in
3698 1014 3838 1062 nere

2216 1086 2452 1156 accipiet,
2491 1096 2542 1142 et
2570 1090 2738 1159 pariet
2773 1090 2961 1160 ﬁlium,
2981 1100 3033 1146 et
3053 1090 3320 1147 vocabitur
3346 1111 3544 1151 nomen
3568 1096 3696 1168 ejus
3715 1096 3837 1152 ε..

2216 1177 2422 1231 manuel
2452 1175 2627 1250 (Isai.
2653 1196 2741 1243 vn,
2776 1180 2896 1253 ll).
2928 1180 3063 1238 Cum
3111 1184 3258 1241 enim
3305 1194 3501 1242 sancta
3528 1186 3735 1256 Virgo,
3772 1206 3831 1246 ex

2216 1264 2417 1336 Spiritu
2466 1269 2685 1338 quidem
2718 1279 2909 1328 sancto
2948 1288 3236 1345 przngnans
3271 1286 3357 1333 est
3400 1277 3583 1343 facta,
3627 1282 3828 1350 peperit

2217 1365 2397 1412 autem
2426 1360 2723 1416 secundum
2766 1377 2985 1419 carnem
3015 1366 3210 1435 tilium;
3252 1375 3383 1424 tunc
3409 1370 3590 1425 etiam
3620 1368 3825 1425 Emm-

2216 1448 2341 1503 nuel
2369 1448 2544 1507 dictus
2590 1460 2674 1507 est
2706 1472 2718 1507 :
2764 1452 2866 1509 fuit
2903 1457 3049 1512 enim
3086 1459 3387 1528 uobiscum,
3417 1477 3525 1532 per
3550 1464 3817 1521 carnales:

2213 1543 2621 1610 generationem
2649 1545 3037 1617 incorporalis;
3069 1559 3125 1606 et
3156 1550 3211 1606 id
3238 1561 3378 1619 erat,
3417 1555 3575 1623 quod
3607 1570 3712 1625 per
3732 1572 3817 1612 vo-

2215 1646 2336 1687 cem
2357 1633 2526 1689 David
2553 1635 2973 1705 signiticabatur.
3002 1638 3143 1695 Deus
3162 1644 3439 1714 manifeste
3467 1647 3664 1710 ueniet,
3690 1645 3814 1704 De.

2212 1734 2405 1792 noster,
2432 1736 2483 1781 et
2504 1745 2610 1782 non
2638 1728 2811 1784 silebit
2840 1730 3011 1802 (Psal.
3045 1749 3193 1800 nix,
3211 1733 3314 1804 5);
3344 1743 3401 1791 et
3428 1736 3567 1791 illud
3596 1740 3808 1809 Opinor:

2134 1826 2185 1889 Β
2209 1817 2319 1887 ipse
2355 1818 2440 1887 qui
2480 1818 2676 1874 locutus
2723 1838 2856 1885 sum,
2885 1833 3072 1894 prcesto
3099 1841 3233 1879 sum.
3259 1825 3503 1883 Locutus
3543 1831 3696 1884 enim
3720 1846 3806 1901 per

2208 1909 2524 1978 prophetas,
2569 1920 2629 1966 ut
2683 1911 3025 1985 incorporale
3075 1916 3253 1974 adhuc
3280 1917 3561 1987 Verbum,
3600 1921 3809 1979 advenit

2208 1998 2371 2053 etiam
2394 2002 2771 2072 corporaliter.

2813 2072 3043 2132 CAPUT
3079 2077 3165 2133 III.

2780 2162 2920 2230 Quid
2946 2177 3024 2223 est
3056 2167 3233 2225 Iesus.

2277 2270 2343 2326 Vi
2364 2272 2582 2341 quidem
2603 2273 2984 2347 intentionum,
3008 2296 3116 2351 qua
3130 2292 3395 2354 oporteat
3412 2301 3443 2342 a
3468 2289 3625 2345 nobis
3638 2306 3801 2348 unum

2206 2361 2310 2417 dici
2338 2361 2530 2419 Filium
2559 2366 2676 2434 Dei,
2707 2372 3040 2429 tantumdem
3076 2382 3180 2441 est,
3213 2385 3273 2433 et
3293 2376 3540 2448 Christus,
3572 2392 3629 2438 et
3655 2384 3799 2441 Em-

2205 2457 2438 2522 manucl,
2479 2466 2535 2512 et
2560 2457 2753 2526 Iesus;
2803 2471 2859 2519 et
2881 2464 2936 2519 id
2960 2466 3181 2535 quidem
3218 2472 3365 2541 quasi
3399 2488 3461 2527 ex
3489 2490 3549 2528 re
3574 2491 3784 2534 nomen

2205 2555 2289 2602 est
2315 2548 2512 2604 factum
2539 2568 2552 2604 :
2587 2550 2709 2624 Ipse
2734 2556 2892 2622 enim,
2924 2556 3120 2626 inquit,
3142 2562 3367 2617 salvabit
3391 2566 3614 2635 populum
3632 2585 3785 2625 suum

2205 2654 2239 2691 a
2266 2642 2486 2705 peccatis
2514 2643 2620 2697 suis
2667 2643 2880 2715 (Matth.
2911 2664 2949 2713 ι,
2978 2646 3042 2701 2!
3066 2646 3106 2719 ).
3151 2650 3609 2717 Quemadmodum
3648 2660 3791 2717 enim

2202 2730 2515 2788 Emmanne.
2543 2735 2902 2806 snguiﬁcabat,
2927 2755 3024 2810 per
3046 2744 3457 2810 generationem
3485 2763 3555 2803 ex
3579 2751 3788 2808 muliere

2202 2823 2484 2881 nobiscum
2522 2825 2722 2883 factum
2765 2828 2930 2885 fuisse
2982 2831 3075 2886 Dei
3114 2832 3393 2901 Verbum;
3437 2847 3493 2892 et
3543 2839 3781 2909 Christus,

2201 2915 2328 2984 quia
2357 2916 2529 2973 factus
2558 2919 2743 2985 homo,
2776 2930 2971 2978 unctus
2992 2924 3190 2981 dicitur
3212 2926 3371 2997 juxta
3392 2946 3500 2986 nos
3531 2932 3782 2989 humane:
3870 2977 3875 2983 .

2201 3005 2279 3060 ita
2327 3007 2492 3062 etiam
2538 3006 2714 3077 Iesus,
2756 3012 2900 3081 quod
2931 3015 3161 3072 salvavit
3207 3034 3309 3074 nos
3337 3037 3501 3077 suum
3530 3025 3781 3095 populum,

2201 3098 2346 3167 quod
2362 3100 2594 3156 maxime
2615 3118 2739 3157 eum
2761 3103 3114 3171 demonstrat,
3128 3124 3257 3166 vere
3278 3120 3549 3170 etnatura
3571 3117 3783 3174 omnim:

578 3198 843 3255 Caeterum
870 3218 1031 3270 quam
1057 3203 1128 3259 ob
1174 3219 1411 3273 causam,
1455 3224 1576 3264 cum
1621 3213 1779 3282 plane
1803 3216 2013 3275 dicatur
2032 3220 2101 3277 ad
2128 3208 2174 3273 C
2203 3190 2499 3247 dominum
2529 3193 2715 3264 Neque
2742 3197 2887 3251 enim
2924 3198 3159 3256 hominis
3202 3206 3518 3262 communis
3563 3217 3781 3265 cram

505 3290 689 3348 Iesum
719 3291 883 3347 tilium
912 3293 1057 3351 Nave
1104 3295 1322 3370 [Balua
1351 3317 1454 3356 om.
1488 3302 1655 3359 tilium
1702 3307 1908 3382 Nave],
1954 3314 2101 3383 quod

506 3385 641 3437 sicut
681 3400 823 3438 eram
851 3400 965 3439 cum
996 3385 1192 3461 Moyse,
1225 3392 1299 3444 sic
1327 3408 1415 3446 ero
1439 3402 1601 3450 tecum
1631 3396 1847 3469 (Ibid.),
1881 3419 1989 3458 non
2016 3412 2100 3460 est

507 3481 687 3528 tamen
724 3478 1029 3533 nominatus
1057 3478 1411 3540 Emmanuel?
1437 3487 1556 3557 Ipsa
1585 3500 1765 3547 autem
1804 3498 1945 3553 ratio
1974 3507 2056 3554 est
2080 3517 2093 3553 :

508 3565 611 3620 etsi
632 3565 775 3619 enim
798 3583 921 3621 cum
955 3570 1137 3639 aliquo
1167 3583 1474 3631 sanctorum
1521 3579 1684 3637 fuisse
1720 3584 1960 3655 dicatur;
1989 3608 2098 3647 non

506 3663 691 3711 tamen
715 3659 992 3715 nobiscum
1021 3663 1219 3718 factum
1249 3682 1367 3721 esse
1387 3668 1615 3727 dicimus
1642 3676 1809 3732 Deum
1836 3679 2095 3751 Verbum,

507 3749 613 3805 nisi
641 3765 708 3805 eo
731 3759 992 3822 tempore,
1025 3769 1134 3824 quo
1157 3755 1311 3825 juxta
1339 3763 1484 3829 quod
1510 3764 1640 3821 dicit
1663 3768 1889 3839 Barucb,
1915 3775 1968 3828 in
1992 3749 2096 3831 ter;

505 3854 567 3895 ra
589 3842 723 3896 visus
745 3852 837 3907 est,
870 3854 921 3898 et
943 3847 1078 3900 inter
1097 3847 1326 3904 homines
1354 3867 1680 3915 conversatus
1704 3872 1799 3929 est,
1829 3874 1877 3918 et
1897 3883 2097 3924 omnem

444 3970 450 3981 .
505 3933 643 3986 uiam
664 3934 923 3991 inveniens
945 3936 1247 4009 disciplima,
1269 3952 1318 3996 et
1342 3944 1473 4000 dans
1495 3949 1781 4009 eamlacob
1804 3974 1960 4026 puero
1980 3977 2092 4028 suo,

504 4032 556 4077 et
584 4023 753 4080 Israel
780 4025 964 4083 dilecto
986 4046 1017 4083 a
1044 4047 1099 4084 se
1120 4049 1137 4085 :
1162 4034 1269 4103 ipse
1291 4045 1367 4089 est
1389 4040 1522 4093 enim
1548 4039 1686 4097 Dens
1715 4023 1907 4115 noster,
1924 4060 1973 4104 et
1992 4023 2096 4109 non

504 4116 887 4185 comparabitur
914 4119 1046 4176 alius
1070 4122 1141 4176 ad
1167 4140 1281 4178 eum
1312 4126 1560 4199 (Baruch.
1594 4150 1670 4200 ιιι,
1698 4136 1808 4209 58).

576 4205 846 4273 Quantum
884 4211 1028 4265 enim
1057 4213 1124 4267 ad
1164 4215 1260 4271 Dei
1293 4224 1539 4276 naturam
1569 4205 1821 4295 pertinet,
1854 4235 2094 4291 nondum

502 4307 625 4351 erat
662 4301 971 4369 nobiscum;
1003 4306 1228 4361 multum
1258 4311 1399 4365 enim
1429 4313 1653 4371 interest
1680 4320 1822 4376 inter
1840 4324 2095 4385 deitatem

505 4394 561 4442 et
589 4389 1007 4460 humanitatem;
1030 4404 1086 4450 et
1114 4397 1302 4467 ingens
1327 4410 1409 4457 est
1430 4405 1588 4462 nimis
1617 4408 1917 4470 differentia
1946 4426 2095 4474 natu-

508 4493 689 4532 rarum
698 4518 711 4531 .

2206 3297 2328 3338 esse
2355 3283 2594 3351 dicatur;
2617 3285 2808 3343 deceat
2833 3297 3016 3346 autem
3035 3294 3224 3362 magis,
3252 3296 3444 3352 omnia
3463 3298 3661 3365 dicere,
3680 3315 3782 3359 esse

2210 3372 2499 3443 Unigeuiti,
2529 3378 2633 3433 etsi
2658 3379 2829 3435 factus
2851 3382 2922 3437 sit
2941 3383 3124 3441 homo.

2275 3465 2427 3521 Dicet
2456 3467 2595 3524 forte
2623 3470 2817 3541 aliquis
2849 3491 2863 3527 :
2888 3473 3052 3545 Atqui
3080 3475 3282 3550 Moysis
3308 3480 3500 3538 dictus
3526 3492 3609 3540 est
3632 3501 3781 3557 popa-

2202 3555 2285 3611 lus
2312 3555 2494 3612 Israel.
2520 3558 2602 3613 Ad
2630 3560 2736 3617 hoc
2758 3561 3015 3633 dicemus,
3039 3568 3183 3637 quod
3198 3567 3296 3625 Dei
3324 3572 3553 3641 quidem
3577 3555 3781 3647 ράριὶιιις

2203 3648 2515 3705 nominatus
2543 3650 2631 3716 sit,
2662 3659 2717 3706 et
2743 3653 2796 3708 id
2821 3663 2941 3709 erat
2967 3671 3170 3713 verum.
3212 3658 3421 3717 Verum
3451 3666 3701 3734 quoniam
3720 3667 3781 3723 ad

2201 3739 2560 3796 defectionem
2582 3743 2845 3803 deductus
2872 3755 2973 3815 est,
3014 3758 3071 3805 et
3094 3752 3324 3808 vitulum
3345 3755 3481 3811 fecit
3504 3774 3602 3829 per
3625 3759 3781 3817 deser-

2200 3836 2335 3896 tum,
2363 3832 2716 3889 inhonoratus
2735 3846 2817 3891 est
2837 3853 2869 3892 a
2897 3839 3008 3895 Deo
3034 3858 3047 3893 :
3073 3858 3181 3898 non
3206 3845 3355 3899 enim
3377 3847 3501 3916 jam
3523 3866 3668 3906 suum
3686 3866 3777 3907 no-

2200 3922 2408 3978 minare
2454 3926 2711 3995 populum
2760 3928 3100 4000 dignabatur,
3131 3936 3228 3992 sed
3269 3953 3401 4015 eum
3451 3942 3563 4011 jam
3588 3944 3776 4001 homini

2198 4014 2507 4071 destinavit.
2541 4017 2610 4072 At
2637 4035 2738 4075 nos
2765 4037 2873 4077 non
2894 4023 2969 4078 ita
3006 4043 3019 4078 :
3051 4028 3257 4099 proprii
3284 4014 3443 4087 enim
3468 4050 3637 4090 sumus
3659 4033 3768 4104 ﬁlii,

2200 4118 2267 4160 eo
2292 4107 2460 4173 quod,
2493 4117 2549 4163 et
2569 4109 2711 4165 Deus
2733 4113 2822 4178 sit,
2850 4122 2906 4169 et
2930 4130 3030 4186 per
3048 4118 3222 4189 ipsum
3246 4133 3439 4181 creata
3467 4129 3569 4183 sint
3585 4129 3755 4185 omnia

2198 4193 2278 4249 Ita
2307 4196 2452 4250 enim
2498 4198 2575 4252 ait
2622 4198 2789 4256 David
2821 4221 2835 4257 :
2867 4202 3125 4269 Quoniam
3163 4211 3277 4282 ipse
3301 4216 3432 4286 fecit
3458 4234 3584 4285 nos,
3609 4229 3655 4274 et
3678 4236 3779 4275 non

2194 4288 2299 4357 ipsi
2327 4304 2457 4353 nos;
2490 4306 2585 4346 nos
2616 4303 2788 4349 autem
2813 4298 3031 4368 populus
3052 4318 3262 4373 pascua
3286 4307 3435 4378 ejus,
3465 4321 3519 4364 et
3541 4328 3654 4368 ores
3677 4329 3779 4367 ru-

2201 4392 2301 4473 nus
2325 4378 2450 4473 ejus
2481 4378 2653 4473 (Psal.
2685 4400 2832 4453 χιιι,
2866 4387 2942 4458 7).
2970 4389 3214 4463 Denique
3242 4398 3409 4453 etiam
3458 4401 3578 4473 ipse
3602 4404 3669 4459 de
3693 4420 3780 4460 no-

2194 4464 2281 4521 bis
2306 4466 2476 4522 dixit:
2512 4472 2641 4528 Uves
2664 4491 2793 4531 mete
2819 4495 2987 4534 vocem
3008 4498 3177 4540 meam
3201 4464 3499 4547 audiuntet
3516 4505 3781 4567 sequantur

577 4569 809 4639 Ideoque
837 4570 1049 4628 divinus
1077 4575 1244 4634 David
1268 4582 1334 4637 ad
1361 4587 1761 4654 proximitatem
1808 4599 2091 4669 mysticam
2119 4585 2173 4647 ι)
2195 4556 2486 4669 TV“?
2520 4578 2575 4669 ’ζ
2603 4562 2719 4637 27)’
2855 4586 3042 4669 rufus
3079 4594 3092 4629 ³
3122 4576 3271 4634 Au“
3316 4598 3437 4637 0"“
3466 4556 3656 4652 ἠαδέον
3680 4604 3781 4659 9⁸⁸

500 4660 627 4735 [ΑΙ.
680 4661 937 4717 unionem
976 4668 1331 4728 arctissimam
1352 4673 1392 4746 1,
1426 4677 1593 4737 Deum
1645 4660 1912 4757 Verbum,
1943 4694 2090 4761 quod

501 4753 740 4810 nondum
769 4755 836 4812 ad
866 4773 964 4814 nos
991 4758 1232 4831 venerat,
1264 4770 1507 4837 vocabat,
1551 4774 1736 4834 dicens
1765 4780 1820 4836 in
1849 4753 2043 4855 spiritu
2073 4807 2087 4843 :

501 4845 581 4899 0b
636 4846 792 4917 quid,
850 4848 1106 4920 Domine,
1152 4854 1433 4915 discessisti
1480 4863 1634 4938 longe
1682 4869 1807 4942 (Ps.
1864 4845 1926 4943 :2,
1985 4879 2091 4951 I)?

498 4946 526 4975 ι
548 4937 691 5007 Ergo
714 4939 828 5009 jam
858 4958 964 4999 non
989 4945 1254 5016 discessit,
1284 4952 1379 5008 sed
1393 4937 1671 5015 nobiscum
1691 4937 1820 5031 ‘t‘uit,
1851 4937 1944 5039 qui
1964 4937 2089 5030 eum

496 5028 800 5135 mansisset,
832 5030 884 5085 id
906 5034 1050 5102 quod
1078 5046 1214 5105 erat,
1239 5045 1592 5113 apprehendit
1620 5028 1848 5114 Abrahae
1867 5028 2083 5135 semen,

498 5124 559 5172 ut
585 5118 723 5185 dixi;
769 5126 978 5194 accepit
1005 5135 1185 5184 autem
1216 5133 1381 5190 etiam
1404 5141 1547 5196 servi
1575 5140 1830 5219 formam,
1863 5162 1919 5209 et

494 5218 713 5277 spectas
732 5213 894 5271 homo
920 5216 974 5271 in
1003 5226 1147 5275 terra
1172 5231 1273 5277 est.

2195 4664 2301 4704 non
2320 4662 2440 4706 sunt
2457 4670 2522 4708 ea:
2548 4655 2645 4710 hoc
2672 4659 2813 4728 ovili,
2833 4671 2885 4717 et
2911 4664 3031 4721 illas
3056 4680 3256 4741 oportet
3273 4688 3357 4728 me
3383 4655 3721 4750 congregare,
3739 4687 3783 4734 et

2193 4743 2285 4813 ﬁet
2309 4761 2441 4800 unus
2464 4765 2634 4819 _grea:,
2661 4761 2712 4806 et
2746 4770 2881 4811 unus
2927 4769 3108 4829 pastor
3134 4761 3305 4834 (Ibid.
3340 4765 3464 4838 I6).
3487 4743 3785 4827 ⁷Μέιιόθιιίιι

2194 4842 2376 4925 autem
2406 4838 2569 4894 etiam
2588 4842 2750 4900 beato
2779 4843 2941 4905 Petro
2970 4867 2985 4903 :
3015 4851 3202 4909 Simon
3221 4854 3472 4925 Joannis,
3503 4878 3658 4917 urnas
3681 4862 3784 4917 me!

2192 4922 2362 4981 Pasce
2384 4944 2548 5001 agnos
2574 4949 2736 5002 meos,
2762 4954 2917 5009 pasce
2936 4958 3053 4998 oves
3076 4960 3225 5001 meas
3251 4945 3433 5019 (Joan.
3456 4922 3583 5018 Vm,
3610 4952 3721 5025 17).

2307 5128 2477 5196 Quam
2496 5135 2558 5189 ob
3178 5153 3372 5209 dictum
3399 5155 3472 5211 sit
3500 5158 3684 5215 homo.

2256 5241 2431 5339 Homo
2458 5250 2791 5311 nominatum
2830 5256 3034 5330 [Belua
3078 5265 3407 5339 nominatus]
3431 5275 3537 5333 est,
3561 5285 3695 5325 cmn
3721 5270 3788 5327 sit

566 5297 810 5404 Christus
835 5320 966 5411 vero
995 5316 1051 5363 et
1085 5308 1401 5415 Emmanuel
1442 5324 1690 5382 eumdem
1727 5334 1883 5391 nobis
1910 5336 2079 5400 mium
2182 5340 2375 5389 natura
2404 5336 2569 5407 Deus,
2600 5342 2695 5399 Dei
2723 5297 3787 5425 Pati-:Verbuun'iwzugdztaijiacmhsm:

1817 5388 1878 5391 η,
1910 5388 2079 5400 __.__.
2350 5388 2373 5389 η
2405 5388 2433 5391 -
2453 5388 2569 5407 η.-.
2600 5388 2695 5399 ..υ
2723 5388 2748 5398 -
2768 5388 2899 5404 ..ι-..υ
2944 5388 3165 5408 ινιυιιω
3197 5395 3211 5408 .
3285 5388 3505 5412 uuuiasu
3535 5388 3778 5417 suum“:

495 5388 797 5463 designant,
823 5400 1020 5469 partim
1048 5403 1176 5473 quia
1202 5415 1392 5467 unctus
1434 5423 1519 5471 est
1543 5432 1697 5478 more
1738 5436 1943 5499 nostro,
1975 5434 2078 5491 hu-
2178 5439 2243 5481 ac
2271 5442 2371 5483 nos
2389 5435 2633 5505 sanguini
2661 5443 3056 5500 communicavit
3080 5454 3131 5501 et
3153 5388 3301 5505 curiit
3336 5450 3515 5521 (Heb.
3551 5469 3619 5519 η,
3653 5454 3721 5509 tt
3741 5456 3778 5529 ).

1668 5601 2203 5678 CASTIGATIONES
2241 5625 2333 5683 nr
2369 5629 2592 5689 nom.
2702 5702 2711 5712 ,

569 5723 598 5767 ιι
632 5725 813 5787 Batus.
852 5755 861 5791 :
903 5737 1173 5813 Discessit,
1228 5748 1313 5811 sed
1353 5753 1613 5814 nobiscum
1653 5763 1780 5836 fuit;
1821 5770 1925 5841 qui,
1969 5780 2072 5829 etc.
2098 5773 2249 5834 Eutr.
