3924 6282
216 326 349 384 1009

209 543 341 600 erat,
360 538 454 593 sed
469 555 744 600 assumens
763 545 1107 605 humanitatis
1128 562 1370 610 naturam
1394 558 1448 612 in
1469 575 1564 614 sua
1585 562 1793 617 ratione

206 626 543 704 perfectam.)
558 633 933 694 Verumtamen
947 647 1000 695 et
1016 642 1069 695 in
1080 644 1409 703 humanitate
1421 649 1562 706 Deus
1573 655 1787 721 mansit,

141 742 149 747 -
205 726 260 773 et
284 721 523 777 omnium
544 724 821 795 Dominus,
844 738 1031 801 utpote
1057 734 1149 802 qui
1174 744 1362 791 natura
1384 747 1440 794 et
1465 742 1692 798 veritate
1722 759 1789 799 ex

200 807 312 864 Deo
341 818 498 868 natus
519 821 602 869 est
630 813 789 873 Pater
804 819 1007 893 [Baluz.
1041 831 1094 877 et
1115 822 1312 898 Patre].
1331 827 1398 881 Et
1424 829 1476 883 id
1504 832 1660 888 nobis
1682 835 1790 889 evi-

199 899 514 960 dentissime
565 908 984 978 sapientissimus
1030 912 1222 970 Paulus
1268 921 1539 976 ostendit:
1574 923 1782 981 Primus

194 992 349 1057 enim,
382 994 575 1065 inquit,
597 1000 748 1057 homo
773 1020 839 1059 ea:
868 1013 1003 1060 terra
1040 1007 1103 1062 de
1127 1010 1280 1076 limo;
1310 1015 1561 1071 secundus
1588 1035 1618 1072 e
1652 1022 1780 1076 cazlo

196 1082 256 1151 (Ι
300 1085 420 1141 Cor.
454 1104 543 1154 xv,
583 1090 714 1163 45).

260 1173 423 1245 Atqui
451 1179 613 1250 Virgo
639 1196 821 1243 sancta
844 1192 1052 1260 peperit
1074 1197 1333 1265 templum
1345 1198 1524 1255 Verbo
1544 1204 1773 1271 unitum;

187 1268 283 1322 sed
313 1285 343 1324 e
371 1274 511 1330 conlo
538 1277 762 1345 dicitur,
795 1291 849 1338 et
873 1295 1020 1341 recte
1055 1290 1274 1357 quidem
1303 1292 1620 1352 Emmanuel
1654 1300 1775 1354 :de-

188 1376 351 1435 super
375 1369 517 1422 enim
547 1378 602 1425 et
656 1388 723 1427 ex
760 1377 1056 1433 substantia
1081 1381 1175 1436 Dei
1198 1390 1252 1437 et
1281 1382 1457 1439 Patris
1487 1398 1671 1444 natum
1692 1400 1776 1446 est

185 1457 421 1517 Verbum
446 1464 612 1533 ipsius
642 1484 653 1519 :
686 1466 962 1535 descendit
986 1487 1116 1527 vero
1146 1474 1211 1527 ad
1243 1492 1361 1542 nos,
1390 1486 1518 1534 tunc
1546 1497 1665 1536 cum
1690 1482 1771 1537 fa-

181 1558 327 1607 ctum
356 1563 440 1609 est
467 1557 629 1611 homo
655 1575 668 1623 ;
702 1567 879 1614 tamen
910 1563 988 1617 sic
1014 1579 1230 1634 quoque
1259 1567 1492 1638 desuper
1528 1580 1627 1626 est.
1664 1573 1770 1629 Te-

180 1652 352 1701 status
382 1656 465 1703 est
489 1660 666 1705 autem
694 1650 948 1719 Joannes,
989 1656 1056 1710 de
1085 1672 1150 1711 eo
1180 1658 1363 1715 dicens
1391 1680 1403 1714 :
1439 1660 1539 1725 Qui
1569 1664 1631 1718 de
1660 1682 1770 1719 sur-

179 1751 293 1789 sum
323 1740 474 1804 venit,
505 1758 663 1811 supra
700 1759 873 1799 omnes
921 1756 997 1800 est
1046 1747 1064 1818 (
1088 1748 1245 1804 Joan.
1276 1767 1352 1817 ιιι,
1386 1753 1445 1807 51
1474 1756 1513 1825 ).
1557 1754 1623 1810 Ει
1652 1758 1766 1828 ipse

178 1822 423 1883 Christus
452 1830 527 1884 ait
573 1831 639 1885 ad
681 1836 939 1904 populum
980 1836 1283 1896 Iudaeorum
1325 1861 1337 1894 :

175 1921 318 1984 estis,
350 1939 441 1991 ego
470 1923 685 1995 desuper
719 1944 831 1982 sum
877 1931 1063 2001 (Joan.
1114 1951 1225 2001 vm,
1256 1935 1326 1991 9.5
1348 1937 1384 2006 ).
1428 1938 1495 1993 Et
1530 1958 1714 1998 rursus
1746 1964 1758 1997 :

174 2008 289 2081 Ego
320 2030 420 2067 non
448 2032 558 2069 sum
579 2033 643 2071 ea;
670 2018 765 2072 hoc.
792 2022 982 2076 mundo
1006 2023 1182 2095 (Joan.
1208 2045 1317 2094 xiv,
1343 2029 1454 2101 16),
1485 2032 1611 2087 licet
1638 2050 1762 2103 pars

178 2104 366 2157 mundi
394 2106 531 2161 sicut
570 2108 733 2165 homo
754 2124 1090 2185 nuncupatus
1117 2119 1213 2185 sit;
1244 2122 1337 2176 sed
1365 2132 1480 2178 erat
1508 2141 1628 2181 cum
1658 2129 1761 2186 hoc

176 2207 391 2263 quoque
444 2214 602 2270 supra
632 2204 888 2259 mundum
938 2218 997 2261 ut
1044 2210 1203 2266 Deus.
1246 2212 1582 2273 Meminimus
1615 2222 1757 2276 enim

171 2283 335 2351 plane
362 2287 587 2347 dicentis
619 2310 632 2345 :
664 2294 734 2347 Et
767 2313 915 2352 nemo
951 2303 1183 2356 ascendit
1209 2305 1265 2359 in
1311 2308 1509 2375 coelum,
1541 2312 1644 2366 nisi
1671 2315 1757 2385 qui

170 2374 433 2432 descendit
451 2382 512 2435 de
532 2384 655 2438 caelo
674 2384 845 2442 Filius
866 2389 1086 2447 hominis
1111 2393 1288 2464 (Joan.
1304 2413 1378 2461 nt,
1404 2399 1514 2468 15).
1532 2374 1751 2458 Descen-

166 2463 313 2521 disse
332 2479 510 2525 autem
535 2473 759 2531 dicimus
783 2478 849 2533 de
872 2482 1010 2536 cmlo
1026 2481 1219 2539 Filium
1245 2487 1497 2554 hominis,
1519 2508 1617 2560 per
1636 2495 1755 2548 uni-

166 2561 337 2611 tatem
358 2560 823 2633 dispensatoriam,
845 2569 1022 2626 Verbo
1045 2574 1313 2631 tribuente
1341 2582 1575 2649 propria:
1604 2587 1754 2641 carni

164 2645 354 2712 gloriae
380 2665 488 2705 sua:
516 2662 569 2708 et
599 2654 790 2713 divince
818 2660 1115 2730 majestatis
1133 2645 1529 2727 claritudinem.

788 2792 1016 2851 CAPUT
1054 2798 1117 2853 V.

238 2890 404 2955 Quam
426 2897 488 2950 ob
509 2915 717 2956 causam
743 2907 1063 2964 exinanitum
1092 2912 1281 2968 dicitur
1300 2915 1399 2971 Dei
1432 2918 1673 2978 Verbum.

234 3004 457 3064 Plenum
478 3016 770 3071 secundum
799 3030 1062 3089 naturam,
1094 3034 1148 3080 et
1186 3043 1251 3083 ex
1274 3031 1420 3085 omni
1445 3044 1598 3102 parte
1621 3052 1745 3105 per-

157 3093 357 3151 fectum
388 3099 554 3156 Deum
578 3104 829 3174 Verbum,
861 3120 915 3166 et
943 3114 1267 3173 distribuens
1295 3136 1361 3175 ex
1386 3138 1480 3178 sua
1510 3127 1743 3196 plenitu-

155 3186 283 3242 dine
310 3188 451 3244 bona
482 3209 576 3248 sua
617 3207 897 3267 creatura},
929 3219 995 3259 eo
1023 3208 1166 3275 quod
1195 3210 1269 3263 ait
1300 3230 1312 3264 :
1346 3186 1628 3284 E/fundam
1679 3220 1741 3275 de
1768 3221 1815 3285 C

154 3281 342 3349 spiritu
370 3300 480 3338 meo
508 3303 660 3359 super
697 3307 897 3347 omnem
920 3312 1123 3351 carnem
1152 3299 1303 3371 (Isai.
1329 3320 1470 3373 xuv,
1503 3308 1579 3380 5).
1607 3309 1737 3366 Exi-

151 3372 393 3426 nanitum
409 3375 652 3447 dicimus;
671 3382 799 3436 nihil
818 3385 871 3437 in
887 3395 1075 3442 natura
1096 3394 1312 3462 propria
1324 3396 1596 3464 violatum,
1615 3418 1732 3466 nec,

150 3468 207 3514 ut
240 3462 399 3519 aliter
424 3481 482 3520 sc
510 3468 753 3539 haberet,
803 3487 1195 3534 commutatum
1220 3524 1234 3548 ,
1268 3500 1368 3540 nec
1404 3486 1621 3545 inferius
1668 3508 1735 3548 ex

152 3551 259 3606 ulla
281 3564 435 3623 parte
457 3557 653 3615 factum
680 3580 692 3615 :
726 3564 1132 3627 inconvertibile
1160 3576 1301 3628 enim
1331 3585 1384 3631 et
1407 3578 1734 3640 immutabile

146 3651 225 3696 est
254 3644 429 3715 ipsum
451 3664 681 3720 quoque,
714 3654 851 3709 sicut
878 3665 933 3712 et
954 3672 1240 3728 generator
1259 3666 1483 3736 ipsius,b
1504 3678 1557 3725 et
1577 3688 1733 3728 num-

143 3748 305 3802 quam
331 3737 427 3791 fuit
455 3743 719 3809 passionis
739 3747 898 3804 ullius
918 3766 1107 3821 capax.
1132 3754 1355 3821 Quando
1384 3776 1513 3817 vero
1534 3762 1728 3820 factum

142 3824 241 3880 fuit
262 3843 412 3895 caro,
445 3832 497 3886 id
526 3843 627 3900 est,
658 3836 840 3904 homo,
865 3841 1210 3902 humanitatis
1224 3861 1594 3921 paupertatem
1610 3873 1731 3926 pro-

140 3920 315 3988 priam
343 3923 443 3977 sibi
465 3923 609 3981 fecit.
635 3928 890 3999 Primum,
916 3937 1060 4003 quod
1080 3942 1244 3995 semel
1265 3920 1428 3999 homo
1454 3948 1724 4016 sitfactus,

138 4012 241 4065 etsi
272 4019 591 4072 remanserit
612 4019 752 4075 Deus
778 4041 790 4074 :
822 4024 1014 4081 deinde
1042 4031 1185 4097 quod
1214 4035 1354 4087 servi
1382 4034 1607 4092 formam
1638 4056 1727 4097 ac-

137 4104 360 4170 ceperit,
392 4108 481 4175 qui
506 4113 797 4167 secundum
825 4130 974 4171 suam
995 4128 1237 4177 naturam
1259 4125 1394 4181 liber
1414 4137 1513 4193 est,
1539 4141 1724 4201 utpote

136 4191 323 4251 Filius.
343 4197 516 4268 Atque
538 4203 611 4257 ita
641 4221 762 4259 cum
782 4208 975 4278 sitipse
1003 4212 1185 4279 gloriae
1206 4215 1479 4287 Dominus,
1497 4223 1721 4291 gloriam

136 4285 335 4365 dicitur
364 4294 636 4363 accipere;
668 4313 789 4353 cum
820 4301 887 4354 sit
911 4302 1022 4372 ipse
1042 4307 1169 4373 vita,
1202 4308 1455 4367 vivificari
1483 4316 1724 4384 perhibe-

480 4360 495 4363 _
625 4360 631 4362 ν
930 4360 947 4372 ,
1158 4360 1169 4373 ,
1484 4360 1719 4384 rm...”

134 4360 238 4443 tur,
272 4388 330 4433 et
359 4381 409 4435 in
429 4399 616 4439 omnes
644 4390 839 4460 accipit
868 4401 1211 4465 potestatem,
1244 4417 1361 4455 cum
1385 4405 1453 4458 sit
1482 4408 1594 4476 ipse
1623 4425 1719 4465 rex

133 4470 407 4536 omnium;
442 4485 464 4512 ο
497 4491 725 4547 cumque
758 4481 867 4538 Deo
908 4485 977 4539 sit
1013 4491 1233 4558 aequalis
1262 4491 1427 4559 Patri,
1461 4499 1717 4555 obediens

129 4558 225 4615 fuit
244 4579 461 4621 crucem
485 4585 691 4639 passus,
708 4584 762 4629 et
782 4587 991 4633 caetera.
1011 4580 1205 4638 Verum
1228 4602 1346 4642 cum
1363 4590 1474 4645 lucc
1499 4594 1713 4661 quidem
1748 4597 1794 4657 D

130 4652 476 4715 humanitatis
501 4678 762 4723 mensura:
798 4676 1150 4740 conveniant,
1183 4694 1244 4734 ea
1277 4689 1451 4737 tamen
1482 4684 1710 4742 familia-

128 4747 202 4800 ria
232 4749 385 4806 ducit
430 4771 548 4810 esse
570 4774 689 4813 cum
715 4776 876 4819 carne
894 4805 908 4829 ,
941 4775 996 4821 et
1024 4768 1208 4840 implet
1236 4773 1708 4848 dispensationem,

126 4851 351 4897 manens
379 4848 523 4914 quod
550 4861 685 4905 erat.

758 4924 987 4983 CAPUT
1008 4930 1094 4986 Vl.

268 5024 536 5089 Quomodo
558 5050 687 5090 unus
706 5048 781 5092 est
800 5038 1010 5113 [Baluz.
1039 5061 1146 5100 om.
1180 5047 1286 5121 est]
1312 5050 1561 5110 Christus.

195 5130 415 5193 Divinus
444 5141 641 5199 Paulus
660 5150 875 5205 scribit:
906 5152 1020 5210 Etsi
1043 5169 1162 5212 sunt
1190 5161 1261 5215 dii
1282 5165 1428 5217 multi
1443 5176 1491 5218 et
1509 5168 1705 5223 domini

123 5225 269 5279 multi
298 5228 353 5280 in
383 5234 526 5299 caelo,
550 5246 599 5290 et
617 5239 671 5291 in
713 5247 878 5309 terra;
907 5247 999 5299 sed
1018 5251 1164 5303 nobis
1193 5268 1325 5306 unus
1352 5254 1490 5309 Deus
1520 5257 1699 5326 Pater,

122 5331 185 5369 ex
205 5336 304 5389 quo
342 5328 516 5381 omnia
536 5369 550 5394 ,
573 5341 622 5384 et
649 5350 742 5388 nos
782 5353 847 5391 ex
875 5355 966 5405 eo;
1011 5352 1059 5394 et
1095 5360 1226 5399 unus
1253 5345 1507 5403 Dominus
1552 5352 1702 5408 Jesus

120 5406 370 5481 Christus,
392 5435 484 5489 per
502 5439 646 5493 quem
660 5431 855 5495 omnia,
872 5442 922 5485 et
942 5450 1034 5488 nos
1061 5454 1151 5505 per
1170 5455 1283 5493 eum
1304 5440 1345 5511 (l
1373 5440 1490 5497 Cor.
1517 5461 1699 5513 xxvnt,

966 342 1024 401 S.
1062 342 1334 406 CYRILLI
1371 352 1661 414 SCHOLIA
1700 359 1787 416 DE
1824 362 2331 434 INCARNATIONE
2373 373 2744 443 UNIGENITI.

210 441 298 498 Sic
326 445 469 500 enim
497 451 727 507 terrenis
752 456 1024 523 apparuit,
1058 467 1082 496 ι
1111 475 1221 515 non
1268 465 1519 522 amittens
1563 469 1615 523 id
1646 472 1790 540 quod
1816 478 1869 538 Α
1895 476 1978 549 5).

1394 1844 1495 1900 Vos
1526 1848 1761 1904 deorsum
1795 1860 1837 1919 Β
1867 1866 2137 1930 tamquam
2170 1875 2226 1921 ut
2257 1869 2395 1940 [Bal.
2430 1874 2524 1946 in]

3337 400 3478 467 1010

2031 484 2099 538 At
2137 502 2267 546 vero
2316 495 2738 564 sapientissimus
2763 500 2998 562 Joannes
3037 507 3105 566 de
3157 511 3268 572 Deo
3296 515 3477 577 Verbo

1895 573 2046 641 dixit,
2076 583 2218 648 quod
2267 591 2440 643 omnia
2468 609 2559 662 per
2579 594 2746 663 ipsum
2788 601 2929 669 facta
2956 614 3094 670 sunt,
3125 618 3174 661 et
3202 608 3389 684 absque
3415 632 3475 670 eo

1891 665 2086 735 factum
2106 683 2183 727 est
2202 677 2334 732 nihil
2358 679 2533 752 (Joan.
2554 700 2591 751 ι,
2615 686 2688 757 3).
2715 665 3125 761 Evangelizabat
3146 665 3321 758 autem
3344 665 3475 763 lica;

1892 762 1977 810 tus
2002 758 2216 818 Gabriel
2258 779 2454 826 sanctae
2493 773 2696 845 Virgini
2725 779 2907 838 dicens
2934 803 2946 838 :
2977 785 3112 843 Ecce
3144 797 3395 867 concipies
3417 802 3474 854 in

1887 858 2050 917 utero,
2099 863 2148 907 et
2188 862 2357 926 paries
2385 862 2603 933 Filium,
2644 878 2693 924 et
2717 875 2920 929 vocabis
2947 894 3130 937 nomen
3158 886 3269 955 ejus
3296 888 3473 945 Jesum

1889 939 2099 1011 (Matth.
2121 964 2155 1011 ι,
2188 949 2310 1022 26).
2332 951 2465 1010 Cum
2493 960 2652 1028 igitur
2677 979 2773 1033 per
2799 965 3066 1027 Christum
3088 939 3269 1033 Iesum

1884 1031 2094 1091 divinus
2123 1038 2321 1099 Paulus
2368 1047 2508 1104 facta
2557 1067 2675 1109 esse
2718 1072 3133 1135 commemoret;
3185 1072 3468 1132 conﬁrmet

1882 1135 2060 1183 autem
2080 1132 2185 1186 vim
2205 1142 2499 1208 sementim,
2520 1149 2833 1217 etopiticem
2861 1157 3097 1213 omnium
3112 1159 3275 1219 fuisse
3297 1166 3465 1224 Deum

1881 1222 2229 1291 evangelizet,
2262 1244 2375 1284 rem
2418 1249 2601 1291 veram
2630 1239 2811 1298 dicens
2850 1251 3175 1317 evangelista
3216 1256 3462 1328 divinus;

1881 1304 2025 1328 AM;
2077 1320 2112 1328 Α,
2225 1324 2232 1328 _
2396 1322 2425 1328 ν.

2988 1304 3017 1317 υ
3080 1304 3175 1307 iis“
3219 1304 3424 1315 --·--·-υ
3447 1306 3461 1328 ο

1878 1304 2119 1376 designet
2147 1324 2325 1370 autem
2355 1322 2515 1377 etiam
2532 1330 2703 1395 angeli
2728 1347 2833 1387 vox
2856 1353 2867 1387 :
2892 1352 3019 1393 vere
3039 1356 3105 1395 ex
3134 1357 3316 1401 sancta
3337 1348 3461 1404 Vir-

1875 1400 1998 1468 gine
2026 1413 2205 1460 natum
2236 1424 2353 1465 esse
2380 1411 2559 1472 Jesum
2588 1418 2877 1493 Christum,
2908 1446 3009 1487 nec
3036 1433 3237 1505 absque
3273 1440 3466 1499 huma~

1874 1493 2043 1549 nitate
2065 1497 2409 1569 intelligimus
2438 1507 2605 1563 Deum
2636 1512 2899 1585 Verbum;
2924 1524 3019 1577 sed
3046 1493 3207 1582 unn‘m
3234 1530 3463 1590 dicimus

1873 1597 1940 1637 ex
1970 1587 2229 1645 ambobus
2258 1594 2524 1664 eﬂcctum,
2554 1611 2609 1656 et
2638 1603 2843 1675 [Baluz.
2879 1612 2957 1684 ut]
2988 1615 3153 1672 Deum
3186 1622 3457 1683 hominem

1870 1674 2089 1743 factum,
2122 1684 2366 1740 eumdem
2389 1704 2456 1742 ex
2486 1674 2673 1760 Patre,
2708 1709 2764 1751 ut
2788 1674 3051 1778 [Baldct]
3076 1709 3329 1780 Verbum,
3361 1734 3458 1773 na-

1869 1774 1980 1820 tum
2010 1769 2204 1839 divine,
2235 1784 2289 1830 et
2315 1792 2379 1832 ex
2408 1783 2632 1839 muliere
2660 1787 2910 1857 humane,
2936 1803 2992 1848 ut
3013 1797 3282 1858 hominem
3309 1824 3320 1859 :
3345 1824 3454 1865 non

2568 1882 2860 1936 secundum
2892 1888 3199 1948 substantiae
3242 1900 3452 1957 initium

1866 1963 2115 2009 vocatum
2157 1964 2283 2015 tunc
2311 1978 2430 2017 cum
2460 1971 2751 2027 secundum
2787 1992 3003 2034 carnem
3042 1983 3237 2043 dicitur
3263 2001 3447 2060 natus;

1863 2046 1957 2099 sed
1988 2056 2169 2104 natum
2191 2055 2404 2121 quidem
2428 2068 2553 2117 ante
2575 2067 2753 2121 omnia
2775 2074 2986 2139 smcula,
3013 2076 3245 2137 instante
3270 2091 3450 2143 tamen

1863 2141 2133 2207 tempore,
2165 2158 2272 2212 quo
2312 2148 2571 2207 debuerat
2598 2156 2819 2227 implere
2846 2163 3321 2243 dispensationem.
3349 2195 3450 2233 na-

1860 2232 1971 2279 tum
2003 2231 2165 2286 etiam
2188 2249 2255 2289 ex
2283 2240 2507 2297 muliere
2536 2250 2828 2305 secundum
2856 2271 3090 2314 carnem.
3132 2262 3320 2334 [Ergo,
3345 2271 3447 2326 etsi

1859 2316 1949 2369 alii
1970 2319 2128 2375 simili
2151 2328 2507 2394 appellatione
2528 2340 2702 2392 vocati
2724 2351 2845 2395 sunt
2865 2346 3080 2415 Christi,
3109 2316 3446 2415 unusutamen

1858 2416 1940 2460 est
1958 2424 2054 2477 per
2073 2427 2233 2479 quem
2256 2422 2433 2474 omnia
2451 2463 2465 2487 ,
2508 2422 2663 2481 Jesus
2687 2427 2961 2499 Christus;
2995 2455 3100 2493 non
3118 2445 3258 2510 quod
3290 2447 3305 2518 [η
3322 2447 3441 2504 Bal.

1856 2497 1978 2550 add.
2001 2500 2181 2575 homo]
2213 2506 2281 2559 sit
2306 2507 2679 2583 factus'opit‘ex
2710 2497 2995 2598 omnium-.]
3024 2531 3115 2584 sed
3134 2497 3443 2601 ἕωοάἶέᾶᾇ

1855 2587 2090 2645 Verbum
2124 2612 2136 2646 :
2169 2595 2275 2651 Per
2293 2618 2437 2671 quem
2461 2610 2635 2663 omnia
2663 2614 2804 2682 facta
2836 2627 2973 2685 sunt,
3002 2624 3239 2680 similiter
3258 2644 3319 2681 ac
3346 2647 3443 2687 nos

1852 2684 2179 2755 participarit
2223 2696 2367 2747 carni
2393 2706 2442 2748 et
2467 2704 2709 2770 sanguini
2749 2705 2767 2775 (
2795 2705 2926 2763 Πρὸ.
2960 2684 3018 2776 ιι,
3063 2713 3188 2786 14),
3219 2726 3274 2772 et
3302 2684 3441 2778 nun-

1851 2784 2076 2843 cupatus
2104 2780 2174 2834 sit
2202 2785 2382 2851 homo,
2434 2804 2538 2844 non
2580 2800 2757 2850 tamen
2789 2801 3080 2868 perdiderit
3112 2780 3261 2877 esse,
3291 2814 3437 2882 quod

1849 2875 1966 2919 erat
1993 2886 2004 2920 :
2040 2869 2112 2924 ita
2143 2874 2285 2928 enim
2318 2885 2371 2931 et
2402 2879 2456 2934 in
2492 2897 2653 2939 carne
2696 2885 2869 2945 factus
2899 2892 3213 2965 intelligitur
3238 2869 3434 2961 merito

1847 2959 2024 3028 opifex
2056 2967 2314 3023 omnium.

2443 3044 2671 3103 CAPUT
2711 3051 2820 3108 Vll.

2176 3125 2442 3191 Quomodo
2473 3153 2603 3191 unus
2631 3149 2708 3194 est
2741 3142 3069 3203 Emmanuel.

1916 3234 2120 3307 [Italum
2147 3243 2269 3298 add.
2297 3245 2493 3322 Semel]
2530 3252 2843 3314 Novissimis
2876 3265 3083 3321 saeculis
3117 3266 3260 3326 Deus
3298 3273 3430 3347 [Ba-

1840 3326 1943 3381 luz.
1970 3329 2087 3402 Dei]
2107 3333 2332 3392 Verbum
2356 3341 2518 3398 homo
2544 3345 2739 3403 dicitur
2760 3351 2929 3409 factus
2943 3355 3147 3427 [Βαιια.
3173 3326 3420 3439 factm—ni,

1839 3430 1913 3487 et,
1938 3424 2075 3477 sicut
2098 3427 2173 3480 ait
2200 3429 2410 3487 divinus
2438 3433 2653 3504 Paulus,
2682 3460 2773 3512 per
2794 3450 3112 3518 sacriﬁcium
3141 3471 3287 3510 suum
3309 3475 3423 3513 ma-

1838 3513 2112 3583 nifestatus
2133 3528 2209 3571 est
2240 3519 2427 3591 (Hebr.
2460 3542 2534 3592 ix,
2564 3529 2674 3601 27).
2714 3533 2780 3587 Et
2807 3513 3078 3605 quodnam
3105 3553 3187 3599 est
3215 3549 3423 3605 sacrifi-

1835 3603 2013 3658 cium?
2042 3606 2206 3663 Suum
2231 3614 2369 3667 enim
2397 3633 2581 3689 corpus
2611 3622 2793 3680 obtulit
2820 3646 2914 3699 pro
2952 3632 3096 3688 nobis
3132 3639 3187 3692 in
3208 3641 3418 3698 odorem

1832 3699 2100 3754 suavitatis
2126 3701 2231 3757 Deo
2259 3715 2309 3759 et
2336 3707 2504 3773 Patri,
2529 3723 2580 3767 et
2598 3716 2809 3774 intravit
2835 3722 2887 3775 in
2910 3737 3092 3780 sancta
3111 3733 3287 3799 semel,
3312 3751 3418 3790 non

1830 3805 1926 3858 per
1953 3796 2255 3864 sanguinem
2289 3800 2569 3869 hircorum,
2608 3818 2695 3861 aut
2725 3819 3009 3881 taurorum,
3033 3820 3125 3872 sed
3144 3838 3235 3891 per
3264 3840 3415 3880 suum

1828 3887 2151 3954 sanguinem.
2186 3890 2277 3944 Sic
2298 3896 2433 3948 enim
2457 3900 2779 3956 credentibus
2807 3905 2861 3957 in
2880 3922 2952 3973 se,
2982 3914 3331 3968 remissionem
3352 3918 3409 3970 in

1828 3984 2076 4031 teter-num
2112 3988 2430 4051 comparauit
2470 3986 2636 4058 (Eph.
2669 4008 2722 4057 v,
2752 3992 2815 4059 2;
2848 3994 2985 4052 Heb.
3016 4016 3085 4065 Ix,
3118 4000 3238 4072 15).
3271 4002 3414 4074 Ergo

1824 4065 2041 4134 plurimi
2080 4072 2296 4139 quidem
2334 4084 2459 4131 ante
2490 4079 2660 4148 ipsum
2696 4086 2866 4140 sancti
2906 4087 3086 4156 fuere;
3127 4093 3222 4147 sed
3250 4109 3412 4150 nemo

1824 4172 2010 4213 eorum
2045 4162 2358 4221 Emmanuel
2387 4170 2692 4228 nominatus
2721 4184 2819 4229 est.
2852 4176 3025 4244 Quam
3054 4182 3124 4237 ob
3152 4189 3412 4241 causam?

1822 4248 2067 4306 Nondum
2094 4254 2236 4308 enim
2279 4270 2499 4315 venerat
2535 4270 2747 4335 tempus
2774 4282 2882 4336 quo
2912 4269 3133 4329 deberet
3160 4291 3278 4332 esse
3305 4294 3409 4335 no-

1819 4338 2045 4408 biscum,
2078 4344 2130 4399 id
2159 4355 2261 4411 est,
2303 4349 2356 4403 in
2399 4361 2635 4408 nostram
2665 4359 2851 4415 venire
2880 4372 3127 4421 naturam
3166 4385 3263 4438 per
3283 4386 3406 4427 car-

1821 4447 1963 4498 nem,
2007 4435 2050 4489 is
2078 4438 2168 4505 qui
2198 4447 2280 4494 est
2308 4442 2454 4497 omni
2495 4448 2741 4516 superior
2766 4462 3034 4510 creatura.
3071 4456 3219 4515 Unus
3247 4462 3408 4531 igitur

1818 4521 2156 4593 Emmanuel,
2189 4534 2355 4587 semel
2394 4536 2535 4589 enim
2564 4536 2732 4595 factus
2761 4551 2844 4597 est
2872 4546 3034 4603 homo
3064 4549 3403 4621 Unigenitus,

1818 4625 1947 4672 tunc
1968 4635 2087 4673 cum
2114 4635 2212 4690 per
2231 4632 2472 4679 sanctam
2494 4626 2763 4698 Virginem
2786 4639 3186 4702 generationem
3209 4658 3401 4698 carna-

1816 4708 1921 4763 lem
1945 4726 2233 4782 perpessus
2253 4725 2351 4769 est.
2369 4716 2580 4773 Dictum
2604 4731 2687 4776 est
2706 4726 2848 4779 enim
2870 4735 2922 4781 et
2946 4728 3010 4782 ad
3031 4728 3211 4785 Jesum
3234 4732 3400 4788 tilium

1813 4802 1961 4860 Nave
1991 4804 2195 4878 [Baluz.
2224 4826 2325 4863 om.
2359 4810 2525 4866 ﬁlium
2549 4814 2717 4888 Nave]
2751 4835 2763 4869 ε
2799 4816 2950 4881 Quod
2975 4838 3063 4876 ero
3095 4833 3255 4878 tecum
3287 4826 3401 4895 (Jo-

1812 4912 1903 4951 sue
1924 4915 1959 4960 i,
1994 4896 2068 4966 5).
2102 4903 2170 4954 At
2194 4917 2301 4955 non
2324 4911 2441 4957 erat
2463 4906 2551 4960 ille
2575 4906 2908 4965 Emmanuel.
2942 4912 3065 4968 Fuit
3092 4916 3252 4970 etiam
3276 4936 3397 4974 cum

1812 4985 2025 5057 Moyse;
2051 4990 2143 5044 sed
2174 5005 2274 5047 nec
2302 4992 2391 5048 ille
2420 4994 2735 5053 Emmanuel
2762 5002 3070 5059 nominatus
3097 5014 3198 5061 est.
3232 5007 3398 5077 Igitur

1810 5080 2021 5146 quoties
2052 5083 2296 5138 audimus
2327 5102 2521 5141 nomen
2550 5088 2686 5145 Filio
2724 5090 2907 5148 datum
2950 5111 3089 5162 esse,
3132 5101 3394 5157 nobiscum

1808 5168 1971 5237 Deus,
2016 5175 2290 5243 sapienter
2328 5178 2706 5247 intelligamus,
2748 5200 2857 5240 non
2899 5187 2974 5243 ita
3014 5190 3191 5260 ipsum
3228 5192 3394 5252 fuisse

1807 5264 2086 5320 nobiscum
2133 5270 2435 5325 novissimis
2474 5276 2823 5344 temporibus,
2876 5280 3016 5337 sicut
3054 5283 3250 5339 dicitur
3288 5286 3389 5341 ali-

1805 5358 2021 5425 quando
2068 5360 2229 5415 fuisse
2258 5377 2377 5416 cum
2416 5365 2616 5422 sanctis
2658 5386 2670 5421 :
2715 5369 2819 5425 illis
2853 5372 2996 5428 enim
3037 5383 3153 5430 erat
3179 5385 3389 5435 tantum

1805 5450 2047 5518 adjutor;
2080 5454 2359 5509 nobiscum
2403 5464 2584 5512 autem
2612 5460 2730 5528 fuit,
2763 5462 2816 5518 id
2845 5472 2947 5531 est,
2980 5464 3152 5524 factus
3190 5477 3274 5527 est
3313 5472 3387 5527 si-

1277 5550 1822 5617 CAST!GATIONES
1862 5562 1948 5616 ET
1986 5562 2212 5617 NOTAE.

188 5644 215 5718 ξ
252 5638 434 5697 Baluz.
463 5662 475 5697 :
509 5645 631 5702 Non
653 5654 891 5724 amittens
913 5656 1246 5715 humanitatis
1267 5673 1504 5720 naturam
1524 5669 1576 5721 in
1597 5686 1692 5724 sua

114 5707 316 5786 ratione
331 5718 629 5786 perfectam.
654 5720 807 5778 Eutr.

183 5730 316 5762 none
368 5730 629 5786 enectam.
654 5730 807 5778 Ent'r.

183 5775 211 5816 δ
251 5730 452 5851 Βειῖἰιῑη
502 5799 550 5842 et
586 5809 859 5885 numquam
907 5800 1159 5862 passionis
1194 5803 1288 5868 ﬁet
1321 5822 1558 5872 umquam
1596 5827 1685 5865 ca-

1797 5690 1923 5743 pax.
1958 5672 2109 5729 Eutr.

1874 5756 1894 5784 ε
1936 5744 2139 5812 Baluz.,
2166 5764 2277 5803 cum
2308 5748 2416 5804 Deo
2444 5754 2596 5809 simul
2618 5764 2665 5808 et
2690 5755 2868 5813 Patre.
2901 5760 3053 5821 Eutr.
