3924 6282
181 261 320 320 1015

919 250 976 313 s.
1016 250 1282 328 CYRlLLl
1321 252 1605 316 senem
1641 253 1734 312 nr.
1774 249 2277 337 lNCARNATlONE
2319 239 2702 312 UNlCENITl..

3290 249 3427 310 1014

175 375 436 432 tissimam
462 370 818 444 maiestatem,
846 378 906 428 ut
926 371 1148 427 odorem
1169 372 1560 440 suavissimum,
1590 387 1746 447 mun—
1774 375 1829 436 Α
1851 375 1957 428 ruit
1983 381 2153 428 autem
2181 384 2230 428 et
2258 374 2476 455 angelis.
2521 374 2705 443 Neque
2733 373 2875 427 enim
2903 375 3306 441 generationem
3349 377 3430 446 ip-

175 470 247 527 do
272 468 544 540 dispergit,
575 473 844 535 tamquam
889 466 945 520 in
973 466 1233 536 subjecto,
1266 483 1382 523 esse
1423 469 1474 522 in
1523 483 1748 539 corpore

173 559 553 625 humanitatis;
578 567 632 613 et
654 557 706 612 id
726 559 869 627 quod
890 559 1229 627 incorporale
1257 569 1340 613 est
1365 575 1461 628 per
1482 567 1746 628 naturam,

173 667 274 722 per
297 651 676 707 adunationem
695 650 1157 724 dispensatoriam,
1187 667 1325 722 pene
1352 652 1525 722 dicam
1551 652 1748 720 factum

171 742 340 800 fuisse
379 744 690 816 corporale;
734 750 1019 815 propterea
1047 744 1190 813 quod
1217 744 1387 799 voluit
1412 760 1471 801 se
1498 748 1751 817 cognosci
1777 812 1782 818 _

172 854 276 909 per
299 855 513 910 corpus,
554 840 611 896 in
638 853 705 895 eo
751 839 892 894 enim
935 839 1113 896 divina
1163 839 1314 908 signa
1353 849 1606 911 operatus
1645 849 1747 897 est.

167 929 338 1000 Igitur
356 932 411 988 id
437 932 584 1001 quod
609 932 947 1004 incorporale
983 941 1084 999 est,
1116 941 1388 1003 tamquam
1417 934 1471 1000 in
1497 951 1597 990 suo
1624 951 1748 991 cor-

165 1037 306 1090 pore
334 1021 558 1091 intelligi
584 1029 781 1094 potest,
811 1023 1260 1094 quemadmodum
1303 1025 1464 1084 etiam
1510 1025 1645 1081 odor
1695 1026 1751 1084 in

163 1111 306 1170 ﬂore
332 1114 603 1185 subjecto;
625 1117 796 1181 lilium
825 1124 1005 1180 tamen
1021 1117 1132 1188 jam
1161 1125 1216 1181 et
1242 1117 1398 1186 odor,
1429 1127 1484 1174 et
1521 1116 1621 1174 llos
1646 1134 1749 1176 no.-

162 1206 426 1264 minatur.

781 1301 1011 1360 CAPUT
1047 1301 1136 1358 X1.

165 1407 325 1474 Quod
352 1413 576 1490 adunato
618 1413 728 1490 Deo
763 1414 931 1490 Yerbo
959 1433 1074 1471 vere
1101 1417 1429 1490 lmmanitati,
1463 1419 1752 1490 inconfusee

240 1491 412 1607 tamten
436 1485 734 1542 substantias
762 1484 783 1532 Γ
807 1486 867 1543 Id
907 1495 990 1544 est
1035 1486 1381 1545 subsistentia
1415 1489 1423 1560 |
1452 1484 1750 1546 permanse-

241 1570 339 1607 run
367 1593 380 1606 .
521 1578 530 1588 ι

241 1570 380 1608 runt.
521 1578 530 1588 ⁸

239 1665 293 1738 [ι
321 1663 572 1722 Erectum
599 1676 682 1726 est
705 1669 996 1725 secundum
1018 1671 1114 1725 Dei
1146 1670 1478 1727 voluntatem
1507 1680 1750 1733 sanctum

1853 466 1966 528 sius
1985 468 2278 522 secundum
2308 483 2523 522 carnem
2553 457 2929 534 ignoravcrunt
2956 486 2968 519 :
2994 467 3315 522 Prcedicatus
3339 488 3432 523 aua-

1854 566 1951 610 tem
1987 568 2035 611 et
2072 557 2339 629 gentibus,
2373 560 2525 628 quasi
2549 562 2688 613 Deus
2715 560 2879 615 homo
2919 559 3119 626 factus;
3150 562 3225 614 ita
3261 573 3428 615 autem

1852 651 2072 704 creditus
2101 660 2177 706 est
2203 653 2256 706 in
2289 652 2498 706 mundo.
2544 651 2797 719 Probavit
2842 661 3020 706 autem
3049 652 3256 708 divinus
3287 653 3428 708 Pan-

1851 743 1932 818 lus
1961 745 2033 798 ita
2062 746 2302 821 scribens
2333 765 2345 799 :
2391 747 2614 819 Propter
2638 747 2776 828 quod
2802 765 3048 803 memores
3074 735 3257 811 estote,
3291 749 3427 820 quod

1853 837 2132 909 aliquando
2155 855 2239 893 vos
2265 842 2510 909 gentesin
2534 857 2707 906 carne,
2734 842 2818 914 qui
2841 841 3071 906 dicimini
3093 843 3420 912 prazputium,

1852 927 1917 984 ab
1971 946 2031 982 ea
2080 946 2194 1000 qua:
2219 930 2407 984 dicitur
2445 932 2763 986 circumcisio
2791 934 2846 986 in
2887 949 3042 988 carne
3077 937 3425 1008 manufacta:

1853 1005 1973 1091 quia
1995 1019 2198 1092 [Baluz.
2230 1018 2336 1091 qui]
2365 1023 2525 1076 eratis
2551 1023 2641 1078 illo
2665 1031 2888 1096 tempore
2917 1024 3030 1078 sine
3061 1005 3265 1079 Christo
3295 1025 3426 1080 alie-

1853 1113 1964 1184 nati
1985 1128 2017 1166 a
2045 1114 2426 1187 conversatione
2451 1112 2639 1188 Israel,
2663 1125 2714 1170 et
2741 1116 2962 1190 hospites
2993 1124 3428 1186 testamentorum,

1854 1205 2209 1274 promissionis
2248 1221 2390 1276 spem
2421 1223 2526 1261 non
2566 1207 2837 1276 habentes,
2880 1219 2930 1264 et
2969 1212 3082 1266 sine
3111 1210 3222 1266 Deo
3251 1214 3306 1266 in
3335 1201 3432 1268 hoe

1853 1294 2044 1350 mundo
2073 1294 2286 1368 (Ep/tes.
2319 1313 2375 1365 ll,
2409 1296 2519 1370 ll).
2560 1287 2897 1370 Erantvergo
2923 1285 3112 1372 gentes
3141 1305 3192 1357 in
3229 1305 3429 1361 mundo

1854 1387 1968 1456 sine
1999 1387 2109 1456 Deo
2131 1428 2146 1454 ,
2185 1403 2307 1443 cum
2336 1388 2537 1463 absque
2573 1389 2788 1448 Christo
2816 1401 3015 1452 essent.
3059 1393 3255 1448 Verum
3295 1409 3430 1462 quo-

1854 1479 1999 1550 niam
2027 1494 2149 1534 eum
2172 1495 2300 1550 vere
2327 1488 2381 1554 et
2409 1489 2598 1550 natura
2623 1482 2789 1536 Deum
2820 1499 2937 1539 esse
2963 1495 3314 1556 agnoverunt,
3346 1488 3428 1558 ip-

1855 1586 1926 1626 sae
1947 1585 2160 1642 quoque
2199 1572 2267 1644 ab
2295 1588 2360 1628 eo
2399 1573 2590 1648 agniue
2629 1581 2770 1640 sunt,
2803 1573 2959 1630 tidem
2987 1575 3332 1641 conﬁtentes,
3377 1585 3430 1631 et

1856 1661 1972 1731 ipse
1993 1672 2282 1734 assumptus
2305 1672 2381 1718 est
2400 1665 2454 1734 in
2482 1665 2667 1734 gloria,
2693 1673 2839 1720 certe
2859 1664 3055 1722 divina.
3084 1665 3265 1722 Psallit
3288 1668 3428 1721 enim

164 1754 578 1820 tabernaculum
607 1773 704 1828 per
745 1759 1034 1828 desertum,
1066 1770 1121 1816 ει
1167 1763 1220 1817 in
1269 1777 1336 1818 eo
1372 1763 1551 1818 multis
1577 1763 1752 1820 modis
1780 1770 1830 1832 Β
1853 1751 2045 1808 beatus
2073 1753 2242 1809 David
2273 1771 2285 1806 :
2324 1754 2567 1808 Ascendit
2593 1754 2733 1809 Deus
2763 1756 2814 1824 in
2837 1756 3004 1828 jubilo
3033 1756 3254 1828 (Psalm.
3286 1775 3426 1823 XLVI,

160 1845 498 1904 formabatur
549 1847 919 1923 Emmanuel.]
949 1853 1094 1911 Dixit
1133 1854 1277 1910 Deus
1315 1857 1656 1926 omnipotens
1683 1857 1752 1912 ad

165 1935 411 1992 divinum
438 1939 660 2011 Moysen
690 1961 702 1994 :
731 1941 802 2004 Et
831 1944 990 2014 facies
1018 1946 1144 2002 mihi
1177 1963 1352 2002 arcam
1391 1950 1666 2004 testimonii
1688 1965 1754 2004 es:

165 2028 330 2100 lignis
352 2030 768 2101 imputribilibus,
798 2034 1014 2097 duorum
1043 2036 1326 2095 cubitorum
1345 2048 1395 2094 et
1414 2040 1614 2096 dimidii
1635 2041 1750 2096 lon-

162 2119 432 2188 gitudine;
475 2131 525 2176 et
565 2123 830 2180 inaurabis
859 2143 973 2180 eam
1011 2144 1140 2184 auro
1169 2146 1316 2200 puro,
1347 2139 1496 2188 extra
1521 2139 1572 2191 et
1611 2133 1751 2186 intra

157 2213 435 2277 inaurabis
466 2235 580 2273 eam
610 2218 807 2290 (Exod.
855 2237 978 2287 xxv,
1011 2221 1121 2293 i0).
1154 2222 1262 2280 Sed
1305 2224 1508 2294 lignum
1535 2224 1752 2293 quidem

161 2319 291 2360 cum
317 2307 642 2378 imputribile
680 2311 766 2376 sit,
819 2319 903 2368 est
928 2314 1094 2381 ﬁgura
1123 2315 1366 2385 corporis
1401 2315 1700 2384 incorrupti
1732 2332 1747 2368 :

159 2396 510 2467 imputribilis
531 2401 674 2456 enim
701 2401 922 2469 cedrus;
952 2418 1139 2459 aurum
1160 2420 1288 2460 vero
1316 2405 1472 2474 quasi
1498 2406 1752 2462 materies

157 2487 286 2546 aliis
317 2491 627 2559 pretiosior,
657 2492 851 2548 divinae
879 2494 1035 2551 nobis
1061 2495 1264 2552 indicat
1291 2497 1604 2562 substantiae
1629 2513 1750 2552 ma-

155 2576 436 2648 jestatem.

237 2672 512 2728 Attendite
532 2674 692 2743 igitur
709 2675 962 2744 quoniam
983 2691 1108 2733 arca
1128 2683 1242 2734 tota
1263 2679 1510 2734 inaurata
1530 2681 1600 2735 sit
1618 2694 1751 2736 auro

156 2774 305 2831 puro
333 2770 486 2822 extra
525 2773 581 2820 et
608 2766 767 2821 intra.
807 2767 1086 2824 Adunatus
1111 2770 1327 2840 quidem
1353 2769 1530 2827 fuerat
1555 2781 1752 2827 sanctae

157 2853 319 2907 carni
365 2853 508 2910 Deus
548 2855 821 2925 Verbum,
865 2867 921 2914 et
948 2859 1002 2916 id
1047 2868 1168 2927 est,
1198 2869 1257 2916 ut
1295 2864 1520 2933 opinor,
1568 2879 1750 2920 arcam

158 2941 332 3008 fuisse
365 2952 518 3004 extra
546 2947 868 3006 inauratam.
902 2949 1056 3016 Quod
1082 2966 1212 3008 vero
1241 2961 1297 3008 et
1324 2955 1559 3012 animam
1583 2956 1751 3012 ratio-

159 3035 421 3104 nabilem,
461 3055 584 3110 qua:
622 3042 838 3112 corpori
865 3043 1041 3099 inerat
1061 3085 1077 3110 ,
1108 3046 1382 3117 propriam
1420 3046 1639 3116 fecerit,
1681 3065 1750 3104 ex

1856 1850 1933 1919 6).
1964 1849 2220 1905 Ascendit
2260 1850 2404 1905 enim
2435 1858 2578 1905 certe
2606 1867 2728 1906 cum
2771 1867 3018 1920 corpore,
3051 1867 3152 1906 nec
3195 1853 3248 1906 in
3290 1853 3426 1930 tutda

1855 1942 2055 1999 deitate
2088 1961 2099 1995 :
2127 1943 2267 1998 Deus
2294 1944 2437 2018 enim
2465 1951 2580 1998 crat
2608 1945 2930 2000 incarnatus.

1925 2035 2204 2090 Credimus
2230 2035 2419 2103 igitur,
2451 2051 2559 2090 non
2586 2035 2639 2090 in
2674 2051 2837 2090 unum
2868 2037 3038 2091 nostri
3066 2036 3290 2091 similem
3319 2035 3428 2090 dei~

1854 2131 1966 2186 tate
1998 2141 2095 2196 per
2115 2125 2346 2194 gratiam
2375 2127 2717 2192 honoratum,
2751 2142 2819 2182 ne
2852 2127 3088 2201 cultores
3113 2142 3232 2182 esse
3261 2127 3406 2180 homi
3431 2154 3436 2162 -

1854 2216 1936 2272 nis
1967 2216 2312 2286 detegamur;
2336 2218 2430 2271 sed
2455 2217 2510 2272 in
2531 2217 2818 2272 Dominum
2842 2216 3030 2292 magis,
3056 2216 3147 2284 qui
3178 2218 3231 2270 in
3254 2214 3431 2273 servili

1852 2307 2024 2370 forma
2053 2309 2388 2378 comparuit,
2421 2316 2476 2364 et
2501 2309 2594 2378 qui
2628 2307 2728 2363 fuit
2755 2323 2881 2363 vere
2909 2307 3080 2362 nostri
3122 2307 3336 2386 similis,
3379 2312 3434 2360 et

1853 2399 1908 2464 in
1936 2398 2270 2453 humanitate
2301 2406 2478 2468 tamen
2516 2398 2656 2470 Deus
2684 2397 2880 2453 mansit
2914 2415 2924 2450 :
2957 2397 3098 2452 Deus
3127 2397 3270 2466 enim
3298 2395 3432 2450 Ver-

1853 2491 1982 2546 bum
2004 2528 2020 2556 ,
2063 2505 2224 2558 carne
2249 2497 2544 2560 assumpta,
2576 2505 2684 2545 non
2719 2490 2967 2560 deposuit
2993 2487 3137 2558 quod
3165 2495 3312 2552 erat;
3345 2487 3431 2541 in-

1854 2582 2114 2651 telligitur
2143 2590 2322 2642 tamen
2355 2581 2497 2652 idem
2525 2581 2663 2637 Deus
2689 2581 2844 2650 simul
2873 2580 3077 2655 [Baluz.
3116 2594 3217 2634 om.
3250 2574 3431 2647 simul]

1854 2682 1910 2731 et
1927 2675 2111 2732 homo.

1921 2769 1992 2826 Et
2012 2769 2144 2826 .tidei
2185 2769 2400 2838 quidem
2427 2768 2567 2837 ratio
2613 2767 2688 2838 ita
2707 2781 2774 2824 se
2801 2766 2964 2837 habet
2985 2806 3001 2833 ,
3039 2773 3094 2821 et
3123 2771 3270 2820 recte
3310 2764 3432 2835 qui.

1853 2864 1996 2928 dem.
2026 2860 2134 2924 Sed
2160 2861 2205 2916 si
2234 2859 2374 2928 forte
2411 2859 2606 2928 aliquis
2633 2859 2796 2928 dicat,
2825 2859 2951 2930 quid
2985 2858 3111 2926 mali
3147 2865 3247 2923 est,
3275 2857 3319 2910 si
3355 2857 3434 2911 in-

1853 2953 2125 3022 telligatur
2178 2953 2342 3017 homo
2387 2952 2575 3006 similis
2610 2951 2780 3020 nostri
2818 2949 3219 3027 apprehendere
3258 2949 3432 3004 deita-

1853 3052 1982 3110 tem,
2014 3060 2078 3102 ac
2103 3059 2214 3110 non
2239 3045 2412 3113 magis
2433 3043 2578 3110 Deus
2602 3044 2764 3114 homo
2793 3042 2942 3114 ﬁeri?
2971 3041 3434 3114 Respondebimus

160 3127 531 3198 hacapparet,
553 3132 775 3202 quodet
793 3134 934 3192 intra
955 3150 1134 3194 arcam
1153 3139 1470 3210 praeceperit
1487 3140 1742 3198 inaurari.
1775 3147 1822 3211 ρ
1851 3136 1996 3206 mille
2042 3151 2161 3192 esse
2204 3150 2323 3204 quae
2359 3135 2631 3192 contrario
2669 3140 2895 3204 possunt
2930 3132 3165 3205 opponi,
3214 3139 3268 3186 et
3295 3146 3434 3200 pene

164 3218 233 3293 [δ
277 3220 432 3288 Quod
477 3233 656 3280 autem
702 3235 906 3283 naturae
951 3231 1064 3287 sive
1106 3233 1418 3290 substantiae
1459 3235 1752 3293 inconfuste

158 3314 501 3382 manserint,
533 3315 658 3375 hinc
683 3319 880 3376 scimus
910 3339 924 3374 :
957 3337 1147 3378 aurum
1175 3325 1317 3380 enim
1355 3329 1750 3398 superpositum

156 3402 316 3474 ligno
353 3409 551 3463 mansit
589 3409 644 3464 id
671 3411 818 3480 quod
845 3420 996 3481 erat,
1025 3421 1082 3471 et
1121 3415 1415 3472 ornabatur
1440 3401 1656 3487 quidem
1686 3418 1752 3474 li-

153 3509 332 3567 gnum
372 3501 489 3556 auri
532 3500 758 3570 decore;
792 3512 971 3561 tamen
1015 3507 1221 3576 lignum
1263 3524 1382 3565 esse
1417 3525 1529 3566 non
1569 3511 1748 3570 desiit.

154 3589 324 3657 Quod
350 3607 480 3649 vero
505 3609 630 3650 arca
657 3597 713 3652 in
740 3595 941 3654 Christi
967 3600 1266 3670 accipiatur
1285 3603 1595 3672 imaginem,
1624 3604 1748 3674 plu-

154 3683 318 3742 ribus
341 3691 520 3754 potest
545 3689 954 3758 probationibus
981 3692 1286 3766 declarari.]
1323 3695 1751 3754 Praeambulahat

153 3773 313 3829 enim
339 3774 423 3832 his
451 3777 542 3846 qui
569 3785 697 3834 sunt
725 3795 792 3835 ex
819 3779 985 3838 Israel
1003 3824 1018 3850 ,
1049 3798 1296 3854 quaerens
1326 3787 1455 3856 ipsis
1483 3789 1745 3858 requiem.

156 3863 256 3920 Ait
285 3866 478 3924 alicubi
519 3877 575 3925 et
602 3869 857 3930 Christus
889 3893 903 3928 :
937 3874 1066 3941 Iba,
1097 3887 1149 3932 et
1174 3879 1372 3949 parabo
1409 3879 1549 3936 vobis
1581 3882 1750 3937 locum

157 3954 351 4026 (toan.
373 3974 480 4026 m,
509 3960 586 4033 δ).

767 4052 998 4112 CAPUT
1036 4055 1150 4112 XII.

160 4158 326 4242 Ωιι-θα
357 4180 472 4242 cum
507 4174 638 4242 esset
677 4165 818 4222 Deus
859 4167 1108 4242 Verbum,
1139 4172 1307 4242 factus
1335 4173 1404 4226 sit
1438 4173 1617 4241 homo,
1658 4191 1750 4229 nec

179 4255 182 4258 ’
230 4232 390 4288 homo
418 4237 736 4310 simpliciter,
765 4238 909 4310 nuda
937 4232 1297 4310 conjunctione
1327 4232 1625 4309 honoratus,
1659 4262 1750 4299 vo-

232 4314 385 4380 catus
407 4307 474 4359 sit
495 4306 564 4380 ad
585 4324 760 4380 parem
789 4306 1095 4380 dignitatem
1123 4311 1222 4368 Dei
1251 4313 1424 4380 Verbi,
1448 4317 1553 4370 sive
1573 4306 1752 4370 aucto-

232 4376 465 4442 ritatem,
489 4376 621 4431 sicut
639 4376 941 4450 quibusdam
961 4381 1176 4436 videtur.

1855 3230 2019 3289 etiam
2045 3236 2177 3289 nutu
2198 3227 2573 3297 signiﬁcantia,
2603 3243 2702 3291 nos
2723 3233 2974 3298 oportere
3002 3224 3158 3294 reniti
3189 3232 3435 3298 constan-

1857 3331 1959 3389 ter,
1983 3337 2086 3383 nec
2111 3321 2334 3380 credere
2357 3322 2437 3382 ita
2463 3335 2602 3382 esse.

1926 3413 2038 3482 Age
2059 3413 2198 3468 enim
2223 3420 2348 3467 ante
2374 3412 2495 3472 alia.
2519 3411 2961 3482 Dispensationis,
2991 3425 3111 3481 qua)
3132 3424 3254 3479 cum
3273 3423 3435 3478 carne

1855 3506 1996 3564 facta
2024 3514 2124 3571 est,
2156 3505 2372 3564 modum
2401 3521 2701 3571 cernamus,
2725 3513 2782 3562 et
2808 3513 3114 3568 nostrarum
3142 3518 3322 3558 rerum
3347 3517 3436 3558 na-

1854 3604 2030 3658 turam
2059 3597 2307 3654 subtilius
2333 3603 2730 3667 perscrutemur
2761 3615 2774 3649 :
2814 3595 3117 3666 periclitata
3151 3601 3234 3648 est
3261 3593 3436 3647 homi-

1853 3688 1938 3746 nis
1967 3696 2176 3752 natura,
2200 3695 2255 3744 et
2274 3688 2608 3757 deprehensa
2635 3687 2842 3760 [Belua
2875 3697 2896 3725 ο
2926 3683 3203 3761 depressa]
3228 3692 3309 3740 est
3329 3700 3437 3738 ma-

1854 3778 1921 3837 lis
1947 3780 2220 3844 extremis,
2253 3779 2630 3840 maledictione
2655 3789 2710 3833 et
2729 3785 2905 3844 morte
2929 3778 3199 3842 damnata,
3234 3784 3289 3831 et
3310 3791 3436 3847 pec-

1854 3875 1964 3929 cati
2000 3875 2208 3944 laqueis
2250 3874 2490 3938 irretita,
2533 3873 2766 3936 errabat,
2811 3880 2868 3928 et
2910 3879 3028 3926 erat
3064 3871 3119 3936 in
3169 3869 3432 3933 tenebris;

1854 3965 2024 4020 Deum
2051 3965 2328 4020 nesciebat
2349 3979 2492 4030 eum,
2518 3965 2609 4034 qui
2639 3970 2722 4022 est
2745 3971 2938 4022 natura
2965 3969 3021 4017 et
3050 3960 3306 4026 veritate;
3337 3975 3436 4030 pro

1855 4058 1968 4113 Deo
2016 4058 2222 4130 [Baiae
2270 4066 2467 4128 praeter
2509 4055 2844 4128 Creatorem]
2891 4057 3060 4118 coluit
3103 4064 3431 4122 creaturam.

1856 4148 2139 4216 Quomodo
2181 4149 2343 4217 igitur
2386 4149 2692 4218 huiusmodi
2736 4149 2890 4206 malis
2917 4156 3133 4219 poterat
3178 4146 3436 4202 liberari?

1855 4239 1939 4296 An
1967 4239 2098 4297 illud
2121 4239 2377 4305 dicemus,
2408 4241 2554 4310 quod
2581 4239 2662 4298 fas
2688 4249 2805 4298 erat
2831 4239 3169 4304 humanitati,
3200 4237 3436 4304 divinam

1855 4340 2105 4389 naturam
2133 4333 2555 4404 apprehendere,
2586 4349 2706 4405 qua:
2732 4333 2964 4390 nesciret
2995 4332 3236 4398 omnino,
3266 4329 3440 4400 qualis

1856 4437 2000 4480 esset
2025 4425 2256 4495 dignitas
2283 4432 2488 4482 naturae
2519 4425 2770 4490 cmlestis,
2806 4435 2928 4483 eum
2956 4430 3098 4486 esset
3125 4421 3440 4492 ignorantiae

233 4509 462 4570 Divinos
493 4511 690 4570 Paulus
709 4532 953 4588 magnum
973 4518 1177 4590 quidem
1209 4519 1287 4573 ait
1311 4535 1424 4574 esse
1452 4519 1750 4590 mysterium
1776 4535 1832 4598 Ι)
1855 4518 2093 4576 tenebris
2137 4525 2396 4588 occupata
2418 4557 2434 4583 ,
2482 4524 2538 4573 et
2575 4515 2785 4587 peccati
2832 4513 3077 4576 sordibus
3117 4512 3393 4582 inquinata
3417 4509 3439 4562 ἲ

159 4601 375 4672 pietatis
407 4601 452 4675 (l
483 4603 616 4661 Tim.
657 4622 742 4675 tn,
772 4607 883 4679 16).
921 4608 992 4663 Et
1040 4626 1168 4666 vere
1221 4612 1297 4666 ita
1335 4627 1395 4668 se
1430 4627 1519 4668 res
1544 4612 1706 4668 habet
1735 4630 1749 4668 :

161 4695 529 4766 manifestam
549 4705 626 4752 est
644 4699 788 4754 enim
816 4702 872 4754 in
895 4717 1068 4769 carne,
1091 4719 1214 4759 cum
1229 4705 1300 4759 sit
1320 4705 1464 4760 Deus
1482 4704 1749 4773 Verbum;

157 4786 479 4858 justiﬁealus
508 4800 584 4845 est
603 4801 771 4847 autem
789 4795 844 4848 in
871 4797 1077 4866 spiritu.
1110 4796 1268 4854 Nullo
1295 4799 1440 4853 enim
1467 4799 1629 4854 modo
1649 4813 1748 4854 no-

164 4880 296 4935 stris
323 4881 535 4938 videtur
562 4882 958 4943 inﬁrmitatibus
991 4890 1289 4957 contineri,
1319 4890 1445 4945 licet
1467 4888 1620 4958 juxta
1649 4905 1749 4947 nos

163 4969 333 5028 homo
362 4973 430 5028 sit
468 4973 641 5031 factus
670 4994 682 5030 :
725 4993 832 5032 non
867 4977 1011 5034 enim
1050 4981 1177 5036 fecit
1204 4989 1484 5052 peccatum
1519 4999 1532 5034 :
1574 4982 1751 5053 Appa-

1857 4611 2140 4678 Quomodo
2185 4619 2401 4682 poterat
2441 4609 2556 4665 ﬁeri
2581 4649 2596 4674 ,
2641 4618 2701 4666 ut
2728 4607 3157 4680 apprehenderet
3193 4610 3437 4660 sanctam

1855 4711 2124 4768 naturam,
2149 4710 2205 4759 et
2233 4703 2502 4774 acciperet
2528 4701 2773 4770 gloriam,
2802 4714 2963 4770 quam
2990 4712 3150 4758 nemo
3179 4694 3434 4761 inveniat,

1855 4798 1960 4853 nisi
1987 4795 2295 4867 acceperit?
2339 4792 2712 4850 Concedamus
2754 4791 2897 4846 enim
2934 4790 3079 4859 quod
3125 4785 3441 4857 cognoverit

1854 4889 2084 4944 fortasse
2125 4888 2332 4962 [Batus
2373 4883 2694 4956 dumtaxat],
2724 4893 2778 4940 et
2813 4883 2995 4940 scierit
3032 4881 3440 4954 apprehendere

1855 4981 2027 5038 Deum
2057 4980 2188 5055 [Pro
2227 4978 2524 5050 deitatem].
2567 4978 2696 5045 Quis
2733 4983 2816 5031 est
2850 4975 2943 5045 qui
2978 4973 3263 5030 docuerit?
3293 4969 3438 5036 Quo-

1330 5115 1875 5174 CASTIGATIONES
1915 5118 2004 5175 ET
2042 5118 2265 5175 NOTAE.

237 5229 266 5258 ιι
288 5220 361 5294 _Et
385 5221 527 5294 hunc
553 5237 769 5294 quoque
795 5225 974 5282 locum
1000 5240 1070 5282 ex
1089 5227 1192 5282 ista
1216 5226 1465 5283 versione
1485 5228 1616 5285 citat
1639 5227 1745 5284 Fa-

158 5292 373 5348 cundus
399 5293 454 5347 in
484 5292 841 5350 eodem—loco.

167 5367 172 5372 '
235 5360 265 5400 δ
298 5360 451 5419 Hunc
472 5379 685 5434 quoque
709 5366 888 5421 locum
919 5382 987 5421 ex
1007 5366 1192 5421 eadem
1221 5368 1468 5424 versione
1498 5369 1626 5426 citat
1647 5369 1749 5424 Fa-

160 5433 617 5511 cundusibidem.
639 5435 965 5511 Citat_etiam
988 5437 1242 5511 Leontius
1263 5436 1549 5511 Byzantius
1569 5441 1621 5496 in
1643 5441 1750 5496 line

159 5502 475 5578 librl_primi
503 5507 758 5563 adversus
781 5507 1162 5578 Eutychianos.

240 5585 263 5614 ε
292 5574 368 5629 Ita
394 5585 546 5652 vetus
572 5578 735 5635 editio
752 5574 1078 5652 scholiorum
1107 5578 1288 5652 Cyrilli
1318 5589 1372 5635 et
1397 5582 1568 5638 codex
1594 5583 1747 5638 Vati-

159 5653 364 5701 canus.
403 5647 795 5720 Bellovacensis
819 5691 833 5714 ,
869 5647 1204 5720 deprehensa.
1238 5649 1550 5707 Lectionem
1597 5653 1746 5708 Vati-

160 5720 359 5773 éanam
394 5717 713 5776 conﬁrmant
740 5719 842 5778 ista
870 5717 941 5779 ex'
964 5721 1472 5792 reprehensionibus
1499 5722 1746 5780 Orienta-

1853 5228 1985 5292 lium
2009 5229 2268 5285 adversus
2295 5225 2768 5295 anathematismos
2787 5222 2968 5295 Cyrilli
2991 5237 3158 5295 supra
3187 5235 3310 5295 pag.
3333 5221 3440 5276 267

1859 5299 2042 5371 (Cyril.
2076 5299 2225 5370 Apol.
2261 5297 2439 5371 anatlt.
2476 5291 2900 5371 ’12,resp.hwr.)
2931 5312 2942 5346 :
2977 5291 3246 5371 Quomodo
3268 5295 3314 5347 is
3350 5295 3436 5365 qui

1857 5363 2066 5425 carnem
2095 5363 2369 5440 parumper
2390 5367 2608 5440 deprimi
2638 5363 2799 5420 morte
2823 5363 3080 5440 concedit,
3106 5371 3207 5440 etc.
3234 5371 3286 5417 et
3309 5363 3432 5440 pag.

1855 5440 1957 5494 268
1979 5432 2165 5512 (Ibid)
2194 5458 2206 5492 :
2237 5432 2360 5491 utin
2372 5455 2438 5512 _se
2453 5432 2913 5512 'deprimereteum
2929 5435 3016 5500 qui
3045 5442 3125 5512 est
3139 5432 3435 5512 impossibi-

1855 5513 1919 5574 lis
1951 5505 2038 5579 per
2066 5505 2327 5565 naturam.
2370 5510 2504 5564 item
2532 5505 2586 5561 in
2623 5507 2829 5579 scholia
2849 5513 3049 5579 octavo
3088 5505 3270 5575 Cyrilli
3309 5518 3434 5574 pag.

1855 5577 1959 5636 379
1987 5580 2106 5707 Et
2131 5581 2176 5634 si
2198 5583 2331 5652 forte
2353 5597 2384 5634 a
2404 5596 2495 5636 suo
2519 5595 2730 5650 corpore
2757 5577 3073 5650 deprimatur
3095 5583 3182 5630 aut
3208 5585 3440 5648 torquear-

1855 5661 1955 5707 tur.
2031 5667 2188 5706 sz.

1854 5661 1955 5707 tur.
1987 5661 2188 5707 Βλιυι.
