3982 6278
422 295 560 367 tots

944 299 1135 360 MAR"
1173 285 1608 357 MERCATORIS
1645 283 2205 354 TRANSLATIONES
2244 283 2597 354 VARIORUM
2637 286 3163 355 OPUSCULOBUM.

3543 301 3693 364 1016

419 418 572 479 modo
605 408 739 475 enim
767 417 993 481 credent,
1032 417 1133 470 nisi
1158 413 1420 468 audierint
1448 411 1624 484 (Rom.
1647 413 1713 477 ‘x,
1743 407 1871 480 ll)?
1893 407 2003 464 Cm-
2025 411 2078 470 A
2104 410 2295 480 priam,
2327 409 2432 466 alio
2460 419 2637 466 tamen
2659 419 2820 482 pacto
2845 413 2898 466 in
2926 427 2990 468 ea
3014 413 3133 479 fuit,
3173 422 3397 484 propter
3435 417 3692 476 humani.

419 524 594 571 terum
627 527 736 567 non
776 510 831 565 id
859 517 942 565 est
969 505 1374 579 apprehendere
1403 504 1679 570 deitatem,
1720 511 1774 558 et
1801 515 2001 558 conve-

418 609 659 662 nientem
687 605 736 659 ei
762 603 988 672 gloriam
1014 615 1226 671 capere.

489 699 630 766 Ergo
659 695 936 753 decentius
970 695 1060 760 sit,
1104 700 1161 748 et
1199 698 1346 748 recte
1373 689 1620 761 quidem,
1658 687 1730 742 ita
1759 687 1993 754 sentire,

415 791 562 861 quod
601 803 816 845 servare
857 786 1044 842 volens
1083 782 1137 839 id
1181 782 1324 854 quod
1369 781 1632 852 perierat,
1663 778 1996 834 descendens

415 883 482 937 ad
512 897 610 937 nos
637 879 779 935 Deus
806 877 1041 932 Verbum
1069 873 1259 949 [Baluz
1286 890 1388 928 om.
1420 869 1698 940 Verbum],
1729 885 1827 940 per
1851 869 1995 940 quod

416 976 618 1040 omnia,
641 980 696 1028 et
723 973 775 1026 in
801 970 853 1025 id
880 985 958 1034 se,
991 967 1137 1038 quod
1165 983 1272 1022 non
1301 973 1436 1030 erat,
1464 963 1701 1028 immisit,
1732 971 1792 1017 ut
1820 969 1874 1016 et
1896 961 1996 1016 ho-

414 1066 574 1120 minis
592 1075 806 1130 natura,
832 1061 887 1117 id
909 1059 1054 1131 quod
1082 1074 1188 1114 non
1215 1064 1350 1122 erat,
1381 1054 1561 1120 ﬁeret;
1583 1063 1637 1109 et
1659 1053 1853 1108 divinae
1880 1067 1995 1106 ma-

411 1156 622 1226 jestatis
642 1152 987 1223 dignitatibus
1013 1165 1111 1221 per
1137 1148 1519 1204 adunationem
1543 1153 1844 1216 patescens,
1874 1158 1994 1213 quae

414 1250 692 1305 sublevata
715 1254 799 1304 est
823 1245 994 1316 magis
1011 1245 1152 1299 ultra
1181 1252 1444 1310 naturam,
1465 1256 1627 1312 quam
1649 1238 1832 1308 dejicit
1856 1237 1992 1293 infra

414 1348 663 1394 naturam
697 1336 1052 1392 invertibilem
1080 1334 1267 1388 Deum.
1298 1331 1634 1387 Conveniens
1661 1335 1797 1393 erat,
1829 1334 1888 1381 ut
1918 1327 1995 1381 in-

414 1429 774 1500 corruptibilis
800 1435 988 1482 natura
1019 1423 1447 1496 apprehenderet
1477 1419 1901 1490 corruptibilem,
1933 1424 1994 1472 ut

414 1535 535 1575 eam
561 1534 592 1572 a
619 1518 960 1588 corruptione
995 1515 1264 1570 liberaret.
1303 1511 1643 1568 Conveniens
1671 1516 1789 1565 erat
1827 1523 1950 1562 eum
1972 1546 1988 1572 ,

412 1613 506 1682 qui
530 1625 754 1682 peccare
772 1625 882 1665 non
909 1615 1152 1672 noverat,
1182 1621 1305 1661 cum
1344 1602 1721 1675 peccatoribus
1766 1598 1990 1655 confor-

413 1704 568 1769 mari,
600 1711 659 1756 ut
679 1709 901 1772 peccata
921 1705 1289 1769 compesceret
1319 1716 1331 1749 :
1361 1693 1813 1766 quemadmodum
1844 1692 1988 1748 enim

413 1763 736 1861 ubicumque
773 1792 865 1845 lux
893 1763 1073 1854 fuerit,
1110 1789 1283 1858 caligo
1315 1763 1497 1842 interit
1519 1787 1886 1850 tenebrarum;
1917 1784 1991 1838 ita
2021 1763 2071 1825 Β

412 1884 578 1939 etiam
605 1882 1005 1938 immortalitate
1033 1887 1317 1951 praesente,
1338 1877 1513 1933 omnis
1537 1885 1684 1932 certe
1711 1877 1876 1946 pestis
1908 1873 1992 1928 l‘u-

413 1975 578 2045 gitiva
617 1974 886 2039 discedet;
927 1981 982 2028 et
1013 1978 1278 2043 praesente
1327 1985 1413 2035 eo,
1449 1969 1541 2038 qui
1571 1975 1854 2038 peccatum
1884 1982 1994 2020 non

413 2069 564 2122 novit
613 2066 726 2138 (qui
770 2067 934 2121 etiam
987 2064 1267 2135 proprium
1287 2062 1388 2117 sibi
1409 2078 1605 2132 corpus
1631 2060 1826 2122 eﬂecit,
1851 2058 1996 2128 quod

414 2166 500 2214 est
524 2158 639 2212 sine
667 2155 872 2230 [Baluz.
904 2153 982 2226 in]
1005 2153 1250 2226 peccato)
1279 2152 1436 2208 cedet
1487 2166 1647 2207 omne
1691 2158 1990 2221 peccatum.

486 2249 641 2317 Quod
678 2265 806 2304 vero
857 2247 1114 2312 Verbum,
1175 2261 1295 2300 cum
1335 2252 1479 2300 esset
1507 2244 1669 2310 Deus,
1703 2243 1899 2298 factum
1927 2243 1997 2296 sit

412 2343 597 2406 homo,
616 2349 670 2396 et
697 2357 805 2395 non
849 2340 1019 2409 magis
1047 2330 1211 2395 1101ηο
1238 2339 1645 2411 τιθεοποιημὲνος
1669 2336 1998 2404 intelligatur

413 2433 677 2498 Christus,
705 2435 871 2488 etiam
897 2449 965 2488 ex
984 2433 1150 2488 sacris
1171 2431 1366 2486 litteris
1389 2431 1568 2485 enitar
1587 2429 1891 2485 ostendere.
1909 2427 1998 2481 Ait

414 2526 577 2595 igitur
604 2525 795 2580 beatus
824 2523 1023 2579 Paulus
1042 2523 1108 2579 de
1128 2521 1418 2591 Unigenito
1447 2540 1459 2575 :
1497 2518 1596 2585 Qui
1619 2538 1733 2575 cum
1753 2521 1807 2574 in
1828 2522 1999 2592 forma

415 2614 514 2669 Dei
540 2625 690 2678 esset,
715 2631 818 2670 non
847 2615 1086 2686 rapinam
1107 2611 1387 2667 arbitratus
1416 2619 1510 2678 est,
1533 2620 1590 2664 ut
1617 2618 1748 2665 esset
1785 2610 1998 2682 aqualis

416 2707 562 2774 Deo;
584 2709 675 2763 sed
701 2709 985 2763 exinanirit
1006 2723 1078 2773 se,
1105 2709 1326 2776 formam
1351 2707 1484 2759 servi
1506 2705 1784 2774 accipiens,
1826 2704 1883 2756 in
1929 2703 2002 2756 si-

417 2798 758 2852 militudinem
805 2799 1068 2852 hominum
1127 2799 1312 2869 factus,
1345 2805 1394 2849 et
1434 2793 1610 2848 habitu
1657 2796 1891 2848 inventus
1944 2801 2002 2846 ut

421 2894 593 2948 homo.
620 2891 931 2946 Humiliarit
951 2909 1061 2946 sese
1090 2894 1257 2964 factus
1287 2889 1529 2947 obediens
1569 2906 1726 2961 usque
1765 2888 1836 2942 ad
1861 2905 2003 2943 mor-

422 2992 539 3047 tem,
573 2992 789 3037 mortem
829 2991 1000 3036 autem
1040 2983 1223 3036 crucis.
1268 2983 1550 3052 Propterea
1597 2989 1648 3034 et
1676 2979 1814 3035 Deus
1833 2981 2003 3050 ipsum

421 3074 842 3147 superexaltavit,
900 3083 949 3127 et
978 3073 1186 3128 donavit
1228 3073 1305 3126 illi
1333 3089 1518 3126 nomen
1549 3071 1686 3145 quod
1731 3080 1806 3126 est
1851 3087 2003 3142 super

423 3181 574 3220 omne
593 3180 797 3228 nomen,
829 3170 886 3215 ut
911 3164 967 3216 in
988 3163 1196 3216 nomine
1213 3161 1339 3215 Iesu
1360 3159 1550 3216 Christi
1574 3179 1724 3216 omne
1748 3178 1880 3233 genu
1912 3163 2006 3232 ﬂe-

424 3263 593 3308 ctatur
619 3254 918 3318 ccelestium,
949 3261 1000 3306 et
1021 3260 1356 3317 terrenarum,
1378 3260 1428 3306 et
1455 3253 1797 3323 infernarum,
1827 3260 1878 3305 et
1896 3268 2006 3306 om-

425 3347 509 3400 nis
538 3345 717 3417 lingua
757 3343 1066 3414 conﬁteatur
1085 3341 1221 3406 quod
1247 3340 1498 3396 Dominus
1518 3341 1668 3396 Jesus
1697 3339 1931 3397 Christus
1951 3343 2008 3396 in

426 3436 595 3506 gloria
621 3445 697 3489 est
724 3434 822 3488 Dei
844 3433 1022 3487 Patris
1054 3431 1274 3505 (Philip.
1300 3449 1356 3499 ll,
1385 3433 1458 3503 7).

499 3524 669 3591 Quem
724 3526 887 3594 igitur
933 3525 1191 3590 dicemus,
1247 3526 1300 3580 in
1352 3525 1521 3580 forma
1568 3526 1665 3581 Dei
1703 3541 1838 3590 esse,
1871 3525 2008 3580 etin

427 3617 734 3685 aequalitate
763 3615 958 3682 Patris,
989 3624 1044 3670 et
1078 3615 1192 3670 haec
1219 3632 1327 3671 non
1375 3617 1618 3686 rapinam
1663 3616 2006 3682 arbitratum;

429 3711 525 3766 sed
550 3710 892 3766 descendisse
914 3709 1080 3778 magis
1104 3710 1158 3763 in
1189 3709 1594 3774 exinanitatem,
1625 3715 1681 3764 et
1701 3709 1753 3762 in
1782 3706 2008 3763 formam

429 3801 592 3865 servi,
613 3807 668 3855 et
694 3815 753 3854 se
771 3799 1158 3865 humiliantem,
1179 3806 1234 3854 et
1262 3799 1317 3853 in
1345 3799 1744 3853 similitudinem
1769 3805 2009 3852 nostram

429 3891 593 3946 fuisse
619 3889 856 3946 factum?
874 3888 930 3945 Si
961 3889 1232 3944 hominem
1255 3889 1453 3944 factum
1475 3903 1541 3943 ex
1563 3888 1788 3943 muliere
1807 3887 2010 3944 nudum

339 3966 350 3971 λ’
432 3993 488 4040 et
515 3985 688 4039 solum
717 4002 730 4037 :
755 3981 1028 4052 quomodo
1050 3981 1282 4036 habebat
1302 3980 1708 4051 plenitudinem,
1735 3990 1793 4034 ut
1813 3979 2012 4034 intelli-

429 4086 585 4148 gatur
605 4075 948 4132 exinanitus?
979 4074 1076 4130 Vel
1105 4075 1158 4130 in
1179 4089 1284 4143 qua
1334 4083 1491 4128 antea
1540 4074 1748 4144 positus
1794 4073 2013 4130 celsitu-

429 4168 572 4233 dine,
615 4173 787 4222 semet
836 4167 1145 4222 humiliasse
1171 4165 1402 4221 dicitur?
1428 4165 1524 4220 Vel
1552 4165 1822 4235 quomodo
1851 4166 1905 4219 in
1934 4165 2010 4219 si-

428 4261 785 4315 militudinem
813 4260 1092 4314 hominum
1115 4259 1288 4314 iactus
1310 4267 1411 4324 est,
1434 4261 1525 4329 qui
1554 4261 1605 4315 id
1626 4267 1743 4314 erat
1771 4267 1826 4314 et
1853 4269 2010 4314 antea

431 4366 529 4421 per
550 4359 817 4418 naturam,
845 4352 948 4405 etsi
979 4352 1030 4405 id
1057 4351 1230 4406 factus
1257 4349 1397 4405 forte
1422 4365 1531 4404 non
1577 4350 1880 4404 diceretur?
1910 4347 2011 4402 Ubi

370 4507 383 4518 κ
431 4447 611 4493 autem
627 4440 931 4495 exinanitus
942 4448 1045 4506 est,
1068 4455 1347 4496 assumens
1365 4439 1750 4510 plenitudinem
1771 4438 2011 4494 deitatis?

430 4529 529 4586 Vel
556 4531 830 4600 quomodo
861 4547 966 4586 non
995 4532 1064 4586 sit
1091 4530 1266 4587 factus
1305 4530 1613 4595 altissimus,
1662 4530 1754 4600 qui
1803 4530 1856 4584 in
1894 4529 2010 4599 glo-

428 4623 566 4679 riam
591 4637 880 4694 supernam
909 4622 1245 4678 ascenderit?

500 4716 670 4785 lgitur
713 4714 939 4771 dicimus
967 4729 1077 4770 non
1125 4714 1400 4769 hominem
1437 4713 1607 4770 Deum
1643 4729 1762 4769 esse
1789 4712 2008 4780 factum,

427 4809 521 4865 sed
541 4808 722 4879 potius
743 4806 940 4863 factum
969 4821 1090 4862 esse
1121 4806 1174 4860 in
1197 4805 1547 4871 exinanitate,
1574 4815 1797 4877 propter
1822 4806 2010 4861 huma-

427 4901 669 4966 nitatem,
693 4899 863 4955 Deum
881 4899 1138 4965 Verbum,
1169 4899 1263 4968 qui
1290 4906 1408 4954 erat
1435 4899 1488 4954 in
1509 4899 1814 4968 aequalitate
1833 4897 2009 4954 Patris

425 5003 480 5048 ct
511 4993 680 5047 forma
711 5008 726 5044 :
755 4991 1057 5047 exinanitus
1089 4999 1172 5046 est
1223 4992 1366 5046 enim
1411 4992 1517 5046 hoc
1560 4991 1743 5056 modo,
1792 4996 2015 5061 propter

423 5085 827 5140 similitudinem
870 5092 1132 5150 nostram,
1177 5099 1298 5139 cum
1347 5092 1490 5138 esset
1515 5083 1726 5152 plenus,
1758 5089 1819 5136 ut
1846 5081 2007 5138 Deus.

427 5174 745 5229 lluxniliatus
784 5182 867 5228 est
895 5183 1118 5244 propter
1147 5189 1384 5239 carnem,
1417 5173 1491 5227 ita
1515 5183 1572 5226 ut
1595 5187 1624 5226 a
1653 5171 1846 5226 divinae
1892 5186 2010 5227 ma—

418 5261 629 5329 jestatis
655 5261 867 5331 fastigio
896 5279 1006 5318 non
1054 5263 1375 5329 descendat;
1426 5263 1607 5319 sedem
1657 5262 1802 5317 enim
1848 5262 2012 5316 habet

397 5425 402 5428 _
426 5353 758 5410 altissimam.
787 5354 980 5410 Factus
1008 5364 1090 5411 est
1120 5356 1172 5409 in
1193 5356 1544 5410 similitudine
1565 5355 1860 5420 hominum,
1886 5369 2008 5410 cum

425 5447 496 5499 sit
531 5446 772 5515 ejusdem
801 5447 986 5503 forma:
1015 5465 1137 5503 cum
1167 5448 1349 5512 Patre,
1391 5456 1578 5518 utpote
1627 5449 1780 5517 cujus
1826 5456 1910 5503 est
1949 5448 2010 5500 ll-

427 5549 555 5604 gura
604 5539 929 5594 substantiae.
988 5539 1185 5595 Verum
1235 5541 1491 5610 quoniam
1521 5542 1689 5596 semel
1728 5541 1899 5596 factus
1927 5549 2010 5597 est

423 5637 575 5697 juxta
606 5645 719 5694 nos,
750 5631 1056 5687 ascendisse
1083 5633 1294 5696 dicitur,
1331 5647 1457 5687 cum
1503 5649 1666 5688 carne
1696 5635 1750 5689 in
1780 5634 2008 5703 gloriam

426 5717 658 5784 deitatis,
708 5733 868 5788 quam
920 5729 1195 5792 patentem
1246 5722 1459 5790 quidem
1497 5723 1657 5778 habet
1679 5727 1832 5794 quasi
1875 5741 2004 5795 pro-

2100 509 2267 556 tatem
2296 518 2308 555 :
2341 501 2599 558 Dominus
2627 503 2772 558 enim
2796 504 3036 560 omnium
3063 519 3182 560 esse
3222 506 3477 575 creditur,
3516 511 3690 567 etiam

2100 610 2221 651 cum
2242 610 2425 651 carne.

2170 686 2427 757 Flectitur
2453 694 2632 742 autem
2655 687 2755 757 ipsi
2779 703 2940 744 omne
2959 702 3120 758 genu,
3153 698 3208 744 et
3231 690 3284 745 id
3316 707 3425 746 non
3476 693 3543 748 ad
3588 696 3697 751 doc

2098 776 2267 832 lorem
2295 785 2349 832 et
2369 779 2748 833 contumeliam
2771 777 2965 846 Patris,
2987 780 3083 835 sed
3111 783 3281 846 magis
3309 783 3377 837 ad
3407 783 3634 852 gloriam
3663 808 3686 842 ς

2097 872 2292 940 gaudet
2312 871 2474 936 enim,
2503 879 2558 926 et
2576 871 2922 941 gloriﬁcatur,
2947 873 3073 927 dum
3095 873 3163 928 ab
3185 875 3489 932 hominibus
3514 878 3689 936 Filius

2097 963 2370 1029 adoratur,
2402 963 2528 1017 lioet
2547 960 2718 1017 factus
2746 964 2816 1017 sit
2838 964 3028 1019 similis
3049 966 3242 1020 nostri.
3267 966 3534 1038 Scriptum
3547 985 3691 1024 vero

2097 1059 2180 1108 est
2207 1066 2390 1107 rursus
2414 1071 2426 1105 :
2459 1050 2582 1107 Non
2609 1053 2748 1107 enim
2778 1053 2989 1124 angelos
3017 1055 3372 1126 apprehendit,
3395 1059 3487 1111 sed
3504 1077 3688 1114 semen

2095 1143 2347 1211 Abrahae;
2385 1145 2524 1200 unde
2561 1144 2733 1200 debuit
2776 1163 2866 1217 per
2906 1150 3080 1202 omnia
3108 1149 3356 1220 fratribus
3393 1155 3688 1216 assimilari

2098 1233 2256 1305 (Heb.
2280 1251 2334 1300 n,
2369 1233 2478 1304 l6).
2507 1234 2646 1290 Ecce
2666 1251 2849 1295 semen
2890 1234 3120 1292 Abrahae
3164 1241 3517 1308 apprehendit
3545 1241 3690 1297 Ver—

2093 1327 2224 1383 bum
2261 1327 2422 1394 Deus,
2466 1335 2522 1382 et
2560 1343 2668 1382 non
2697 1328 2859 1383 homo
2909 1330 3110 1395 nescio,
3146 1332 3265 1399 quis
3294 1334 3464 1387 nostri
3486 1334 3687 1389 similis

2095 1417 2351 1473 deitatem
2389 1419 2764 1488 apprehendit,
2807 1426 2864 1474 et
2899 1419 3015 1490 ipse
3043 1420 3200 1476 nobis
3227 1423 3572 1488 assimilatur,
3623 1437 3685 1481 et

2095 1515 2434 1578 nuncupatur
2453 1506 2619 1562 frater
2637 1517 2823 1564 noster
2847 1508 2986 1582 [Bal.
3010 1527 3112 1565 om.
3145 1509 3372 1582 noster],
3402 1520 3462 1566 ut
3489 1514 3680 1579 homo.

2099 1615 2209 1654 non
2235 1609 2493 1669 quantum
2523 1608 2606 1654 est
2633 1601 2700 1655 ad
2720 1601 2936 1657 deitatis
2957 1610 3222 1659 naturam.
3253 1602 3506 1668 Quoniam
3530 1610 3682 1677 pueri

2094 1692 2595 1746 communicaverunt
2633 1693 2777 1746 carni
2811 1701 2863 1746 et
2892 1695 3156 1766 sanguini,
3204 1705 3255 1749 et
3300 1697 3410 1766 ipse
3439 1698 3683 1754 similiter

2095 1782 2425 1852 participauit
2451 1783 2546 1845 eis,
2577 1790 2634 1836 ut
2660 1799 2753 1854 per
2778 1792 2995 1838 mortem
3022 1785 3306 1840 destrueret
3329 1803 3441 1841 eum
3470 1789 3555 1859 qui
3583 1791 3685 1844 ins-

2095 1875 2292 1945 perium
2313 1872 2504 1929 obtinet
2525 1877 2726 1941 mortis,
2754 1877 2809 1930 id
2831 1886 2928 1943 est,
2956 1878 3235 1944 diabolum,
3260 1890 3310 1934 et
3329 1879 3571 1937 liberaret
3587 1901 3689 1938 eos

2096 1967 2183 2038 qui
2213 1967 2392 2022 timore
2411 1970 2593 2023 mortis
2615 1985 2708 2039 per
2735 1986 2934 2025 omnem
2962 1973 3118 2026 vitam
3147 1974 3322 2028 nativa
3347 1975 3692 2030 continebat-

2099 2068 2180 2112 tur
2207 2061 2448 2114 servitute
2478 2059 2638 2131 (Ibid.
2665 2079 2714 2116 υ.
2734 2061 2843 2131 14).
2876 2061 3016 2119 Ecce
3045 2064 3239 2118 iterum
3268 2067 3400 2136 ipse,
3431 2067 3691 2122 similiter

2098 2165 2164 2205 ac
2189 2166 2306 2216 nos,
2335 2153 2672 2222 participavit
2698 2155 2943 2223 sanguini
2971 2163 3026 2210 et
3053 2157 3222 2219 carui,
3257 2149 3322 2212 et.
3338 2173 3402 2213 ea
3429 2173 3518 2213 res
3543 2175 3687 2214 cau-

2097 2255 2212 2294 sam
2233 2241 2393 2296 habet
2412 2241 2753 2312 conjuuctam
2775 2246 2954 2300 statim
2975 2261 3039 2300 ac
3063 2247 3396 2316 proximam;
3419 2249 3687 2320 scriptum

2098 2339 2182 2386 est
2210 2332 2351 2386 enim
2378 2350 2389 2385 :
2424 2330 2566 2388 Nam
2589 2334 2727 2406 quod
2752 2336 3068 2406 impossibile
3094 2346 3207 2392 erat
3227 2339 3346 2408 legi,
3369 2341 3424 2392 in
3451 2357 3550 2412 quo
3597 2342 3693 2394 in-

2098 2422 2406 2494 ﬁrmabatur
2430 2426 2486 2478 in
2514 2442 2691 2489 carne,
2715 2425 2856 2481 Deus
2888 2426 3083 2482 Filium
3113 2446 3259 2484 suum
3290 2431 3429 2484 misit
3453 2433 3509 2485 in
3536 2433 3694 2487 simi-

2100 2514 2317 2569 litudine
2328 2518 2502 2570 carnis
2513 2518 2728 2587 peccati,
2745 2526 2794 2572 et
2816 2518 2880 2572 de
2897 2529 3106 2590 peccato
3126 2520 3391 2575 damnavit
3418 2532 3690 2592 peccatus:

2097 2609 2155 2689 in
2175 2624 2330 2662 carne
2351 2607 2528 2679 (Rom.
2553 2625 2628 2674 nr,
2648 2609 2722 2676 ὅ).
2751 2608 2980 2666 Attende
3005 2612 3217 2677 iterum,
3239 2612 3382 2681 quod
3396 2629 3503 2666 non
3518 2613 3693 2668 homo

2102 2695 2359 2753 all‘ectans
2388 2707 2632 2753 naturam
2660 2699 2894 2755 divinam
2923 2702 3244 2767 ostenditur,
3268 2712 3323 2757 et
3363 2703 3430 2759 ad
3453 2704 3573 2773 ejus
3597 2704 3690 2760 di-

2101 2790 2358 2859 gnitatem
2375 2790 2696 2857 ascendens;
2722 2792 2816 2846 sed
2844 2793 3063 2848 mittens
3093 2795 3265 2863 magis
3300 2793 3491 2849 Filium
3530 2811 3693 2850 suum

2103 2881 2246 2936 Deus
2271 2891 2328 2937 et
2353 2881 2532 2948 Pater,
2573 2885 2627 2939 in
2655 2885 3002 2940 similitudine
3025 2887 3200 2941 carnis
3226 2889 3455 2956 peccati,
3489 2895 3548 2942 ut
3591 2887 3698 2943 de-

2103 2982 2339 3030 strueret
2366 2984 2664 3046 peccatum.
2713 2975 2854 3046 Ergo
2901 2977 3154 3044 Verbum,
3186 2994 3307 3034 cum
3345 2979 3490 3035 Deus
3509 2981 3599 3046 sit,
3628 2995 3699 3036 so

2107 3068 2162 3122 in
2190 3068 2581 3147 exinanitatem
2609 3070 2773 3125 homo
2802 3069 2974 3125 factus
3001 3072 3242 3137 immisit,
3284 3081 3340 3127 et
3375 3089 3484 3128 non
3522 3073 3700 3128 homo

2047 3162 2077 3187 "
2109 3159 2443 3228 simpliciter,
2483 3159 2715 3214 divinam
2753 3161 2978 3228 gloriam
3020 3162 3296 3230 all'ectans,
3325 3163 3572 3220 Christus
3605 3165 3700 3220 vi-

2107 3248 2284 3304 detur.

2692 3321 2920 3378 CAPUT
2959 3323 3096 3380 Xlll.

2111 3411 2263 3478 Quod
2284 3412 2516 3469 Christus
2535 3413 2570 3468 J
2572 3431 2687 3470 esus
2709 3425 2912 3471 vocetur
2931 3417 3083 3472 homo
3104 3420 3269 3489 factus
3289 3417 3422 3473 Deus
3437 3416 3697 3474 Verbum.

2179 3527 2604 3598 Dispensationis
2632 3529 2895 3584 incamati
2931 3529 3202 3600 Unigeniti
3229 3533 3545 3604 mysterium
3571 3532 3695 3588 sub-

2112 3622 2254 3677 tilius
2281 3621 2702 3688 considerantes,
2735 3622 2788 3677 id
2815 3624 3104 3678 asserimus
3121 3665 3137 3689 ,
3169 3623 3329 3679 iidem
3350 3632 3550 3680 rectam
3577 3640 3698 3680 ser-

2109 3723 2300 3769 vantes
2345 3721 2400 3768 et
2444 3729 2669 3768 veram:
2702 3715 2846 3783 quod
2875 3715 3048 3784 ipsum
3090 3713 3264 3770 Patris
3302 3713 3398 3769 Dei
3435 3711 3700 3779 Verbum,

2108 3805 2254 3858 Deus
2280 3818 2439 3858 verus
2468 3819 2536 3858 ex
2563 3803 2675 3859 Deo
2705 3819 2852 3869 vero,
2885 3815 2940 3860 et
2967 3804 3146 3859 lumen
3166 3802 3234 3858 de
3261 3803 3481 3870 lumine,
3513 3803 3702 3859 incar~

2112 3903 2295 3950 natum
2322 3896 2429 3961 sit,
2474 3905 2530 3951 et
2556 3897 2718 3952 homo
2747 3896 2944 3952 factum
2963 3938 2978 3964 ,
3027 3905 3082 3952 et
3108 3896 3457 3964 descenderit,
3486 3903 3541 3951 et
3567 3910 3704 3966 pas.

2112 4005 2229 4044 sum
2256 3989 2358 4057 sit,
2387 3997 2442 4045 et
2469 3991 2763 4046 surrexerit
2790 4005 2858 4045 ex
2887 3990 3130 4045 mortuis.
3171 3990 3249 4044 lta
3283 3990 3426 4044 enim
3452 3986 3706 4044 deﬁnivit

2113 4078 2237 4134 ﬁdei
2263 4081 2565 4152 symbolum
2593 4079 2828 4151 synodus
2856 4081 3042 4148 ingens
3064 4088 3118 4135 et
3138 4087 3343 4135 sancta.

2184 4169 2563 4240 Perquirentes
2589 4177 2770 4226 autem
2798 4178 2853 4228 et
2883 4187 2980 4226 nos
2997 4213 3013 4238 ,
3043 4179 3099 4226 et
3136 4170 3442 4225 discernere
3468 4168 3704 4239 cupien-

2113 4270 2196 4317 tes
2219 4303 2234 4328 ,
2263 4263 2392 4332 quid
2420 4263 2490 4318 sit
2530 4263 2744 4318 tandem
2767 4303 2782 4329 ,
2816 4263 3150 4319 incarnatum
3171 4277 3316 4326 esse,
3345 4269 3399 4316 et
3418 4260 3700 4316 hominem

2114 4352 2312 4409 factum
2347 4355 2443 4409 Dei
2471 4353 2746 4409 Verbum:
2791 4351 3094 4421 cernimus,
3143 4353 3285 4424 quod
3313 4367 3420 4409 non
3444 4353 3550 4407 hoc
3590 4358 3699 4418 est,

2116 4445 2392 4499 hominem
2432 4460 2702 4501 assumere
2745 4453 3017 4514 tamquam
3059 4445 3111 4499 in
3149 4444 3544 4513 conjunctione,
3575 4456 3702 4512 quas

2118 4534 2212 4590 ﬁat
2239 4551 2335 4606 per
2351 4535 2711 4604 aequalitatem
2739 4537 3046 4605 dignitatis,
3075 4535 3189 4590 sive
3217 4533 3580 4596 auctoritatis,
3609 4531 3704 4586 vel

2115 4641 2214 4699 per
2235 4627 2404 4681 solam
2426 4627 2662 4681 tilietatis
2677 4628 2993 4702 ὁμωνυμίαν;
3016 4627 3186 4695 magis
3207 4634 3385 4691 autem
3409 4623 3524 4679 ﬁeri
3539 4624 3703 4692 juxta

2116 4732 2217 4772 nos
2269 4716 2541 4771 hominem
2598 4717 2696 4787 (ita
2738 4726 2919 4772 tamen
2979 4725 3037 4772 ut
3092 4717 3237 4772 nulla
3274 4716 3554 4772 conversio
3611 4715 3706 4770 vel

2117 4809 2468 4864 commutatio
2507 4808 2862 4878 subsequatur
2877 4809 2916 4880 ),
2947 4816 3002 4863 et
3029 4807 3310 4863 sublevare
3346 4807 3551 4876 pariter
3576 4819 3705 4859 cum

2118 4917 2212 4958 sua
2249 4909 2438 4956 natura
2484 4917 2606 4956 eum
2631 4940 2646 4965 ,
2697 4901 2788 4971 qui
2825 4901 2878 4955 in
2919 4901 3289 4970 assumptione
3314 4899 3410 4952 fuit
3438 4897 3616 4952 carnis
3643 4903 3706 4950 et

2115 4992 2389 5060 sanguinis
2415 4991 2778 5062 dispensative
2805 4989 3008 5064 [Baluz.
3042 4987 3480 5062 dispensatorie].

2189 5083 2336 5140 Unus
2365 5083 2525 5151 igitur
2560 5091 2668 5148 est,
2700 5082 2792 5150 qui
2832 5091 2957 5137 ante
2995 5081 3426 5136 lncarnationem
3462 5094 3493 5132 a
3518 5077 3706 5133 divina

2115 5174 2389 5244 Scriptura
2425 5175 2761 5236 nominatur,
2794 5182 2849 5228 et
2879 5172 3194 5241 Unigenitus
3214 5213 3230 5239 ,
3259 5181 3315 5228 et
3345 5171 3577 5226 Verbum
3597 5209 3612 5233 ,
3643 5176 3707 5223 et

2115 5267 2286 5332 Deus,
2337 5274 2392 5322 et
2421 5268 2627 5335 imago,
2655 5275 2710 5322 et
2730 5267 2940 5332 lumen,
2977 5273 3034 5321 et
3061 5264 3228 5334 ﬁgura
3254 5263 3568 5320 substantias
3597 5259 3706 5313 Pa-

2115 5361 2246 5425 tris,
2277 5368 2330 5415 et
2358 5360 2494 5425 vita,
2528 5368 2584 5415 et
2609 5359 2806 5429 gloria,
2850 5365 2905 5413 et
2932 5357 3206 5427 splendor,
3237 5365 3291 5410 et
3318 5353 3578 5424 sapientia
3597 5390 3614 5414 ,
3643 5357 3707 5405 et

2113 5453 2305 5516 virtus,
2335 5459 2390 5505 et
2408 5449 2802 5517 magnificentia
2821 5487 2836 5513 ,
2861 5456 2917 5502 et
2944 5447 3202 5501 Dominus
3227 5445 3472 5508 sabaoth,
3497 5451 3552 5498 et
3581 5440 3710 5496 aliis

2115 5542 2311 5596 talibus
2331 5540 2654 5603 nominibus,
2677 5553 2796 5607 qua:
2818 5553 2944 5592 vere
2971 5536 3304 5592 conveniunt
3329 5533 3536 5589 deitati.
3570 5530 3712 5586 Post

2114 5631 2544 5687 lncarnationem
2572 5644 2705 5683 vero
2729 5631 2887 5682 homo
2917 5626 3121 5700 [Baluz.
3157 5642 3262 5680 om.
3300 5623 3508 5694 homo],
3537 5619 3711 5676 Chri-

2112 5735 2246 5789 stus,
2273 5721 2448 5785 Jesus,
2480 5719 2910 5792 propitiatorium
2931 5760 2947 5790 ,
2976 5717 3263 5784 mediator,
3296 5713 3543 5788 primitiae
3572 5711 3712 5776 don
