3924 6282
207 321 352 386 4017

950 324 1011 383 S.
1052 325 1325 383 CYRILLI
1364 324 1651 385 SCHOLIA
1691 320 1780 387 DE
1819 318 2324 389 iNCARNATleV'E
2363 326 2729 390 UNICENITI.

3337 327 3474 392 40M

202 443 486 500 mientium
505 481 521 509 ,
556 438 945 512 primogenitus
967 455 999 494 a
1026 440 1274 507 mortuis,
1304 439 1571 495 secundus
1600 439 1790 505 Adam,
1819 444 1876 504 Α
1969 442 2084 499 Etsi
2107 444 2318 500 dicatur
2344 445 2592 516 pro/icere
2609 442 2761 498 Iesus
2787 449 2957 509 atate,
2989 442 3245 513 sapientia
3275 452 3323 497 et
3349 461 3471 515 gra-

204 543 372 606 caput
407 533 649 605 corporis
692 531 981 598 Ecclesiaz,
1030 547 1153 588 cum
1186 547 1309 587 eum
1356 532 1520 588 etiam
1576 531 1793 587 nomina

202 632 382 702 prisca
431 633 757 699 sequantur:
786 636 812 668 ι
834 628 1015 683 omnia
1056 628 1200 683 enim
1240 628 1405 698 ipsius
1429 627 1647 698 propria
1673 634 1796 681 sunt

204 732 261 777 et
288 722 500 791 priora,
530 727 585 775 et
608 734 727 789 quae
752 718 1055 775 novissimis
1084 718 1225 775 facta
1255 721 1606 790 temporibus.

279 813 428 868 Unus
456 814 619 881 igitur
642 820 757 879 est,
786 819 843 867 et
868 811 959 882 qui
989 819 1115 867 ante
1142 812 1573 869 Incarnationem
1595 853 1611 880 ,
1650 815 1795 871 Deus

202 914 323 960 erat
369 920 559 971 verus,
605 914 661 959 et
706 904 798 973 qui
846 903 900 957 in
946 903 1281 958 humanitate
1325 904 1522 958 mansit
1568 904 1622 959 id
1648 905 1793 975 quod

202 1006 357 1061 erat,
404 1003 599 1060 etest,
646 1003 703 1050 et
726 995 849 1050 erit.
907 993 1027 1049 Non
1054 994 1441 1050 discernendus
1468 996 1631 1064 igitur
1657 1011 1794 1051 unus

201 1090 464 1144 Dominus
505 1086 661 1143 Jesus
702 1086 979 1153 Christus,
1028 1087 1083 1141 in
1119 1086 1395 1142 hominem
1433 1102 1706 1149 seorsum,
1737 1096 1794 1143 et

201 1194 449 1235 seorsum
471 1179 524 1233 in
546 1179 744 1244 Deum;
765 1177 862 1234 sed
882 1193 1045 1233 unum
1067 1178 1423 1247 eumdemque
1442 1177 1624 1234 Jesum
1643 1178 1794 1234 Chri-

200 1280 345 1326 stum
375 1287 493 1326 esse
535 1271 791 1336 dicimus,
831 1286 939 1324 non
970 1270 1279 1339 ignorantes
1306 1268 1661 1325 differentiam
1691 1286 1791 1325 na-

201 1372 466 1429 turarum,
497 1364 593 1418 sed
622 1378 715 1418 eas
743 1360 1051 1417 inconfusas
1080 1362 1221 1417 inter
1248 1377 1367 1418 sese
1393 1370 1690 1418 servantes.

274 1454 499 1520 Quoties
528 1454 689 1521 igitur
713 1452 892 1507 littera
920 1467 1077 1507 sacra
1114 1460 1534 1518 commemorat,
1563 1451 1708 1521 quod
1737 1452 1791 1505 in

200 1542 419 1598 Christo
455 1541 761 1596 inhabitavit
792 1544 958 1597 omnis
999 1542 1263 1613 plenitudo
1295 1542 1581 1596 divinitatis
1611 1559 1793 1612 carpo.

200 1635 386 1690 raliter
416 1634 551 1703 (Col.
586 1650 645 1698 ιι,
668 1632 746 1703 9);
780 1649 887 1688 non
914 1633 1037 1689 ideo
1059 1634 1285 1689 dicimus
1314 1643 1583 1703 tamquam
1613 1636 1666 1690 in
1688 1636 1794 1691 alio

200 1727 453 1792 Christo,
488 1726 540 1780 in
570 1726 791 1782 homine
825 1742 1071 1782 seorsum
1108 1726 1435 1783 inhabitasse
1461 1728 1630 1782 Deum
1658 1728 1794 1783 Ver-

1900 536 1971 589 tia
2011 534 2159 607 (Luc.
2191 552 2248 601 ιι,
2291 534 2405 606 52),
2448 533 2864 605 dispensationis
2910 532 3025 586 haec
3060 546 3147 586 res
3193 540 3291 586 est.
3332 531 3475 588 Deus

1897 626 2101 681 etenim
2154 626 2388 681 Verbum
2432 626 2825 681 humanitatem
2869 638 3022 679 more
3068 638 3166 678 suo
3212 621 3475 693 proﬁcere

1896 717 2243 788 permittebat
2267 756 2283 781 ,
2322 724 2377 771 et
2415 717 2568 787 quasi
2604 714 2862 787 paulatim
2888 713 3185 769 divinitatis
3222 729 3332 769 sua:
3359 714 3475 782 glo-

1896 808 2033 863 riam
2063 809 2280 864 volebat
2306 810 2601 877 declarare,
2630 818 2686 867 et
2712 828 2835 867 cum
2860 812 3103 882 corporis
3129 820 3287 867 mtate
3312 813 3475 867 etiam

1895 915 1992 954 sua
2018 898 2222 973 [Batuz.
2256 900 2428 971 suam]
2458 901 2768 967 extendere,
2801 918 2870 958 ne
2894 903 3021 974 quid
3050 918 3245 958 novum
3271 901 3474 958 videre-

1896 999 2001 1056 tur,
2027 991 2186 1061 idque
2206 992 2489 1047 nonnullos
2516 992 2677 1047 nimia
2707 994 2944 1049 novitate
2971 1002 3315 1064 perterreret.
3338 993 3472 1052 Cum

1894 1082 2193 1154 prmsertim
2230 1083 2308 1137 sic
2346 1098 2561 1152 quoque
2597 1084 2868 1139 dicerent:
2915 1083 3183 1147 Quomodo
3221 1086 3305 1139 hic
3332 1085 3470 1141 litte-

1894 1193 1981 1231 ras
2008 1177 2123 1241 scit,
2154 1191 2268 1229 cum
2301 1192 2403 1231 non
2434 1175 2670 1230 didicerit
2692 1174 2871 1247 (Joan.
2900 1192 2992 1241 vu,
3020 1174 3151 1247 15)?
3181 1175 3323 1246 Ergo
3351 1191 3474 1232 cor-

1892 1268 2081 1341 porale
2111 1276 2449 1336 augmentum
2475 1308 2489 1332 ,
2530 1276 2589 1322 et
2616 1268 2891 1336 profectus
2925 1269 3141 1337 gratim,
3173 1284 3236 1324 ac
3260 1270 3477 1339 sapien-

1892 1361 1981 1415 tia:
2011 1400 2025 1426 ,
2080 1360 2429 1414 humanitatis
2475 1374 2739 1414 mensura:
2785 1360 3069 1427 convenit;
3118 1360 3290 1430 ipsum
3343 1376 3476 1421 vero

1894 1450 2063 1505 Deum
2114 1448 2347 1503 Verbum
2396 1465 2493 1520 per
2542 1466 2691 1503 suam
2732 1458 2977 1505 naturam
3024 1451 3475 1522 perfectissimum

1893 1539 2235 1605 conﬁtemur,
2274 1556 2381 1594 non
2420 1554 2647 1609 egenum
2694 1541 2996 1614 profectus,
3036 1558 3142 1598 non
3174 1544 3473 1615 sapientizc,

1895 1649 2001 1687 non
2032 1627 2235 1701 gratiae.
2276 1634 2455 1704 Ipsum
2483 1634 2626 1688 enim
2647 1642 2929 1702 crcatume,
2961 1643 3016 1691 et
3044 1637 3383 1707 sapientiam,
3418 1645 3475 1694 et

1895 1724 2145 1793 gratiam,
2177 1732 2231 1778 et
2258 1725 2399 1779 bona
2429 1725 2607 1779 omnia
2631 1726 2888 1795 impertit.

199 1818 361 1883 bum;
402 1833 503 1873 nec
530 1833 693 1887 porro
720 1818 1018 1873 dividentes
1057 1834 1119 1873 ea
1145 1833 1265 1887 quae
1298 1820 1445 1874 unita
1476 1827 1619 1885 sunt,
1650 1819 1787 1876 duos
1817 1815 1862 1875 Β
1962 1815 2019 1871 Si
2050 1833 2177 1871 vero
2205 1815 2361 1872 Jesus
2398 1832 2589 1887 passus
2624 1833 2744 1873 esse
2783 1818 3010 1883 dicatur,
3050 1820 3229 1889 passio
3257 1820 3473 1890 quidem

201 1910 548 1979 intelligimus
577 1908 747 1975 ﬁlios;
779 1908 908 1964 illud
928 1917 1107 1964 autem
1128 1911 1316 1979 magis,
1346 1910 1489 1979 quod
1518 1909 1790 1965 Christum

200 2003 447 2069 nominat
467 2002 648 2057 littera
670 2016 824 2056 sacra
853 2016 919 2055 ex
940 2009 1095 2071 parte
1124 2018 1546 2072 nonnumquam,
1569 2003 1791 2073 etquod

200 2093 593 2148 humanitatem
619 2091 715 2146 Dei
744 2089 1002 2157 Verbum,
1026 2106 1185 2160 quam
1214 2094 1489 2162 propriam
1518 2093 1698 2159 habet,
1732 2092 1788 2147 in

198 2184 378 2240 locum
406 2183 587 2253 posuit
616 2181 821 2251 templi.
864 2180 1133 2252 Scriptum
1171 2190 1254 2237 est
1285 2191 1466 2237 autem
1496 2190 1551 2236 et
1578 2182 1644 2237 de
1672 2183 1791 2237 ani-

198 2276 390 2331 mabus
417 2275 691 2331 humanis:
722 2273 1082 2329 Inhabitantes
1112 2283 1281 2329 autem
1316 2275 1494 2329 domos
1519 2276 1701 2338 luteas,
1726 2275 1789 2329 de

198 2364 379 2437 quibus
407 2374 455 2418 et
478 2381 572 2420 nos
600 2382 665 2419 ea;
690 2364 867 2419 eodem
889 2365 994 2419 luto
1014 2380 1189 2419 sumus
1214 2365 1355 2435 (Job.
1386 2364 1461 2430 iv,
1488 2365 1597 2435 19).
1628 2364 1656 2404 δ
1686 2363 1787 2420 Er-

198 2470 360 2527 gone,
388 2457 644 2526 quoniam
666 2456 836 2511 luteas
860 2455 1052 2511 domos
1079 2456 1314 2510 humana
1343 2472 1573 2526 corpora
1609 2457 1786 2511 nomi-

200 2557 331 2613 nat,
373 2556 429 2602 et
464 2547 694 2601 aﬁirmat
743 2548 799 2601 in
834 2547 919 2601 his
975 2547 1182 2601 animas
1225 2547 1487 2613 habitare,
1540 2548 1594 2601 in
1645 2548 1782 2604 duos

200 2638 448 2694 homines
495 2653 659 2691 unum
723 2637 997 2692 hominem
1059 2637 1395 2692 dividemus?
1463 2637 1624 2707 Atqui
1678 2654 1789 2694 non

201 2728 514 2784 irrationale
546 2727 769 2785 omnino
808 2730 909 2795 sit,
951 2738 1010 2783 ut
1046 2728 1102 2783 in
1148 2729 1367 2784 homine
1406 2729 1625 2799 spiritus
1661 2746 1790 2786 suus

198 2818 502 2873 inhabitare
530 2819 758 2875 dicatur.
799 2818 970 2888 Ergo,
1000 2820 1103 2875 etsi
1138 2835 1236 2890 per
1261 2820 1568 2889 hujusmodi
1597 2822 1789 2877 modos

197 2911 460 2965 orationis
498 2910 665 2980 ﬁgura
702 2911 994 2981 procedat,
1034 2926 1155 2967 cum
1195 2911 1412 2986 [Batuz.
1445 2912 1596 2985 qum]
1632 2914 1791 2970 aliter

200 2999 317 3055 ﬁeri
344 3017 451 3056 non
481 3002 671 3071 possit,
702 3018 810 3057 non
838 3010 1019 3057 tamen
1048 3002 1170 3057 ideo
1192 3018 1371 3057 rerum
1391 3005 1663 3075 corrumpi
1692 3019 1790 3059 na-

198 3102 351 3149 turas
376 3102 654 3163 oporteat,
684 3094 779 3150 sed
807 3095 975 3164 magis
1003 3110 1097 3151 eas
1127 3104 1279 3151 recto
1316 3096 1558 3152 veritatis
1595 3102 1787 3153 tenore

200 3187 424 3241 servari.

273 3272 495 3341 Quoties
521 3275 681 3345 igitur
707 3274 993 3345 quaepiam,
1015 3292 1135 3347 qua:
1162 3276 1475 3333 dissimilem
1496 3286 1621 3333 sunt
1644 3279 1786 3335 inter

199 3382 261 3423 se
296 3366 485 3420 sortita
532 3374 809 3431 naturam,
857 3365 1085 3421 collecta
1134 3367 1189 3422 in
1228 3367 1646 3435 adunationem,
1684 3384 1786 3439 per

198 3458 645 3529 compositionem
682 3458 968 3513 videntur:
1009 3459 1203 3515 deinde
1244 3461 1559 3517 alterutrum
1597 3477 1665 3517 ex
1703 3462 1787 3517 his

200 3547 259 3602 in
289 3549 545 3603 alterutro
575 3547 818 3602 habitare
837 3548 1053 3614 dicitur,
1077 3564 1185 3603 non
1207 3549 1551 3605 dividendum
1580 3551 1633 3604 in
1656 3550 1783 3616 duo,

201 3639 544 3694 adunationis
571 3638 930 3694 conventione
959 3639 1177 3694 minime
1206 3640 1407 3695 violata
1437 3640 1647 3713 [Batuz.
1676 3641 1787 3696 vio-

200 3727 416 3799 landa],
466 3729 593 3785 licet
641 3730 753 3784 suis
787 3730 1096 3785 nominibus
1124 3746 1221 3800 per
1241 3746 1362 3786 sese
1390 3746 1474 3798 ea,
1506 3746 1625 3800 qua:
1654 3730 1785 3785 adu-

197 3829 331 3875 nata
358 3830 521 3886 sunt,
552 3822 895 3877 nominentur
924 3838 956 3877 a
992 3822 1169 3879 nobis.
1211 3823 1416 3879 Dicitur
1444 3838 1695 3893 namque,
1726 3831 1786 3879 ut

200 3920 329 3967 ante
349 3912 498 3978 dixi,
546 3921 601 3967 et
642 3914 697 3967 in
736 3914 955 3970 homine
993 3915 1235 3970 habitare
1263 3916 1484 3985 spiritus
1513 3931 1661 3980 suus,
1684 3929 1785 3970 nec

198 4011 383 4057 tamen
414 4002 632 4075 [Batuz.
662 4003 1067 4076 verumtamen]
1098 4006 1260 4060 homo
1288 4005 1501 4071 dicitur,
1537 4014 1593 4061 et
1629 4020 1782 4059 seor-

200 4107 323 4147 sum
351 4093 571 4162 spiritus
597 4109 757 4159 suus,
799 4109 1045 4149 seorsum
1074 4103 1130 4149 et
1158 4110 1373 4165 corpus.
1416 4094 1484 4149 Et
1515 4096 1623 4149 tale
1656 4094 1785 4163 quid

203 4184 365 4239 nobis
384 4184 595 4240 divinus
616 4185 813 4239 Paulus
836 4185 1050 4254 obliqua
1077 4185 1467 4254 signiﬁcatione
1498 4184 1588 4258 [Id
1605 4194 1681 4239 est
1695 4186 1786 4239 ob-

196 4291 359 4332 scure
404 4285 459 4332 et
509 4279 663 4346 quasi
706 4277 1077 4349 :cnigmatice]
1108 4286 1513 4344 commemorat,
1560 4277 1779 4333 dicens:

201 4366 349 4423 Nam
376 4372 470 4424 etsi
498 4371 720 4425 exterior
748 4378 920 4426 noster
947 4371 1098 4424 homo
1127 4372 1501 4440 corrumpitur;
1531 4368 1621 4424 sed
1652 4370 1785 4423 inte-

199 4462 313 4515 rior
331 4470 603 4515 renovatur
630 4460 693 4515 de
720 4460 805 4515 die
832 4462 886 4514 in
916 4461 1050 4516 diem
1073 4460 1149 4532 (ll
1180 4460 1297 4515 Cor.
1324 4477 1396 4525 tv,
1424 4460 1547 4531 16).
1579 4460 1635 4515 Si
1664 4460 1785 4529 quis

1894 1909 1998 1963 erit
2045 1907 2491 1978 dispensationis;
2524 1908 2694 1979 ipsius
2740 1917 2921 1964 tamen
2970 1910 3184 1975 dicitur,
3234 1919 3289 1966 et
3327 1920 3475 1967 recte

1894 1998 2130 2069 quidem,
2162 2000 2287 2069 quia
2316 2015 2513 2069 corpus
2541 2001 2706 2070 ipsius
2730 2002 3009 2072 proprium
3036 2018 3252 2073 passum
3275 2011 3389 2069 est,
3418 2012 3474 2059 et

1894 2097 2011 2146 erat
2034 2090 2084 2143 in
2115 2105 2344 2161 corpore
2381 2092 2623 2161 patiente
2658 2092 2801 2162 ipse,
2831 2094 2923 2163 qui
2949 2094 3063 2163 pati
3100 2108 3209 2149 non
3237 2101 3471 2164 poterat,

1893 2182 2236 2252 impassibilis
2273 2190 2357 2236 est
2390 2183 2530 2236 enim
2550 2222 2565 2248 ,
2604 2191 2663 2237 ut
2700 2182 2877 2240 Deus:
2910 2192 3169 2255 quantum
3199 2194 3378 2239 tamen
3405 2184 3475 2239 ad

1892 2275 2315 2330 conviciatorum
2342 2274 2693 2345 petulantiam
2721 2277 2996 2346 pertinuit,
3024 2292 3215 2347 passus
3242 2285 3402 2342 esset,
3427 2275 3475 2332 si

1892 2368 2006 2437 pali
2047 2376 2247 2438 posset.
2289 2368 2431 2436 Ergo
2472 2370 2727 2439 quoniam
2760 2370 2932 2424 nostri
2972 2371 3162 2425 similis
3198 2371 3367 2425 factus
3390 2376 3476 2425 est

1895 2455 2231 2525 Uuigenitus,
2257 2458 2701 2528 quotiescumque
2726 2458 2888 2513 homo
2913 2461 3220 2514 nominatur
3240 2475 3267 2513 a
3292 2459 3475 2515 divina

1893 2547 2167 2617 Scriptura
2191 2588 2206 2613 ,
2256 2548 2526 2603 intuentes
2571 2548 3053 2619 diSpensationem,
3102 2549 3271 2605 Deum
3299 2550 3472 2619 ipsum

1893 2648 2084 2694 natura
2111 2640 2187 2695 sic
2213 2654 2428 2710 quoque
2454 2640 2827 2694 contiteamur.

2475 2750 2704 2807 CAPUT
2741 2751 2878 2807 XIV.

1926 2842 2182 2914 Exempla
2221 2844 2407 2897 divina:
2436 2842 2720 2914 Scriptura:
2745 2841 2883 2914 quod
2909 2839 3007 2896 Dei
3037 2839 3258 2897 Verbum
3285 2840 3437 2897 homo

2093 2911 2285 2983 factum
2314 2911 2562 2967 manserit
2582 2912 2741 2966 Deus.
2759 2911 2854 2966 'De
2881 2914 3262 2983 propitiatorio.

1960 3007 2050 3061 Ait
2078 3006 2273 3061 alicubi
2302 3006 2443 3060 Deus
2485 3005 2552 3060 ad
2586 3004 2894 3075 pontiﬁcem
2926 3003 3143 3075 Moysen
3171 3022 3183 3056 :
3214 3002 3283 3057 Et
3311 3003 3472 3075 facies

1890 3099 2304 3169 propitiatorium
2325 3099 2651 3168 impositione
2672 3099 2786 3151 auri
2808 3098 2923 3169 puri
2953 3097 3169 3151 duorum
3190 3097 3479 3167 atoitorum.

1812 3184 1859 3251 (Ξ
1889 3199 1939 3243 et
1966 3188 2166 3242 dimidii
2196 3188 2585 3259 longitudinem,
2617 3197 2667 3241 et
2689 3186 2842 3242 cubiti
2868 3189 3019 3241 unius
3046 3197 3095 3242 et
3116 3186 3317 3240 dimidii
3345 3186 3471 3240 .ati-

1890 3281 2147 3334 tudinem:
2177 3288 2229 3334 et
2268 3281 2427 3351 facies
2468 3279 2594 3334 duos
2634 3278 2903 3333 Cherubim
2951 3295 3132 3333 aureos
3161 3284 3390 3342 ornatos,
3421 3283 3473 3330 et

1884 3374 2154 3443 imponens
2195 3373 2313 3426 illos
2352 3388 2418 3425 ex
2440 3381 2654 3442 utroque
2680 3371 2856 3424 latere.
2905 3368 3103 3422 Cherub
3128 3384 3259 3420 unus
3296 3366 3359 3420 de
3392 3366 3472 3419 la-

1888 3472 1992 3517 tere
2019 3464 2133 3529 hoc,
2163 3472 2213 3516 et
2232 3462 2446 3535 [Baluz.
2471 3462 2566 3515 hoc
2586 3460 2696 3533 est]
2719 3458 2917 3514 Cherub
2937 3476 3068 3513 unus
3095 3458 3157 3513 de
3186 3459 3344 3513 latere
3369 3459 3471 3511 isto

1887 3555 2255 3625 propitiatorii.
2283 3551 2353 3605 Et
2374 3553 2532 3623 [acies
2556 3551 2681 3604 duos
2697 3548 2967 3604 Cherubim
2988 3566 3141 3620 super
3162 3548 3261 3602 duo
3281 3548 3469 3601 latera.

1885 3642 2056 3699 Erunt
2073 3643 2339 3698 Cherubim
2361 3643 2693 3699 extendentes
2715 3658 2910 3713 pennas
2931 3657 3133 3695 sursum
3152 3638 3475 3711 superabunt-

1888 3733 2091 3788 brantes
2113 3736 2294 3806 pennis
2317 3736 2421 3788 suis
2444 3750 2598 3804 super
2626 3732 3076 3804 propitiatorium;
3111 3740 3160 3784 et
3188 3730 3352 3783 vultus
3385 3744 3473 3783 eo-

1885 3840 1998 3878 rum
2020 3824 2307 3878 adinvicem
2328 3825 2652 3895 respicientes
2674 3823 3091 3893 prapitiatorium
3110 3828 3258 3873 erunt
3274 3817 3470 3890 (Exod.

1886 3931 2012 3981 xxv,
2040 3914 2149 3985 i7).
2190 3914 2440 3982 IEnigma
2462 3913 2819 3969 certissimum
2851 3912 2902 3965 id
2926 3912 3021 3976 sit,
3052 3910 3220 3963 Deum
3236 3909 3473 3963 Verbum

1886 4007 2048 4060 etiam
2072 4006 2123 4059 in
2143 4005 2477 4059 humanitate
2500 4004 2666 4058 Deum
2691 4001 2899 4075 [Batuz.
2925 3998 3158 4070 Domini)
3188 4000 3470 4064 mansisse,

1886 4105 1940 4152 et
1964 4099 2017 4151 in
2042 4112 2137 4152 sua
2157 4097 2325 4166 gloria
2349 4111 2413 4151 ac
2432 4097 2730 4165 majestate.
2755 4094 2855 4149 etsi
2883 4102 3105 4164 propter
3123 4091 3475 4163 dispensatio.

1886 4200 2010 4243 nem
2042 4186 2212 4242 factus
2242 4187 2309 4241 sit
2342 4186 2529 4240 similis
2559 4186 2728 4240 nostri
2754 4202 2767 4237 :
2804 4183 3233 4254 Propitiatorium
3253 4197 3477 4253 namque

1886 4296 1978 4351 per
1996 4278 2151 4349 ﬁdem
2174 4280 2340 4349 factus
2361 4286 2437 4331 est
2457 4277 2601 4330 nobis
2630 4274 2939 4329 Emmanuel
2971 4271 3147 4345 (Rom.
3172 4288 3247 4336 ιιι,
3270 4268 3382 4342 25).
3416 4269 3474 4325 Id

1887 4378 2068 4424 autem
2094 4369 2248 4423 nobis
2276 4367 2644 4438 comprobavit
2678 4364 3103 4436 sapientissimus
3121 4362 3355 4418 Joannes
3387 4360 3473 4416 di-

1888 4475 2014 4515 cens
2041 4479 2053 4514 :
2086 4458 2286 4523 Filioti,
2312 4458 2478 4512 scribo
2506 4458 2674 4524 vobis,
2699 4465 2878 4511 utnon
2899 4457 3149 4527 peccetis;
3179 4453 3271 4508 sed
3289 4454 3335 4508 si
3360 4454 3475 4525 quis

200 4552 369 4620 igitur
394 4551 619 4617 dixerit,
660 4552 972 4607 interiorem
1012 4561 1256 4607 nostrum
1294 4554 1569 4609 hominem
1597 4554 1651 4607 in
1678 4569 1776 4607 ex-
1804 4551 1856 4612 D
1881 4554 2182 4624 peccaverit,
2214 4551 2587 4605 consolatorem
2608 4550 2849 4604 habemus
2871 4548 3010 4621 apud
3034 4546 3267 4611 Patrem,
3294 4544 3475 4599 Iesum

199 4644 405 4698 teriore
443 4643 660 4698 homine
703 4643 1034 4710 inhabitare,
1063 4660 1250 4699 verum
1278 4645 1495 4714 quidem
1515 4661 1785 4701 memora-

200 4736 313 4799 vit,
346 4736 400 4789 in
428 4735 535 4789 duo
569 4744 747 4791 tamen
776 4752 940 4790 unum
967 4736 1205 4792 dividere
1233 4754 1340 4793 non
1368 4738 1654 4793 videbitur.
1696 4740 1787 4794 Ait

196 4838 385 4883 autem
412 4829 607 4884 alicubi
634 4830 797 4884 etiam
825 4830 1087 4900 propheta
1128 4830 1290 4886 lsaias
1316 4848 1328 4884 :
1374 4830 1452 4885 De
1482 4841 1629 4886 nocte
1656 4832 1785 4904 vigi-

200 4920 279 4973 tat
307 4921 517 4989 spiritus
543 4937 683 4975 meus
708 4922 777 4974 ad
799 4930 864 4988 te,
883 4920 1107 4978 Domine
1125 4921 1278 4994 (Isai.
1304 4939 1448 4988 xxvr,
1465 4922 1540 4991 9).
1575 4922 1788 4978 Utrum-

202 5025 272 5063 ne
322 5018 594 5078 tamquam
642 5012 778 5066 alius
823 5021 1019 5082 prater
1045 5014 1247 5084 ipsum,
1281 5014 1498 5085 spiritus
1522 5014 1687 5084 ipsius
1716 5013 1783 5068 ad

201 5102 373 5155 Deum
420 5102 615 5157 dicitur
659 5103 915 5171 vigilare?
962 5104 1150 5159 Nonne
1196 5105 1247 5159 id
1288 5105 1675 5176 ineptissimum
1702 5105 1785 5159 vi-

198 5189 428 5245 deatur?
455 5190 596 5259 Ergo
630 5193 769 5247 scire
810 5192 1026 5262 quidem
1065 5210 1285 5250 necesse
1326 5203 1408 5251 est
1432 5195 1690 5249 orationis
1718 5194 1783 5246 ti-

202 5295 389 5349 guras,
412 5297 519 5336 non
541 5291 719 5337 tamen
734 5283 802 5337 ab
829 5284 1099 5339 intellectu
1130 5285 1407 5340 discedere
1434 5287 1783 5356 competenti,

203 5371 303 5427 sed
329 5373 530 5429 referre
558 5376 726 5442 magis
766 5377 1149 5430 sententiarum
1179 5377 1288 5430 vim
1318 5377 1387 5431 ad
1414 5394 1629 5433 sensum
1649 5419 1662 5444 ,
1692 5380 1785 5448 qui

206 5463 496 5534 unicuique
518 5466 597 5520 rei
622 5466 925 5521 conveniat.

1887 4642 2146 4698 Christum
2162 4644 2390 4714 justum;
2413 4651 2463 4695 et
2482 4643 2590 4712 ipse
2609 4650 2685 4696 est
2705 4641 3003 4713 propitiatio
3025 4655 3117 4710 pro
3138 4638 3359 4709 peccatis
3386 4652 3479 4690 no-

1886 4738 2008 4791 stris
2032 4734 2083 4809 (1
2090 4753 2209 4790 oan.
2238 4752 2292 4801 ιι,
2319 4734 2393 4805 i).
2421 4734 2530 4791 Nec
2559 4751 2665 4789 non
2703 4735 2863 4788 etiam
2893 4731 3089 4786 Paulus
3115 4748 3127 4784 :
3169 4730 3329 4793 Quem
3351 4745 3476 4799 pro-

1887 4830 2077 4899 posuit,
2104 4828 2294 4896 inquit,
2320 4826 2458 4880 Deus
2488 4827 2901 4897 pr0pitiatorium
2924 4822 3136 4894 [Baluz.
3169 4820 3478 4891 prapitiato-

1886 4918 2027 4991 rem]
2055 4936 2145 4989 per
2170 4918 2323 4989 ﬁdem
2346 4919 2401 4972 in
2430 4934 2522 4972 suo
2547 4918 2798 4987 sanguine
2830 4913 3005 4981 (Rom.
3028 4910 3084 4977 v,
3112 4908 3225 4982 25).

1962 5008 2227 5065 Cancrum
2266 5025 2424 5065 cerne
2452 5007 2739 5063 Cherubim
2768 5006 3173 5059 circumstantes
3208 5002 3475 5073 propitia-

1892 5104 2089 5158 torium
2113 5143 2127 5168 ,
2175 5112 2230 5160 et
2258 5101 2805 5173 superobumhrantes
2833 5097 3047 5167 quidem
3076 5096 3295 5166 pennis;
3338 5110 3474 5149 con-

1892 5211 2076 5251 versos
2113 5202 2293 5251 autem
2324 5193 2391 5248 ad
2429 5191 2893 5271 propitiatorium,
2938 5195 2993 5243 et
3020 5203 3157 5259 pene
3187 5186 3339 5241 nutui
3367 5186 3477 5241 Do-

1892 5289 2091 5342 minico
2120 5287 2333 5342 oculum
2365 5284 2720 5339 intendentes.
2752 5280 2831 5335 Ad
2860 5280 2955 5335 Dei
2977 5280 3119 5334 enim
3142 5278 3475 5333 voluntatem

1893 5388 2101 5434 tantum
2142 5380 2360 5450 respicit
2405 5384 2588 5432 sancta
2632 5374 2928 5430 caelestium
2968 5372 3251 5442 spirituum
3287 5370 3475 5425 multi-

1895 5471 2055 5537 tudo,
2104 5480 2157 5525 ct
2204 5484 2493 5539 numquam
2524 5467 2618 5523 Dei
2645 5466 2871 5522 satiatur
2898 5470 3136 5535 aspectu.
3177 5461 3254 5517 lta
3284 5461 3476 5519 Filium

1374 5602 1913 5661 CASTIGATIONES
1952 5604 2038 5659 ΕΤ
2075 5604 2302 5660 NOTAE.

275 5720 311 5784 ᾗ
346 5710 551 5784 Daluz.,
582 5712 755 5784 omnia
784 5712 1072 5765 novissimis
1095 5714 1235 5783 facta
1264 5714 1591 5784 temporibus.
1624 5714 1780 5769 Enrr.

278 5777 308 5820 δ
348 5780 552 5848 Baluz.,
586 5781 830 5836 Humana
862 5777 1387 5853 corpora'uominat',
1439 5785 1663 5855 a/ﬁrmat
1692 5803 1788 5839 au-

1898 5725 2015 5783 tem,
2045 5728 2147 5773 etc.
2181 5717 2334 5774 Enn.
