3924 6282
466 255 605 323 1019

1012 256 1205 315 manu
1243 258 1679 331 nuncnoms
1716 257 2300 349 ratustai‘toues
2342 257 2698 353 VARIORpM
2732 256 3263 357 .opuscutonuu.

3617 260 3769 319 £020

464 368 727 441 propheta
753 366 918 455 Isaias
944 368 1140 427 vidisse
1168 388 1227 428 se
1256 373 1413 437 dicit,
1459 374 1513 429 in
1542 375 1670 430 sede
1698 376 1955 453 altissima
1983 384 2039 431 et
2065 380 2116 455 ᾼ
2143 356 2419 448 tamquam
2470 380 2521 434 in
2569 396 2729 436 manu
2774 380 2948 436 Patris
2970 384 3111 455 virga
3140 381 3419 454 agilitatis,
3446 392 3513 433 ac
3546 376 3716 447 regni
3744 393 3760 430 :

466 452 882 517 eminentissima
901 504 916 530 ,
973 463 1443 523 circumStantibus
1466 454 1765 542 Seraphim’
1792 470 1861 525 et
1876 470 2037 533 obse-

466 552 750 627 quentibus
881 563 939 611 ut
966 553 1076 613 Deo
1109 555 1261 630 (Isai.
1289 575 1359 625 v1,
1391 557 1469 633 1).
1534 562 1539 567 ’
1688 558 1709 569 ”
1882 556 1887 565 ’

1054 691 1286 751 CAPUT
1323 692 1437 751 XV.

934 776 1089 863 Aliud
1110 808 1175 863 de
1204 810 1346 881 virga
1374 807 1563 866 Hosis.

534 919 907 976 Destinabatur
954 920 1238 991 aliquando
1275 922 1485 979 divinus
1520 922 1733 997 Moyses
1772 931 1831 978 ut
1866 924 2035 980 Israel

464 1009 532 1093 ab
563 997 933 1083 Egyptiorum
960 1012 1213 1068 violentia
1245 1014 1514 1070 liberaret.
1558 1014 1756 1095 Verum
1782 1017 2035 1087 quoniam

463 1090 683 1156 necesse
710 1106 827 1175 erat
850 1118 963 1170 eos,
995 1104 1086 1183 qui
1114 1105 1211 1167 sub
1235 1104 1364 1175 jugo
1393 1090 1575 1165 essent
1591 1106 1859 1166 servitutis
1888 1109 2035 1183 inso-

460 1190 589 1277 litae,
618 1194 768 1277 prius
789 1193 985 1251 docere
997 1182 1021 1261 ,’
1047 1195 1191 1266 quod
1219 1198 1297 1252 eis
1322 1197 1463 1252 Deus
1486 1198 1596 1273 jam
1620 1208 1761 1254 esset
1789 1182 2033 1257 reconci-

456 1276 649 1349 liatus,
700 1283 940 1353 prodigia
981 1300 1105 1341 eum
1145 1285 1321 1343 facere
1358 1289 1689 1361 imperabat:
1721 1290 2035 1361 plerumque

461 1362 605 1455 enim
646 1375 962 1432 miraculum
1012 1394 1111 1434 nos
1157 1379 1374 1435 adducit
1421 1378 1472 1435 in
1523 1380 1699 1436 fidem.
1758 1364 1845 1451 Ait
1874 1383 2035 1455 igitur

459 1452 673 1541 Moyses
701 1463 767 1520 ad
794 1464 965 1522 Deum
995 1471 1418 1540 omnipotentem
1453 1492 1465 1526 :
1500 1472 1558 1529 St
1593 1484 1763 1543 autem
1791 1452 2032 1528 nonvcre-

460 1552 685 1612 diderint
711 1546 865 1626 mihi,
899 1577 1058 1632 neque
1078 1562 1339 1617 audierint
1366 1582 1533 1620 vocem
1562 1582 1744 1632 meam,
1772 1565 2030 1620 dicentes:

458 1632 584 1703 Non
607 1636 851 1721 apparuit
879 1649 971 1706 tibi
986 1651 1155 1719 Deus;
1179 1654 1301 1726 quid
1321 1655 1488 1711 dicam
1508 1657 1613 1739 illis
1631 1658 1654 1712 ?
1672 1656 1821 1713 Dixit
1844 1657 2032 1733 deinde

2143 468 2285 525 sedet
2314 466 2455 526 enim
2481 473 2550 531 ad
2578 466 2863 528 dexteram.
2872 476 3120 547 genitoris
3154 476 3235 547 sui
3278 472 3331 539 in
3360 471 3601 545 propria
3632 485 3763 523 ma-

2142 556 2365 633 iestate,
2399 562 2553 637 sedes
2578 564 2862 641 altissimas
2890 564 3179 643 obtinens,
3210 567 3379 639 etiam
3412 582 3545 635 cum
3579 578 3758 619 carne

2144 655 2259 727 (Ps.
2292 674 2432 727 κων,
2466 657 2541 733 7).
2727 729 2956 787 CAPUT

2229 820 2387 875 Aliud
2424 821 2487 877 de
2506 837 2662 876 manu
2688 816 2885 895 Hoysis
2914 810 3118 897 leprosiz
3144 832 3193 878 et
3219 824 3421 895 integre
3445 829 3672 875 sanata.

2211 909 2360 967 Dixit
2387 922 2555 968 autem
2584 914 2655 967 ad
2692 908 2805 969 eum
2844 912 2982 987 Deus
3024 912 3276 969 Dominus
3316 916 3507 968 iterum
3535 930 3559 967 :
3595 912 3751 983 Infer

2138 1020 2348 1057 manum
2379 1013 2516 1059 tuam
2537 1004 2591 1059 in
2612 1007 2780 1060 sinum
2804 998 2971 1071 tuum;
2993 1017 3042 1061 et
3063 1008 3275 1078 protulit
3292 1023 3510 1061 manum
3533 1004 3608 1058 de
3626 1005 3744 1057 sinu

2137 1096 2249 1161 suo,
2281 1104 2332 1148 et
2361 1092 2499 1165 facta
2528 1105 2603 1151 est
2629 1113 2813 1151 manus
2834 1099 2944 1169 ejus
2965 1098 3096 1152 sicut
3116 1100 3227 1152 nix.
3254 1096 3324 1150 Et
3345 1096 3485 1173 dixit
3506 1098 3739 1149 iterum:

2140 1185 2291 1259 Infer
2326 1205 2534 1243 manum
2566 1200 2703 1243 tuam
2741 1191 2792 1243 in
2823 1190 2991 1245 sinum
3021 1200 3192 1244 tuam:
3217 1197 3266 1244 et
3302 1188 3486 1243 intulit
3522 1203 3738 1241 manum

2137 1294 2285 1333 suam
2311 1274 2369 1333 in
2394 1282 2564 1335 sinum
2603 1297 2781 1349 suum,
2814 1276 2862 1353 et
2890 1281 3106 1353 protulit
3144 1296 3256 1335 eam
3286 1279 3351 1334 de
3376 1282 3501 1335 sinu
3531 1295 3663 1342 suo,
3693 1286 3740 1329 et

2135 1370 2321 1425 iterum
2348 1366 2583 1425 restituta
2602 1379 2679 1427 est
2694 1374 2747 1426 in
2771 1372 2992 1427 colorem
3014 1374 3185 1426 carnis
3205 1372 3315 1444 ejus
3338 1366 3544 1443 (Exod.
3564 1385 3643 1429 ir,
3659 1367 3735 1439 6).

2137 1454 2350 1517 Manum
2379 1462 2446 1517 ad
2475 1462 2749 1519 dexteram
2774 1460 2869 1519 Dei
2892 1473 2947 1520 et
2974 1460 3149 1518 Patris
3174 1478 3363 1533 verum
3387 1461 3592 1516 Filimn
3623 1458 3735 1529 ejus

2135 1544 2315 1610 divina
2340 1555 2617 1627 Scriptura
2639 1548 2899 1612 nominat.
2924 1556 3137 1612 induxit
3157 1557 3298 1611 enim
3344 1557 3529 1625 ipsum
3551 1553 3734 1609 dicen-

2135 1650 2277 1700 tem:
2302 1646 2413 1718 Ego
2435 1664 2589 1701 manu
2611 1666 2724 1703 mea
2754 1649 2959 1722 ﬁrmavi
2999 1648 3178 1703 caelum
3213 1645 3371 1719 (Isai.
3410 1645 3731 1719 x1.v1n,l‘5);

457 1739 745 1813 Dominus:
789 1743 926 1809 Quid
967 1746 1062 1799 hoc
1098 1725 1348 1820 estquod
1375 1757 1450 1803 est
1486 1728 1545 1803 in,
1578 1768 1735 1807 manu
1775 1728 1896 1807 tua?
1926 1752 2032 1827 lie.
2059 1758 2110 1845 Β
2135 1725 2237 1797 nec
2266 1757 2373 1796 non
2416 1743 2577 1797 etiam
2607 1742 2774 1798 David
2802 1744 3013 1799 divinus
3051 1748 3270 1801 cantat:
3308 1739 3490 1795 Verbo
3521 1738 3733 1794 Domini

456 1822 695 1919 spondit:
725 1833 905 1909 Virga.
946 1833 1018 1890 Et
1045 1838 1119 1891 ait
1154 1837 1232 1919 illi
1254 1854 1272 1893 :
1300 1838 1509 1915 Projice
1551 1840 1695 1896 illam
1723 1844 1777 1896 in
1804 1822 2026 1913 terram;

454 1916 505 1978 ἐι
532 1926 673 1997 facta
703 1935 781 1981 est
825 1943 1061 1999 serpens,
1087 1938 1137 1983 et
1176 1916 1307 2005 fugit
1341 1929 1545 2006 Moyses
1587 1935 1651 1988 ab
1679 1954 1759 2007 ea.
1800 1934 1871 1989 Et
1899 1938 2031 1993 dixit

454 2013 709 2103 Dominus
750 2018 820 2071 ad
855 2017 1068 2103 Moysen
1097 2037 1114 2073 :
1144 2018 1383 2093 Extende
1419 2043 1624 2080 manum
1656 2037 1824 2095 tuam,
1855 2040 1903 2084 et
1930 2048 2026 2103 ap-

452 2107 711 2191 prehende
737 2106 956 2185 caudam
983 2111 1123 2182 ejus;
1152 2122 1199 2166 et
1219 2114 1495 2191 extendens
1516 2133 1722 2172 manum
1743 2120 2029 2191 apprehen-

558 2197 796 2266 caudam,
833 2209 884 2254 et
906 2202 1047 2273 facta
1069 2213 1143 2260 est
1170 2188 1313 2279 virga
1342 2209 1397 2260 in
1431 2224 1588 2263 manu
1614 2211 1746 2283 ejus.
1896 2213 2028 2267 dixit

452 2278 564 2374 illi:
592 2296 649 2343 ut
675 2284 889 2345 credant
918 2291 1038 2360 tibi,
1062 2297 1182 2367 quia
1213 2278 1454 2369 apparuit
1482 2300 1572 2354 tibi
1606 2278 1859 2358 Dominus
1886 2303 2027 2361 Deus

451 2390 658 2467 patrum
701 2399 938 2453 suorum,
986 2384 1125 2441 Deus
1164 2385 1453 2455 Abraham,
1492 2401 1541 2447 et
1581 2391 1720 2448 Deus
1770 2393 1951 2462 Isaac,
1976 2405 2028 2452 et

449 2470 592 2567 Deus
618 2466 782 2529 Iacob
808 2472 1001 2549 (Exod.
1034 2494 1105 2546 iv,
1138 2476 1214 2551 1).
1250 2480 1627 2559 Animadverte
1655 2484 1708 2540 in
1730 2486 1811 2541 his
1833 2496 2025 2545 natura

449 2574 507 2622 et
530 2567 760 2624 veritate
787 2567 981 2625 Filium
1011 2570 1143 2636 Dei,
1189 2579 1459 2645 tamquam
1500 2576 1739 2655 quaedam
1780 2579 1927 2651 virga
1956 2581 2027 2653 sit

449 2656 651 2727 Patris;
683 2660 830 2729 virga
850 2670 1031 2718 autem
1060 2664 1266 2741 insigne
1289 2672 1369 2721 est
1389 2667 1539 2737 regni
1565 2687 1577 2721 :
1608 2668 1748 2725 Filio
1770 2673 1906 2725 enim
1936 2672 2026 2727 de-

448 2747 525 2841 dit
552 2748 738 2835 habere
765 2753 992 2807 omnium
1029 2762 1331 2825 potestatem
1371 2756 1551 2831 (Joan.
1586 2776 1721 2826 xvii,
1752 2761 1830 2839 Ξ).
1876 2760 2025 2841 Unde

449 2840 612 2897 etiam
645 2841 857 2925 divinus
885 2843 1081 2903 David:
1117 2844 1353 2923 Thronus
1395 2856 1537 2923 tuus,
1568 2848 1769 2923 inquit,
1802 2850 1939 2907 Deus
1966 2852 2022 2907 in

710 2942 904 3010 swculi,
934 2950 984 3001 et
1003 2942 1147 3016 virga
1174 2945 1449 3017 wquitatis,
1472 2946 1614 3020 virga
1635 2948 1778 3020 regni
1801 2950 1873 3002 tui
1903 2948 2019 3021 (Ps.

447 3030 590 3113 sitv,
734 3030 841 3105 Sed
871 3049 989 3093 eam
1010 3032 1239 3111 projecit
1261 3037 1313 3091 in
1335 3045 1553 3104 terram,
1579 3037 1632 3093 id
1660 3048 1762 3111 est,
1796 3057 2023 3113 corpore

2135 1831 2246 1887 caeli
2272 1832 2469 1904 [innati
2515 1842 2633 1887 sunt
2678 1831 2861 1906 (Psal.
2897 1850 3072 1900 χχχιι,
3119 1832 3207 1905 6).
3237 1829 3420 1888 Cerne
3460 1831 3650 1902 igitur,
3679 1830 3732 1886 in

2132 1931 2305 1986 sinum
2325 1930 2540 2001 quidem
2568 1925 2768 2001 Moysis
2788 1928 2961 1983 adhuc
2987 1943 3200 1983 manum
3225 1927 3344 1997 ejus
3370 1927 3657 1993 occultari,
3678 1934 3730 1981 et

2132 2022 2369 2081 nondum
2398 2021 2591 2078 iactam
2620 2021 2920 2095 leprosum,
2953 2020 3219 2093 prolatam
3253 2036 3390 2077 vero
3420 2020 3610 2074 statim
3650 2019 3724 2073 le-

2128 2116 2343 2185 prosam
2363 2113 2557 2171 factam
2583 2134 2595 2168 :
2621 2111 2815 2170 deinde
2837 2127 2964 2168 mox
2987 2112 3209 2178 illatam,
3242 2121 3298 2167 et
3324 2128 3520 2166 rursus
3549 2110 3726 2182 prola-

2129 2214 2259 2272 tam,
2283 2206 2423 2262 etde
2452 2213 2648 2261 cancro
2668 2222 2775 2261 non
2797 2205 3068 2279 leprosam
3094 2221 3106 2255 :
3136 2202 3400 2261 Restituta
3439 2213 3522 2257 est
3560 2206 3716 2269 enim,

2130 2297 2318 2368 inquit,
2348 2299 2401 2353 in
2425 2299 2645 2355 colorem
2674 2300 2846 2353 carnis
2875 2300 3006 2375 ejus.
3039 2292 3182 2373 Ergo
3216 2296 3470 2366 quamdiu
3498 2296 3715 2366 quidem

2128 2399 2245 2447 erat
2285 2392 2339 2446 in
2382 2393 2501 2447 sinu
2529 2384 2704 2448 Patris
2732 2382 3165 2457 Deus'Verbum,
3204 2389 3489 2446 divinitatis
3527 2391 3710 2445 nitore

2127 2482 2390 2554 fulgebat;
2420 2500 2605 2543 verum
2633 2484 2848 2557 quando
2890 2485 3068 2557 aliquo
3109 2483 3275 2541 modo
3313 2491 3452 2538 extra
3476 2481 3575 2535 fuit
3602 2498 3699 2551 per

2128 2576 2554 2633 incarnationem
2577 2562 2689 2645 sive
2711 2578 3096 2658 ἕνανθρώπησιν,
3129 2574 3305 2631 lactus
3336 2584 3418 2631 est
3441 2574 3493 2626 in
3522 2573 3699 2645 sapiti-

2129 2669 2303 2739 tudine
2349 2672 2519 2725 curuis
2566 2671 2792 2745 peccati,
2836 2680 2887 2726 et
2923 2671 3055 2725 inter
3100 2670 3303 2742 iniquos
3347 2675 3613 2738 reputant:
3640 2670 3711 2718 est

2128 2759 2304 2835 (Rom.
2332 2779 2436 2830 vui,
2463 2762 2525 2833 5;
2551 2761 2680 2819 Isai.
2706 2780 2814 2829 un,
2841 2762 2949 2835 12).
2974 2762 3062 2827 Ait
3090 2761 3229 2817 enim
3252 2758 3471 2816 divinus
3496 2756 3705 2825 Paulus,

2126 2872 2258 2921 eum,
2292 2852 2375 2926 qui
2416 2862 2682 2928 peccatum
2727 2872 2831 2911 non
2877 2838 3106 2927 noverat,
3135 2870 3229 2926 pro
3269 2852 3424 2906 nobis
3453 2859 3706 2921 peccatum

2127 2942 2303 3017 fuisse,
2333 2956 2388 2999 ut
2416 2963 2509 3001 nos
2530 2946 2769 3018 ﬁeremus
2790 2942 2994 3019 justitia
3015 2945 3069 3017 in
3091 2944 3202 3014 ipso
3227 2940 3281 3012 (Ι
3302 2940 3428 2996 Cor.
3454 2957 3509 3007 τ’,
3534 2958 3580 2994 π.
3604 2938 3704 3013 ει).

2126 3034 2241 3093 Hoc
2287 3036 2535 3105 existimo
2581 3035 2787 3107 lepram
2835 3030 3157 3105 signiﬁcare,
3214 3030 3531 3086 immundus
3579 3030 3707 3084 enim

447 3118 663 3197 terreno
690 3124 1065 3197 circumdedit,
1113 3126 1226 3183 sive
1251 3143 1349 3198 per
1374 3116 1766 3197 humanitatem
1798 3131 1943 3186 misit
1968 3133 2021 3199 in
2049 3126 2096 3194 C
2126 3125 2419 3183 secundum
2434 3124 2612 3197 legem
2634 3114 2875 3198 leprosus
2892 3124 3074 3193 (Lavit.
3093 3142 3204 3191 xm,
3222 3123 3305 3191 2).
3330 3121 3442 3179 Sed
3466 3123 3709 3193 quoniam

446 3200 684 3297 terram:
717 3214 844 3274 tunc
884 3217 1029 3293 enim
1073 3218 1129 3275 in
1173 3214 1517 3278 similitudine
1555 3224 1728 3289 factus
1755 3231 1837 3278 est
1864 3223 2020 3293 mali-

443 3320 670 3393 gnorum
697 3309 1012 3399 hominum,
1053 3310 1259 3377 scilicet
1296 3306 1643 3387 millignitatis
1684 3317 1895 3388 signum
1941 3326 2023 3383 est

441 3412 683 3483 serpens.

474 3488 481 3491 ⁷
510 3488 669 3571 Quod
712 3500 893 3559 autem
937 3509 1124 3561 verum
1152 3495 1251 3565 sit,
1292 3495 1417 3565 hinc
1450 3498 1648 3557 scimus
1676 3497 1883 3571 IBaluz.
1916 3501 2022 3561 sci-

439 3578 568 3657 bis].
596 3581 718 3654 ipse
745 3586 889 3645 enim
916 3586 1174 3647 Dominus
1200 3597 1388 3655 noster
1413 3588 1568 3657 Jesus
1594 3584 1855 3659 Christus,
1885 3594 2021 3649 ima-

440 3673 563 3747 gine
590 3682 646 3759 et
672 3670 873 3753 ﬁgura,
922 3687 1148 3749 propter
1187 3678 1641 3750 dispensationem
1671 3682 1868 3738 factam
1896 3699 2019 3743 cum

441 3781 642 3852 carne,
678 3782 784 3851 pro
830 3778 1083 3854 serpente
1128 3770 1390 3843 accipitur
1435 3786 1607 3837 aereo,
1657 3787 1815 3857 quem
1844 3776 2019 3835 erexit

438 3859 687 3941 hioyses,
739 3870 798 3925 ut
840 3870 1152 3939 serpentum
1196 3878 1409 3923 morsus
1453 3871 1661 3923 arceret
1688 3864 1875 3937 (Nam.
1904 3883 2014 3933 ut,

436 3950 513 4029 8).
545 3953 635 4010 Ait
661 3952 804 4010 enim
831 3972 843 4008 :
874 3950 946 4019 Et
968 3954 1104 4013 sicut
1131 3952 1338 4029 dloyses
1372 3955 1620 4010 exaltabit
1647 3965 1933 4029 serpentem
1960 3959 2015 4013 in

457 4030 656 4111 ζειαί-ιο,
679 4045 756 4099 ita
777 4053 981 4116 oportet
1003 4030 1229 4103 eatallari
1252 4044 1301 4103 ΙΓ
1305 4046 1448 4113 ilium
1477 4047 1718 4114 hominis,
1753 4056 1810 4107 ut
1840 4065 2014 4107 omnes

432 4138 520 4213 qui
541 4136 753 4213 credunt
772 4140 835 4207 λιι
864 4139 1063 4215 ipsum,
1090 4155 1196 4195 non
1222 4147 1469 4211 pereant,
1496 4142 1587 4197 sed
1615 4130 1839 4199 habeant
1857 4142 2016 4209 vitam

432 4239 681 4303 aeternam
722 4229 903 4307 (Iona.
931 4247 1015 4301 in,
1046 4230 1158 4307 μ).
1215 4231 1676 4313 Quemadmodum
1718 4234 1864 4315 enim
1898 4251 2015 4295 ser-

430 4335 566 4391 pens
588 4320 765 4389 factus
786 4336 862 4397 ex
892 4337 1001 4393 aere
1025 4322 1217 4387 salutis
1261 4332 1378 4389 erat
1402 4324 1827 4407 periclitantibus
1853 4314 2015 4385 causa

431 4413 786 4489 (inﬂabantur
826 4415 974 4489 θρίω
1014 4416 1074 4485 in
1111 4431 1234 4483 eum
1280 4418 1655 4495 respicientes)
1690 4438 1703 4474 =
1737 4435 1805 4487 eo
1849 4421 2012 4499 modo

431 4506 596 4575 etiam
938 4506 1095 4575 Jesus
1132 4508 1382 4583 Christus
1410 4510 1507 4581 eis,
1549 4511 1643 4587 qui
1680 4526 1803 4589 eum
1829 4512 2014 4569 vident
2038 4508 2093 4573 D

675 4599 729 4671 in
766 4598 1117 4683 εἰωϋίιιιᾴὶηε
1142 4602 1498 4678 malignorum
1515 4644 1531 4670 ,
1578 4619 1646 4662 eo
1671 4603 1816 4679 quod
1838 4605 2012 4671 tactus

427 4691 501 4751 sit
518 4690 708 4771 homo,
739 4706 850 4763 non
876 4691 1129 4767 ignorant
1156 4700 1365 4762 tamen,
1396 4695 1541 4767 quod
1574 4694 1716 4753 Deus
1742 4695 1812 4752 sit
1839 4695 2011 4773 viviti-

426 4798 551 4853 cns;
576 4798 744 4863 causa
771 4783 875 4853 erit
899 4784 1045 4855 vitae,
1076 4791 1133 4841 et
1160 4784 1255 4855 dat
1277 4800 1440 4859 posse
1462 4787 1713 4861 animalia
1738 4802 2009 4867 venenosa

425 4877 616 4944 vitare,
648 4877 702 4933 id
728 4885 831 4947 est,
861 4878 1164 4945 contrarias
1184 4885 1505 4950 potestates.

490 4966 554 5029 Id
577 4982 793 5041 «tuoque
818 4967 975 5040 bilius
1001 4968 1084 5037 rei
1111 4969 1281 5040 “sum
1306 4970 1397 5041 sit.
1419 4969 1566 5044 quod
1580 4969 1832 5045 Μογεθοε
1854 4973 2003 5049 virga

423 5060 602 5131 virgas
630 5061 763 5127 alias
793 5060 1160 5130 devoraverit,
1208 5077 1343 5134 Quas
1372 5064 1432 5121 in
1471 5071 1672 5120 terram
1700 5066 1842 5141 magi
1870 5082 2004 5140 pro-

418 5151 665 5224 iecerant
687 5150 883 5224 (Exod.
914 5168 985 5221 ty,
1014 5152 1092 5227 2).
1121 5153 1289 5227 Igitur
1306 5155 1454 5226 virga
1478 5154 1696 5227 quidem
1719 5157 1775 5215 in
1804 5165 2005 5215 terram

421 5247 667 5322 proiecta
710 5253 822 5316 est;
864 5261 978 5315 non
1022 5255 1203 5309 tamen
1248 5264 1466 5321 semper
1512 5248 1722 5322 [Ratun
1755 5249 2004 5324 serpens]

421 5341 699 5398 remansit.
736 5338 1033 5412 Reswnpta
1062 5347 1243 5397 autem
1279 5341 1474 5407 itemm
1498 5340 1628 5406 fuit,
1672 5343 1819 5413 quod
1848 5351 2001 5400 erat:

424 5448 551 5495 nam
570 5433 701 5497 licet
725 5430 869 5499 facta
892 5432 995 5501 sit,
1037 5439 1099 5499 ut
1119 5439 1246 5497 ante
1271 5431 1411 5503 dixi,
1442 5433 1500 5489 in
1523 5432 1875 5489 similitudine
1902 5449 2004 5493 no-

423 5532 537 5581 stra
581 5521 756 5579 Patris
797 5526 967 5593 virga,
1017 5524 1071 5580 id
1110 5532 1221 5592 est,
1270 5523 1463 5590 Filius,
1512 5526 1606 5596 qui
1654 5524 1861 5600 (Batus.
1907 5541 2005 5609 per

422 5616 607 5690 quem]
639 5618 804 5674 habet
846 5618 1084 5675 omnium
1122 5626 1475 5691 potestatem;
1518 5626 1755 5675 attamen
1785 5618 2004 5690 impleta

422 5707 850 5785 dispensatione,
891 5710 1156 5769 revolavit
1197 5711 1254 5767 in
1296 5711 1521 5780 caelum,
1567 5718 1625 5769 et
1668 5710 1769 5767 fuit
1806 5711 2004 5769 iterum

2126 3220 2320 3275 iterum
2335 3219 2387 3273 in
2410 3220 2527 3274 sinu
2548 3219 2651 3275 fuit
2669 3217 2840 3291 Patris
2854 3219 3178 3291 (assumptus
3195 3224 3276 3271 est
3291 3216 3348 3271 in
3366 3217 3709 3271 resurrectio-

2122 3304 2249 3368 nem
2276 3296 2325 3367 la
2368 3311 2646 3386 mortuis),
2690 3310 2903 3385 prolata
2940 3302 3145 3367 iterum
3192 3325 3387 3365 manus
3440 3308 3709 3365 videbatur

2121 3406 2320 3477 munda
2346 3424 2357 3458 :
2391 3405 2639 3473 adveniet
2667 3403 2808 3473 enim
2826 3394 3217 3478 post‘tempora
3237 3400 3509 3471 Dominus
3536 3410 3709 3469 noster

2120 3488 2281 3563 Iesus
2320 3494 2582 3563 Christus,
2622 3492 2683 3552 in
2730 3495 3039 3555 sinceritate
3083 3494 3381 3551 divinitatis
3432 3506 3488 3550 et
3520 3495 3703 3567 gloria,

2119 3582 2362 3661 quamvis
2389 3586 2785 3649 similitudinem
2822 3597 3061 3646 nostram
3106 3604 3215 3645 non
3259 3587 3579 3660 proiecerit.
3626 3589 3703 3649 Ait

2120 3684 2263 3738 enim
2288 3670 2347 3743 et
2374 3683 2584 3741 beatus‘
2602 3681 2799 3741 Paulus
2826 3682 2893 3743 de
2919 3680 3132 3741 Christo
3166 3699 3178 3735 :
3216 3678 3358 3745 Quia
3385 3682 3550 3737 semel
3574 3698 3701 3735 mor-

2123 3784 2235 3833 tuus
2264 3784 2340 3841 est
2364 3775 2433 3830 ad
2478 3774 2756 3833 multorum
2797 3773 3149 3829 exhaurienda
3184 3780 3429 3845 peccata.
3474 3772 3700 3829 Serundo

2120 3868 2233 3925 sine
2270 3877 2477 3938 peccato
2524 3866 2791 3941 apparebit
2836 3866 3252 3947 exspectantibus
3296 3884 3356 3922 se
3396 3869 3455 3921 in
3494 3868 3701 3925 saluta

2122 3957 2309 4030 (ﬂeor.
2334 3974 2407 4025 ix,
2428 3957 2542 4031 28).
2565 3956 2707 4029 Ergo
2734 3959 2947 4041 quoties
2974 3960 3130 4017 nobis
3148 3975 3304 4017 sacra
3330 3959 3519 4033 littera
3538 3960 3698 4016 ηοωὶο

2119 4056 2213 4105 nat
2240 4048 2509 4105 Christum
2530 4046 2731 4115 lesum,
2754 4064 2827 4109 ne
2846 4048 3118 4119 hominem
3140 4065 3389 4106 seorsum
3410 4050 3683 4122 putaveris,

2118 4158 2227 4209 non
2252 4158 2378 4211 vere
2406 4142 2639 4201 adunato
2662 4132 2771 4215 ipsi
2797 4142 2910 4199 Deo
2938 4142 3146 4211 Verbo;
3176 4124 3284 4199 {sed
3312 4142 3692 4199 existimaveris

2116 4235 2286 4305 magis
2322 4236 2500 4307 ipsum
2528 4249 2649 4292 esse
2696 4249 2764 4291 ex
2801 4234 2914 4291 Deo
2953 4242 3009 4291 et
3046 4233 3206 4293 Patre
3236 4234 3480 4293 Verbum
3529 4233 3698 4315 Jesntn

2115 4327 2406 4403 Christum,
2437 4346 2559 4387 cum
2584 4328 2761 4388 factus
2778 4330 2849 4387 sit
2868 4329 3054 4387 homo.

2162 4532 2171 4535 ἶ
2690 4462 2923 4520 CAPUT
2958 4462 3122 4518 XVII.

2116 4555 2530 4632 Quodcm'stus
2556 4572 2665 4632 non
2686 4564 2801 4632 erat
2826 4556 3252 4632 homoﬁmgbpoe,
3278 4569 3375 4632 nec
3399 4553 3699 4632 simpliciter

2174 4632 2238 4686 in
2265 4630 2470 4686 homine
2488 4628 2795 4684 inhabitat-it
2814 4625 2953 4687 Deus
2982 4625 3235 4690 Verbum;
3259 4625 3514 4696 sedquod
3538 4625 3698 4696 magis

2183 4717 2305 4772 garo
2352 4701 2422 4769 sit
2464 4702 2679 4772 factum,
2727 4699 2833 4755 sive
2885 4696 3036 4753 homo
3084 4694 3393 4771 perfectus,
3420 4694 3699 4763 secundum

2180 4766 2503 4849 Scripturas.

2181 4884 2284 4959 Qui
2310 4881 2469 4939 ﬁdem
2491 4882 2693 4941 habent
2710 4883 2765 4961 in
2783 4880 3000 4940 Christo
3020 4880 3443 4953 immaculatam,
3468 4888 3528 4937 et
3545 4879 3700 4935 rectis

2111 4976 2361 5037 omnibus
2407 4973 2670 5048 suﬂragiis
2725 4973 3144 5046 comprobatam,
3201 4971 3386 5047 dicant
3430 4968 3699 5033 videlicet,

2111 5067 2258 5139 quod
2274 5068 2389 5143 ipse
2409 5082 2478 5133 ex
2496 5066 2608 5124 Deo
2635 5064 2794 5123 Patre
2817 5056 2958 5122 Deus
2984 5063 3220 5122 Verbum
3240 5063 3296 5119 in
3316 5062 3705 5120 exinanitatem

2113 5158 2479 5223 descenderit,
2526 5156 2758 5213 formam
2786 5156 2929 5214 servi
2977 5155 3272 5227 accipiens,
3314 5152 3706 5225 propriumque

2114 5251 2218 5329 sibi
2244 5249 2445 5309 iaciens
2464 5264 2678 5322 corpus,
2702 5247 2848 5320 quod
2873 5254 2958 5309 est
2980 5255 3166 5315 natum
3195 5262 3263 5302 ex
3292 5244 3529 5314 virgine;
3559 5239 3709 5319 quod

2116 5342 2288 5400 factus
2315 5341 2385 5397 sit
2406 5342 2577 5399 nostri
2602 5342 2809 5409 similis,
2836 5349 2892 5397 et
2916 5346 3254 5411 nuncupatus
3272 5336 3416 5393 ﬁlius
3440 5333 3701 5392 hominis.

2117 5430 2213 5487 Est
2251 5439 2430 5486 autem
2458 5431 2599 5486 Deus
2624 5430 2840 5499 quidem
2882 5429 3174 5505 secundum
3212 5426 3490 5500 spiritum;
3534 5425 3706 5480 homo

2112 5532 2289 5579 autem
2313 5522 2450 5578 idem
2471 5521 2762 5578 secundum
2784 5538 3020 5578 carnem.
3044 5521 3247 5576 Deinde
3266 5520 3479 5575 divinus
3500 5516 3706 5571 Paulus

2109 5608 2413 5670 Judteorum
2432 5613 2689 5685 populum
2712 5613 3083 5683 alloquebatur
3099 5612 3283 5668 dicens
3312 5629 3325 5664 :
3346 5609 3707 5680 Muttifariam

2109 5707 2382 5781 multisque
2435 5706 2606 5765 modis
2659 5705 2782 5762 olim
2827 5704 2968 5762 Deus
2996 5705 3206 5780 (equom
3232 5700 3466 5777 patribus
3491 5700 3550 5757 in
3576 5716 3708 5775 pro-
