3924 6282
173 324 320 412 lost

923 327 983 386 S.
1021 325 1295 400 CYRILLl
1331 320 1617 392 SCllOLlA
1659 319 1750 378 DE
1791 319 2299 393 INCARNATIONE
2341 320 2708 383 UMGENITI.

3313 333 3453 393 £029.

190 448 371 521 phetis,
402 442 692 500 novissimis
721 443 892 498 diebus
923 445 1035 518 istis
1070 445 1268 500 locutus
1287 451 1361 498 est
1381 440 1528 496 nobis
1547 441 1603 495 in
1622 436 1766 506 Filio
1796 435 1842 512 ᾼ
1877 439 1910 448 “
1941 437 1999 502 Si
2028 448 2207 499 autem
2245 439 2458 506 dicant,
2496 439 2641 511 quod
2677 447 2961 512 propterea
2991 439 3133 498 Deus
3159 443 3258 510 sit,
3301 431 3356 500 et
3392 455 3451 503 ut

192 525 386 611 (Hebr.
425 554 472 602 ι,
509 525 606 608 1)ζ’
638 533 706 590 Et
731 550 964 605 quonam
993 535 1152 592 modo
1192 534 1518 603 intelligatur
1558 531 1768 592 locutus

190 629 348 686 fuisse
375 629 516 683 Deus
558 636 612 683 et
633 625 801 693 Pater
828 613 1132 696 novissimis
1155 626 1344 694 diebus
1368 626 1423 680 in
1449 624 1620 688 Filio?
1656 621 1766 676 Lo-

191 732 343 777 cutus
371 729 454 776 est
481 720 623 777 enim
652 705 1040 794 antiquioribus
1079 733 1177 790 per
1203 717 1376 790 ipsum
1403 716 1537 784 dans
1571 713 1764 781 legem,

186 821 242 869 et
267 812 465 868 idcirco
505 811 617 882 ipse
657 811 855 890 Filius,
887 827 1014 890 suos
1042 811 1171 866 dicit
1198 825 1316 866 esse
1345 821 1638 870 sermones,
1670 819 1770 876 per

188 904 637 976 sapientissimum
653 889 870 976 Meysen
886 904 1126 974 prolatos
1139 901 1346 977 [Baluz.
1366 917 1468 955 om.
1485 895 1767 970 prolatos].

187 995 277 1051 Ait
302 995 444 1051 enim
470 1013 482 1048 :
509 992 688 1049 Nolite
717 1003 900 1065 putare
927 995 1047 1066 quia
1085 995 1198 1048 ueni
1231 992 1423 1047 solvere
1460 991 1639 1062 legem,
1679 995 1770 1042 aut

180 1086 478 1160 prophetas.
512 1083 635 1164 on
660 1087 773 1164 veni
807 1086 1031 1160 saluere,
1074 1084 1165 1140 sed
1199 1083 1431 1154 implere.
1463 1081 1594 1142 Dico
1632 1081 1770 1134 enim

177 1161 346 1244 uobis,
378 1178 484 1232 iota
512 1161 808 1254 unum-aut
834 1192 968 1242 unus
994 1193 1130 1248 apex
1165 1191 1270 1234 non
1295 1173 1536 1258 transibit
1571 1190 1608 1228 a
1635 1173 1764 1244 lege,

183 1269 346 1323 donec
384 1269 557 1324 omnia
583 1269 736 1344 ﬁant.
773 1267 974 1333 .Caelum
1001 1277 1051 1322 et
1077 1275 1218 1332 terra
1257 1266 1581 1331 transibunt,
1617 1263 1770 1320 verba

179 1369 355 1432 autem
379 1377 494 1426 mea
523 1377 627 1416 non
657 1360 952 1438 transibunt
977 1357 1158 1432 (Matt.
1194 1376 1246 1426 ν,
1284 1357 1396 1429 17).
1427 1357 1578 1419 Adde
1604 1356 1769 1412 etiam

177 1451 460 1524 propheta:
482 1439 700 1510 vdeam:
724 1449 847 1524 Ipse
867 1453 953 1526 qui
979 1450 1241 1524 loquebar,
1266 1461 1453 1523 prmio
1476 1466 1589 1507 sum
1611 1447 1766 1519 (Isai.

177 1536 276 1618 in,
307 1541 384 1614 8).
415 1527 556 1612 Ergo
585 1558 704 1600 cum
727 1541 904 1602 factus
927 1551 1012 1614 est
1029 1541 1194 1598 Filius
1215 1540 1425 1614 [natus
1448 1557 1551 1600 om.
1577 1535 1767 1610 Filius]

177 1631 238 1687 in
268 1629 446 1698 carne,
482 1640 607 1688 tunc
637 1621 835 1689 locutus
866 1643 942 1688 est
969 1632 1117 1690 nobis
1163 1631 1324 1688 Pater
1365 1633 1422 1686 in
1469 1633 1602 1702 ipso,
1631 1630 1771 1686 sicut

1869 528 2012 584 Deus
2037 531 2386 598 glorilicetur,
2415 531 2539 602 quia
2567 532 2623 586 in
2653 547 2720 587 eo
2757 540 2963 588 tantum
3001 528 3317 590 inbabitavit
3353 537 3449 593 Dei

1869 619 2046 678 Patris
2072 623 2334 692 Verbum;
2367 641 2431 704 ac
2477 641 2589 708 non
2635 637 2942 698 propterea,
2993 628 3118 697 quia
3164 629 3335 684 factus
3381 631 3451 687 sit

1868 713 2059 781 homo;
2091 715 2306 770 audient
2334 731 2519 771 rursus
2545 732 2574 771 a
2605 717 2795 772 nobis:
2821 717 2878 771 Si
2906 718 2999 785 iis,
3023 719 3113 788 qui
3143 719 3448 777 inhabitan-

1869 813 1978 862 tem
2007 807 2059 862 in
2087 823 2146 863 se
2174 809 2342 864 Deum
2370 810 2677 877 habuerint,
2707 811 2838 866 satis
2861 820 2962 878 est,
2998 821 3057 866 ut
3087 813 3289 869 idcirco
3325 830 3450 871 vere

1867 898 1944 958 dii
1967 915 2091 955 esse
2111 902 2356 970 possint,
2398 909 2454 958 et
2491 903 2561 957 ab
2585 902 2894 958 hominibus
2922 903 3233 972 adorentur,
3264 921 3452 963 omnes

1867 1006 2001 1048 sane
2029 993 2204 1061 angeli
2229 993 2585 1063 hominesque
2605 995 2714 1051 sint
2740 994 2814 1049 dii
2842 1001 2897 1050 et
2924 994 3212 1063 adorandi;
3244 997 3452 1053 inhabi-

1870 1089 1954 1138 tat
1979 1083 2124 1146 enim
2151 1084 2294 1146 Deus
2313 1085 2368 1140 in
2388 1085 2585 1142 sanctis
2605 1087 2826 1157 angelis.
2854 1085 3149 1145 Habuimus
3171 1090 3332 1146 etiam
3353 1107 3453 1154 nos

1863 1176 2044 1247 ipsum
2071 1177 2129 1232 in
2155 1176 2313 1233 nobis
2342 1193 2441 1249 per
2459 1177 2718 1249 Spiritum
2745 1185 3018 1249 sanctum;
3049 1172 3144 1237 sed
3171 1199 3278 1238 non
3306 1172 3453 1240 Sulli—

1861 1270 1944 1327 .cit
1973 1269 2078 1326 hoc
2105 1271 2410 1338 ostendere,
2443 1280 2631 1328 natura
2659 1273 2790 1330 deos
2811 1281 2865 1330 et
2893 1273 3194 1333 adorandos
3221 1263 3346 1344 eos,
3363 1278 3454 1349 qui

1863 1364 2074 1420 habent
2091 1363 2354 1435 Spiritum
2381 1373 2642 1421 sanctum.
2673 1363 2840 1438 igitur
2868 1384 2975 1424 non
3002 1361 3286 1440 propterea
3313 1371 3455 1446 Deus

1867 1459 1974 1519 est,
1999 1463 2056 1511 et
2082 1455 2388 1512 adorandus
2413 1456 2752 1524 Emmanuel,
2781 1457 2924 1534 quod
2946 1453 3254 1515 inbabitarit
3282 1461 3334 1516 in
3365 1479 3452 1526 eo,

1872 1553 2154 1614 tamquam
2175 1546 2228 1600 in
2251 1547 2469 1602 hemine
2493 1535 2783 1614 communi,
2808 1557 2862 1604 et
2887 1543 3128 1606 secrsum
3158 1551 3458 1622 intelligen-

1873 1636 1972 1704 do,
1999 1637 2142 1696 Deus
2161 1638 2397 1694 Verbum
2421 1638 2628 1712 lBaluz.
2653 1645 2709 1695 et
2730 1641 2782 1695 in
2803 1648 2956 1710 parte
2983 1641 3148 1697 Deum
3168 1636 3455 1717 Verbum];

179 1723 262 1806 ait
287 1725 476 1779 beatus
505 1721 723 1790 Paulus,
754 1725 1042 1786 novissimis
1071 1723 1245 1790 diebus
1275 1722 1444 1804 (ῌεὺ.
1475 1740 1520 1788 ι,
1549 1722 1628 1792 tl).
1659 1720 1768 1779 Sed
1873 1727 1968 1798 sed
1995 1728 2141 1798 quod
2161 1729 2359 1785 factum
2385 1731 2457 1785 sit
2481 1745 2632 1797 caro,
2663 1727 2838 1798 idest,
2870 1732 3032 1789 homo
3057 1752 3069 1787 :
3095 1735 3289 1808 mansit
3316 1736 3458 1791 enim

181 1833 256 1873 ne
273 1833 462 1891 parum
483 1817 782 1884 credamus,
805 1817 950 1887 quod
970 1818 1085 1888 ipse
1115 1816 1186 1872 sit
1206 1816 1295 1886 ille
1331 1816 1424 1885 qui
1455 1816 1619 1870 etiam
1645 1821 1773 1870 ante
1800 1814 1850 1877 B
1871 1819 2018 1883 idem
2045 1829 2101 1876 es
2128 1820 2290 1889 Deus,
2317 1830 2376 1878 et
2402 1822 2724 1879 adorandus.
3415 1831 3417 1834 ‘

184 1897 382 1986 saecula
395 1907 580 1976 Filius,
613 1908 792 1964 intulit
819 1908 1000 1973 statim
1024 1927 1036 1961 :
1068 1907 1174 1964 Per
1202 1924 1346 1982 quem
1359 1908 1482 1979 fecit
1509 1915 1560 1961 et
1579 1905 1772 1963 stecula

185 2000 349 2076 (Ibid.
375 2020 420 2056 υ.
445 2001 522 2074 2),
555 2001 896 2073 splendorem
918 2002 1080 2056 etiam
1102 2001 1284 2070 glorias
1304 2007 1360 2066 et
1382 1997 1610 2069 ﬁguram
1648 1998 1774 2054 sub-

184 2077 396 2168 atantiae
419 2092 592 2150 Patris
621 2107 739 2150 esse
764 2077 1213 2150 commemorans.

258 2183 432 2260 llomo
476 2176 650 2254 igitur
677 2177 850 2262 factus
889 2190 972 2262 est
999 2198 1124 2259 vere
1162 2182 1210 2238 is
1254 2197 1353 2254 per
1375 2196 1539 2251 quem
1563 2178 1693 2240 fecit
1719 2186 1776 2250 et

176 2275 386 2352 saecula
426 2275 567 2330 Deus
607 2275 795 2342 Pater;
838 2282 893 2330 et
919 2289 1062 2341 non,
1094 2281 1153 2331 ut
1179 2271 1420 2338 nonnulli
1447 2271 1773 2339 existimant,

177 2353 246 2446 in
270 2368 495 2435 homine
535 2366 666 2434 fuit,
708 2375 769 2423 ut
804 2368 968 2441 homo
1003 2367 1330 2436 intelligatur
1356 2381 1388 2428 β
1420 2365 1606 2432 nobis,
1636 2373 1776 2419 tam-

175 2476 353 2532 quam
375 2457 544 2516 Deum
571 2459 779 2518 habens
806 2459 1217 2530 inhabitantem.
1238 2457 1392 2523 Nam,
1415 2457 1460 2513 si
1489 2457 1605 2513 huic
1631 2463 1780 2512 recte

183 2543 252 2606 se
271 2549 500 2617 habere,
527 2537 652 2608 vere
679 2548 988 2616 conﬁdunt,
1019 2562 1454 2619 supervacaneus
1481 2561 1601 2608 esse
1633 2545 1783 2602 vide-

181 2641 339 2713 bitur
364 2640 553 2704 beatus
577 2623 908 2713 evangelista
933 2637 1170 2713 Joannes
1197 2638 1416 2696 dicens:
1452 2636 1524 2695 Et
1560 2635 1783 2694 Verbum

189 2748 318 2787 caro
352 2731 547 2804 factum
574 2719 652 2788 est
679 2731 872 2803 (Joan.
897 2747 947 2799 ι,
989 2730 1114 2802 Η).
1159 2729 1263 2800 Ubi
1301 2731 1444 2786 enim
1489 2731 1783 2790 necessitas

185 2821 649 2908 ξνᾳνθρωπήσεωςῖ
699 2822 806 2890 Aut
851 2839 1017 2905 quare
1055 2823 1398 2896 uincat-natum
1440 2823 1570 2880 dicit
1614 2824 1785 2892 Deum

188 2905 458 2994 Verbum,
489 2915 537 3001 si
563 2930 674 2998 nep
706 2914 878 2992 factus
905 2924 988 2986 est
1014 2916 1174 2989 caro?
1201 2915 1294 2972 Vis
1325 2918 1780 2993 ,δνανθρωπήσεωῆ

191 3013 262 3086 __et
288 3004 518 3070 similem
537 3007 707 3088 nostri
727 3022 850 3064 eum
867 3007 1067 3078 factum
1097 3022 1217 3064 esse
1243 3008 1528 3086 signiﬁcat,
1552 3019 1606 3066 et
1633 3011 1786 3065 man-

192 3097 330 3178 sisse
352 3105 530 3154 tamen
551 3099 629 3178 sic
650 3113 866 3174 quoque
884 3099 1060 3172 ipsum
1086 3115 1250 3171 supra
1276 3116 1405 3168 nos;
1436 3101 1601 3158 immo
1622 3118 1782 3174 supra

193 3193 504 3274 universam
521 3193 696 3266 ipsam
722 3202 1043 3266 creaturam.

197 3274 208 3283 ’
263 3274 535 3367 ξρροιιιθιδθ
563 3295 745 3342 autem
783 3287 1062 3356 existimo,
1103 3304 1168 3345 ea
1197 3305 1315 3360 quae
1353 3289 1495 3356 dixi,
1527 3290 1789 3362 exemplis

196 3375 365 3460 etiam
417 3377 771 3448 comprobare
815 3385 872 3447 et
907 3380 1253 3450 persuadere,
1302 3381 1448 3450 quod
1475 3378 1790 3451 Unigenitus

193 3457 374 3551 factus
401 3469 471 3524 sit
489 3469 672 3536 homo,
696 3477 751 3525 et
770 3470 841 3526 sit
866 3469 1029 3538 Deus,
1051 3471 1214 3527 etiam
1237 3487 1361 3528 cum
1387 3488 1570 3539 carne,
1597 3488 1663 3544 ac
1679 3487 1788 3541 non

191 3565 412 3646 tantum
451 3562 763 3632 inhabitarit
814 3564 870 3618 in
908 3564 1128 3621 homine
1149 3605 1164 3631 ,
1199 3566 1437 3645 Θεοφόρσν
1466 3567 1641 3637 ipsum
1668 3567 1786 3623 θαι..

192 3651 380 3722 ciens,
429 3660 702 3724 tamquam
743 3653 900 3722 alios,
950 3655 1042 3726 qui
1087 3655 1380 3716 divinitatis
1424 3657 1591 3728 ipsius
1637 3658 1788 3714 fuere

193 3744 517 3824 participes.

197 3823 208 3833 ’
259 3823 264 3827 '
372 3823 375 3824 ί
772 3833 1003 3906 CAPUT
1033 3835 1214 3893 xvm.

196 3925 360 4014 Quod
383 3926 694 3990 Emmanuel
719 3927 886 4001 Deum
926 3929 1161 3991 habuerit
1192 3932 1345 3991 aliter
1379 3931 1784 4001 inhabitantem,

845 4017 998 4074 quam
1025 4017 1138 4058 nos.

275 4114 366 4170 Ait
393 4115 590 4171 alicubi
617 4114 760 4174 Deus
787 4114 855 4169 de
884 4115 1039 4170 nobis
1066 4133 1078 4168 ε
1113 4113 1424 4170 Inhabitabo
1451 4117 1509 4170 in
1537 4117 1695 4186 ipsis,
1737 4125 1790 4171 et

194 4207 557 4288 inambulabo,
583 4216 633 4262 et
660 4225 748 4262 ero
777 4208 902 4279 ipsis
922 4205 1084 4274 Deus,
1113 4215 1164 4261 et
1180 4208 1280 4278 ipsi
1299 4214 1450 4262 erunt
1469 4209 1594 4262 mihi
1622 4227 1787 4280 popu-

196 4281 288 4355 lus
309 4281 491 4371 (Apoc.
516 4315 591 4365 ιιι,
613 4296 726 4369 20).
751 4297 861 4352 Nec
880 4313 989 4353 non
1011 4297 1174 4353 etiam
1195 4298 1309 4368 ipse
1328 4297 1586 4354 Dominus
1607 4307 1790 4354 noster

194 4387 361 4466 Iesus
383 4386 627 4453 Christus
653 4407 665 4442 :
694 4387 826 4455 Ecce
841 4405 934 4460 ego
958 4390 1102 4445 venio
1115 4406 1133 4454 ;
1155 4398 1204 4444 et
1223 4391 1268 4444 si
1290 4391 1404 4462 quis
1425 4391 1550 4445 mihi
1581 4408 1791 4463 aperue-

193 4484 295 4550 rit,
328 4481 535 4538 intrabo
561 4498 675 4553 ego,
705 4491 756 4546 et
783 4482 924 4554 apud
949 4499 1064 4540 eum
1091 4482 1322 4549 camabo,
1350 4491 1400 4538 et
1429 4483 1611 4551 Pater,
1642 4494 1693 4540 et
1719 4486 1790 4540 ad

193 4590 319 4628 eum
341 4574 614 4639 veniemus,
637 4581 686 4626 et
705 4575 1026 4630 mansionem
1046 4574 1186 4645 apud
1201 4591 1317 4629 eum
1337 4576 1582 4646 faciemus
1603 4575 1782 4648 (Joan.
1811 4577 1868 4640 Ῑ)

194 4680 310 4732 xiv,
345 4664 454 4736 16).
487 4663 761 4730 Nominati
797 4680 980 4730 sumus
1017 4666 1179 4721 etiam
1207 4666 1464 4737 templum
1507 4668 1603 4724 Dei
1629 4660 1792 4724 :‘Vos

195 4757 361 4834 enim,
394 4755 586 4824 inquit,
613 4757 804 4827 templa
831 4756 953 4811 estis
981 4754 1081 4811 Dei
1109 4758 1206 4812 vivi
1229 4756 1280 4829 (Ι
1307 4755 1432 4813 Cor.
1467 4775 1554 4823 ιιι,
1580 4759 1691 4832 l7).
1722 4757 1791 4816 Et

195 4863 386 4904 rursus
412 4865 424 4901 :
450 4845 681 4922 Nescitis
711 4863 931 4919 corpora
958 4855 1126 4908 uestra
1157 4849 1400 4920 templum
1424 4866 1535 4904 esse
1562 4849 1791 4922 Spiritus

196 4940 395 5005 sancti,
425 4940 512 5012 qui
537 4947 614 4993 est
640 4941 695 4994 in
725 4941 886 5005 vobis,
907 4954 1055 5012 quem
1083 4938 1280 4996 habetis
1308 4958 1341 4995 a
1369 4939 1481 4998 Deo
1503 4941 1555 5014 (Ι
1575 4939 1693 4997 Cor.
1717 4959 1789 5010 vl,

197 5031 318 5104 l9).
350 5030 550 5088 Verum
593 5033 638 5089 si
683 5033 756 5088 ita
803 5033 983 5100 aiunt,
1033 5034 1208 5104 ipsum
1253 5049 1467 5104 quoque
1507 5051 1566 5094 se
1592 5035 1793 5092 habere

195 5120 539 5198 Emmanuel,
564 5132 638 5190 et,
663 5131 938 5195 tamquam
957 5142 1390 5198 unumquemque
1415 5137 1677 5195 nostrum,
1706 5130 1790 5184 in-

195 5213 539 5272 habitantcm
561 5216 620 5282 in
641 5230 761 5278 sese
779 5216 951 5274 Deum
978 5218 1249 5287 habuisse,
1282 5229 1469 5290 aperte
1489 5219 1791 5278 conﬁtean-

196 5313 322 5380 tur;
352 5323 476 5376 cum
521 5309 696 5380 ipsum
740 5309 956 5373 adorari
994 5312 1359 5382 conspiciunt,
1407 5321 1514 5368 tam
1554 5330 1586 5369 a
1615 5315 1788 5383 nobis,

197 5415 367 5471 quam
395 5401 463 5458 ab
491 5401 714 5472 angelis,
738 5401 793 5458 in
818 5402 956 5466 cmlo
984 5403 1188 5472 pariter
1215 5405 1351 5459 etin
1381 5412 1543 5481 terra,
1573 5406 1792 5462 erubes—

197 5501 331 5567 cant
359 5503 633 5566 tamquam
661 5497 873 5557 diversa
901 5498 1180 5569 alienaque
1207 5501 1517 5567 sentientes,
1559 5510 1615 5558 et
1641 5502 1787 5559 litte-

197 5601 388 5642 rarum
409 5603 683 5643 sacrarum
705 5589 1038 5660 propositum
1059 5591 1375 5660 nescientes,
1404 5609 1504 5658 nec
1523 5595 1790 5656 habentes

196 5675 260 5731 in
289 5692 347 5732 se
368 5677 546 5747 ﬁdem,
571 5695 735 5750 quam
765 5681 920 5736 nobis
944 5681 1296 5750 tradiderunt,
1326 5686 1419 5756 qui
1440 5686 1494 5742 in
1522 5686 1788 5759 principio

197 5775 270 5856 st
291 5769 553 5854 viderunt,
585 5779 641 5830 ct
665 5764 1102 5842 ministraverunt
1128 5772 1317 5836 Verbo.

1809 3198 1860 3262 Ε

2466 1935 2696 1992 CAPUT
2735 1935 2875 1990 XIX.

1949 2025 2106 2082 Dicta
2152 2030 2436 2100 apostolica
2476 2029 2750 2154 incquibus
2790 2029 2929 2110 Deus
2969 2033 3262 2101 nominatus
3305 2043 3388 2095 est

2289 2119 2294 2124 '
2411 2115 2414 2122 '
2603 2110 2794 2154 matus.
2829 2110 2832 2112 ⁷
2862 2111 2863 2114 “

2289 2119 2294 2124 '
2411 2115 2414 2122 '
2534 2110 2863 2156 Christus."

1927 2189 2010 2249 De
2026 2190 2285 2263 mysterio
2299 2191 2484 2253 dicens
2502 2191 2792 2248 secundum
2816 2193 3087 2253 Christum
3109 2214 3121 2249 :
3149 2193 3300 2259 Quod
3319 2196 3457 2262 aliis,

1875 2283 2072 2353 inquit,
2094 2283 2509 2356 generationibus
2535 2301 2638 2340 non
2666 2295 2743 2340 est
2770 2275 3010 2358 agnitum
3029 2289 3153 2362 ﬁliis
3175 2289 3455 2354 hominum,

1879 2377 2014 2432 sicut
2032 2393 2169 2430 nunc
2185 2378 2464 2431 reuelan
2486 2387 2564 2432 est
2595 2381 2786 2433 sanctis
2819 2381 3065 2450 apostolis
3087 2378 3254 2451 .(Ep/t.
3284 2398 3359 2445 ιιι,

1881 2465 1951 2524 Et
1975 2483 1988 2519 :
2010 2465 2317 2536 Mysterium
2334 2467 2472 2539 quod
2490 2467 2846 2522 absconditum
2868 2467 2967 2539 fuit
2985 2487 3017 2522 a
3041 2469 3238 2522 saeculis
3260 2479 3308 2522 et
3327 2487 3473 2541 gene—

1877 2559 2202 2625 rationibus,
2231 2573 2369 2614 nune
2396 2569 2565 2614 autem
2619 2563 2949 2632 manifestans
2988 2570 3064 2615 est
3089 2559 3296 2632 sanctis
3331 2547 3468 2634 ejus,

1883 2651 2068 2725 quibus
2091 2652 2250 2706 voluit
2276 2652 2500 2706 revelare
2529 2653 2732 2707 divitias
2759 2653 2940 2724 gloria:
2968 2643 3208 2723 mysterii
3225 2643 3377 2725 hujus
3417 2653 3471 2705 in

1885 2741 2145 2813 gentibus,
2167 2742 2403 2813 quodest
2421 2740 2672 2807 Christus,
2699 2727 2755 2796 in
2785 2741 2923 2797 vobis
2952 2760 3068 2816 spes
3096 2731 3296 2814 glorias,
3326 2735 3475 2816 quem
3563 2733 3566 2738 ’

1885 2809 1981 2887 im
2009 2809 2374 2886 annutttiamus
2397 2831 2530 2904 (Col.
2560 2849 2595 2897 ι,
2621 2831 2732 2905 26).
2753 2831 2816 2887 εί
2845 2809 3006 2901 igitur
3025 2809 3392 2909 ρεῦθεοφδροζ.
3420 2840 3476 2887 et

1881 2938 1995 2979 non
2025 2923 2167 2978 Deus
2193 2923 2340 2986 vere,
2368 2917 2639 2992 quomodo
2663 2923 2782 2994 ipse
2810 2923 2893 2978 est
2923 2923 3121 2978 divitia:
3152 2923 3334 2994 gloria:
3358 2939 3475 3002 πηγ-

1883 3014 2059 3079 sterii,
2079 3013 2228 3083 quod
2247 3013 2599 3069 annuntiatur
2621 3003 2910 3083 gentibus?
2938 3013 3037 3071 Vel
3067 3015 3338 3086 quomodo
3361 3030 3475 3094 om-

1889 3106 2024 3161 nino
2049 3105 2193 3161 Deus
2211 3105 2594 3160 annuntiatur?
2635 3117 2638 3122 '
2855 3105 2866 3110 ’
3071 3097 3080 3110 ¹

2487 3195 2718 3253 CAPUT
2755 3196 2875 3252 XX.

2589 3278 2776 3344 'A'liud.

1968 3381 2098 3448 Volo
2137 3384 2275 3437 enim
2321 3399 2409 3437 vos
2435 3383 2572 3436 scire
2599 3367 2800 3454 qualem
2838 3381 3232 3436 sollicitudinem
3262 3382 3479 3461 habeant

1889 3493 1982 3547 pro
2011 3475 2149 3530 vobis
2187 3483 2236 3529 et
2273 3491 2366 3547 pro
2415 3476 2480 3529 iis
2509 3476 2742 3546 qui‘sunt
2767 3472 3068 3540 Laodicew,
3103 3466 3153 3529 et
3179 3459 3478 3552 quicumque

1887 3583 1992 3622 non
2021 3566 2254 3621 uiderunt
2294 3568 2479 3639 faciem
2527 3583 2694 3621 meam
2739 3568 2792 3622 in
2841 3583 3013 3634 carne,
3062 3577 3116 3621 ut
3152 3550 3476 3639 consolentur

1888 3656 2046 3711 corda
2071 3657 2328 3726 ipsorum,
2358 3657 2595 3711 instructi
2632 3658 2688 3712 in
2729 3657 2998 3724 eharitate,
3031 3666 3080 3711 et
3107 3659 3161 3712 in
3191 3637 3476 3724 omucs'di-

1887 3750 2038 3804 uitiae
2068 3747 2402 3820 plenitudinis
2445 3749 2760 3815 intellectus,
2807 3751 2861 3804 in
2903 3751 3218 3820 agnitionem
3247 3751 3476 3822 mysterii

1887 3839 1988 3896 Dei
2027 3839 2220 3896 Christi
2251 3836 2386 3911 (Col.
2427 3857 2482 3905 ιι,
2510 3840 2586 3911 l).
2619 3839 2758 3896 Ecce
2785 3840 3100 3912 mysterium
3129 3841 3247 3906 Dei,
3278 3849 3480 3916 myste-

1887 3931 2026 3986 rium
2055 3932 2298 3987 nominat
2333 3929 2568 3996 Christi,
2599 3938 2654 3986 et
2691 3931 2851 4001 plene
2880 3931 3178 3998 intelligere
3218 3917 3478 4000 quOSdam

1888 4023 2002 4079 vult
2025 4023 2082 4078 in
2110 4023 2436 4093 agnitionem
2463 4023 2648 4092 ipsius.
2682 4021 2800 4088 Quo
2842 4021 3005 4090 igitur
3032 4009 3306 4077 intellectu
3342 4021 3478 4092 Opus

1889 4120 2026 4179 erat,
2051 4113 2356 4169 volentibus
2374 4111 2574 4168 Christi
2596 4113 2909 4185 mysterium
2937 4111 3164 4178 discere,
3192 4114 3237 4166 si
3267 4113 3482 4170 fuerant

1890 4205 2142 4272 audituri,
2171 4205 2323 4276 quod
2342 4205 2670 4260 inbabitaret
2693 4204 2748 4258 in
2777 4204 2997 4259 homine
3018 4204 3193 4282 Deus?
3223 4202 3368 4275 Opus
3396 4209 3480 4259 est

1891 4303 2073 4351 autem
2119 4297 2287 4352 nimio
2331 4295 2638 4362 intellectu,
2679 4302 2740 4350 ut
2780 4296 2919 4352 scias
2947 4304 3135 4352 contra
3174 4296 3317 4367 quod
3344 4294 3479 4352 Ver-

1888 4387 2038 4455 bum,
2064 4402 2188 4443 cum
2215 4389 2286 4444 sit
2307 4388 2469 4454 Deus,
2498 4385 2698 4442 factum
2725 4387 2796 4442 sit
2824 4387 3007 4444 homo.
3179 4375 3186 4382 ’

2476 4500 2704 4582 super
2740 4499 2882 4572 XXI.

2475 4577 2480 4584 ⁴
2571 4577 2577 4582 ⁷
2605 4577 2781 4650 Aliud.

1963 4688 2007 4741 Α
2046 4688 2186 4744 vobis
2226 4689 2362 4743 enim
2403 4687 2575 4743 sonuit
2619 4704 2787 4743 sermo
2836 4685 3068 4752 Domini,
3095 4702 3198 4741 non
3227 4685 3392 4756 solum
3423 4687 3479 4740 in

1893 4779 2205 4836 Macedonia
2225 4781 2521 4848 etAchaia;
2553 4779 2645 4836 sed
2665 4780 2803 4856 omni
2836 4777 2948 4834 loco
2977 4779 3105 4850 ﬁdes
3152 4787 3336 4857 uestra,
3367 4795 3481 4852 qua:

1894 4885 1971 4929 est
1998 4871 2069 4928 ad
2097 4874 2262 4928 Deum
2287 4916 2301 4940 ,
2333 4875 2488 4929 exivit
2540 4871 2594 4948 (Ι
2619 4871 2795 4926 Thess.
2821 4887 2858 4934 ι,
2891 4869 2966 4940 8).
3016 4867 3155 4927 Ecce
3193 4870 3386 4926 iterum
3421 4869 3478 4925 in

1896 4957 2064 5023 Deum
2104 4965 2263 5021 ﬁdem
2311 4965 2506 5022 factam
2564 4979 2681 5018 esse
2728 4969 3132 5028 commemorat,
3167 4977 3287 5020 cum
3317 4961 3480 5022 etiam

1895 5053 2140 5115 Christus
2169 5060 2311 5115 dicat
2346 5078 2357 5112 :
2393 5057 2494 5134 Qui
2522 5056 2682 5111 credit
2722 5056 2777 5110 in
2815 5072 2923 5122 me,
2957 5053 3111 5108 habet
3146 5055 3301 5124 vitam
3327 5063 3480 5108 aeter-

1893 5169 2015 5208 nam
2047 5133 2225 5226 (Joan.
2251 5147 2471 5224 vn,25).
2496 5149 2815 5206 Sermonem
2845 5138 3021 5206 autem
3043 5145 3481 5222 prtedicatiouem

1893 5246 2022 5303 dicit
2045 5236 2116 5302 de
2143 5247 2341 5317 seipso.

2049 5345 2052 5349 ι
2223 5311 2242 5317 '
2459 5311 2692 5368 CAPUT
2731 5311 2894 5386 λιιι.

2583 5401 2760 5459 Aliud.

1970 5503 2080 5575 Ipsi
2113 5503 2248 5556 enim
2287 5502 2428 5555 scitis
2475 5501 2742 5554 introitum
2772 5504 3003 5554 nostrum
3043 5494 3182 5567 apud
3215 5509 3320 5560 vos,
3351 5509 3480 5566 quo-

1895 5595 2037 5651 niam
2066 5612 2170 5650 non
2199 5593 2534 5665 inanisfuit;
2565 5591 2657 5646 sed
2685 5599 2805 5645 ante
2844 5590 3006 5644 multa
3035 5591 3203 5660 passi,
3235 5595 3286 5640 et
3303 5593 3484 5640 contu-

1893 5689 2060 5745 meliis
2089 5690 2261 5759 σθ’εοιὶ
2284 5729 2298 5754 ,
2331 5689 2463 5742 sicut
2490 5688 2652 5752 scitis,
2683 5687 2739 5739 in
2763 5683 3052 5756 Philippis,
3079 5682 3263 5752 conﬁsi
3291 5681 3482 5753 fuimus

1893 5784 1950 5838 in
1981 5782 2090 5838 Deo
2111 5783 2329 5854 colloqui
2351 5779 2421 5834 ad
2442 5795 2525 5834 ros
2557 5776 2895 5852 Evangelium
2915 5775 3013 5833 Dei
3043 5774 3086 5848 (ῐ
3116 5773 3294 5830 Thess.
3319 5789 3372 5826 ιι.
3397 5769 3477 5843 2).
