3982 6278
418 333 554 390 ιοιδ

934 334 1124 393 MAR"
1162 334 1601 394 MERCATORIS
1639 331 2205 395 TRANSLATIONES
2242 333 2597 394 VARIORUM
2633 333 3156 398 OPUSCULORUM.

3537 337 3692 432 ίφι

412 443 554 500 Ecce
595 443 820 515 loquens
859 447 914 500 in
962 448 1092 514 Deo,
1135 449 1230 504 Dei
1257 449 1608 521 Evangelium
1642 450 1990 519 memoravit;
2020 453 2072 516 Α
2097 451 2322 524 Angelus
2377 451 2442 506 de
2480 453 2604 507 coelo
2626 455 3047 526 evangelizaverit
3064 456 3222 522 vobis,
3238 450 3514 529 ’pt’teia'id
3538 462 3690 535 quod

411 537 504 605 qui
533 537 786 606 prmdicat
815 540 1063 608 gentibus
1083 539 1375 597 Christum.

981 676 1209 733 CAPUT
1236 677 1420 733 XXIII.

1094 792 1269 846 Aliud.

482 907 867 970 Recordamini,
887 909 1074 978 fratres
1091 949 1106 974 ,
1121 905 1350 962 laborem
1369 915 1600 963 nostrum
1610 916 1660 962 et
1683 921 1987 973 aerumnam,

407 1007 555 1052 nocte
581 1008 631 1052 et
655 999 738 1052 die
756 1009 1052 1069 operantes,
1084 1015 1150 1054 ne
1175 1015 1324 1071 quem
1364 1008 1585 1053 vestrum
1625 1014 1990 1070 gravaremus;

405 1091 794 1161 prwdicavimus
816 1089 1149 1163 Evangelium
1167 1091 1266 1147 Dei
1287 1094 1422 1146 inter
1447 1110 1534 1148 vos
1557 1091 1600 1164 (I
1623 1092 1810 1148 Thess.
1825 1110 1882 1156 ιι,
1908 1092 1985 1164 4).

405 1179 474 1234 Et
496 1181 718 1235 iterum:
739 1180 1021 1253 Propterea
1041 1192 1089 1236 et
1108 1199 1202 1238 nos
1220 1184 1417 1256 gratias
1439 1185 1638 1255 agimus
1652 1182 1761 1238 Deo
1781 1184 1987 1238 sinein-

409 1272 756 1336 termissione;
777 1274 1017 1344 quoniam
1039 1290 1152 1328 cum
1171 1275 1521 1345 percepissetis
1541 1291 1575 1329 a
1595 1273 1742 1329 nobis
1759 1277 1984 1342 verbum,

403 1363 582 1418 auditu
608 1363 706 1418 Dei
734 1366 1023 1436 excepistis,
1046 1383 1152 1420 non
1189 1374 1245 1419 ut
1269 1365 1474 1420 verbum
1494 1367 1774 1431 hominum,
1813 1367 1906 1421 sed
1931 1376 1989 1421 ut

403 1454 607 1508 verbum
623 1455 740 1522 Dei,
768 1458 852 1529 qui
881 1467 1122 1528 operatur
1145 1459 1200 1512 in
1220 1458 1377 1524 vobis,
1397 1461 1484 1530 qui
1505 1459 1796 1513 credidistis
1819 1457 1982 1531 (Ibid.

405 1562 453 1598 v.
487 1545 596 1616 13).
627 1547 814 1603 Nonne
843 1549 1120 1604 evidenter
1139 1549 1485 1619 Evangelium
1514 1551 1629 1615 Dei,
1660 1559 1716 1606 et
1742 1551 1838 1606 Dei
1865 1567 1989 1606 ver-

401 1636 528 1707 bum
551 1640 981 1710 przedicationem
1015 1641 1082 1697 de
1117 1642 1333 1698 Christo
1360 1650 1767 1710 commemorat,
1790 1645 1987 1714 quippe

404 1729 457 1784 id
485 1733 732 1788 omnibus
758 1733 1247 1790 manifestissimum
1269 1743 1351 1791 est
1374 1753 1388 1789 :
1410 1737 1665 1808 Apparuit
1691 1739 1826 1791 enim
1858 1754 1983 1808 gra-

2095 544 2380 613 accepistis,
2405 543 2681 599 anathema
2712 547 2781 599 sit
2821 544 3032 616 (Ibid.).
3055 544 3162 601 Pro
3189 561 3296 617 qua
3323 549 3486 619 igitur
3512 567 3688 610 causa

2095 633 2229 689 alios
2250 649 2436 690 omnes
2451 637 2723 702 omittens,
2739 637 2864 693 licet
2880 638 3049 692 Deum
3067 639 3456 697 inhabitantem
3467 643 3689 707 habueo.

2092 723 2221 786 rint,
2245 725 2417 780 solum
2444 727 2768 796 praedicabat
2793 725 2976 783 Iesum
2995 728 3132 785 sicut
3153 729 3338 787 Deum.

2651 860 2880 919 CAPUT
2915 863 3104 922 XXIV.

2781 977 2957 1032 Aliud.

2163 1080 2434 1154 Scriptum
2459 1093 2542 1142 est
2591 1087 2658 1142 de
2696 1084 2912 1143 Christo
2942 1108 2954 1142 :
2986 1089 3113 1145 Cum
3151 1101 3317 1147 autem
3337 1102 3469 1149 esset
3493 1097 3548 1150 in
3575 1093 3682 1152 Ie-

2090 1174 2362 1245 rosolymis
2398 1177 2454 1229 in
2502 1176 2585 1231 die
2624 1179 2772 1246 festo,
2801 1181 2950 1233 multi
2997 1181 3323 1237 crediderunt
3366 1186 3422 1239 in
3465 1190 3684 1242 nomine

2089 1265 2200 1334 ejus
2220 1266 2444 1320 videntes
2483 1270 2633 1339 signa
2659 1286 2772 1341 qua:
2793 1271 3045 1343 faciebat;
3066 1275 3175 1345 ipse
3193 1284 3361 1330 autem
3383 1276 3536 1333 Iesus
3566 1296 3683 1334 non

2090 1355 2329 1410 credebat
2353 1375 2409 1412 se
2425 1360 2561 1426 illis;
2583 1361 2720 1433 quod
2739 1364 2849 1432 ipse
2873 1363 3066 1418 sciebat
3094 1383 3292 1433 omnes,
3321 1376 3372 1422 et
3409 1370 3545 1441 quod
3565 1387 3680 1425 non

2088 1463 2294 1503 necesse
2315 1451 2554 1517 habebat,
2580 1463 2638 1506 ut
2675 1455 2859 1526 aliquis
2907 1458 3248 1513 testimonium
3293 1460 3579 1530 perhiberet
3604 1463 3683 1517 de

2087 1537 2293 1594 homine
2317 1559 2335 1596 :
2357 1543 2466 1613 ipse
2492 1546 2628 1599 enim
2656 1547 2850 1601 sciebat
2889 1547 3013 1620 quid
3038 1560 3152 1604 erat
3177 1552 3231 1604 in
3257 1552 3464 1608 homine
3485 1553 3677 1626 (Joan.

2085 1645 2143 1694 ιι,
2174 1631 2286 1703 23).
2311 1633 2367 1690 Si
2389 1636 2550 1691 homo
2579 1646 2722 1695 esset
2748 1641 2997 1717 θεοφόρος,
3017 1643 3288 1712 quomodo
3316 1662 3425 1701 non
3455 1645 3679 1720 decepti

2087 1731 2212 1777 sunt
2256 1726 2440 1791 multi,
2471 1729 2562 1797 qui
2602 1728 2950 1805 Jerosolymis
2979 1735 3031 1789 in
3063 1752 3258 1791 nomen
3285 1738 3401 1807 ejus
3425 1739 3678 1796 credide~

404 1826 476 1878 tia
499 1826 597 1881 Dei
617 1827 890 1882 salvatoris
912 1828 1166 1892 omnibus,
1190 1829 1427 1884 erudiens
1449 1847 1562 1897 nos,
1591 1840 1649 1884 ιιι
1671 1829 1978 1901 abnegantes

2089 1819 2247 1872 runt?
2276 1817 2373 1873 Vel
2394 1834 2559 1888 quare
2579 1823 2726 1878 solus
2753 1827 3049 1894 cognoscit,
3067 1843 3187 1898 qua:
3210 1840 3332 1885 sunt
3349 1833 3400 1885 in
3428 1832 3675 1901 homine,

400 1919 714 1990 impietatem
739 1930 789 1975 et
815 1922 1088 1976 stecularia
1109 1922 1382 1990 desideria,
1407 1923 1577 1978 sobrie
1595 1931 1645 1977 et
1663 1924 1802 1994 juste
1829 1932 1878 1978 et
1903 1925 1986 1994 pie

402 2012 648 2075 vivamus,
689 2013 744 2066 in
772 2013 868 2066 hoc
900 2015 1116 2077 saeculo,
1141 2023 1493 2086 exspectantes
1523 2013 1723 2068 beatam
1743 2031 1903 2085 spem,
1935 2024 1986 2068 et

401 2101 674 2156 adventum
702 2103 884 2174 gloria:
909 2105 1084 2175 magni
1108 2104 1208 2158 Dei
1260 2114 1310 2159 et
1348 2105 1622 2159 salvatoris
1658 2106 1822 2159 nostri
1858 2103 1982 2159 Jesu

401 2191 593 2248 Christi
613 2195 737 2265 (Tit.
756 2211 812 2261 ιι,
837 2195 947 2265 li).
973 2195 1112 2252 Ecce
1138 2196 1296 2261 Deus,
1323 2205 1381 2252 et
1405 2211 1650 2265 magnus,
1675 2197 1984 2266 plenissime

402 2285 710 2340 nominatus
756 2294 841 2341 est
877 2287 1135 2342 Dominus
1168 2295 1352 2343 noster
1376 2285 1532 2343 Jesus
1557 2285 1836 2342 Christus:
1870 2288 1983 2358 ipse

401 2384 485 2430 est
505 2377 649 2432 enim
675 2377 828 2447 cujus
851 2378 1138 2434 adventum
1159 2380 1344 2448 gloriae
1371 2388 1773 2451 exspectantes,
1803 2381 1982 2436 sobrie

399 2468 611 2532 vivere,
649 2477 703 2523 et
744 2469 1284 2540 irreprehensibiliter
1319 2470 1648 2527 festinamus.
1693 2471 1800 2527 Sed
1826 2472 1872 2527 si
1900 2478 1983 2527 est

400 2559 562 2614 homo
590 2562 845 2637 Θιοφὸρος,
876 2562 1149 2632 quomodo
1175 2562 1245 2617 sit
1272 2577 1497 2632 magnus
1523 2563 1700 2620 Deus?
1723 2561 1822 2618 Vel
1841 2577 1982 2632 quo-

399 2649 562 2705 modo
589 2650 744 2705 beata
773 2667 896 2721 spes
917 2652 970 2706 in
991 2667 1112 2707 eum
1129 2653 1150 2706 ?
1170 2651 1443 2722 Siquidem
1483 2669 1644 2709 verus
1689 2662 1771 2709 est
1797 2651 1980 2724 profe-

398 2747 488 2794 cto
529 2738 790 2797 Jeremias
814 2742 999 2797 dicens
1030 2761 1044 2796 :
1082 2743 1391 2798 Maledictus
1431 2746 1518 2816 qui
1544 2761 1686 2816 spem
1713 2747 1862 2800 suam
1887 2759 1982 2816 po-

2085 1923 2206 1962 cum
2238 1913 2533 1979 praesertim
2562 1930 2720 1971 nemo
2749 1918 2884 1973 alius
2912 1921 3082 1975 sciat?
3102 1921 3343 1980 Finxisse
3372 1927 3515 1979 enim
3537 1926 3676 1982 dici-

2086 2005 2174 2052 tur
2199 1999 2342 2056 Deus
2369 2003 2532 2058 corda
2573 2014 2758 2061 nostra
2795 2009 3098 2078 singillatim
3128 2012 3309 2083 (Psal.
3342 2032 3504 2082 xxxn,
3539 2016 3672 2088 l5).

2085 2089 2183 2146 Vel
2222 2107 2387 2162 quare
2423 2097 2569 2152 solus
2610 2100 2837 2155 remittit
2874 2105 3132 2172 peccata?
3175 2105 3265 2158 Ait
3309 2108 3451 2161 enim
3485 2126 3498 2160 :
3531 2108 3676 2173 Quia

2084 2191 2386 2252 potestatem
2446 2187 2598 2242 habet
2663 2189 2833 2245 Filius
2877 2194 2932 2246 in
2980 2203 3117 2248 terra
3163 2198 3417 2251 remittere
3458 2208 3676 2270 peccata

2084 2271 2262 2343 (Matt.
2292 2291 2365 2340 rx,
2379 2275 2457 2347 6).
2494 2277 2670 2344 Quare
2699 2283 2845 2344 solus
2872 2292 3068 2353 printer
3095 2285 3228 2341 alios
3252 2302 3492 2344 assessor
3514 2289 3677 2346 sedet

2083 2360 2178 2417 Dei
2232 2371 2288 2418 et
2339 2363 2548 2421 Patris?
2572 2368 2750 2434 Quare
2796 2372 2897 2425 soli
2934 2373 3306 2442 obsequuntur
3325 2376 3532 2444 angeli?
3557 2376 3677 2433 Cur

2082 2469 2184 2508 nos
2220 2455 2436 2524 quidem
2487 2456 2670 2515 docuit
2719 2477 3056 2520 communem
3089 2473 3280 2536 putare
3309 2465 3543 2533 Patrem,
3572 2471 3673 2539 qui

2081 2554 2165 2602 est
2191 2548 2246 2602 in
2275 2550 2457 2616 caelis;
2481 2553 2582 2607 sibi
2612 2563 2791 2608 autem
2812 2571 2935 2611 cum
2965 2558 3271 2627 Specialiter
3295 2560 3600 2616 scribebat?

2153 2636 2258 2694 Sed
2287 2639 2424 2696 forte
2452 2641 2598 2699 dices
2634 2644 2779 2713 quod
2806 2647 3110 2716 hujusmodi
3137 2664 3300 2705 voces
3342 2651 3669 2708 inhabitanti

2079 2729 2259 2788 Verbo
2278 2731 2592 2804 deputanda:
2619 2737 2744 2792 sint.
2778 2738 2967 2794 Nonne
3000 2741 3160 2809 igitur
3198 2757 3318 2797 eum
3356 2746 3666 2815 Oportebat,

397 2832 479 2884 nit
493 2832 549 2885 in
577 2832 782 2887 homine
806 2832 1031 2904 (Jerem.
1061 2851 1100 2900 ι,
1130 2833 1206 2904 5).
1230 2835 1414 2904 Neque
1441 2836 1585 2890 enim
1612 2836 1779 2891 Deum
1801 2837 1979 2906 ipsum
2074 2823 2228 2894 luna
2270 2828 2546 2898 Prophe‘is
2601 2827 2814 2903 [Βαιυτ-
2865 2833 3194 2906 Prophetas]
3255 2838 3668 2894 convenientem

396 2924 570 2994 possit
591 2922 823 2991 efficere,
841 2934 901 2979 ut
918 2933 1043 2980 ante
1063 2925 1194 2989 dixi,
1219 2926 1271 2981 id
1289 2926 1434 2996 quod
1453 2935 1538 2982 est
1549 2927 1719 2982 Deum
1735 2937 1972 2998 portare.

399 3012 640 3083 Denique
660 3015 890 3070 doceant
917 3031 1039 3081 nos,
1072 3016 1200 3085 quid
1224 3017 1481 3087 impediat
1512 3018 1648 3073 alios
1677 3019 1841 3074 etiam
1861 3035 1978 3074 om-

395 3117 495 3159 nes
514 3102 646 3159 deos
668 3120 787 3160 esse
801 3113 856 3160 et
874 3106 1193 3174 adorandos,
1211 3108 1304 3177 qui
1325 3108 1378 3163 in
1399 3123 1458 3164 se
1476 3109 1760 3164 habuerint
1773 3108 1978 3164 Deum?

2078 2930 2403 2985 mensuram,
2427 2919 2599 2988 ipsum
2621 2935 2836 2990 quoque
2860 2922 3036 2978 dicere
3057 2942 3070 2978 :
3089 2922 3220 2980 ﬂare
3240 2925 3366 2980 dicit
3385 2925 3664 2984 Dominus.

2084 3004 2276 3062 Verum
2303 3024 2425 3064 cum
2453 3025 2517 3065 ea
2542 3025 2661 3079 qua:
2679 3027 2839 3082 supra
2869 3013 3042 3082 legem
3063 3017 3272 3071 sancire
3298 3016 3478 3082 vellet,
3505 3033 3666 3074 assuo

2077 3113 2230 3154 mens
2251 3100 2352 3155 sibi
2371 3102 2780 3158 convenientem
2807 3104 3100 3172 legislatori
3129 3105 3334 3178 [Baluz.
3365 3107 3664 3179 legislator]

396 3193 562 3250 Deum
594 3204 772 3251 autem
799 3204 855 3251 et
875 3210 1122 3266 magnum
1144 3207 1201 3253 et
1222 3198 1459 3267 beatum,
1484 3199 1772 3255 habentem
1792 3199 1980 3254 illumi.
2004 3192 2050 3256 C
2082 3195 2474 3260 auctoritatem,
2508 3195 2686 3250 aiebat
2707 3214 2720 3249 :
2743 3195 2858 3268 Ego
2881 3197 2995 3252 dico
3023 3198 3165 3252 vobis
3187 3197 3440 3269 “(Matth
3466 3216 3517 3264 v,
3543 3199 3663 3272 52).

395 3288 671 3345 nationem
695 3288 966 3345 Christum
989 3290 1233 3346 nominat
1258 3292 1448 3347 beatus
1475 3290 1690 3357 Paulus,
1713 3291 1805 3360 qui
1826 3291 1976 3347 inve-

395 3377 542 3432 nitur
569 3378 752 3434 dicens
778 3380 845 3435 de
875 3378 1073 3437 Judmis
1112 3389 1168 3437 et
1207 3380 1560 3438 Emmanuel:
1593 3381 1823 3447 Quorum
1875 3400 1976 3454 pa»

398 3477 518 3535 tres,
537 3479 585 3523 et
605 3480 982 3539 testamentum,
1009 3483 1059 3529 et
1079 3479 1462 3546 promissiones,
1480 3486 1607 3532 etes:
1622 3478 1804 3550 quibus
1825 3477 1976 3534 Chri-

395 3568 504 3614 stus
527 3563 804 3617 secundum
833 3581 1058 3631 carnem,
1091 3569 1272 3636 quiest
1299 3585 1453 3640 super
1480 3571 1654 3624 omnia
1685 3569 1975 3627 benedictus

394 3649 451 3704 in
477 3651 668 3705 scecula
688 3654 1012 3708 seculorum.
1037 3657 1199 3710 Amen
1226 3657 1400 3729 (Rom.
1426 3674 1497 3726 ιν,
1529 3659 1619 3729 9).

469 3741 624 3808 Quod
654 3760 781 3800 vero
809 3745 1014 3819 [Baluz.
1050 3747 1198 3820 vere]
1229 3750 1522 3805 secundum
1549 3751 1782 3808 divinam
1822 3770 1977 3810 reve-

395 3830 651 3888 lationem
677 3833 908 3890 faciebat
927 3836 1378 3906 medicationem,
1395 3842 1734 3912 perspicuum
1757 3843 1834 3911 ﬁt,
1859 3845 1976 3915 ipso

394 3925 607 3982 dicente
637 3945 650 3982 :
692 3927 894 3984 Deinde
919 3942 1034 4002 post
1065 3948 1231 3987 annos
1281 3933 1663 4005 quatuordecim
1683 3936 1869 3991 iterum
1890 3954 1976 3992 as-

395 4018 545 4071 cendi
558 4017 933 4091 Jerosolymam
955 4039 1069 4076 cum
1097 4022 1359 4090 Barnaba,
1378 4033 1638 4097 assumpto
1658 4028 1814 4082 etiam
1836 4026 1971 4084 Tito.

395 4108 616 4163 Ascendi
662 4122 827 4166 autem
876 4114 1152 4169 secundum
1199 4117 1577 4182 reuelationem,
1601 4129 1652 4172 et
1669 4122 1880 4191 exposui
1901 4123 1975 4176 eis

393 4197 748 4273 Evangelium,
762 4207 898 4276 quod
923 4207 1149 4276 praedico
1169 4209 1430 4278 gentibus;
1452 4225 1680 4263 seorsum
1699 4219 1867 4264 autem
1889 4212 1970 4277 iis,

395 4295 481 4363 qui
510 4293 809 4350 videbantur
836 4297 1033 4369 aliquid
1074 4316 1212 4363 esse,
1241 4316 1306 4354 ne
1327 4302 1459 4372 forte
1483 4303 1539 4355 in
1561 4319 1772 4357 vacuum
1802 4319 1975 4358 curre-

2147 3282 2426 3350 Quomodo
2471 3285 2697 3341 liberum
2745 3302 2805 3343 se
2840 3289 2935 3352 ait,
2967 3297 3022 3344 et
3049 3304 3157 3344 non
3199 3290 3489 3345 obnoxium
3511 3290 3666 3345 Deo?

2077 3374 2203 3432 Ideo
2247 3379 2373 3446 quia
2421 3385 2504 3433 est
2558 3374 2722 3435 Filius
2776 3381 2829 3434 in
2873 3381 3135 3436 veritate?
3163 3379 3229 3435 Et
3257 3381 3302 3437 si
3332 3391 3476 3437 esset
3493 3381 3664 3437 homo

2075 3469 2325 3546 θεοφόρος,
2351 3477 2566 3526 essetne
2585 3471 2748 3524 etiam
2777 3471 2913 3526 liber
2932 3470 3224 3527 secundum
3247 3473 3537 3527 naturam?
3556 3471 3665 3528 So-

2075 3562 2160 3618 lus
2184 3563 2390 3637 [Batuz.
2416 3562 2607 3638 Hujus]
2627 3564 2768 3618 enim
2793 3564 2930 3619 Deus
2950 3565 3103 3632 liber,
3118 3573 3280 3635 atque
3305 3566 3512 3621 solutus
3531 3574 3614 3621 est
3642 3583 3659 3622 :

2076 3655 2224 3710 solus
2251 3655 2393 3710 enim
2421 3656 2574 3725 quasi
2602 3655 2796 3711 tributa
2823 3655 3060 3711 omnium
3083 3657 3278 3726 exigit;
3302 3665 3356 3711 et
3383 3664 3663 3726 tamquam

2076 3745 2198 3801 loco
2235 3746 2534 3801 debitorum
2583 3747 2650 3802 ab
2676 3746 2923 3802 omnibus
2951 3748 3142 3818 recipit
3169 3748 3500 3816 religionem.
3542 3746 3666 3804 Etsi

2075 3836 2252 3892 exitus
2289 3837 2421 3906 legis
2473 3846 2530 3893 et
2554 3839 2935 3908 prophetarum
2972 3835 3216 3894 Christus
3243 3847 3342 3905 est,
3374 3847 3457 3895 est
3477 3848 3663 3896 autem

2075 3925 2239 3981 homo
2266 3929 2518 4004 Θιοφὸροςς
2550 3943 2727 3984 nonne
2751 3929 2931 3983 dicere
2952 3928 3132 3994 liccat,
3154 3928 3296 3998 quod
3325 3929 3664 4001 prophetica-

2074 4035 2194 4074 rum
2219 4021 2656 4090 prredicationum
2680 4021 2854 4076 exitus
2895 4024 3334 4101 ἀνθρωπολατρίας
3371 4022 3526 4078 nobis
3551 4022 3662 4078 cri-

2076 4126 2200 4165 men
2226 4111 2498 4168 induxerit
2517 4114 2541 4167 ?

2146 4201 2351 4257 Deinde
2391 4203 2479 4257 lex
2524 4202 2737 4272 quidem
2764 4204 3088 4273 prmdicabat
3117 4224 3129 4259 :
3157 4203 3437 4259 Dominum
3487 4204 3660 4261 Deum

2078 4301 2215 4346 tuum
2245 4292 2507 4359 adorabis,
2538 4303 2588 4348 et
2622 4295 2700 4348 illi
2729 4295 2826 4348 soli
2864 4297 3052 4350 servies
3099 4295 3274 4366 (Deut.
3304 4313 3377 4360 Vl,
3402 4297 3511 4368 15).
3537 4295 3662 4364 Qua

395 4397 523 4447 rem,
551 4394 640 4436 aut
659 4389 996 4442 cucurrissem
1024 4390 1042 4461 (
1066 4387 1185 4443 Gal.
1207 4407 1264 4456 ιι,
1292 4389 1375 4462 1).
1393 4390 1662 4448 Christum
1679 4393 1974 4463 praedicans

2089 4397 2177 4436 nos
2197 4382 2496 4438 eruditione
2523 4383 2773 4453 perduxit
2811 4385 2879 4438 ad
2899 4383 3166 4440 Christum
3186 4428 3200 4453 ,
3231 4387 3384 4456 quasi
3413 4386 3481 4440 ad
3504 4388 3662 4455 agni-

395 4471 659 4539 gentibus,
708 4483 768 4528 ut
814 4475 1000 4543 Deum,
1032 4478 1271 4534 divinum
1313 4482 1556 4536 nominat
1591 4484 1758 4554 ipsius
1778 4484 1974 4555 ubique

2089 4472 2278 4528 tionem
2323 4473 2459 4536 illis,
2491 4475 2584 4542 qui
2614 4475 2666 4528 in
2689 4475 2891 4530 umbris
2910 4474 3140 4542 fuerant,
3163 4477 3430 4546 potiorem
3463 4493 3658 4548 :sper-

396 4564 727 4634 mysterium.
753 4566 1114 4640 Ascenditper
1141 4573 1522 4629 revelationem
1548 4573 1969 4649 Jerosolymam,

2089 4573 2333 4620 mentesne
2375 4564 2537 4633 igitur
2572 4565 2739 4620 Deum
2769 4564 2925 4635 Legis
2951 4575 3004 4621 et
3032 4566 3417 4637 Prophetarum
3445 4568 3658 4642 [Balu:.

396 4661 452 4708 et
479 4656 726 4724 exposuit
752 4657 850 4722 his,
883 4659 974 4727 qui
1016 4661 1330 4717 videbantur
1369 4664 1570 4734 aliquid
1611 4682 1760 4732 esse,
1790 4669 1843 4725 id
1869 4675 1969 4735 est,

396 4747 596 4801 sanctis
621 4750 896 4818 apostolis,
924 4752 1038 4807 sive
1070 4753 1373 4824 discipulis,
1403 4771 1471 4812 ne
1496 4756 1637 4814 forte
1664 4760 1718 4814 in
1747 4775 1973 4817 vacuum

395 4847 596 4892 currat.
641 4838 775 4896 Cum
823 4859 954 4900 vero
993 4846 1060 4900 ab
1114 4844 1465 4921 Jerosolymis
1503 4850 1884 4918 descendisset,
1917 4863 1973 4910 et

394 4942 578 4984 rursus
623 4933 861 5000 gentium
897 4937 1145 5005 gregibus
1193 4938 1546 5009 interfuisset,
1599 4944 1971 5001 emendavitne

395 5018 593 5088 aliquid
615 5037 682 5078 ex
701 5025 1005 5094 prioribus?
1030 5028 1218 5085 Nonne
1247 5033 1607 5101 perseveravit
1635 5034 1802 5089 Deum
1832 5051 1966 5092 con-

397 5108 552 5166 ﬁtens
579 5109 888 5171 Christum?
917 5117 1090 5188 Atque
1118 5120 1240 5176 ideo
1266 5122 1448 5178 scribit
1467 5124 1783 5193 quibusdam
1817 5143 1830 5178 :
1862 5125 1970 5181 Mi-

395 5216 484 5254 ror
522 5204 656 5274 quod
694 5208 767 5260 sic
803 5209 904 5262 cito
943 5213 1314 5283 transferimini
1342 5213 1407 5268 ab
1434 5231 1512 5280 eo,
1545 5216 1632 5287 qui
1659 5233 1746 5271 vos
1777 5220 1974 5272 vocavit

392 5292 449 5346 in
498 5295 641 5349 aliud
686 5301 1018 5371 evangelium,
1067 5303 1202 5374 quod
1248 5322 1352 5360 non
1387 5315 1464 5362 est
1499 5309 1660 5372 aliud,
1685 5310 1787 5364 nisi
1813 5311 1973 5384 aliqui

396 5395 512 5439 sunt
532 5389 889 5446 conturbantes
911 5411 994 5447 vos
1017 5403 1064 5448 et
1083 5395 1301 5452 volentes
1329 5407 1618 5454 convertere
1631 5399 1970 5474 Evangelium

398 5473 584 5530 Christi
609 5477 747 5545 (Gal.
772 5499 808 5549 ι,
832 5481 906 5552 6).
933 5485 1021 5538 Ait
1041 5494 1221 5542 autem
1257 5488 1449 5543 iterum
1474 5507 1486 5543 :
1512 5487 1620 5544 Sed
1641 5493 1736 5546 etsi
1757 5508 1850 5546 nos
1881 5500 1974 5545 aut

2075 4673 2177 4712 om.
2203 4655 2360 4726 Legis
2380 4665 2435 4712 et
2464 4656 2871 4731 Prophetarum]
2902 4659 3146 4726 adorare,
3187 4661 3526 4717 adorabimus
3553 4662 3661 4716 hoc

2074 4750 2275 4806 minem
2336 4751 2623 4814 habentem
2666 4751 2834 4806 Deum
2882 4752 3305 4807 inhabitantem?
3355 4751 3453 4807 Ubi
3511 4749 3659 4809 enim

2073 4844 2430 4916 prtestabilius
2453 4851 2570 4898 erat
2591 4843 2756 4899 Deum
2779 4843 3041 4912 intelligi?
3067 4843 3125 4897 In
3151 4843 3312 4909 caelo,
3343 4859 3412 4898 an
3433 4843 3487 4898 in
3509 4851 3656 4898 terra

2076 4935 2282 5010 [Batus.
2315 4950 2383 4988 an
2412 4934 2582 5003 magis
2603 4931 2879 5004 homine]?
2917 4932 2976 4986 In
3005 4934 3297 5003 seraphim,
3329 4949 3396 4988 an
3439 4933 3495 4987 in
3539 4940 3659 4987 ter-

2078 5041 2210 5082 reno
2238 5027 2500 5097 corpore?

2143 5118 2201 5174 Si
2229 5125 2347 5174 erat
2369 5119 2533 5173 homo
2561 5117 2798 5193 σιτοφόρος
2817 5157 2832 5182 ,
2889 5115 3162 5186 quomodo
3199 5116 3560 5188 propemodum
3592 5132 3657 5170 ae

2074 5226 2168 5268 nos
2188 5208 2514 5280 participavit
2536 5210 2682 5262 carni
2717 5225 2779 5260 ac
2818 5209 3062 5279 sanguini
3086 5206 3252 5279 (Heb.
3281 5222 3338 5272 ιι,
3368 5206 3493 5277 M)?
3516 5205 3654 5261 Nam

2074 5307 2120 5363 si
2147 5305 2272 5376 quia
2301 5304 2443 5360 Deus
2470 5303 2807 5369 inhabitavit,
2840 5302 2944 5357 hoc
2994 5302 3044 5356 ei
3069 5298 3282 5365 sufﬁcit,
3313 5307 3372 5354 ut
3411 5299 3658 5355 similiter

2078 5415 2142 5457 ac
2168 5413 2268 5455 nos
2294 5396 2642 5469 participaret
2667 5395 2815 5451 carni
2837 5402 2893 5450 et
2919 5393 3193 5463 sanguini;
3217 5400 3272 5447 et
3303 5393 3376 5446 ita
3397 5392 3480 5447 his
3523 5407 3657 5461 par-

2076 5492 2298 5562 ticipare
2337 5488 2391 5545 id
2431 5489 2607 5560 ipsum
2631 5494 2733 5553 est,
2761 5486 2908 5557 quod
2955 5485 3227 5541 hominem
3264 5483 3458 5540 factum
3483 5498 3605 5539 esse
3639 5502 3653 5540 :

1559 5641 2096 5702 CASTIGATIONES
2133 5644 2222 5699 ET
2261 5643 2488 5700 ΝΟΤᾸΞ.

523 5772 743 5830 Videtur
765 5776 960 5848 aliquid
990 5782 1074 5841 hic
1101 5783 1318 5847 deesse;
1343 5783 1412 5847 id,
1431 5785 1642 5852 opinor,
1664 5782 1808 5850 quod
1829 5781 2142 5839 Anastasius
2170 5779 2374 5836 Sinaita
2397 5785 2661 5836 memorat
2681 5777 2748 5834 de
2768 5783 2969 5834 statere
2998 5774 3051 5830 in
3072 5774 3331 5840 tributum
3353 5774 3652 5845 pensitato,
