3924 6282
198 350 334 406 1025

937 346 994 402 S.
1034 341 1300 400 ογιιιιιι
1336 341 1627 400 SCllOLlA
1669 341 1755 395 DE

1883 336 2304 393 ZARNATIONE
2345 336 2720 393 UNlCENITl.

3312 330 3473 397 4026’

194 459 506 517 inhabitavit
549 467 727 513 autem
759 466 815 512 et
859 459 913 513 in
958 458 1139 511 multis
1160 457 1384 522 sanctis;
1416 458 1579 511 homo
1603 454 1767 522 igitur
1793 475 1838 531 Α
1869 456 2198 513 tantumdem
2214 458 2627 527 agit;scriptum
2644 466 2725 512 est
2746 458 2887 512 enim
2903 458 3044 529 quod
3075 459 3259 513 ridebit
3286 464 3451 515 omnis

194 568 303 608 non
330 550 515 614 semel,
566 550 659 604 sed
713 551 1004 619 smpissime
1059 550 1231 604 factus
1259 557 1361 605 est.
1413 546 1591 614 Quare
1638 559 1767 613 ergo

194 640 348 696 semel
372 642 427 693 in
451 642 887 694 consummatione
931 640 1252 704 sweulorum,
1294 640 1347 691 in
1378 637 1771 691 destructionem

196 734 401 808 [Baluz.
432 729 832 801 destitutionem]
854 732 1080 802 peccati,
1108 748 1197 800 per
1218 730 1441 783 hostiam
1468 742 1617 781 suam
1642 724 1772 779 dici-

196 834 280 881 tur
303 825 603 896 apparuisse
634 822 797 893 (Heb.
831 840 904 886 rx,
929 823 1018 892 ‘26)
1041 824 1062 876 ?
1085 821 1365 889 Quomodo
1395 828 1577 874 autem
1606 832 1772 873 unum

194 919 353 973 nobis
370 917 532 971 Verbi
557 917 841 971 adventum
866 916 1157 985 pnedicant
1176 914 1366 968 divina:
1385 912 1693 981 Scriptum,
1726 908 1773 963 si

193 1010 426 1085 θεοφόρος
475 1016 592 1063 erat
646 1008 846 1062 homo?
887 1006 945 1061 Si
996 1006 1254 1076 templum
1282 1014 1337 1060 et
1364 1004 1479 1091 ipse
1501 1002 1670 1057 factus
1690 1007 1775 1056 est

194 1103 313 1167 Dei,
362 1100 633 1170 quomodo
653 1108 708 1154 et
756 1100 813 1153 in
868 1099 1024 1154 nobis
1069 1099 1232 1153 etiam
1276 1095 1518 1150 Christus
1546 1093 1660 1148 est?
1688 1091 1775 1147 Si-

193 1202 358 1248 cutue
382 1191 637 1261 templum
663 1192 715 1245 in
740 1190 988 1259 templis?
1016 1189 1097 1242 An
1128 1196 1187 1242 ut
1207 1188 1346 1243 Deus
1366 1186 1534 1254 magis
1561 1185 1615 1239 in
1636 1191 1774 1239 tem-

192 1285 299 1353 plis
346 1298 441 1353 per
478 1283 766 1353 Spiritum?
814 1282 871 1336 Si
915 1284 1147 1356 θεοφορος
1184 1288 1301 1334 erat
1345 1280 1526 1344 homo,
1571 1292 1666 1331 cur
1694 1282 1777 1330 est

188 1377 361 1432 solius
390 1376 554 1445 ipsius
581 1390 777 1445 corpus
796 1372 1106 1428 viviﬁcum?
1134 1374 1455 1441 Oportuerat
1474 1369 1618 1424 enim
1645 1368 1778 1422 alio-

189 1484 316 1521 rum
361 1469 523 1523 etiam
570 1482 798 1538 corpora
852 1480 970 1521 esse
1013 1465 1157 1530 talia,
1200 1464 1255 1518 iu
1291 1462 1484 1532 quibus
1515 1457 1779 1514 habitavit

190 1557 341 1613 Deus
368 1557 727 1627 omnipotens.

269 1650 494 1719 Scripsit
531 1657 710 1704 autem
751 1648 946 1703 alicubi
992 1646 1156 1701 etiam
1182 1645 1393 1700 divinus
1421 1642 1617 1697 Paulus
1649 1660 1661 1695 :
1688 1640 1778 1695 1r-

191 1743 354 1795 ritam
383 1743 578 1813 faciens
607 1742 717 1812 quis
740 1740 897 1811 legem
927 1738 1143 1810 Moysis,
1179 1740 1289 1792 sine
1314 1737 1421 1790 ulla
1450 1736 1780 1791 miseratione

192 1832 394 1887 duobus
423 1842 511 1885 aut
540 1831 697 1885 tribus
722 1832 930 1885 testibus
959 1832 1195 1895 moritur,
1223 1838 1415 1899 quanto
1441 1828 1607 1898 magis
1628 1835 1781 1896 puta-

195 1926 264 1978 tis
286 1925 538 1978 deteriora
559 1925 743 1977 mereri
770 1926 1042 1995 supplicia,
1065 1925 1151 1994 qui
1172 1920 1368 1975 Filium
1389 1920 1485 1975 Dei
1513 1919 1780 1973 conculca-

192 2018 345 2083 verit,
368 2025 415 2070 et
442 2017 745 2087 sanguinem
768 2016 1055 2070 testamenti
1076 2014 1327 2086 pollutum
1353 2014 1593 2067 duxerit?
1618 2011 1779 2081 Atqui

196 2107 377 2163 divina
407 2115 524 2161 erat
562 2108 649 2161 lex
667 2146 681 2171 ,
714 2116 769 2161 ει
798 2106 1054 2161 mandata
1078 2107 1221 2161 dicta
1247 2121 1344 2177 per
1372 2105 1611 2175 angelos.
1635 2106 1780 2170 Quo-

196 2200 361 2261 modo
385 2201 545 2270 igitur
568 2200 756 2270 dignus
778 2201 879 2254 erit
906 2199 1175 2255 deteriore
1199 2198 1478 2269 supplicio,
1496 2196 1586 2267 qui
1606 2196 1779 2267 pollu-

197 2301 315 2347 tum
344 2292 555 2347 duxerit
587 2292 899 2359 sanguinem
931 2287 1165 2345 Christi?
1192 2289 1288 2344 Vel
1309 2287 1579 2361 quomodo
1602 2288 1784 2356 potior

195 2393 284 2439 est
311 2384 584 2453 religione,
610 2398 727 2453 quae
755 2390 837 2438 est
860 2382 1151 2438 secundum
1172 2383 1365 2451 legem,
1393 2380 1523 2436 fides
1553 2380 1607 2435 in
1627 2379 1782 2435 Chri-

196 2476 379 2531 stum?
408 2474 534 2541 Sed,
560 2474 740 2544 utjam
760 2484 887 2531 ante
915 2475 1166 2537 diximus,
1187 2484 1211 2509 ι
1233 2472 1477 2527 Christus
1500 2488 1607 2528 non
1636 2471 1783 2527 simi-

197 2567 268 2623 lis
296 2568 524 2623 aliorum
549 2578 877 2632 sanctorum,
910 2568 1073 2622 homo
1101 2569 1357 2644 θιοφόρος,
1380 2566 1474 2621 sed
1495 2566 1639 2621 Deus
1670 2581 1783 2620 ma-

199 2658 286 2727 gis
307 2673 452 2723 vere,
484 2666 539 2713 et
567 2659 715 2712 omni
742 2658 940 2712 mundo
966 2658 1245 2713 celsiorem
1278 2657 1517 2727 possidet
1536 2657 1780 2725 gloriam,

199 2747 349 2816 quod
392 2762 511 2803 cum
559 2748 700 2803 Deus
748 2750 817 2803 sit
862 2758 1055 2803 natura
1082 2748 1180 2803 Dei
1221 2748 1474 2812 Verbum,
1505 2746 1679 2803 factus
1703 2756 1787 2803 est

195 2852 352 2903 caro,
376 2839 487 2893 sive
528 2840 689 2895 homo
725 2840 1033 2911 perfectus:
1067 2841 1359 2895 animatum
1382 2840 1523 2895 enim
1544 2848 1599 2894 et
1620 2840 1787 2894 ratio-

198 2930 380 2983 nabile
401 2945 538 2993 esse,
572 2934 715 3001 quod
743 2935 1037 2988 adunatum
1072 2942 1153 2989 est
1176 2934 1245 2996 ei,
1278 2933 1546 2988 credimus
1567 2948 1781 3003 corpus,

196 3030 258 3077 et
286 3040 412 3077 vera
436 3022 640 3096 lBatuz.
674 3023 822 3095 vere]
847 3026 1067 3080 omnino
1093 3033 1177 3081 est
1198 3025 1474 3080 adunatio.

768 3161 996 3217 CAPUT
1036 3162 1197 3218 XXV.

200 3250 470 3315 Quomodo
490 3262 688 3324 oportet
710 3254 991 3324 intelligere
1013 3271 1029 3307 :
1054 3253 1286 3309 Verbum
1308 3270 1434 3309 caro
1457 3254 1651 3310 factum
1675 3264 1775 3323 est,

274 3332 328 3399 et
356 3324 615 3378 habitavit
645 3325 696 3379 in
738 3327 924 3392 nobis;
955 3335 1004 3379 et
1023 3326 1273 3397 quomodo
1316 3328 1580 3396 proprium
1618 3329 1779 3399 ipsius

274 3394 475 3448 dicatur
495 3412 695 3465 corpus.

274 3485 469 3541 Semen
496 3487 722 3541 Abrahze
748 3488 1163 3558 apprehendisse
1186 3487 1420 3544 Verbum
1459 3490 1554 3545 Dei
1591 3491 1781 3561 unige-

193 3579 392 3646 nitum,
412 3581 600 3635 beatus
621 3579 816 3636 Paulus
836 3590 1223 3637 commemorat
1253 3581 1409 3652 (Heb.
1444 3599 1498 3647 ιι,
1525 3582 1646 3653 16);
1683 3600 1784 3640 uec

190 3687 312 3727 non
363 3672 550 3736 etiam,
593 3672 737 3742 quod
774 3674 1162 3743 propemodum
1198 3689 1261 3729 ac
1306 3690 1407 3729 nos
1443 3675 1783 3745 participavit

190 3764 351 3819 carni
391 3770 445 3817 et
472 3765 713 3833 sanguini
744 3763 907 3835 (Ibid.
938 3765 1042 3836 lxi).
1074 3766 1337 3822 Memores
1383 3774 1564 3822 autem
1598 3784 1780 3825 sumus

189 3852 364 3908 etiam
392 3852 637 3920 Joannis;
663 3854 737 3907 ait
759 3855 900 3908 enim
933 3872 945 3907 :
992 3854 1207 3908 Verbum
1236 3872 1357 3910 caro
1398 3859 1591 3927 factum
1613 3868 1709 3923 est,
1730 3867 1782 3912 et

191 3942 447 3999 habitavit
475 3946 527 3997 in
553 3944 697 3998 nobis
723 3943 898 4015 (Joun.
924 3943 964 4008 Ι,
996 3944 1105 4015 ll).
1128 3945 1254 4000 Idne
1279 3946 1440 4015 igitur
1458 3947 1557 4001 fmt
1576 3964 1774 4019 propo-

189 4036 361 4093 situm
388 4037 515 4091 viris
559 4038 915 4107 spiritalibus,
959 4038 1182 4103 docere,
1213 4039 1356 4108 quod
1403 4040 1497 4093 Dei
1544 4039 1779 4094 Verbum

192 4130 569 4188 conversionis
588 4132 656 4185 sit
684 4131 925 4200 patiens;
958 4138 1050 4183 aut
1068 4130 1210 4198 quod
1239 4130 1411 4199 ipsum
1438 4128 1517 4183 fas
1537 4130 1606 4183 sit
1626 4146 1777 4185 com-

190 4222 571 4287 mutationem,
589 4220 882 4290 quaamagis
896 4229 1155 4274 creaturae
1165 4220 1469 4307 conveniat,
1484 4221 1747 4277 sustinere
1762 4239 1775 4275 :

192 4311 339 4367 adeo
362 4319 417 4366 ut
438 4312 509 4378 id,
526 4312 667 4380 quod
687 4328 795 4365 non
815 4320 949 4377 erat,
973 4311 1195 4366 forsitan
1216 4312 1269 4365 in
1290 4311 1343 4365 id
1364 4327 1460 4366 sua
1484 4319 1676 4381 sponte
1695 4312 1783 4367 de-

191 4403 411 4470 veniat;
435 4410 527 4457 aut
556 4402 759 4476 [Baluz.
788 4402 911 4455 add.
939 4402 1016 4474 ut]
1039 4403 1174 4456 alius
1201 4411 1389 4456 contra
1410 4402 1574 4472 ipsius
1592 4401 1779 4457 volun-

194 4504 367 4552 tatem
395 4496 462 4549 ad
483 4496 641 4550 aliam
661 4503 906 4550 naturam
934 4496 1171 4566 impellat
1195 4495 1399 4570 [Baluz.
1422 4494 1775 4567 impellatur];

1873 566 1992 603 caro
2014 550 2243 603 salutare
2263 548 2360 603 Dei
2383 548 2531 619 (Luc.
2557 566 2631 612 ιιι,
2656 549 2731 619 6).
2757 549 2823 603 Et
2847 552 2959 620 ipse
2980 551 3186 604 divinus
3215 550 3409 607 Paulus
3435 571 3448 605 :

1874 638 1997 693 Non
2032 642 2296 707 consensi,
2326 640 2527 711 inquit,
2570 642 2716 695 carni
2741 651 2790 695 et
2824 642 3062 712 sanguini
3101 639 3241 711 (Gal.
3272 658 3307 705 ι,
3341 642 3453 713 16).

1874 729 2151 787 Allocutus
2184 739 2265 791 est
2294 741 2474 787 autem
2511 748 2624 797 eos,
2654 734 2745 803 qui
2771 740 2895 787 sunt
2918 748 2984 787 ex
3022 734 3184 789 Israel
3213 734 3454 804 pontifex

1874 821 2084 894 Moyses
2113 842 2124 876 :
2172 823 2239 878 In
2266 825 2592 895 septuaginta
2619 834 2669 879 et
2691 827 2909 896 quinque
2939 825 3207 879 animabus
3247 826 3455 880 descen-

1876 912 2059 967 derunt
2080 923 2250 984 patres
2281 917 2354 969 tui
2386 916 2440 969 in
2469 914 2543 968 1E
2548 927 2757 986 gyptum
2789 915 2963 985 (Deut.
2990 933 3044 981 x,
3070 915 3181 986 εει).
3214 916 3319 971 Sed
3344 934 3455 973 non

1876 1005 2076 1061 idcirco
2120 1006 2339 1072 dixeris,
2370 1009 2514 1076 quod
2544 1007 2697 1061 nuda:
2735 1014 2789 1062 et
2814 1007 2931 1062 sine
2977 1007 3225 1062 carnibus
3266 1008 3458 1063 anima:

1876 1097 1931 1153 in
1961 1096 2251 1170 Egyptum
2275 1099 2676 1165 descenderint;
2710 1115 2809 1155 nec
2835 1115 2998 1171 porro
3024 1099 3169 1169 quod
3208 1100 3460 1156 inanimis

1878 1189 2212 1258 corporibus,
2238 1196 2294 1243 et
2315 1188 2441 1243 solis
2470 1191 2737 1256 carnibus,
2763 1190 2996 1244 salutare
3023 1204 3176 1244 suum
3202 1190 3344 1245 Deus
3374 1190 3458 1243 in-

1878 1281 2121 1335 dulserit.
2146 1279 2367 1347 Quoties
2400 1281 2560 1349 igitur
2589 1282 2834 1337 audimus
2866 1296 3082 1337 carnem
3110 1280 3310 1337 factum
3341 1295 3461 1335 esse

1880 1372 2135 1436 Verbum,
2161 1373 2435 1429 hominem
2462 1375 2806 1444 intelligimus
2825 1390 2892 1430 ex
2920 1375 3098 1429 anima
3125 1383 3180 1429 et
3206 1386 3456 1443 corpore.

1879 1465 2100 1522 Factum
2141 1474 2223 1521 est
2273 1474 2454 1521 autem
2491 1466 2753 1532 Verbum,
2783 1483 2903 1522 cum
2957 1467 3027 1522 sit
3072 1466 3247 1531 Deus,
3295 1465 3460 1519 homo

1880 1558 2169 1628 perfectus,
2197 1574 2393 1630 corpus
2421 1559 2688 1629 accipiens
2715 1560 3009 1614 animatum
3037 1568 3093 1614 et
3119 1557 3459 1623 rationabile,

1882 1649 2044 1718 idque
2068 1651 2168 1705 sibi
2197 1666 2322 1705 vere
2344 1651 2614 1715 adunavit,
2647 1651 2916 1719 quomodo
2944 1651 3058 1720 ipse
3085 1650 3239 1716 sciat,
3261 1648 3461 1707 nostris

1882 1741 2026 1795 enim
2067 1742 2311 1798 sensibus
2338 1742 2640 1811 hujusmodi
2680 1742 3031 1811 cogitationes
3058 1742 3276 1797 omnino
3312 1738 3461 1797 cerni

1810 1856 1859 1917 Β
1883 1850 1992 1889 non
2028 1846 2273 1905 possunt,
2303 1843 2358 1891 et
2376 1843 2710 1905 nuncupatus
2730 1842 2813 1890 est
2837 1834 2975 1889 ﬁlius
2998 1836 3245 1892 hominis.
3470 1858 3474 1883 ι

1951 1926 2058 1981 Sed
2086 1928 2133 1981 si
2160 1936 2377 1999 oportet
2407 1936 2677 1996 tamquam
2704 1928 2759 1982 in
2781 1928 3057 1999 speculum
3085 1930 3353 1985 intuentes
3379 1930 3461 1986 di-

1880 2019 2318 2088 cere,,conjectat
2338 2020 2520 2089 aliquo
2546 2020 2708 2075 modo
2733 2036 2920 2076 sensus
2946 2022 3227 2088 humanus,
3260 2022 3466 2079 aduna-

1880 2118 1995 2164 tum
2021 2109 2183 2165 fuisse
2204 2110 2437 2165 Verbum
2465 2111 2679 2181 corpori
2717 2111 2933 2166 habenti
2961 2111 3193 2167 animam
3221 2114 3464 2169 rationa»

1880 2201 2043 2256 bilem
2068 2203 2300 2272 qualiter
2335 2203 2499 2257 etiam
2529 2203 2759 2258 hominis
2801 2204 3035 2258 animam
3084 2220 3181 2259 suo
3226 2206 3462 2275 corpori,

1882 2292 2053 2362 ipsam
2081 2293 2297 2364 quidem
2325 2292 2549 2349 diversa:
2574 2302 2805 2360 naturae,
2838 2296 3083 2350 sortitam
3113 2303 3289 2350 tamen
3317 2311 3466 2351 com-

1881 2383 2197 2438 munionem
2235 2383 2721 2453 admiationemque
2768 2400 2892 2439 cum
2936 2400 3191 2455 corpore;
3224 2394 3282 2439 ut
3326 2400 3467 2455 pene

1883 2474 2129 2528 videatur
2169 2490 2276 2527 non
2304 2489 2423 2529 esse
2462 2475 2567 2529 alia
2593 2483 2791 2544 praeter
2816 2490 3031 2545 corpus,
3073 2491 3140 2530 eo
3179 2474 3323 2545 quod
3368 2476 3469 2546 per

1884 2564 2329 2633 compositionem
2367 2578 2437 2619 ex
2484 2572 2713 2633 utroque
2750 2565 2947 2619 animal
2986 2581 3153 2620 unum
3202 2554 3467 2621 efﬁciatur

1884 2642 2093 2726 [Βαιια.
2117 2651 2451 2724 efficiamur],
2484 2661 2736 2707 manente
2758 2662 2934 2708 tamen
2966 2654 3097 2725 ipsa,
3120 2661 3180 2709 ut
3206 2664 3330 2709 ante
3354 2669 3467 2709 me-

1886 2744 2113 2812 moravi,
2140 2745 2194 2800 in
2215 2760 2309 2801 sua
2339 2753 2549 2800 natura.
2576 2744 2717 2815 Ergo
2744 2761 2851 2801 non
2872 2762 2969 2817 per
2994 2748 3468 2805 commutationem

1886 2846 1982 2895 aut
2001 2838 2426 2903 conversionem,
2450 2838 2722 2893 hominem
2744 2838 2942 2894 factum
2971 2840 3065 2894 Dei
3086 2840 3310 2896 dicimus
3330 2841 3468 2897 Ver-

1880 2931 2053 2996 bum;
2094 2946 2195 2985 nec
2242 2947 2481 3001 prorsus,
2530 2930 2675 3000 quod
2722 2931 2863 2986 Deus
2910 2947 3029 2986 esse
3076 2932 3323 2997 desierit;
3372 2931 3468 2987 sed

1886 3020 2030 3090 quod
2075 3036 2289 3075 carnem
2339 3021 2605 3089 accipiens
2630 3035 2697 3075 ex
2725 3022 2979 3084 muliere,
3011 3030 3066 3076 et
3112 3023 3159 3076 ei
3202 3037 3269 3077 ex
3313 3029 3468 3077 utero

1886 3112 2177 3177 adunatus,’
2196 3113 2326 3167 exiit
2346 3112 2508 3166 homo
2531 3113 2671 3168 idem
2694 3113 2853 3168 simul
2875 3121 2929 3167 et
2951 3113 3091 3168 Deus
3115 3131 3129 3179 ;
3170 3128 3345 3181 neque
3371 3113 3467 3169 Dei

1809 3218 1855 3283 ρ
1887 3211 1943 3258 ει
1985 3201 2160 3258 Patris
2187 3205 2591 3272 generationem
2629 3212 2885 3259 aeternam
2915 3203 3117 3276 [Boium
3166 3222 3267 3259 om.
3300 3212 3469 3259 mter--

1884 3298 2031 3368 nam]
2060 3298 2366 3368 projiciens,
2398 3299 2651 3353 sustinuit
2696 3298 3047 3368 temporalem
3077 3297 3281 3369 [.Baluz.
3316 3313 3471 3353 arca-

1884 3387 2052 3458 nam],
2084 3404 2149 3442 ex
2190 3389 2414 3444 muliere
2460 3389 2583 3443 inde
2630 3389 2857 3454 initium,
2887 3396 2945 3442 ut
2972 3396 3143 3453 esset,
3175 3389 3463 3458 accipiens.

1884 3477 2236 3534 Permittebat
2271 3488 2453 3535 autem
2488 3480 2638 3535 carni
2673 3479 2903 3549 prepria:
2941 3494 3052 3533 sua:
3091 3478 3295 3551 [Baluz.
3338 3478 3465 3534 add.

1882 3570 2108 3643 naturaa]
2152 3573 2357 3641 legibus
2385 3572 2559 3635 nasci,
2591 3572 2882 3627 nativitatis
2911 3572 3119 3626 ratione
3166 3570 3464 3627 dumtaxat.

1881 3662 2146 3719 Caeterum
2166 3664 2328 3719 habet
2350 3665 2403 3717 in
2424 3678 2482 3718 se
2509 3662 2708 3733 aliquid
2735 3664 2801 3717 ab
2830 3664 3062 3717 humana
3092 3670 3282 3717 natura
3311 3662 3469 3717 dissi-

1880 3758 2007 3812 mile
2032 3775 2044 3809 :
2070 3765 2225 3811 natus
2245 3767 2327 3811 est
2352 3757 2493 3811 enim
2515 3772 2583 3811 ex
2610 3755 2845 3825 Virgine,
2870 3762 2925 3809 et
2945 3753 3091 3810 solus
3116 3755 3280 3809 habet
3310 3754 3334 3792 δ
3358 3768 3465 3809 ma-

1881 3859 2018 3906 trem
2049 3851 2357 3920 innuptam;
2386 3849 2585 3904 factum
2614 3857 2793 3902 autem
2834 3847 3008 3916 ipsum
3036 3846 3199 3900 etiam
3228 3859 3462 3911 carnem,

1881 3942 2010 3997 etin
2032 3941 2186 3996 nobis
2206 3940 2553 4003 inhabitasse,
2577 3937 2915 4005 Evangelista
2939 3936 3145 4009 [Baluz.
3171 3954 3270 3990 om.
3295 3935 3467 3990 Evan-

1882 4029 2091 4101 gelista]
2119 4036 2523 4092 commemorat,
2556 4035 2614 4082 ut
2641 4036 2867 4095 utroque
2887 4027 3283 4095 comprobaret,
3305 4034 3361 4081 et
3378 4025 3463 4081 fa-

1881 4132 2026 4179 ctum
2047 4122 2211 4178 fuisse
2239 4122 2530 4187 hominem,
2555 4128 2610 4174 et
2637 4135 2790 4175 suum
2817 4135 2928 4174 non
2952 4118 3245 4189 perdidisse
3271 4136 3283 4172 :
3312 4134 3465 4176 man-
3536 4180 3537 4183 η
3604 4188 3617 4201 κ

1881 4217 1951 4271 sit
1978 4216 2118 4271 enim
2148 4214 2291 4284 quod
2321 4220 2454 4269 erat.

1951 4307 2267 4376 lntelligitur
2287 4320 2516 4375 namque
2536 4311 2684 4359 certe
2708 4312 2980 4372 tamquam
3000 4301 3145 4356 aliud
3173 4302 3226 4356 in
3253 4302 3359 4359 alio
3382 4303 3465 4358 in-

1881 4400 2142 4463 habitare,
2176 4397 2228 4452 id
2274 4406 2375 4461 est,
2408 4395 2587 4450 divina
2614 4402 2804 4452 natura
2841 4395 2896 4449 in
2944 4394 3307 4459 humanitate,
3354 4411 3465 4451 non

1882 4506 2137 4564 perpessa
2162 4487 2617 4553 commixtionem,
2644 4494 2737 4541 aut
2760 4485 3129 4543 confusionem
3146 4526 3161 4551 ,
3184 4492 3277 4539 aut
3316 4500 3466 4541 com-

195 4588 361 4645 absit.
393 4588 571 4643 Manet
607 4602 837 4656 namque
878 4588 1040 4651 idem,
1070 4603 1099 4641 a
1130 4602 1227 4641 sua
1256 4595 1447 4642 natura
1479 4595 1779 4643 commuta-
1811 4596 1859 4655 ι)
1885 4585 2256 4647 mutationem,
2288 4589 2348 4637 ιιι
2374 4590 2535 4647 esset,
2566 4580 2711 4651 quod
2731 4596 2840 4635 non
2870 4586 3003 4635 erat.
3028 4577 3293 4647 Quidquid
3320 4580 3465 4631 enim

195 4683 407 4736 tionem
436 4696 650 4736 omnem
684 4680 992 4745 excludens,
1022 4680 1389 4735 conversionis
1410 4680 1653 4735 umbram
1683 4695 1780 4735 ne-

194 4772 379 4826 sciens
404 4771 513 4841 pati
545 4788 557 4824 :
591 4771 694 4824 lixa
722 4779 805 4825 est
832 4771 975 4825 enim
996 4784 1208 4839 semper
1228 4770 1281 4825 in
1307 4770 1417 4825 suis
1434 4786 1666 4841 superna
1690 4771 1782 4826 illa

196 4860 538 4929 cmlestisque
564 4870 773 4915 natura.

273 4952 554 5021 Quomodo
565 4953 725 5023 igitur
744 4951 976 5008 Verbum
999 4967 1123 5007 caro
1138 4950 1337 5008 factum
1356 4953 1446 5018 sit,
1474 4951 1658 5009 videre
1677 4967 1776 5008 ne-

199 5059 354 5099 cesse
374 5042 577 5117 [Baluz.
597 5060 697 5097 om.
715 5041 954 5114 necesse]
978 5051 1078 5098 est.
1102 5040 1339 5098 Primum
1359 5042 1575 5112 quidem
1598 5043 1778 5098 divina

198 5134 478 5205 Scriptura
489 5150 704 5189 carnem
717 5134 1026 5205 plerumque
1037 5136 1277 5190 nominat
1291 5136 1560 5190 hominem
1574 5135 1776 5209 [Βαιιιι.

200 5243 308 5283 om.
338 5228 653 5300 hominem],
676 5237 732 5283 et
750 5229 904 5298 quasi
927 5245 996 5284 ex
1014 5236 1166 5299 parte
1181 5229 1423 5283 animalis
1439 5229 1602 5284 totius
1620 5230 1784 5298 signi-

199 5322 509 5380 ficationem
531 5321 675 5390 facit,
706 5338 805 5379 nec
824 5338 931 5378 non
952 5324 1115 5378 etiam
1138 5337 1170 5376 a
1192 5322 1305 5377 sola
1327 5323 1502 5377 anima
1521 5323 1788 5380 interdum

1884 4680 1937 4734 in
1965 4677 2072 4732 alio
2098 4677 2342 4731 habitare
2368 4676 2580 4741 dicitur,
2615 4690 2720 4729 non
2750 4675 2924 4743 ipsum
2953 4670 3013 4724 fit
3040 4671 3164 4735 tale,
3196 4669 3356 4738 quale
3383 4677 3466 4723 est

1883 4773 1955 4838 id,
1979 4772 2033 4827 in
2060 4787 2167 4841 quo
2196 4770 2430 4834 habitat;
2462 4767 2553 4825 sed
2582 4768 2726 4822 aliud
2754 4768 2809 4821 in
2855 4765 2962 4820 alio
3004 4762 3172 4829 magis
3210 4760 3464 4827 intelligi-

1883 4873 1987 4921 tur.
2023 4864 2090 4918 At
2135 4877 2265 4917 vero
2314 4861 2368 4915 in
2395 4859 2557 4914 Verbi
2584 4865 2775 4912 natura
2803 4862 2858 4910 et
2898 4851 3260 4915 humanitatis,
3294 4850 3465 4905 solam

1882 4956 2038 5013 nobis
2092 4952 2446 5009 differentiam
2493 4950 2740 5017 designat
2792 4944 3077 5001 diversitas
3128 4948 3460 4996 naturarum.

1885 5045 2037 5101 Unus
2054 5045 2204 5100 'enim
2231 5059 2301 5099 ex
2321 5049 2550 5110 utroque
2586 5036 2897 5104 intelligitur
2922 5032 3185 5088 Christus.
3208 5028 3350 5098 Ergo
3379 5031 3465 5084 in-

1887 5141 2217 5201 contusione,
2241 5143 2300 5191 ut
2326 5143 2450 5191 ante
2478 5132 2609 5197 dixi,
2630 5136 2860 5194 servata,
2885 5126 3211 5182 inhabitasse
3229 5124 3466 5179 Verbum

1890 5236 1965 5290 ait
1984 5235 2037 5289 in
2060 5232 2213 5288 nobis
2242 5248 2253 5283 :
2284 5230 2386 5284 scit
2407 5226 2549 5282 enim
2569 5240 2732 5279 unum
2760 5230 2879 5277 eSse
2914 5220 3107 5277 Filium
3132 5217 3464 5288 unigenitum

1893 5340 2110 5383 carnem
2135 5322 2352 5387 factum,
2381 5326 2437 5374 et
2459 5316 2750 5375 hominem.

1368 5456 1904 5518 CASTIGATIONES
1944 5460 2030 5515 ET
2070 5455 2295 5515 ΝΟΤΛΕ.

277 5579 523 5645 ‘Baluz.,
556 5587 631 5632 est
677 5594 779 5632 non
826 5578 1007 5631 similis
1049 5575 1269 5631 aliorum
1295 5586 1589 5633 sanctorum
1624 5580 1773 5635 homo

205 5651 531 5721 theophorus,
555 5648 664 5712 sed,
696 5656 801 5721 etc.
826 5646 979 5721 Eutr.

277 5722 303 5760 δ
324 5718 385 5773 Μ
413 5728 513 5785 est,
536 5733 653 5788 qua:
672 5719 767 5772 viri
790 5719 1119 5787 amplexibus
1145 5718 1416 5787 inquinata
1438 5737 1545 5775 non
1572 5722 1773 5776 fuisset.

202 5792 447 5851 Nubeudi
469 5791 611 5847 enim
638 5790 953 5845 vocabulum
970 5804 1109 5860 saepe
1138 5790 1403 5861 reperitur
1430 5792 1481 5847 in
1510 5794 1773 5849 obscenis.

1882 5581 2019 5637 Hinc
2045 5578 2173 5634 illud
2201 5594 2269 5634 ex
2298 5576 2589 5645 Evangelio
2610 5576 2671 5631 Β.
2697 5574 2863 5630 Marci
2887 5591 2898 5625 :
2934 5571 3113 5645 Neque
3140 5574 3348 5645 nubent,
3371 5588 3463 5645 nos

1879 5669 1975 5722 que
2001 5649 2271 5722 nubentur.
2324 5648 2390 5705 Et
2430 5644 2520 5703 lib.
2549 5664 2626 5722 vi,
2650 5644 3040 5717 Capitularium
3066 5660 3188 5722 cap.
3217 5644 3323 5722 209
3350 5662 3363 5698 :
3397 5644 3460 5699 Si

1879 5715 1988 5791 ipse
2015 5730 2181 5775 tamen
2209 5721 2455 5791 innuptas
2483 5718 2559 5773 uel
2587 5715 2803 5791 innupta
2832 5717 3189 5777 permanserit.
3224 5715 3420 5771 BALUI.
