3924 6282
176 336 202 394 5
213 337 314 396 029

911 339 969 396 S.
1007 339 1284 396 CYRILLI
1319 340 1609 398 SCHOLI'A
1660 341 1743 397 DE

1847 337 2295 397 [CARNATIONE
2331 339 2702 398 UNIGENlTl.

3303 337 3439 402 i030

167 455 254 526 qui
276 459 396 507 ante
414 468 493 506 me
509 453 674 524 factus
698 461 791 518 est,
815 456 938 525 quia
959 457 1103 526 prior
1123 473 1203 510 me
1225 465 1334 510 erat
1357 455 1536 527 (Joau'.
1570 473 1607 514 ι.
1638 455 1750 524 50).
1781 457 1835 518 Α
1859 463 1976 510 tura
2031 463 2253 526 propter
2298 470 2514 510 carnem
2546 453 2709 510 fuisse
2737 453 2992 518 Verbum,
3026 453 3168 523 quod
3198 464 3278 510 est
3301 458 3438 517 Deus

241 543 716 600 Pnetermittentes
743 545 902 613 igitur
932 547 983 601 in
1005 563 1064 602 re
1089 557 1198 601 tam
1226 549 1414 604 frivola
1443 549 1564 604 sine
1588 562 1750 604 causa

166 651 398 704 certare,
429 638 498 693 ad
538 639 668 693 illud
698 639 868 708 magis
899 641 1192 707 veniamus,
1233 641 1379 710 quod
1405 641 1568 697 etiam
1597 656 1749 696 emo-

162 732 392 788 lumenti
421 731 621 802 aliquid
648 733 818 803 possit
845 731 1055 799 all‘erre,
1085 749 1154 790 ne
1175 735 1400 791 moleste
1421 733 1596 790 ferant
1616 749 1753 789 non-

162 824 301 880 nulli
327 822 626 892 audientes,
654 838 772 882 esse
799 830 1040 880 sanctam
1065 824 1338 894 Virginem
1365 828 1624 892 Θιοτὸκον,
1649 841 1751 882 nec

158 915 554 973 incredulitatis
579 914 814 970 Judaicac
841 932 966 972 suas
1003 917 1258 988 oppleant
1306 926 1534 984 mentes,
1585 918 1749 974 immo

159 1020 296 1062 vero
325 1006 488 1078 etiam
505 1006 780 1076 paganica:
800 1008 1110 1078 impietatis.
1141 1006 1307 1064 Judati
1336 1009 1542 1065 etenim
1562 1025 1752 1081 aggre-

157 1097 448 1153 diebantur
466 1095 736 1164 Christum
763 1099 1040 1156 dicentes:
1072 1099 1154 1156 De
1197 1100 1330 1156 bona
1355 1118 1512 1173 opere
1531 1118 1636 1158 non
1665 1103 1750 1157 la-

156 1189 400 1259 pidamus
431 1197 510 1255 te;
540 1188 632 1243 sed
677 1189 741 1243 de
786 1187 1123 1261 blasphemia,
1154 1191 1289 1263 quod
1317 1209 1436 1248 cum
1469 1195 1546 1248 sis
1574 1194 1744 1261 horna,

154 1281 293 1350 facis
327 1289 372 1334 te
399 1278 566 1334 Deum
596 1279 774 1352 (Joan.
809 1297 862 1347 x,
893 1281 1008 1352 25).
1041 1283 1110 1338 At
1142 1300 1268 1340 vero
1297 1285 1390 1339 lilii
1418 1287 1751 1356 paganorum

153 1369 415 1426 Ecclesia:
466 1371 718 1439 dogmata
755 1371 1028 1440 derident,
1081 1375 1358 1432 audientes
1404 1391 1473 1431 ex
1526 1378 1750 1434 muliere

152 1461 330 1517 Deum
359 1478 476 1517 esse
505 1464 871 1534 progenitum;
894 1466 990 1522 sed
1010 1466 1086 1522 illi
1104 1467 1324 1536 quidem
1339 1484 1448 1524 sua:
1468 1469 1750 1526 dementiae

151 1556 392 1610 exedent
432 1555 658 1624 fructus,
708 1565 764 1612 et
799 1558 1022 1614 audient
1057 1573 1087 1616 a
1115 1561 1306 1617 uobis:
1350 1562 1550 1618 Stultus
1597 1565 1752 1619 stulte

149 1646 402 1725 loquitur,
428 1657 476 1702 et
498 1665 586 1718 cor
612 1649 771 1720 ipsius
799 1667 933 1704 vana
952 1651 1224 1724 intelliget.
1255 1653 1435 1710 Nostri
1465 1656 1608 1710 enim
1630 1671 1748 1728 my-

1855 561 2012 620 verus
2039 547 2106 602 de
2135 547 2247 602 Deo
2268 561 2396 602 vero
2420 546 2630 621 [Baluz.
2656 563 2756 601 om.
2783 545 2974 633 vero}?
2997 545 3101 605 Sed
3146 545 3320 630 factus
3359 557 3441 608 est

1855 633 2168 694 Emmanuel
2196 633 2218 693 ε’
2260 639 2555 695 exinanivit
2606 639 2748 694 enim
2781 653 2860 703 se,
2910 639 3315 707 generationem
3344 657 3442 695 no.

1852 731 2022 785 stram
2067 738 2124 784 et
2174 727 2406 786 similem
2458 740 2677 801 passus,
2717 743 2782 786 ac
2806 731 2892 787 sic
2910 730 3439 820 nobiscum-conver-

1851 831 2012 879 satus
2029 830 2130 881 est.
2182 822 2330 893 Ergo
2361 831 2417 880 et
2469 824 2613 880 Deus
2667 824 2724 878 in
2747 819 2939 890 carne,
2969 829 3024 879 et
3051 819 3286 886 Θτοιξὸκος
3312 828 3442 880 vere

1852 924 1938 972 est
1963 921 2084 985 quae
2121 913 2248 973 eum
2273 910 2582 985 carnaliter,
2610 909 2730 973 sive
2754 908 3054 974 secundum
3082 906 3302 975 carnem
3343 909 3441 991 ge.

1851 1003 2078 1066 neravit.
2721 1091 2728 1096 _

2399 1113 2628 1200 curui
2655 1111 2889 1200 ixviiii

2550 1295 2726 1362 Aliud.

1925 1483 2186 1569 Quattimn‘
2209 1489 2390 1560 om’ucs~
2411 1464 2600 1544 stolam
2626 1466 2752 1572 dolo:
2775 1481 3158 1568 congregatum,
3192 1475 3241 1550 et
3286 1474 3441 1552 vesti-

1849 1587 2075 1632 mentum
2098 1581 2210 1634 cum
2234 1583 2632 1636 commutatimte
2654 1586 2922 1665 reportent,
2945 1596 2998 1640 et
3024 1586 3212 1653 volent,
3236 1590 3281 1643 si
3313 1591 3444 1668 fuis-

1848 1678 1966 1725 sent
1987 1671 2076 1748 isti
2097 1665 2377 1738 combusti;
2413 1673 2672 1745 quoniam",
2694 1675 2940 1746 parvulus
2976 1687 3130 1732 natus
3163 1685 3236 1733 est
3274 1665 3441 1752 nobis,

149 1739 310 1793 sterii
339 1740 476 1794 ratio
529 1739 735 1813 [Baluz.
769 1741 988 1814 oratio],
1044 1745 1170 1800 licet
1196 1744 1392 1802 Judcis
1419 1748 1489 1802 sit
1515 1747 1743 1803 scanda—

1848 1769 1900 1817 τι
1923 1745 2062 1833 ﬁlius
2084 1761 2240 1818 datus
2259 1757 2340 1819 est
2364 1764 2530 1830 nobis,
2572 1767 2718 1839 cujus
2749 1770 3064 1839 principatus
3093 1773 3258 1843 factus
3288 1783 3363 1827 est

150 1828 288 1894 lum,
320 1830 568 1897 gentibus
591 1839 768 1886 autem
789 1828 1046 1901 stultitia;
1071 1835 1225 1891 nobis
1249 1845 1446 1903 tamen,
1472 1839 1616 1908 quod
1646 1841 1743 1896 sci-

1853 1853 2064 1909 Immcro
2089 1853 2219 1926 ejus,
2249 1847 2302 1911 et:
2320 1866 2530 1911 vocatur
2551 1868 2733 1911 nomen
2757 1851 2867 1934 e'jus
2890 1860 3066 1930 magni
3092 1863 3292 1915 consilii
3317 1878 3444 1917 num

148 1937 297 1988 mus,
322 1939 448 1978 vere
469 1931 551 1979 est
578 1924 909 1992 admirabile,
943 1934 998 1982 et
1016 1929 1270 1996 salutare,
1302 1937 1357 1986 et
1377 1931 1748 2000 dignissimum

149 2015 307 2071 credi
333 2033 344 2068 :
374 2067 382 2088 ,_
401 2023 455 2070 et
500 2016 545 2071 si
575 2023 716 2073 esset
743 2019 964 2082 omnino
991 2021 1304 2097 quisquam,
1323 2024 1414 2093 qui
1442 2023 1629 2081 dicere
1648 2042 1748 2082 au-

149 2103 330 2170 deret,
353 2106 493 2160 hanc
516 2121 736 2162 carnem
777 2115 1047 2165 terrenam
1079 2111 1233 2166 nudae
1258 2112 1555 2170 divinitatis
1582 2115 1752 2172 fuisse

149 2197 490 2269 genitricem,
514 2205 569 2254 et
590 2215 658 2254 ex
679 2215 742 2255 ea
763 2210 1009 2258 creatura
1035 2205 1180 2260 omni
1202 2207 1536 2276 superiorem
1564 2218 1748 2267 natam

150 2287 322 2344 fuisse
351 2298 614 2358 naturam,
645 2292 852 2347 insania
880 2292 936 2347 id
963 2303 1106 2350 esset
1133 2303 1188 2351 et
1205 2297 1372 2354 furor.
1398 2299 1582 2370 Neque
1599 2303 1748 2359 enim

152 2394 231 2433 ex
258 2388 397 2435 terra
425 2381 602 2438 divina
631 2391 715 2452 est
740 2383 880 2440 facta
910 2395 1132 2454 natura;
1164 2405 1268 2445 nec
1293 2393 1643 2462 corruptibile
1665 2396 1748 2450 in-

151 2474 521 2544 corruptionis
541 2476 695 2531 radix
715 2493 967 2547 umquam
988 2479 1107 2546 lict;
1132 2495 1234 2537 na:
1251 2484 1553 2540 mortalitas
1575 2474 1749 2554 pariet

148 2567 358 2633 vitam;
390 2582 490 2622 nec
515 2569 760 2638 corporis
802 2571 1096 2627 tractabilis
1123 2573 1464 2643 incorporale
1492 2571 1584 2630 ﬂet
1621 2589 1750 2646 ger-

148 2672 318 2723 men;
376 2673 476 2716 nec
523 2658 821 2714 increatum
859 2676 893 2715 a
939 2669 1130 2717 creato
1164 2671 1444 2732 nascetur;
1476 2681 1577 2722 nec
1601 2665 1749 2738 quod

149 2746 364 2816 absque
385 2747 555 2814 initio,
588 2749 656 2803 ab
675 2764 742 2804 eo
769 2750 915 2818 quod
944 2751 1112 2808 habet
1134 2753 1364 2809 initium.

230 2838 429 2894 Verum
447 2842 706 2910 quoniam
734 2842 830 2899 Dei
857 2843 1094 2900 Verbum
1109 2845 1264 2915 juxta
1286 2863 1384 2904 nos
1404 2848 1602 2905 factum
1627 2841 1750 2907 esse

148 2921 506 3000 afﬁrmamus,
538 2942 594 2989 et
622 2936 818 2990 nostris
863 2938 1181 3005 corporibus
1226 2955 1425 3011 corpus
1451 2944 1748 3012 sumpsisse

148 3025 458 3090 consimile,
483 3025 644 3094 idque
664 3026 766 3081 sibi
792 3027 1070 3083 verissime
1098 3029 1380 3097 adunasse,
1408 3047 1601 3087 arcana
1625 3034 1746 3089 ine-

147 3117 519 3186 narrabilique
567 3118 795 3182 ratione,
840 3128 896 3174 et
922 3121 1000 3176 sic
1027 3121 1301 3179 hominem
1330 3123 1534 3180 factum
1553 3131 1747 3182 carna-

1853 1949 1954 2002 tius
1983 1945 2136 2019 (1δηὶ.
2167 1949 2243 2022 ix”,
2279 1947 2327 2020 5,
2348 1949 2506 2020 juxta
2533 1943 2684 2004 LXX
2690 1945 2729 2019 )i.
2763 1949 2946 2016 Audis,
2981 1935 3128 2022 quod
3160 1952 3295 2024 puer
3344 1971 3443 2026 no-

1848 2038 2084 2093 minatus
2115 2039 2203 2105 sit,
2241 2033 2492 2110 quodque
2522 2029 2925 2122 generationem
2952 2030 3020 2120 sit
3051 2051 3246 2100 nostrae
3281 2035 3442 2122 psimi-

1849 2115 1956 2185 lem
1985 2146 2192 2201 passus.
2221 2125 2292 2186 At
2319 2145 2440 2187 eum
2469 2143 2695 2203 puerum
2722 2119 2916 2189 coclmn
2946 2115 3044 2204 per
3086 2117 3297 2191 stellam
3328 2137 3443 2214 cla-3

1847 2221 2114 2277 rissimum
2169 2219 2454 2296 indicavit;
2505 2219 2645 2293 magi
2687 2213 3051 2280 adoraverunt
3108 2242 3174 2281 ex
3241 2229 3445 2289 ultimis

1848 2321 2006 2368 terra:
2034 2313 2293 2369 limitibus
2315 2309 2701 2381 adventantes;
2735 2315 2910 2384 angeli
2937 2307 3242 2386 pastoribus
3273 2321 3441 2395 evan;

1847 2405 2172 2473 gelizabant,
2194 2403 2529 2462 Salvatorcm
2552 2422 2670 2462 esse
2695 2417 2877 2461 natum
2899 2397 3139 2464 dicentes
3160 2411 3231 2478 et,
3257 2397 3442 2482 pacem

1850 2509 1950 2548 nec
1989 2511 2098 2549 non
2153 2495 2316 2550 etiam
2369 2495 2542 2552 Patris
2588 2497 2787 2551 bonam
2839 2498 3176 2564 voluntatem
3235 2517 3444 2558 annun-

1848 2572 2046 2640 tiantes
2072 2603 2090 2637 τ’
2119 2583 2214 2640 Est
2240 2577 2416 2658 magni
2445 2586 2648 2640 consilii
2686 2588 2916 2641 numius.
2952 2570 3314 2645 Manifestavit
3355 2599 3442 2648 er-

1849 2677 1992 2731 enim
2018 2677 2171 2733 nobis
2182 2669 2357 2733 Patris
2379 2665 2732 2741 voluntatem,
2753 2670 2845 2751 qui
2871 2679 2928 2732 in‘
2952 2668 3017 2734 es
3033 2680 3337 2752 complacuit
3353 2691 3444 2754 ora

1849 2767 1959 2826 bent
1979 2770 2184 2824 salvere
2203 2778 2458 2825 terrarum
2481 2766 2612 2842 (Col.
2639 2788 2694 2843 η,
2737 2769 2848 2850 20),
2882 2780 2936 2827 et
2964 2780 3063 2846 per
3092 2773 3267 2850 ipsum
3310 2763 3443 2837 etin

1848 2853 1967 2932 ipso
1995 2862 2252 2917 mundum
2278 2863 2380 2918 sibi
2402 2848 2758 2919 reconciliare
2785 2880 2802 2917 τ’
2825 2860 3040 2920 Christo
3075 2848 3217 2920 enim
3246 2879 3443 2946 recon:

1847 2952 2033 3020 ciliati,
2091 2953 2204 3010 Deo
2251 2969 2436 3010 sumus
2475 2951 2828 3022 reconciliati,
2862 2955 3005 3012 Deus
3035 2964 3118 3042 est
3144 2957 3287 3013 enim
3317 2938 3446 3042 vere

1847 3043 2011 3100 Filius
2033 3045 2129 3101 Dei
2158 3052 2213 3102 et
2244 3046 2436 3102 Patris.
2469 3046 2751 3114 Quodnam
2773 3043 2935 3130 igitur
2963 3049 3033 3104 Sit
3054 3035 3229 3107 Patris
3259 3035 3449 3130 consi—‘L

1847 3136 1996 3203 lium,
2023 3137 2180 3208 cujus
2204 3140 2359 3196 nobis
2389 3135 2547 3195 fuerit
2575 3141 2813 3209 nuntius,
2846 3129 2960 3220 ipse
2989 3141 3441 3203 dooebitdiccns:

147 3209 281 3264 liter
308 3217 493 3264 natum
519 3224 659 3277 esse,
682 3210 811 3280 quid
839 3211 1127 3268 absurdum
1157 3223 1262 3281 est,
1290 3216 1373 3272 vel
1401 3217 1546 3287 quod
1594 3219 1742 3275 credi
1767 3206 1814 3268 C
1847 3227 1935 3283 Ita
1954 3206 2292 3285 animantem
2315 3229 2456 3285 Deus
2477 3229 2744 3298 mundum,
2776 3206 2836 3285 ut
2865 3206 3066 3287 Filium
3090 3239 3236 3288 suum
3263 3237 3444 3309 unige.

144 3315 264 3360 non
289 3298 516 3368 debeat?
543 3298 680 3354 Cum
707 3303 1006 3371 praesertim
1051 3304 1286 3362 hominis
1310 3308 1508 3374 anima,
1560 3318 1618 3365 ut
1637 3325 1746 3366 sae-
1774 3367 1776 3370 ,

143 3392 375 3462 pissime
396 3391 648 3459 diximus,
679 3409 801 3450 cum
822 3396 892 3451 sit
922 3404 1129 3452 natura:
1157 3399 1376 3456 alterius
1404 3411 1603 3472 praeter
1629 3419 1745 3460 cor-

140 3500 275 3556 pus,
305 3493 557 3541 nascatur
583 3494 764 3542 tamen
789 3501 911 3544 cum
939 3491 1076 3560 ipso,
1099 3505 1218 3547 cum
1267 3494 1337 3549 sit
1386 3496 1436 3550 ei
1483 3497 1740 3566 adunata,

133 3593 255 3634 nec
300 3579 582 3649 quisquam
636 3581 927 3638 arbitretur
981 3591 1230 3641 naturam
1277 3587 1522 3660 corporis
1549 3593 1744 3650 animae

140 3669 364 3724 initium
387 3671 628 3740 praebere
648 3672 990 3741 substantiaa;
1023 3676 1120 3730 sed
1137 3679 1377 3734 immittit
1403 3682 1620 3750 quidem
1661 3685 1744 3754 ip-

139 3775 271 3817 sam
319 3761 759 3830 inaestimabiliter
814 3765 956 3822 Deus
1009 3768 1062 3822 in
1109 3779 1322 3841 corpus,
1365 3780 1422 3827 et
1473 3789 1596 3829 cum
1625 3777 1740 3846 ipso

141 3853 319 3922 etiam
346 3853 584 3908 nascitur
609 3871 621 3906 :
654 3868 819 3910 unum
839 3861 1020 3912 tamen
1047 3874 1118 3913 ex
1143 3860 1372 3931 utroque
1400 3865 1604 3920 animal
1646 3867 1742 3923 de-

140 3942 386 4009 ﬁnimus,
426 3943 700 4000 hominem
752 3946 974 4002 scilicet.
1025 3947 1190 4017 Igitur
1240 3951 1476 4008 Verbum
1523 3955 1742 4024 quidem

140 4033 296 4091 Deus
321 4041 456 4100 erat,
485 4033 684 4091 factum
708 4043 792 4091 est
819 4045 1001 4092 autem
1027 4047 1084 4093 et
1109 4040 1292 4107 homo,
1323 4051 1380 4097 et
1405 4043 1530 4112 quia
1556 4054 1742 4101 natum

142 4135 228 4183 est
260 4127 551 4184 secundum
581 4143 818 4194 carnem,
851 4137 1073 4200 propter
1111 4133 1498 4190 humanitatem
1555 4153 1742 4195 neces-

140 4219 352 4275 sarium
379 4229 478 4287 est,
509 4229 568 4276 ut
588 4237 707 4292 quae
733 4224 910 4294 ipsum
937 4225 1165 4295 peperit,
1191 4226 1260 4281 sit
1305 4229 1546 4291 Θιοτὸκος
1572 4247 1584 4283 :
1617 4246 1741 4287 nam

141 4313 186 4369 si
213 4329 332 4370 non
360 4316 570 4384 peperit
595 4316 785 4384 Deum,
813 4326 962 4376 certe
990 4334 1093 4374 nec
1114 4319 1324 4374 dicetur
1353 4321 1513 4388 Deus,
1541 4323 1632 4392 qui
1659 4332 1742 4380 est

140 4405 207 4461 ab
231 4406 352 4475 ipsa
378 4408 718 4477 progenitus;
738 4410 820 4464 sin
845 4425 972 4465 vero
993 4411 1162 4466 Deum
1189 4412 1360 4483 ipsum
1383 4412 1576 4470 divina:
1603 4415 1742 4471 Scri-

139 4507 319 4569 ptura:
339 4501 636 4565 nominant,
668 4503 878 4572 peperit
897 4503 1011 4573 ipsa
1033 4503 1201 4560 Deum
1215 4505 1489 4562 hominem
1515 4508 1735 4576 factum,

1843 3322 2009 3375 uitam
2038 3321 2204 3388 daret,
2226 3327 2285 3376 ut
2311 3324 2476 3378 omnis
2497 3325 2586 3397 qui
2612 3323 2778 3379 credit
2803 3327 2857 3379 in
2886 3326 3072 3398 ipsum,
3105 3343 3209 3382 non
3232 3337 3438 3400 pereat,

1844 3413 1936 3467 sed
1953 3413 2146 3468 habent“
2165 3414 2322 3469 vitam
2343 3413 2592 3470 cateruam
2618 3401 2797 3487 (Joan.
2823 3404 2900 3484 In,
2928 3411 2958 3470 Ι
2963 3403 3040 3489 6).
3064 3403 3228 3475 Filius
3258 3405 3440 3478 autem

1843 3507 2150 3576 unigenitus
2206 3507 2296 3564 ille
2347 3515 2435 3574 est.
2470 3499 2562 3580 qui
2611 3497 2694 3565 est
2741 3525 2809 3589 ex
2837 3501 3023 3567 sancta
3059 3496 3282 3584 Virgine
3310 3531 3444 3588 pro-

1843 3605 2099 3677 creatus:
2145 3597 2328 3671 ipsum
2366 3602 2511 3656 enim
2549 3587 2788 3657 Verbum
2831 3602 2997 3659 homo
3025 3602 3249 3671 factum,
3297 3587 3452 3677 quod,

1844 3673 1945 3745 fuit
1964 3690 2106 3746 Deus
2135 3691 2189 3746 in
2217 3707 2397 3759 carne,
2431 3705 2495 3749 ac
2525 3693 2603 3750 sic
2624 3694 2854 3750 terrenis
2883 3695 3148 3767 apparuit.
3201 3673 3447 3769 Denique

1843 3780 2056 3837 dicebat
2081 3799 2094 3835 :
2129 3780 2230 3847 Qui
2250 3783 2414 3839 credit
2441 3785 2496 3838 in
2517 3801 2615 3850 me,
2643 3783 2796 3838 habet
2817 3786 2974 3840 vitam
2997 3797 3241 3841 teternam
3259 3780 3442 3860 (Joan.

1841 3889 1915 3940 vr,
1949 3873 2062 3946 47).
2097 3866 2261 3941 Quod
2285 3889 2413 3932 vero
2435 3891 2534 3946 per
2564 3878 2739 3954 ipsum
2781 3883 2842 3934 et
2882 3879 2950 3954 in,
2995 3865 3114 3950 ipso
3159 3879 3445 3943 credamus

1844 3962 2010 4030 Patri,
2063 3965 2376 4034 explanavit
2414 3959 2640 4022 dicens:
2677 3963 2780 4031 Qui
2820 3969 2984 4023 credit
3023 3969 3078 4024 in
3106 3987 3203 4037 me,
3231 3968 3438 4046 [Baluz.

1843 4055 1967 4110 add.
1996 4073 2101 4110 non
2130 4056 2292 4111 credit
2311 4056 2515 4140 inime,]
2543 4059 2634 4113 sed
2660 4062 2841 4115 incum
2861 4061 2946 4134 qui
2970 4063 3110 4118 misit
3139 4081 3218 4118 me
3249 4059 3430 4140 (Joan.

1845 4158 1939 4214 xu,
1963 4146 2090 4217 44);
2141 4155 2242 4203 et:
2283 4157 2312 4188 ι
2355 4136 2458 4215 Qui
2504 4151 2632 4207 vidit
2665 4156 2782 4207 eum
2831 4155 2920 4226 qui
2968 4155 3108 4210 misit
3147 4173 3227 4211 me
3258 4136 3436 4230 Ibid.

1843 4253 1892 4291 υ.
1920 4235 2041 4308 45).
2791 4299 2793 4301 ,

1912 4328 2100 4384 Audite
2126 4347 2226 4398 me,
2254 4333 2458 4401 insulw,
2478 4342 2528 4388 et
2549 4329 2815 4405 attendite,
2840 4346 3034 4414 gentes.
3062 4321 3437 4416 Postmultum

1844 4423 2090 4493 temporis
2121 4419 2298 4492 stabit,
2333 4427 2458 4482 dicit
2487 4423 2778 4495 Dominus;
2817 4427 2884 4504 ex
2905 4423 3054 4504 utero.
3072 4419 3256 4503 matris
3294 4453 3441 4494 voca.

1843 4513 1968 4570 bunt
1994 4533 2180 4572 nomen
2208 4535 2378 4574 meum
2431 4517 2585 4592 (Isai.
2619 4538 2766 4586 xux,
2789 4507 2837 4591 Ι,
2887 4523 3044 4597 jumta
3075 4515 3270 4599 LXX).
3297 4511 3435 4608 Cum
3484 4556 3498 4569 ’-

138 4590 410 4660 siquidem
438 4592 602 4649 homo
632 4594 790 4648 aliter
816 4592 934 4650 ﬁeri
961 4611 1069 4652 non
1088 4601 1290 4668 posset,
1321 4600 1424 4654 nisi
1448 4615 1549 4670 per
1574 4615 1737 4672 gen‘e-
1761 4582 1816 4643 Ῑ)
1839 4605 2074 4664 Verbum
2103 4611 2172 4666 sit
2199 4612 2362 4677 Deus,
2395 4629 2504 4669 non
2534 4614 2799 4694 ignoravit
2841 4618 2986 4690 quod
3026 4580 3436 4689 generationem

137 4683 412 4740 rationem
450 4699 518 4739 ex
562 4685 808 4740 muliere.
861 4686 1144 4754 Quomodo
1170 4683 1333 4759 igitur
1360 4708 1469 4747 non
1494 4694 1584 4760 sit,
1616 4709 1736 4765 quae

138 4771 318 4841 ipsum
345 4775 573 4844 peperit,
597 4777 861 4839 Θεοτόκος.
895 4777 1052 4845 Quod
1079 4787 1259 4835 autem
1287 4782 1427 4838 Deus
1451 4785 1522 4839 sit
1552 4797 1731 4856 verus,

137 4866 227 4935 qui
257 4874 416 4924 natus
442 4868 570 4925 inde
591 4878 694 4936 est,
719 4885 788 4927 ex
815 4867 994 4927 divina
1019 4871 1302 4944 Scriptura;
1325 4875 1600 4937 discimus.

683 4977 913 5058 CAPUT
937 4995 1152 5060 xxvn.

670 5114 828 5170 Dicta
865 5117 927 5172 de
967 5095 1190 5175 Christo.

206 5221 349 5278 Ecce
403 5223 562 5298 Virgo
606 5227 661 5280 in
679 5236 822 5286 utero
875 5230 1122 5300 accipiet,
1159 5240 1210 5284 et
1242 5234 1409 5303 pariet
1436 5235 1636 5304 ﬁlium,
1678 5245 1728 5292 et

136 5312 392 5369 vocabunt
412 5332 598 5371 nomen
626 5319 736 5389 ejus
766 5317 1075 5396 Emmanuel
1117 5320 1273 5392 (Isai.
1310 5341 1400 5392 vn,
1448 5326 1534 5393 M,
1569 5330 1726 5400 juxta

137 5403 333 5459 Matth.
387 5416 438 5460 et
482 5406 661 5479 Cyrilli
699 5409 1007 5479 lectionem).
1042 5411 1324 5478 Quomodo
1346 5431 1474 5486 ergo
1504 5419 1555 5473 id
1583 5422 1729 5490 quod

139 5505 325 5552 natum
354 5507 439 5554 est
471 5514 539 5555 ex
567 5509 751 5557 sancta
778 5501 1016 5572 Virgine,
1047 5504 1366 5565 Emmanuel
1399 5514 1724 5585 nominatur,

136 5602 265 5645 cum
285 5587 622 5659 Emmanuel,
645 5600 704 5649 ut
723 5601 848 5651 ante
871 5595 999 5664 dixi,
1028 5598 1293 5668 signiﬁcet
1312 5604 1369 5660 in
1413 5614 1597 5663 nostra
1629 5626 1727 5665 na-

1837 4700 2091 4770 patietur,
2114 4717 2182 4758 ex
2204 4704 2431 4760 muliere
2460 4705 2798 4766 incarnatum
2823 4718 3045 4780 propter
3066 4727 3184 4767 nos.
3216 4712 3437 4768 Sciebat

1837 4797 2017 4870 autem
2037 4792 2182 4874 quod
2210 4794 2493 4850 vocabitur
2511 4781 2759 4877 Christus
2779 4796 2936 4871 qusus
2955 4813 2987 4877 a
3009 4798 3142 4864 .Deo,
3157 4807 3211 4855 et
3232 4798 3431 4869 Patre;

1836 4883 2085 4939 omnibus
2106 4871 2263 4941 nobis
2287 4901 2485 4943 novum
2507 4871 2602 4942 ﬁlii
2623 4879 2818 4944 nomen
2844 4873 3161 4961 praedicans,
3186 4877 3338 4964 quod
3353 4880 3437 4956 est

1832 4970 2176 5031 benedictum
2217 4977 2276 5032 in
2317 4985 2479 5033 terra.
2512 4975 2749 5034 Observa
2779 4988 2960 5035 autem
2989 4979 3133 5051 quod
3161 4977 3438 5056 propriam

1836 5065 2080 5120 nominet
2106 5058 2353 5139 matrem,
2379 5061 2497 5140 quae
2524 5075 2679 5126 suum
2708 5072 2920 5146 peperit
2948 5069 3161 5150 corpus.
3197 5062 3335 5148 Ergo
3383 5081 3431 5138 si

1835 5155 2003 5213 Deum
2028 5157 2236 5234 [Baluz.
2262 5159 2387 5217 add.
2411 5161 2622 5242 verum]
2651 5180 2709 5220 se
2738 5180 2858 5221 esse
2877 5161 3172 5238 cognoscit,
3199 5168 3288 5224 illa
3310 5159 3433 5240 quae

1836 5266 1959 5306 cum
2009 5255 2299 5311 carnaliter
2336 5257 2565 5327 peperit,
2606 5259 2849 5328 Θερτὸκος
2892 5257 3104 5328 dicitur,
3142 5268 3196 5317 et
3214 5262 3432 5332 quidem

1835 5351 1984 5399 recte
2021 5362 2034 5398 :
2071 5346 2155 5401 sin
2193 5361 2324 5402 vero
2368 5334 2476 5402 non
2524 5355 2608 5404 est
2658 5349 2818 5414 Deus,
2870 5348 2923 5404 id
2961 5349 3104 5421 quod
3153 5347 3429 5422 audacter,

1835 5432 2002 5490 immo
2025 5437 2204 5505 potius
2225 5438 2484 5493 scelerate
2508 5441 2746 5497 nonnulli
2761 5441 3030 5510 sentiunt,
3053 5439 3249 5518 privari
3273 5461 3431 5518 opor-

1834 5532 1913 5580 tet
1959 5527 2131 5597 ipsam
2181 5528 2456 5597 Virginem
2485 5539 2726 5588 sanctam
2751 5533 2856 5591 hoc
2885 5534 3124 5604 nomine,
3151 5553 3259 5607 quo
3305 5548 3431 5597 ero-

1832 5618 1984 5680 τόκος
2005 5633 2124 5674 esse
2155 5619 2382 5677 dicatur.

1311 5719 1855 5789 CASTLIGATIONES
1894 5732 1984 5787 ET
2021 5711 2252 5790 nem.

211 5807 241 5840 ι
277 5799 485 5869 Baluz.,
517 5799 617 5868 Qui
643 5802 767 5860 vidit
788 5821 884 5871 me,
912 5805 1038 5861 vidit
1062 5823 1176 5863 eum
1195 5773 1637 5881 ,ageiefsiﬁi
