3924 6282
479 327 609 388 1031

1032 435 1259 492 CAPUT
1297 435 1484 491 XXIX.

481 574 632 643 Quod
664 574 803 630 Deus
839 574 1137 628 nominatur
1163 580 1214 625 et
1239 571 1388 625 homo
1429 585 1685 640 apparens
1727 568 2048 640 Unigenitus.

548 711 806 772 Salomon
828 711 904 765 ait
923 724 1084 765 orans
1109 726 1121 762 :
1153 705 1225 761 Et
1251 723 1406 774 nunc,
1433 705 1652 761 Domine
1678 705 1819 761 Deus
1863 705 2052 774 Israel,

477 800 719 858 credibile
758 802 854 872 fiat
888 797 1092 855 uerbum
1123 807 1286 865 tuum,
1323 797 1459 871 quod
1483 797 1682 853 locutus
1702 813 1756 852 es
1784 813 1941 869 puero
1970 807 2056 852 tuo

476 895 670 952 Dauid.
717 893 925 966 Ergone
951 889 1196 947 credibile
1215 899 1292 946 est
1314 889 1452 962 quod
1473 889 1727 944 habitavit
1772 888 1912 945 Deus
1941 906 2056 944 cum

477 985 764 1042 hominibus
792 985 848 1038 in
887 992 1027 1038 terra
1075 981 1142 1054 (ll
1161 981 1401 1053 Paralip.
1446 997 1518 1045 vr,
1548 979 1636 1046 l7,
1651 981 1809 1052 juxta
1836 979 2054 1050 LXX)?

477 1075 878 1139 Animadverte,
908 1073 1054 1144 quod
1099 1073 1324 1128 miretur
1370 1071 1534 1128 Verbi
1584 1072 2050 1128 incarnationem:

397 1229 402 1232 _
473 1167 735 1224 habitavit
758 1181 990 1236 namque
1001 1181 1124 1222 cum
1148 1164 1455 1241 hominibus
1484 1165 1538 1219 in
1563 1171 1727 1228 terra,
1750 1179 1872 1220 cum
1891 1165 2056 1221 homo

474 1268 559 1316 est
584 1259 800 1327 factum,
823 1275 912 1315 res
939 1259 1085 1314 enim
1111 1257 1442 1314 incredibilis
1464 1257 1764 1314 videbatur.
1803 1256 2056 1327 Alioquin

473 1353 748 1423 quomodo
768 1353 818 1408 id
846 1352 1172 1424 praecipuum
1196 1350 1452 1422 quiddam
1472 1350 1563 1418 sit,
1593 1350 1680 1405 vel
1707 1350 1980 1420 quomodo
2000 1349 2056 1405 id

473 1445 759 1502 miratione
777 1444 1015 1515 dignum,
1045 1459 1168 1500 cum
1191 1443 1334 1500 Deus
1353 1443 1420 1498 ab
1456 1443 1557 1507 his,
1595 1458 1715 1514 qua:
1757 1443 1874 1514 ipse
1904 1457 2057 1499 crea-

473 1540 631 1604 verit,
661 1554 770 1595 non
797 1538 1056 1606 discedat,
1088 1537 1276 1594 fovens
1304 1552 1370 1592 ea
1398 1536 1624 1602 scilicet,
1653 1543 1711 1592 et
1747 1549 1812 1590 ea
1839 1535 2057 1604 quidem

472 1631 773 1698 continens,
796 1644 915 1700 quae
938 1628 1048 1700 jam
1071 1629 1211 1684 facta
1230 1634 1384 1703 sunt;
1414 1641 1480 1682 ea
1506 1641 1639 1683 vero
1662 1640 1784 1696 quae
1818 1625 2056 1685 nondum

471 1723 616 1779 facta
629 1730 772 1789 sunt,
790 1737 997 1778 creans.
1015 1719 1330 1776 Miraculum
1349 1727 1532 1774 autem
1553 1733 1683 1774 vere
1707 1717 2052 1790 praecipuum,

471 1812 618 1884 quod
648 1813 704 1868 in
731 1820 876 1869 terra
903 1827 1026 1867 cum
1053 1809 1359 1867 hominibus
1393 1808 1652 1864 habitarit
1686 1808 1850 1864 homo
1883 1808 2056 1864 lactus
2083 1817 2131 1878 Β

470 1903 632 1971 Deus,
657 1905 811 1974 juxta
837 1903 1223 1974 promissiones
1237 1900 1348 1970 jam
1371 1909 1531 1957 antea
1549 1901 1704 1957 datas
1731 1901 1914 1958 divino
1941 1901 2050 1956 Da-

469 1995 587 2062 vid;
611 1995 869 2066 scriptum
889 2005 973 2051 est
991 1995 1133 2050 enim
1158 2012 1171 2048 :
1200 1992 1412 2049 Iuravit
1429 1992 1687 2050 Dominus
1708 1992 1881 2049 David
1917 1995 2052 2049 veri-

473 2096 649 2154 tatem,
669 2095 720 2142 et
745 2101 849 2141 non
869 2083 1206 2158 frustrabitur
1225 2101 1342 2140 eam
1364 2083 1536 2157 (Psal.
1561 2100 1740 2150 cxxxr,
1765 2084 1878 2156 11).
1915 2084 2054 2152 Quid

471 2188 652 2237 autem
674 2178 905 2249 iuravit?
917 2177 997 2232 De
1015 2179 1185 2250 fructu
1204 2179 1392 2233 ventris
1415 2179 1489 2232 tui
1511 2195 1702 2249 ponam
1715 2193 1868 2249 super
1880 2177 2053 2233 sedem

472 2279 633 2325 suam.
680 2268 750 2324 Et
793 2283 922 2324 vero
950 2268 1060 2336 ille,
1088 2268 1333 2339 quamvis
1357 2268 1690 2334 credidisset,
1720 2268 1868 2338 quod
1893 2285 2052 2324 num-

470 2377 634 2433 quam
653 2363 882 2432 abneget
900 2361 1312 2433 promissionem
1330 2361 1473 2417 Deus
1491 2362 1854 2432 omnipotens,
1873 2369 2053 2416 tamen

470 2455 644 2528 ipsum
663 2454 1028 2524 generationis
1055 2454 1236 2510 locum
1262 2454 1526 2510 curiosius
1555 2454 1877 2524 inquirebat,
1905 2454 2054 2510 ideo-

469 2561 576 2618 que
612 2546 824 2603 dicebat
847 2562 861 2599 :
893 2546 955 2602 Si
985 2546 1264 2602 ascendere
1292 2562 1448 2618 super
1467 2546 1654 2601 lectum
1679 2547 1832 2601 strati
1858 2547 1978 2612 mei,
2006 2546 2053 2600 si

471 2640 658 2696 dedero
703 2656 940 2696 somnum
979 2639 1140 2694 oculis
1168 2639 1316 2702 meis,
1359 2647 1449 2692 aut
1476 2636 1736 2709 palpebris
1762 2639 1889 2692 meis
1931 2637 2054 2691 dor-

470 2733 809 2798 mitationem,
860 2738 952 2784 aut
1003 2731 1228 2802 requiem
1269 2730 1578 2800 temporibus
1617 2731 1764 2796 meis,
1790 2730 1949 2784 donec
1970 2731 2054 2784 in-

469 2826 672 2882 veniam
693 2825 861 2881 locum
879 2823 1126 2890 Domino,
1157 2823 1545 2879 tabernaculum
1564 2823 1675 2879 Deo
1696 2824 1862 2880 Iacob
1886 2824 2046 2895 (Ibid.

470 2931 516 2971 υ.
547 2915 623 2985 3).
657 2914 860 2970 Deinde
886 2929 1007 2969 cum
1040 2913 1094 2969 id
1122 2929 1343 2984 quoque
1362 2929 1460 2985 per
1481 2915 1728 2986 spiritum
1743 2916 2047 2986 reperisset,

471 3013 526 3061 et
545 3005 772 3060 carnalis
786 3005 1149 3080 generationis
1174 3002 1446 3074 Unigeniti
1478 3006 1654 3061 locum
1691 3008 2046 3077 cognovisset,

469 3096 867 3166 evangelizabat
899 3103 954 3152 et
973 3095 1182 3151 dicebat
1206 3114 1220 3150 :
1245 3096 1540 3152 Audiuimus
1560 3114 1674 3152 eam
1709 3099 1766 3153 in
1788 3098 2046 3170 Ephrata,

995 324 1189 382 MAR"
1223 322 1662 381 MERCATORIS
1697 321 2262 381 TBANSLATIONES
2301 323 2661 382 VARIORUM
2708 321 3240 381 OPUSCULOBUM.

3624 321 3820 379 ωδε

2076 441 2129 498 Α
2153 435 2228 490 ait
2247 436 2436 490 beatus
2458 434 2671 501 Paulus,
2703 455 2794 508 per
2815 454 2961 491 suum
2981 453 3165 507 corpus
3194 452 3288 507 pro
3309 435 3557 491 omnibus
3580 446 3812 507 gusta-

2155 529 2224 582 uit
2242 539 2455 582 mortem
2505 527 2665 600 (Heb.
2697 547 2753 594 ιι,
2786 529 2872 600 9).
2917 529 3021 585 Sed
3071 531 3330 600 quoniam
3383 540 3594 586 natura
3655 539 3814 586 erat.

2155 616 2314 682 Deus,
2326 620 2620 673 resurrexit
2633 619 2808 674 denuo
2826 621 2876 673 in
2892 621 3271 690 sempiternam
3290 621 3479 676 vitam.
3497 619 3808 688 Cognitns

2153 714 2237 761 est
2256 707 2532 776 igiturhic,
2545 709 2637 775 qui
2657 724 2757 779 pro
2772 709 2927 764 nobis
2945 711 3239 780 pretiosam
3255 711 3523 766 sustinuit
3545 727 3804 766 crucem

2153 797 2209 851 in
2231 799 2408 854 medio
2446 799 2674 854 duorum
2697 801 3028 855 animalium.
3059 800 3190 855 Nam
3221 803 3334 872 ipse
3354 802 3570 857 alicubi
3599 804 3678 857 ait
3713 802 3799 857 ad

2153 887 2365 947 Iudaeos
2397 909 2410 945 :
2437 889 2564 946 Cum
2591 893 2938 946 exaltareritis
2958 893 3125 962 filium
3153 893 3398 960 hominis,
3422 903 3539 947 tum
3565 910 3793 965 cogno-

2155 983 2304 1036 scetis
2325 983 2444 1054 quia
2470 1001 2563 1055 ego
2583 1000 2696 1038 sum
2719 982 2904 1055 (Ioan.
2932 1001 3042 1051 vin,
3065 983 3186 1056 28).
3218 985 3351 1041 Vide
3380 987 3559 1042 etiam
3579 1027 3597 1050 ,
3629 1003 3789 1056 quo-

2153 1072 2320 1127 modo
2341 1073 2508 1128 Deum
2531 1074 2705 1143 ipsum
2733 1075 3036 1137 nominans,
3069 1089 3137 1129 ex
3166 1075 3407 1130 Theman
3439 1085 3785 1142 venturum,

2157 1171 2213 1218 et
2238 1179 2306 1218 ex
2333 1164 2542 1218 Pharan
2565 1166 3086 1236 monte‘pronuntiat
3125 1167 3549 1239 (interpretatur
3585 1179 3784 1224 autem

2157 1253 2396 1311 Theman
2419 1256 2667 1328 Auster):
2692 1259 2938 1328 apparuit
2952 1258 3366 1328 enimChristus,
3395 1277 3507 1316 non
3527 1277 3565 1315 ει
3589 1264 3782 1330 regio-

2157 1347 2315 1404 nibus
2335 1349 2632 1418 Aquilonis,
2664 1351 2759 1406 sed
2788 1351 2857 1406 ab
2885 1351 3105 1406 australi
3132 1349 3333 1417 Iudaea,
3358 1353 3414 1406 in
3444 1368 3562 1422 qua
3600 1353 3777 1407 etiam

2155 1439 2432 1497 Bethleem
2477 1450 2577 1497 est.
2620 1440 2756 1498 Cum
2784 1443 2945 1512 igitur
2971 1444 3036 1510 is,
3079 1443 3171 1513 qui
3199 1444 3462 1500 Dominus
3504 1453 3572 1499 et
3627 1444 3775 1500 Deus

2157 1534 2464 1590 nominatus
2489 1543 2590 1602 est,
2621 1550 2690 1591 ex
2722 1534 2904 1590 Iudaea
2942 1537 3154 1592 venerit
3193 1537 3414 1591 australi
3435 1577 3450 1603 ,
3482 1545 3660 1591 natus
3690 1545 3776 1592 est

2156 1625 2300 1680 enim
2343 1627 2397 1680 in
2441 1627 2751 1695 Bethleem;
2781 1628 3054 1698 quomodo
3089 1644 3202 1684 non
3248 1628 3319 1685 sit
3352 1637 3552 1686 sancta
3601 1630 3772 1700 Virgo

2157 1718 2396 1782 θεοτόκος
2410 1718 2434 1774 ἲ

2717 1787 2945 1846 CAPUT
2980 1789 3170 1848 XXXI.

2853 1884 3030 1939 Aliud.

2221 1990 2278 2046 In
2303 1989 2501 2049 Genesi
2529 1992 2788 2063 scriptum
2817 2001 2936 2048 est:
2968 1993 3333 2052 Sdbremansit
3367 2005 3549 2053 aettem
3594 1996 3762 2053 Iacob

2152 2081 2312 2146 solus,
2342 2091 2392 2136 et
2419 2082 2712 2137 luctabatur
2731 2083 2884 2139 homo
2913 2101 3028 2140 cum
3049 2087 3161 2157 ipso
3187 2105 3347 2160 usque
3374 2090 3447 2143 ad
3465 2106 3629 2145 mane
3645 2107 3665 2143 :
3685 2093 3763 2146 ui-

2153 2172 2229 2226 dit
2256 2185 2424 2228 autem
2454 2175 2590 2246 quod
2610 2192 2713 2230 non
2741 2179 3039 2246 prtevaleret
3066 2179 3136 2232 ad
3154 2181 3342 2251 ipsum,
3371 2192 3423 2236 et
3446 2185 3618 2256 tetigit
3637 2185 3758 2239 lati-

2153 2261 2381 2317 tudinem
2410 2273 2433 2300 "
2458 2266 2666 2336 femoris
2692 2266 2821 2337 ejus,
2853 2283 2970 2321 cum
2996 2267 3278 2325 luctaretur
3296 2288 3416 2326 cum
3445 2290 3533 2339 eo,
3557 2285 3612 2327 et
3630 2275 3759 2329 dixit

2151 2357 2232 2410 ei:
2256 2354 2474 2410 Dimitte
2492 2374 2592 2421 me,
2616 2358 2849 2412 ascendit
2884 2361 3022 2414 enim
3059 2370 3220 2416 ortus.
3255 2361 3358 2417 Ille
3385 2373 3566 2418 autem
3594 2366 3758 2421 dixit:

2153 2444 2279 2501 Non
2317 2457 2364 2501 te
2391 2447 2609 2514 dimitto,
2659 2451 2761 2504 nisi
2798 2449 3116 2508 benedixeris
3161 2454 3308 2508 mihi.
3336 2453 3408 2509 Et
3449 2463 3585 2526 post
3610 2459 3752 2512 alia:

2151 2538 2426 2596 Benedixit
2451 2549 2620 2594 autem
2647 2557 2762 2595 eum
2781 2542 2872 2607 ibi,
2905 2552 2955 2597 et
2999 2547 3197 2599 vocavit
3227 2563 3418 2600 nomen
3447 2547 3559 2602 loci
3589 2550 3747 2614 illius,

2153 2633 2340 2703 faciem
2359 2629 2458 2686 Dei
2489 2648 2506 2686 :
2535 2633 2639 2686 vidi
2667 2634 2822 2698 enim,
2855 2633 3048 2703 inquit,
3097 2635 3261 2690 Deum
3283 2639 3424 2709 facie
3448 2639 3528 2692 ad
3556 2641 3748 2711 faciem,

2151 2731 2203 2776 et
2218 2723 2418 2777 saluata
2435 2732 2513 2778 est
2538 2724 2713 2778 anima
2731 2741 2847 2778 mea
2862 2741 2881 2779 :
2903 2726 3138 2780 ascendit
3157 2737 3328 2781 autem
3350 2729 3453 2791 sol,
3479 2740 3534 2783 et
3557 2733 3750 2786 transiit

2155 2813 2316 2884 facies
2336 2812 2434 2868 Dei
2456 2832 2474 2880 ;
2492 2816 2603 2886 ipse
2621 2824 2791 2871 autem
2814 2818 3065 2872 titubabat
3084 2821 3280 2891 femore
3303 2838 3402 2876 suo
3417 2820 3576 2894 (Gen.
3593 2840 3744 2891 xxxn,

2151 2904 2264 2979 24).
2295 2907 2547 2981 Myslicus
2565 2909 2782 2980 quidem
2808 2918 2893 2968 est
2919 2911 3321 2984 Scripturarum
3351 2933 3552 2973 sensus
3584 2921 3747 2975 :sub-

2152 2998 2390 3055 indicare
2423 3001 2566 3056 enim
2594 3001 2807 3058 videtur
2831 3002 3138 3059 Iudaeorum
3166 3005 3618 3075 obluctatioeem,
3638 3025 3739 3079 qua

2152 3092 2440 3148 utebantur
2465 3109 2588 3149 cum
2638 3095 3110 3170 Christo[Baluz.
3160 3115 3264 3152 om.
3314 3115 3448 3155 cum
3495 3100 3744 3173 Christo],

470 3187 526 3244 id
553 3197 655 3253 est,
684 3187 737 3241 in
777 3186 1090 3254 Bethleem;
1120 3188 1408 3243 invenimus
1432 3205 1547 3243 eam
1573 3191 1628 3244 in
1658 3192 1854 3260 campis
1881 3190 2043 3245 silete.
2074 3184 2122 3249 ϐ
2149 3197 2290 3254 Pene
2308 3199 2430 3240 cum
2461 3185 2578 3254 ἱρεο
2607 3185 2902 3254 luctantes;
2924 3189 3018 3257 qui
3047 3196 3226 3244 tamen
3254 3192 3504 3261 ευρθηιὶ
3536 3201 3675 3256 sum.
3695 3200 3744 3249 et

469 3277 624 3347 Quod
652 3295 780 3336 vero
808 3279 990 3336 dicens
1017 3277 1274 3351 prrata,
1310 3279 1572 3350 signiticet
1603 3281 1903 3350 Bethleem,
1935 3298 2058 3354 pro-

468 3371 631 3442 pheta
659 3372 1028 3443 comprobavit
1059 3389 1072 3426 :
1108 3369 1174 3426 Et
1213 3380 1267 3426 tu
1294 3371 1558 3429 Bethleem
1598 3373 1778 3428 domus
1817 3374 2056 3446 Ephrata

471 3461 656 3534 (Mich.
687 3479 739 3529 v,
771 3461 848 3534 2).
897 3462 1135 3518 Observa
1175 3473 1354 3520 autem
1399 3465 1671 3534 quomodo
1700 3480 1853 3534 eum,
1891 3481 2054 3536 quem

469 3550 768 3608 crediderat
786 3558 1028 3608 creatum
1048 3553 1204 3622 juxta
1223 3569 1325 3608 nos
1345 3554 1401 3609 in
1424 3553 1682 3625 prrata,
1701 3555 1872 3611 Deum
1887 3555 2055 3612 Iacob

469 3644 732 3710 nominet,
783 3644 938 3714 cujus
988 3645 1306 3701 inbabitatio
1355 3645 1455 3701 fuit
1483 3647 1538 3702 in
1567 3647 1912 3704 taberuaculo
1939 3666 1952 3702 :
1981 3649 2056 3704 ibi

470 3736 615 3792 enim
640 3737 852 3808 peperit
879 3735 1066 3792 Jesum
1086 3745 1274 3793 sancta
1298 3736 1481 3806 Virgo.

539 3825 789 3881 Nominat
804 3834 984 3881 autem
1005 3841 1127 3882 eum
1140 3833 1195 3881 et
1210 3826 1338 3882 alibi
1351 3826 1522 3883 Deum
1541 3827 1812 3884 Abraham
1839 3829 2051 3887 dicens:

467 3915 743 3989 Principes
766 3917 1070 3989 populorum
1095 3919 1392 3990 congregati
1413 3929 1532 3973 sunt
1545 3936 1659 3974 cum
1673 3919 1782 3975 Deo
1797 3921 2056 3976 Abraham

472 4008 643 4080 (Psal.
661 4026 806 4075 XLVI,
837 4009 948 4081 10).
974 4007 1120 4066 Pene
1148 4011 1291 4065 enim
1312 4012 1508 4067 mentis
1523 4028 1630 4067 sua:
1659 4014 1847 4081 oculis,
1877 4029 1973 4085 per
2001 4015 2058 4070 il.

469 4100 874 4157 luminationem
895 4099 1124 4172 Spiritus
1150 4101 1340 4168 sancti,
1365 4099 1664 4157 futurorum
1692 4104 1914 4159 scientia
1934 4120 2058 4160 eru-

469 4190 632 4259 ditus,
657 4191 927 4262 principes
951 4192 1293 4263 populorum,
1325 4192 1379 4248 id
1406 4202 1506 4261 est,
1536 4202 1750 4252 sanctos
1782 4197 2059 4266 apostolos

470 4282 526 4337 in
547 4281 758 4338 Domini
787 4283 957 4339 nostri
975 4281 1104 4340 Iesu
1122 4281 1319 4340 Christi
1340 4286 1596 4341 cernebat
1621 4288 1898 4357 obsequio.
1921 4287 2056 4344 Cum

472 4369 634 4440 igitur
659 4369 799 4426 Deus
823 4371 1086 4429 Abraham
1107 4382 1162 4430 et
1188 4373 1327 4430 Deus
1353 4375 1516 4430 Iacob
1534 4415 1549 4442 ,
1577 4379 1670 4448 qui
1697 4386 1780 4434 est
1807 4388 1964 4436 natus
1989 4395 2060 4436 ex

471 4462 720 4530 muliere,
754 4465 1061 4522 nominatus
1106 4466 1207 4534 sit,
1237 4481 1406 4537 quare
1442 4485 1551 4526 non
1578 4471 1647 4526 sit
1683 4469 1845 4542 Virgo
1873 4479 2058 4528 saneta

470 4553 711 4618 Θεοτὸπως
727 4554 751 4609 Υ

1047 4624 1279 4684 CAPUT
1315 4629 1484 4687 XXX.

1182 4719 1355 4776 Aliud.

545 4830 816 4904 PrOpheta
836 4829 1088 4889 Habacuc
1121 4831 1396 4901 :Domine,
1428 4833 1616 4904 inquit,
1645 4837 1875 4892 inaudivi
1902 4838 2054 4893 audi-

472 4935 578 4983 tum
596 4934 754 4992 tuum,
777 4933 828 4978 et
848 4925 1012 4980 timui.
1037 4923 1365 4981 Consideravi
1393 4941 1550 4997 opera
1565 4935 1671 4995 tua,
1694 4938 1743 4984 et
1769 4932 1969 5000 expavi.
1987 4928 2055 4985 In

471 5018 641 5074 medio
685 5007 901 5072 duorum
947 5019 1249 5073 animalium
1287 5022 1606 5091 cognosceris
1648 5037 1666 5075 :
1713 5023 1767 5075 in
1787 5023 2058 5078 adventum

474 5111 716 5182 temporis
745 5108 1027 5164 ostenderis
1055 5111 1106 5163 in
1135 5127 1194 5165 eo
1214 5127 1233 5164 :
1261 5109 1382 5164 dum
1403 5111 1705 5165 conturbata
1718 5114 2062 5183 fueritanima

471 5220 603 5269 mea,
628 5204 683 5257 in
711 5202 791 5256 ira
811 5201 1176 5257 misericordiae
1199 5218 1393 5257 memor
1416 5206 1538 5258 eris.
1572 5202 1709 5258 Deus
1738 5204 1801 5260 de
1834 5205 2062 5270 Theman

471 5299 654 5365 veniet,
698 5306 746 5351 et
773 5305 981 5352 sanctus
1029 5295 1093 5350 de
1120 5305 1292 5350 monte
1334 5295 1551 5350 Pharon
1586 5295 1836 5368 (Babae.
1873 5315 1947 5365 ιιι,
1981 5300 2056 5371 1).

477 5385 636 5453 Vide,
667 5385 942 5456 quomodo
968 5386 1023 5440 in
1055 5385 1234 5440 medio
1268 5385 1499 5441 duorum
1527 5388 1834 5444 animalium
1861 5406 2062 5460 cogno-

475 5474 655 5531 scetu'r
685 5495 700 5533 :
726 5494 849 5532 nam
878 5493 1000 5534 cum
1029 5484 1188 5532 natus
1222 5485 1363 5532 esset
1383 5493 1450 5532 ex
1479 5481 1722 5547 muliere,
1752 5489 1807 5538 et
1843 5482 2062 5538 vixisset

478 5579 646 5634 usque
692 5567 759 5622 ad
805 5576 1016 5639 tempus
1056 5568 1304 5640 pretiosae
1340 5570 1545 5637 crucis;
1575 5575 1746 5644 gratia
1773 5572 1891 5640 Dei,
1923 5575 2060 5630 sicut

2156 3275 2260 3346 ipsi
2277 3277 2439 3331 etiam
2460 3277 2797 3347 impetraturi
2825 3278 3253 3335 benedictionem
3281 3282 3480 3352 ipsius,
3511 3283 3558 3336 si
3579 3298 3675 3352 per
3689 3280 3745 3334 ε.

2155 3367 2277 3424 dem
2304 3369 2372 3424 ad
2391 3385 2512 3425 eum
2553 3371 2859 3426 novissimis
2886 3371 3221 3442 temporibus
3239 3388 3300 3428 se
3328 3375 3740 3430 convertissem.

2154 3462 2409 3517 Attamen
2438 3461 2529 3517 ille
2549 3470 2696 3517 certe
2723 3461 2948 3535 [Baluz.
2992 3463 3123 3520 illud
3147 3479 3312 3520 cerne
3338 3483 3351 3518 :
3378 3463 3399 3536 ]
3424 3467 3597 3522 homo
3624 3475 3745 3531 erat,

2157 3555 2250 3626 qui
2277 3554 2603 3619 luctabatur,
2628 3562 2683 3610 et
2703 3569 2827 3610 eum
2855 3561 3034 3610 tamen
3057 3552 3224 3611 Jaeob
3247 3555 3346 3611 Dei
3365 3555 3570 3612 faciem
3592 3557 3744 3612 nomi-

2157 3646 2354 3712 nabat;
2392 3659 2569 3714 neque
2598 3644 2651 3700 id
2675 3645 2878 3711 solum,
2911 3647 3006 3702 sed
3045 3647 3250 3703 sciebat
3275 3663 3405 3704 eum
3441 3649 3619 3704 Deum
3641 3664 3744 3704 esse

2157 3737 2454 3793 secundum
2478 3737 2764 3792 veritatem
2798 3755 2811 3790 :
2851 3737 2972 3794 Vidi
2991 3743 3148 3806 enim,
3173 3741 3377 3809 inquit,
3421 3739 3598 3794 Deum
3629 3743 3744 3812 fsa'e

2162 3828 2233 3883 ad
2255 3830 2464 3900 faciem,
2487 3835 2536 3882 et
2555 3828 2844 3882 salvataest
2869 3831 3046 3884 anima
3060 3848 3174 3886 mea
3196 3830 3359 3903 (Ibid.
3382 3849 3437 3885 υ.
3466 3831 3590 3902 50).
3620 3831 3742 3886 Deus

2157 3933 2389 3989 namque
2427 3928 2510 3974 est
2536 3927 2730 3976 natura
2768 3923 3103 3977 Emmanuel.
3131 3922 3339 3977 Dicitur
3366 3930 3558 3977 autem
3595 3922 3740 3976 etiam

2154 4008 2318 4066 facies
2346 4009 2461 4066 Dei.
2491 4009 2625 4065 Nam
2653 4020 2736 4066 est
2761 4012 2932 4084 ﬁgura
2968 4012 3270 4066 substantia
3297 4009 3485 4065 Patris
3514 4009 3661 4078 (Heb.
3690 4026 3729 4072 ι,

2157 4100 2234 4172 '5),
2258 4109 2313 4157 et
2335 4102 2410 4155 ita
2435 4116 2493 4157 se
2512 4102 2744 4158 vocabat
2765 4102 2910 4173 apud
2927 4102 3160 4168 Iudaeos,
3181 4117 3303 4157 cum
3327 4101 3540 4157 diceret
3555 4100 3620 4155 de
3633 4100 3736 4154 Deo

2157 4201 2214 4248 et
2240 4193 2399 4248 Patre
2424 4211 2436 4246 :
2469 4192 2649 4265 Neque
2678 4196 2864 4266 faciem
2905 4195 3015 4267 ejus
3053 4195 3268 4260 vidistis,
3292 4204 3346 4247 et
3394 4192 3622 4248 Verbum
3645 4194 3740 4265 ejus

2157 4298 2262 4337 non
2290 4281 2485 4337 habetis
2513 4285 2567 4338 in
2602 4284 2742 4339 vobis
2761 4301 2996 4352 manens,
3017 4287 3138 4358 quia
3164 4301 3313 4358 quem
3342 4287 3490 4340 misit
3506 4286 3617 4351 ille,
3644 4285 3744 4338 huic

2157 4389 2242 4430 vos
2265 4389 2369 4428 non
2396 4373 2602 4429 creditis
2626 4374 2806 4447 (Ioan.
2841 4393 2891 4443 v,
2925 4376 3038 4448 58).

2231 4461 2386 4529 Quod
2415 4478 2544 4518 vero
2567 4463 2710 4520 Deus
2741 4465 2813 4524 sit
2843 4480 3003 4522 verus
3022 4467 3185 4523 homo
3213 4467 3304 4522 ille
3328 4467 3422 4537 qui
3453 4467 3748 4523 luctabatur

2078 4550 2134 4613 D
2159 4568 2280 4608 cum
2317 4551 2505 4620 Iacob,
2535 4570 2690 4610 sacra
2739 4556 2932 4612 iterum
2972 4558 3152 4613 littera
3195 4555 3360 4613 faciet
3405 4557 3604 4623 ﬁdem;
3632 4557 3748 4612 dixit

2161 4649 2304 4703 enim
2323 4667 2335 4701 :
2362 4647 2538 4720 Inquit
2566 4649 2820 4706 Dominus
2840 4651 2910 4705 ad
2933 4650 3099 4708 Iacob
3121 4667 3139 4706 :
3162 4650 3350 4722 Surge,
3372 4651 3603 4705 ascende
3623 4651 3672 4703 in
3691 4650 3751 4703 ls-

2052 4726 2069 4749 ⁶
2161 4756 2275 4794 cum
2294 4739 2572 4808 Bethleem,
2596 4742 2773 4796 habita
2799 4741 2888 4808 ibi,
2920 4752 2970 4797 et
2999 4745 3085 4815 fac
3103 4741 3173 4796 ibi
3193 4743 3363 4796 altare
3390 4741 3532 4807 Deo,
3554 4743 3646 4812 qui
3669 4757 3728 4809 ep

2160 4833 2335 4901 paruit
2365 4831 2454 4886 tibi
2481 4848 2596 4887 cum
2626 4834 2826 4905 fugeres
2854 4849 2888 4887 α
2913 4833 3048 4905 facie
3093 4832 3271 4905 fratris
3301 4833 3375 4885 tui
3406 4829 3554 4886 Esau
3596 4830 3749 4902 (Gen.

2163 4937 2326 4987 xxxv,
2355 4921 2440 4992 1).
2467 4921 2763 4978 Revertens
2790 4923 2938 4978 enim
2965 4938 3034 4979 ex
3062 4921 3455 4993 Mesopotamia
3484 4921 3586 4976 Dei
3614 4920 3750 4990 jussu

2164 5014 2372 5088 [Baluz.
2404 5032 2506 5070 om.
2537 5015 2635 5070 Dei
2656 5014 2853 5086 jussu],
2877 5024 2931 5071 et
2959 5017 3153 5072 timens
3177 5014 3338 5080 Esau,
3361 5013 3586 5083 trajecit
3597 5012 3751 5068 Jacob

2163 5122 2362 5178 pueros
2403 5116 2459 5162 et
2481 5109 2661 5164 omnia
2682 5125 2810 5164 vasa
2831 5125 2926 5165 sua
2961 5128 2974 5164 :
3019 5109 3382 5165 Subremansit
3407 5119 3588 5163 autem
3600 5107 3747 5169 solus.

2163 5208 2212 5252 et
2232 5198 2522 5277 luctabatur
2535 5200 2687 5256 homo
2716 5217 2831 5256 cum
2857 5219 2918 5256 eo
2944 5200 3107 5274 (Gen.
3137 5217 3306 5266 xxxn,
3335 5199 3452 5270 24).

2706 5355 2936 5414 CAPUT
2974 5357 3186 5413 XXXII.

2867 5473 3043 5528 Aliud.

2230 5578 2428 5636 Beatus
2449 5579 2638 5639 Daniel
2655 5583 2970 5641 horribilem
2983 5584 3243 5642 visionem
3261 5583 3419 5640 nobis
3438 5591 3748 5654 exponenl:

1641 5685 2182 5749 CASTIGATIONES
2219 5689 2308 5750 ET
2346 5691 2572 5754 ΝοτιΕ.

553 5776 578 5808 ι
615 5766 745 5842 Qua
771 5777 1086 5839 sequuntur,
1116 5770 1308 5828 desunt
1327 5773 1382 5828 in
1405 5773 1728 5834 cditionibus
1748 5779 2002 5850 vulgatis.
