3924 6282
135 332 279 391 1055

876 322 937 378 S.
975 320 1248 379 CYRILLI
1285 322 1579 381 BCHOIJA
1618 321 1708 379 DE
1747 320 2260 379 INCARNA'I‘IONE
2301 319 2671 378 UNIGENITI.

3280 320 3413 379 1031

141 440 412 504 Videbam,
444 436 633 508 inquit,
656 436 710 490 in
741 435 936 489 visione
964 435 1148 499 noctis,
1190 443 1240 488 et
1269 450 1404 499 ecce,
1431 450 1546 488 cum
1574 432 1726 487 nubi-
1754 434 1808 493 Α
1901 430 2088 502 Itaque
2141 432 2281 487 Deus
2331 432 2671 503 omnipotens
2724 432 2967 501 prodigia
3021 431 3415 502 sapientissimo

131 536 229 589 bus
251 532 360 588 caeli
381 531 527 603 quasi
555 528 696 599 filius
725 527 947 581 hominis
976 527 1201 593 veniens,
1225 537 1275 581 et
1293 544 1450 598 usque
1478 526 1547 581 ad
1574 524 1733 579 Vetu-

130 637 272 680 stum
294 625 491 679 dierum
514 621 760 693 pervenit,
783 629 833 674 et
850 622 905 673 in
933 630 1258 691 conspectum
1277 621 1389 693 ejus
1409 620 1737 673 adduxerunt

132 736 275 783 eum,
292 727 340 772 et
359 718 456 789 ipsi
474 715 624 768 datus
646 723 720 767 est
742 713 927 780 honor,
951 724 1000 767 et
1018 722 1324 785 regnum:et
1344 729 1516 767 omnes
1538 710 1730 783 populi,

135 811 320 877 tribus,
344 820 393 865 et
414 810 607 882 lingua:
632 810 731 881 ipsi
757 810 978 863 servient
1008 824 1025 861 :
1048 816 1273 879 potestas
1292 808 1403 877 ejus
1431 812 1657 877 potestas
1680 804 1736 857 in

135 912 409 967 internum,
431 918 545 975 qua:
577 918 681 956 non
713 899 1134 971 transgredietur,
1163 908 1212 953 et
1254 914 1464 971 regnum
1484 898 1594 968 ejus
1631 911 1737 950 non

135 1005 495 1067 corrumpetur
524 994 687 1067 (Dan.
712 1010 805 1059 vn,
828 993 939 1063 15).
968 992 1131 1047 Audis
1150 990 1602 1061 quemadmodum
1627 1004 1737 1044 non

134 1089 417 1145 hominem
436 1086 749 1157 simpliciter
767 1100 827 1140 se
851 1083 1049 1139 vidisse
1076 1090 1485 1148 commemoret,
1510 1097 1577 1137 ne
1598 1096 1739 1136 unus

136 1198 210 1237 ex
239 1181 413 1245 nobis,
442 1188 498 1235 et
519 1179 671 1249 juxta
701 1194 800 1234 nos
823 1176 1145 1232 Emmanuel
1173 1192 1293 1232 esse
1322 1176 1608 1243 credatur;
1640 1175 1739 1231 sed

133 1275 296 1344 quasi
326 1272 491 1329 ﬁlium
522 1272 788 1338 hominis;
830 1269 851 1343 [
877 1279 904 1308 ι
944 1268 1081 1324 Cum
1106 1270 1251 1324 enim
1277 1268 1514 1324 Verbum
1542 1275 1737 1323 natura

133 1367 209 1422 sit
232 1365 407 1429 Deus;
432 1364 485 1416 in
511 1359 851 1416 similitudine
881 1368 1053 1413 tamen
1097 1359 1361 1413 hominum
1390 1359 1584 1428 factum
1616 1358 1736 1428 fuit,

133 1466 187 1510 et
209 1458 469 1510 inventum
503 1462 579 1508 est
611 1451 788 1506 habitu
817 1462 874 1505 ut
910 1452 1060 1507 homo
1096 1449 1353 1521 (Philipp.
1387 1467 1442 1515 ιι,
1486 1448 1574 1521 7),
1598 1454 1657 1503 ut
1680 1448 1737 1503 in

136 1550 339 1605 eodem
360 1556 647 1616 utrumque
672 1545 1019 1614 intelligatur,
1048 1542 1101 1598 id
1116 1551 1225 1609 est,
1250 1557 1425 1613 neque
1448 1542 1613 1597 homo
1638 1557 1739 1595 nu-

136 1640 267 1707 dus,
302 1654 479 1709 neque
506 1638 742 1693 Verbum
764 1637 968 1706 absque
992 1635 1327 1690 humanitate
1348 1641 1402 1690 et
1430 1633 1634 1706 carne]
1656 1641 1740 1688 ta-

136 1747 271 1785 men
300 1730 350 1785 ei
378 1728 740 1799 principatum
770 1734 826 1783 et
855 1728 1146 1790 honorem,
1183 1741 1302 1796 quae
1328 1739 1542 1795 semper
1568 1724 1739 1779 habe-

136 1823 240 1878 bat
267 1821 472 1893 [Baluz.
495 1820 735 1893 habeat],
757 1819 885 1875 data
900 1833 1019 1874 esse
1046 1826 1437 1875 commemorat
1461 1837 1473 1871 :
1498 1818 1573 1872 ait
1592 1818 1737 1873 enim
1769 1820 1819 1881 B

138 1911 291 1983 quod
314 1928 487 1967 omnes
508 1910 704 1982 populi,
736 1910 915 1977 tribus,
931 1919 981 1964 et
1009 1909 1200 1981 linguae
1220 1910 1321 1980 ipsi
1342 1909 1580 1963 servient.
1604 1906 1741 1962 Cum

140 2002 312 2071 igitur
343 2001 507 2056 etiam
558 2000 612 2055 in
654 2000 991 2055 humanitate
1026 2002 1257 2069 positum
1286 1999 1619 2067 unigenitum
1644 1997 1743 2053 Dei

141 2096 383 2151 Verbum
412 2093 740 2149 servientem
762 2093 959 2148 habeat
980 2100 1304 2157 creaturam,
1327 2098 1382 2146 et
1402 2089 1577 2147 Patris
1600 2091 1745 2161 prin-

139 2189 386 2258 cipatuni
414 2195 471 2243 et
500 2204 676 2253 suum,
702 2187 975 2257 pepererit
996 2192 1174 2241 autem
1201 2184 1493 2241 secundum
1523 2198 1741 2238 carnem

140 2282 323 2351 ipsum
390 2289 577 2337 sancta
645 2280 850 2350 Virgo;
918 2279 1191 2350 quomodo
1254 2293 1362 2334 non
1428 2276 1744 2346 intelligitur

141 2373 389 2434 Θεοτόκος
404 2373 428 2425 ?

697 2458 925 2516 CAPUT
962 2458 1200 2514 XXXIII.

142 2574 231 2630 De
258 2574 451 2628 Christi
481 2573 750 2644 passione;
780 2581 829 2625 et
848 2571 983 2644 quod
1010 2570 1172 2644 Autile”
1190 2570 1276 2644 sit,
1306 2568 1441 2641 quod
1466 2567 1746 2644 secundum

222 2644 369 2767 ᾳιὶιᾶά
392 2652 442 2698 et
468 2638 613 2696 aliud
635 2643 697 2695 de
718 2659 821 2697 uno
845 2638 895 2696 et
922 2641 1099 2696 eodem
1122 2638 1329 2707 dicitur,
1360 2655 1453 2692 nec
1474 2638 1745 2693 dividimus

222 2731 278 2767 in
336 2730 422 2768 uo.

220 2824 453 2880 Sanctus
478 2824 673 2880 Paulus
694 2824 985 2879 salutarem
1005 2825 1310 2895 passionem
1328 2822 1485 2878 nobis
1505 2821 1746 2893 exponit,

144 2917 226 2973 ait
254 2932 487 2986 namque
518 2935 533 2972 :
567 2915 725 2973 Nunc
753 2918 926 2989 gratia
966 2915 1063 2971 Dei
1104 2934 1198 2987 pro
1241 2916 1475 2970 omnibus
1524 2916 1751 2986 gustavit

146 3018 366 3063 mortem
382 3006 541 3078 (Heb.
556 3023 611 3072 ιι,
638 3006 716 3077 9);
742 3023 841 3063 nec
862 3022 971 3062 non
999 3007 1194 3062 etiam:
1222 3005 1437 3061 Tradidi
1451 3008 1587 3060 enim
1606 3006 1746 3059 vobis

147 3103 431 3172 imprimis,
449 3099 586 3173 quod
598 3109 648 3154 et
666 3101 846 3170 accepi
863 3116 881 3153 :
906 3100 1149 3171 quoniam
1171 3096 1402 3153 Christus
1422 3107 1651 3153 mortuus
1671 3106 1749 3152 est

1837 522 2009 597 Moysi
2039 524 2263 595 jubebat
2303 525 2545 591 elﬁcere,
2583 534 2643 580 ut
2683 525 2925 581 crederet
2961 524 3011 581 ei
3037 524 3231 591 Israel,
3273 527 3417 595 quod

1838 616 2044 690 [Baluz.
2069 619 2191 672 add.
2236 617 2367 689 non]
2395 627 2538 675 esset
2559 620 2755 676 missus
2772 635 2803 673 a
2830 619 2964 685 Deo,
2993 626 3049 674 et
3075 626 3133 673 ut
3161 634 3191 673 a
3213 618 3420 673 violen-

1837 709 1911 762 tia
1933 708 2282 777 liberaretur;
2310 712 2385 765 ait
2412 718 2592 767 autem
2620 730 2633 765 :
2657 710 2728 765 Et
2755 712 2977 783 accipies
3014 727 3198 783 aquam
3237 711 3301 765 de
3319 711 3419 779 flu-

1838 800 1993 866 mine,
2022 811 2073 854 et
2100 802 2328 871 e/fundes
2349 821 2499 875 super
2521 812 2726 870 terram,
2750 813 2799 857 et
2817 805 2912 858 erit
2938 820 3071 876 aqua
3094 820 3247 875 quam
3277 804 3418 856 acci-

1839 892 1947 962 pies
1976 909 2008 945 a
2027 893 2257 962 ﬂumine,
2275 898 2483 967 sanguis
2512 913 2664 967 super
2680 906 2866 951 terram
2898 894 3090 969 (Exod.
3123 912 3175 951 1v
3193 936 3207 963 ,
3234 894 3310 963 9).
3334 894 3420 948 In-

1838 987 2074 1056 quimns,
2101 988 2245 1057 quod
2268 1003 2405 1057 aqua
2434 989 2651 1058 quidem
2692 988 2858 1057 ﬁgura
2887 989 2955 1044 sit
3000 990 3142 1055 vitm,
3184 996 3239 1044 et
3275 986 3421 1057 quod

1841 1077 1912 1133 sit
1938 1093 2036 1149 per
2059 1087 2306 1133 naturam
2334 1081 2442 1134 vita
2472 1079 2609 1135 ﬁlius
2647 1096 2714 1135 ex
2742 1078 2901 1135 Patre
2929 1088 3200 1151 tamquam
3230 1094 3297 1134 ex
3321 1077 3421 1133 ﬁu-

1840 1172 1987 1226 mine
2011 1171 2213 1238 exicns,
2246 1170 2485 1239 ejusdem
2506 1173 2818 1228 substantiae
2840 1174 3079 1239 ratione;
3111 1174 3291 1244 itaque
3305 1188 3421 1229 0m-

1840 1263 1931 1318 nia
1968 1262 2227 1319 viviﬁcat:
2259 1264 2366 1320 Sed
2393 1282 2506 1319 cum
2544 1283 2751 1337 aquam,
2783 1266 2972 1337 inquit,
2999 1266 3243 1336 e/Tuderis
3271 1282 3424 1338 super

1843 1366 2053 1423 terram,
2075 1359 2171 1411 erit
2184 1359 2413 1430 sanguis.
2441 1357 2695 1424 Verbum,
2717 1375 2837 1415 cum
2859 1358 3056 1415 factum
3084 1367 3167 1414 est
3199 1375 3328 1414 caro
3356 1359 3425 1414 de

1842 1456 2007 1513 terra,
2032 1448 2083 1503 id
2104 1458 2204 1515 est,
2222 1450 2437 1520 quando
2466 1466 2495 1503 a
2525 1458 2665 1504 terra
2693 1466 2909 1505 carnem
2926 1450 3023 1505 sibi
3054 1447 3421 1513 circumdedit,

1842 1547 1971 1594 tunc
2009 1541 2061 1594 in
2103 1556 2167 1596 ea
2195 1549 2425 1597 mortem
2460 1549 2657 1597 nostra:
2694 1532 2921 1599 similem
2957 1543 3151 1599 dicitur
3187 1557 3421 1615 passum,

1843 1630 1971 1686 licet
1992 1646 2091 1701 per
2122 1640 2365 1686 naturam
2403 1633 2474 1687 sit
2511 1632 2635 1686 vita.

2380 1767 2608 1824 CAPUT
2646 1768 2883 1825 XXXIV.

2539 1884 2714 1939 Aliud.

1916 1993 1976 2047 In
2015 1992 2253 2049 chitico
2291 1994 2555 2065 pollutum
2594 1996 2736 2053 Deus
2772 1997 2977 2069 [Baluz.
3025 2017 3127 2054 om.
3161 1999 3323 2074 Deus]
3373 2011 3429 2057 et

1846 2084 2179 2142 immundum
2215 2084 2484 2158 leprosum
2523 2104 2641 2145 csse
2675 2088 2938 2158 signiﬁcat
2960 2090 3144 2162 (Leuit.
3177 2110 3290 2161 xm,
3321 2094 3347 2147 1
3380 2104 3431 2149 et

1847 2179 2000 2249 seq.),
2032 2188 2194 2249 atque
2224 2180 2297 2235 ita
2337 2195 2459 2235 eum
2486 2181 2552 2237 de
2597 2184 2786 2239 castris
2829 2184 2949 2253 cjici
2994 2186 3235 2256 praecipit
3262 2202 3427 2257 Opor-

1845 2278 1995 2337 tere;
2026 2278 2081 2325 et
2126 2272 2171 2325 si
2212 2280 2435 2327 sanatus
2462 2271 2622 2327 fuerit
2668 2276 2906 2339 morbus,
2959 2277 3063 2333 hoc
3110 2293 3232 2333 eum
3273 2289 3433 2350 pacto

1847 2363 2083 2432 purgari.
2116 2360 2187 2416 Et
2228 2366 2482 2434 accipiens
2516 2365 2642 2421 duos
2680 2368 2846 2436 pullos
2881 2371 3125 2437 mundos,
3156 2380 3207 2425 et
3234 2372 3433 2445 lignum

1849 2453 2135 2520 cedrinum,
2168 2464 2219 2507 et
2245 2458 2505 2510 coccinum
2542 2468 2591 2511 et
2632 2459 2926 2530 hyssopum,
2958 2472 3007 2515 et
3042 2466 3305 2535 praecipiet
3347 2484 3434 2521 sa-

1849 2544 2049 2608 cerdos,
2080 2554 2130 2598 et
2158 2546 2394 2600 occidens
2415 2548 2610 2617 pullum
2628 2566 2782 2605 unum
2804 2554 2857 2606 in
2883 2570 3001 2608 vase
3026 2556 3194 2624 ﬁctili,
3216 2558 3269 2610 in
3299 2575 3437 2631 aqua

1849 2637 1982 2703 viva,
2025 2647 2075 2691 et
2101 2638 2299 2709 pullum
2336 2642 2423 2711 qui
2460 2642 2578 2695 vivit
2615 2645 2859 2714 accipiet,
2889 2654 2938 2698 et
2977 2647 3167 2701 lavabit
3204 2650 3351 2705 illum
3374 2653 3435 2707 in

1849 2732 2105 2803 sanguine
2134 2731 2262 2802 pulli
2290 2735 2446 2787 occisi
2484 2734 2539 2787 in
2579 2752 2712 2806 aqua
2740 2738 2882 2802 viva,
2914 2749 2964 2792 et
3000 2751 3245 2813 aspergat
3282 2760 3438 2815 super

1851 2838 1969 2875 eum
1997 2825 2083 2894 qui
2116 2834 2365 2895 purgatus
2397 2834 2472 2881 est
2500 2843 2533 2880 a
2564 2828 2707 2899 lepra
2746 2832 2960 2901 septies,
2989 2842 3039 2887 et
3066 2836 3284 2890 mundus
3313 2839 3433 2893 erit.

1852 2912 2051 2972 Reddit
2085 2914 2300 2983 quidem
2341 2931 2441 2970 nos
2478 2919 2739 2983 mundos,
2773 2929 2826 2975 et
2856 2924 3210 2991 pollutionum
3250 2928 3438 2983 sordes

1852 3004 2040 3069 abluit,
2072 3013 2127 3059 et
2168 3008 2401 3062 carnalis
2438 3010 2886 3080 concupiscentia:
2922 3017 3305 3073 mortalitatem
3346 3036 3436 3075 re-

1851 3097 2006 3168 pellit
2029 3100 2247 3169 sanguis
2273 3097 2694 3171 pretississimus
2731 3103 2949 3173 Christi,
2982 3117 3037 3164 et
3064 3113 3310 3180 purgatio
3335 3113 3437 3169 ba-

146 3210 247 3266 pro
270 3193 489 3265 peccatis
511 3192 729 3255 nostris,
759 3191 1039 3247 secundum
1067 3190 1366 3261 Scripturas
1391 3207 1408 3245 :
1439 3200 1488 3245 et
1517 3192 1637 3263 quia
1666 3206 1748 3245 se-
1774 3196 1825 3261 c
1853 3191 2123 3261 ptismatis
2165 3196 2511 3250 sacrosancti.
2543 3196 2807 3253 Caeterum
2847 3201 2975 3255 illud
3015 3205 3195 3273 aspice
3230 3224 3240 3257 :
3273 3208 3435 3263 omit-

145 3288 320 3359 pultus
343 3295 437 3352 est,
460 3294 507 3340 et
522 3286 642 3357 quia
662 3286 941 3339 resurrexit
961 3285 1115 3338 tertia
1138 3284 1222 3338 die
1238 3283 1281 3355 (ι
1301 3282 1423 3338 Cor.
1446 3299 1536 3346 xv,
1560 3282 1636 3353 5).
1664 3282 1748 3337 Ad

146 3380 259 3435 hoc
301 3378 465 3434 etiam
517 3377 948 3448 sapientissimus
988 3376 1230 3447 Petrus:
1266 3376 1491 3443 Christo,
1550 3376 1743 3445 inquit,

146 3486 309 3542 passo
338 3487 431 3541 pro
455 3468 601 3525 nobis
629 3485 786 3524 carne
819 3468 907 3541 ((I
933 3467 1051 3524 Pet.
1084 3486 1157 3533 ιν,
1188 3468 1263 3539 1).
1288 3467 1424 3524 Cum
1453 3484 1619 3523 unum
1644 3468 1747 3537 igi-

146 3572 243 3621 tur
271 3563 538 3620 credimus
558 3562 848 3618 Dominum
888 3570 1129 3618 nostrum
1162 3560 1346 3617 Jesum
1373 3559 1664 3626 Christum,
1695 3561 1749 3616 id

146 3665 257 3723 est,
283 3656 337 3711 in
374 3656 608 3711 humana
636 3655 810 3710 forma
830 3663 1203 3725 conspectum,
1234 3654 1350 3709 sive
1376 3653 1650 3709 hominem
1670 3651 1747 3706 fa-

145 3756 301 3808 ctum
337 3747 491 3818 juxta
520 3763 639 3812 nos,
671 3747 840 3802 Deum
867 3746 1123 3811 Verbum,
1155 3744 1428 3815 quomodo
1457 3753 1512 3800 et
1538 3745 1747 3815 passio-

146 3858 281 3898 nem
304 3841 405 3912 ipsi
425 3835 762 3912 depiltemus,
789 3847 846 3896 et
882 3838 1212 3909 impassibile
1242 3845 1419 3895 tamen
1447 3851 1746 3901 servemus,

149 3942 212 3989 ut
240 3934 447 3989 Deum?
864 3922 873 3933 ’

225 4024 371 4095 Ergo
418 4025 598 4096 passio
637 4024 1052 4094 dispensationis
1096 4030 1234 4085 erat,
1265 4038 1362 4077 sua
1389 4021 1607 4091 quidem
1652 4021 1750 4075 du-

149 4125 314 4176 cente
357 4118 470 4173 Deo
500 4116 678 4172 Verbo
721 4131 807 4180 ca,
839 4130 959 4184 qure
986 4125 1112 4169 sunt
1146 4113 1366 4184 propria
1396 4112 1592 4177 carnis,
1624 4127 1752 4181 pro-

151 4223 281 4285 pter
331 4208 745 4266 inenarrabilem
776 4206 1069 4271 unitatem;
1114 4212 1369 4259 manente
1416 4218 1547 4258 vero
1599 4211 1750 4259 extra

153 4305 487 4376 passionem,
533 4308 795 4372 quantum
837 4299 904 4354 ad
956 4298 1125 4369 ipsius
1173 4306 1425 4353 naturam
1472 4298 1747 4367 pertinet:

155 4396 508 4468 impassibilis
536 4395 681 4451 enim
703 4393 846 4451 Deus
866 4399 967 4447 est.
999 4390 1187 4460 Neque
1215 4388 1269 4444 id
1295 4388 1490 4444 mirum
1507 4429 1522 4453 ,
1553 4403 1674 4443 cum
1698 4395 1754 4442 et

116 4564 125 4569 _
156 4491 337 4561 ipsam
362 4487 594 4544 hominis
623 4486 858 4541 animam
884 4484 1183 4547 videamus,
1211 4482 1388 4552 siquid
1416 4496 1610 4553 corpus
1630 4497 1753 4552 pas-

156 4600 283 4642 sum
303 4581 480 4647 fuerit,
504 4587 657 4637 extra
681 4579 990 4650 passionem
1010 4576 1228 4647 quidem
1251 4583 1760 4646 manentem,quan—

161 4685 279 4733 tum
306 4675 541 4747 pertinet
566 4672 634 4728 ad
663 4680 944 4735 naturam;
976 4676 1214 4723 attamen
1240 4682 1351 4723 non
1379 4674 1531 4723 extra
1556 4667 1758 4737 passio-

163 4784 294 4825 nem
310 4781 430 4824 esse
449 4764 694 4833 intelligi,
709 4778 776 4818 eo
796 4759 943 4831 quod
956 4759 1233 4830 proprium
1254 4759 1322 4815 sit
1343 4774 1539 4829 corpus
1566 4758 1755 4829 ipsius,

163 4862 312 4933 quod
340 4861 559 4933 patitur.
583 4858 611 4899 δ
633 4857 700 4913 Ει
720 4859 846 4913 licet
868 4857 1175 4925 incontigua
1196 4856 1285 4923 sit,
1309 4863 1365 4910 et
1386 4856 1638 4927 simplex;
1671 4864 1756 4911 ta-

164 4972 294 5012 men
324 4954 377 5010 id
414 4952 558 5022 quod
593 4953 814 5022 patitur,
848 4966 954 5007 non
982 4958 1064 5005 est
1092 4949 1347 5005 alienum.
1377 4948 1469 5005 Sic
1495 4949 1758 5019 intelliges

166 5048 334 5104 etiam
388 5042 456 5099 de
507 5041 722 5097 Christo
777 5042 1017 5095 omnium
1056 5041 1343 5097 salvatore.
1404 5039 1531 5095 Utar
1579 5048 1758 5096 autem

167 5140 452 5211 exemplis,
467 5151 609 5207 quin,
631 5136 782 5204 quasi
796 5152 893 5206 per
910 5135 1157 5204 aanigma,
1180 5136 1336 5192 nobis
1352 5136 1560 5207 possint
1582 5143 1761 5191 osten-

168 5236 321 5296 dere,
350 5229 496 5302 quod
523 5227 936 5285 communicarit
974 5227 1191 5298 quidem
1233 5227 1475 5300 passioni
1503 5226 1759 5297 Unigeni-

171 5334 279 5387 tus,
303 5328 559 5391 quantum
580 5318 850 5390 pertineat
868 5317 936 5372 ad
954 5315 1371 5375 familiaritatem
1391 5320 1633 5391 corporis
1646 5320 1760 5385 sui;

174 5412 433 5470 manserit
457 5419 635 5467 autem
659 5409 923 5483 passionis
952 5424 1162 5481 expers,
1192 5419 1251 5466 ut
1272 5411 1431 5468 Deus.

1852 3292 2028 3341 tentes
2047 3288 2190 3341 enim
2211 3289 2531 3358 scriptorum
2546 3291 2651 3345 vim
2674 3294 3001 3377 examinare,
3020 3298 3163 3364 quod
3183 3301 3441 3369 mysterio

1852 3378 2122 3447 expediat,
2156 3379 2207 3433 in
2234 3382 2517 3451 pmsentia
2557 3385 2995 3440 memorabimus.
3026 3384 3192 3443 Pullis
3229 3388 3443 3446 duobus

1852 3479 2197 3541 comparatur
2236 3471 2499 3541 Christus,
2546 3490 2655 3529 non
2703 3476 2849 3544 quod
2889 3476 2995 3532 duo
3037 3479 3145 3532 sint
3186 3479 3297 3545 ﬁlii,
3345 3482 3443 3536 sed

1850 3564 1996 3634 quod
2025 3581 2161 3619 unus
2182 3566 2361 3636 potius
2389 3582 2456 3620 ex
2476 3566 2704 3634 duobus,
2731 3567 3009 3624 divinitate
3037 3578 3091 3625 et
3110 3572 3443 3629 humanitate

1852 3656 1906 3710 in
1936 3657 2196 3711 unitatem
2224 3658 2452 3712 collatis.
2486 3658 2668 3714 Mundi
2694 3669 2873 3715 autem
2901 3662 3031 3733 pulli
3057 3682 3069 3715 :
3093 3679 3269 3734 neque
3296 3666 3441 3720 enim

1850 3748 1978 3804 fecit
2002 3757 2281 3820 peccatum
2312 3750 2454 3805 Deus
2494 3759 2680 3807 noster
2705 3751 2861 3808 Jesus
2899 3754 3173 3822 Christus;
3202 3758 3297 3812 sed
3325 3768 3443 3814 erat

1853 3840 2088 3897 Verbum
2133 3849 2400 3906 sanctum,
2433 3849 2489 3897 et
2516 3842 2840 3907 divinitatis,
2877 3852 2931 3899 et
2968 3848 3316 3903 humanitatis
3354 3865 3447 3903 ra-

1853 3936 2001 3991 tione
2025 3936 2230 4009 [Baluz.
2262 3952 2364 3989 om.
2399 3934 2652 4006 ratione].
2684 3936 3008 3993 Volucribus
3050 3954 3180 3994 vero
3218 3955 3442 4010 compa-

1852 4034 2021 4091 ratur,
2054 4026 2198 4095 qnod
2243 4026 2395 4094 quasi
2436 4026 2491 4079 in
2534 4026 2749 4080 sublimi
2771 4027 2841 4081 sit
2878 4043 3041 4098 supra
3070 4038 3297 4095 terram,
3329 4041 3384 4087 et
3411 4050 3445 4089 θ

1853 4118 1993 4173 caelo
2020 4116 2252 4187 desuper
2284 4134 2296 4169 :
2326 4132 2357 4171 e
2385 4116 2524 4171 cmlo
2549 4117 2693 4171 enim
2722 4118 2886 4173 homo
2909 4127 2992 4174 est
3013 4118 3284 4188 Christus,
3317 4123 3445 4179 licet

1852 4224 2074 4265 carnem
2097 4218 2284 4265 sancta
2310 4208 2472 4279 Virgo
2495 4211 2793 4281 pepererit;
2826 4227 2892 4267 eo
2922 4214 3083 4269 modo
3112 4215 3273 4284 igitur
3292 4216 3446 4274 desu-

1852 4317 1951 4374 per
1978 4310 2034 4357 et
2060 4302 2127 4356 de
2148 4302 2306 4358 caelo.
2332 4301 2475 4357 Deus
2503 4302 2646 4357 enim
2666 4302 2923 4371 Verbum,
2946 4306 3093 4375 quod
3112 4316 3195 4363 est
3214 4308 3445 4381 desuper

1854 4404 1910 4453 et
1936 4412 2005 4451 ex
2034 4394 2213 4463 Patre,
2244 4411 2462 4452 carnem
2492 4411 2559 4451 ex
2590 4395 2807 4465 Virgine
2833 4407 3019 4454 sancta
3062 4402 3347 4472 accipiens,
3390 4413 3448 4460 et

1856 4505 1975 4545 eam
2004 4504 2156 4543 suam
2176 4488 2559 4560 propriamque
2583 4488 2923 4555 existimans,
2958 4499 3228 4563 tamquam
3249 4495 3295 4549 si
3324 4510 3446 4551 eam

1784 4580 1838 4641 D
1862 4582 2093 4653 desuper
2121 4588 2175 4636 et
2202 4580 2269 4635 de
2296 4580 2435 4636 coelo
2464 4579 2764 4646 detulisset,
2796 4581 3008 4637 dicebat
3032 4602 3044 4636 :
3074 4583 3241 4641 Nemo
3266 4604 3450 4642 αδεσπ-

1858 4674 1937 4728 dit
1959 4673 2013 4725 in
2040 4673 2240 4737 calum,
2264 4673 2365 4727 nisi
2386 4674 2471 4744 qui
2500 4672 2563 4727 de
2588 4673 2713 4727 caelo
2742 4672 3006 4728 descendit
3032 4677 3171 4745 ﬁlius
3200 4678 3445 4744 hominis,

1857 4766 2046 4834 quiest
2068 4766 2124 4819 in
2145 4768 2269 4820 caelo
2299 4765 2477 4837 (Joan.
2508 4782 2583 4832 ιιι,
2618 4766 2725 4835 15).
2753 4765 2828 4821 Ea
2858 4768 3002 4821 enim
3028 4782 3147 4836 qua:
3175 4785 3272 4823 sua
3296 4778 3444 4836 sunt,

1860 4858 2092 4929 propriae
2132 4859 2281 4914 carni
2318 4874 2533 4930 semper
2560 4859 2833 4925 attribuit;
2870 4859 3162 4915 adunatum
3202 4878 3331 4919 vero
3359 4880 3447 4922 se-

1860 4949 1986 5014 mel,
2009 4948 2123 5019 jam
2143 4965 2263 5005 cum
2292 4950 2407 5020 ipsa
2436 4966 2601 5005 unum
2626 4950 2828 5005 scilicet
2852 4952 3166 5008 aestimatur.

1930 5042 2197 5098 Caeterum
2244 5042 2385 5109 vide,
2425 5043 2603 5099 occiso
2650 5058 2758 5097 uno
2804 5042 2969 5113 pullo,
3015 5044 3183 5101 lavari
3230 5048 3449 5118 quidem

1864 5141 2093 5195 alterum
2141 5137 2257 5207 ejus
2296 5136 2575 5206 sanguine,
2616 5144 2797 5191 tamen
2842 5153 2951 5192 non
2990 5140 3193 5207 emori;
3225 5149 3281 5196 et
3320 5143 3451 5213 quid

1866 5236 1970 5289 hoc
1994 5232 2100 5288 sit?
2128 5230 2356 5286 Vivebat
2373 5229 2625 5293 Verbum,
2659 5228 2784 5285 licet
2811 5244 2905 5285 sua
2926 5245 3053 5286 caro
3074 5229 3262 5288 fuisset
3280 5249 3455 5291 emor-

1868 5334 1979 5390 tua,
2012 5333 2067 5379 et
2094 5336 2434 5379 communem
2463 5322 2767 5393 passionem
2813 5337 2933 5379 esse
2959 5323 3193 5389 dicebat,
3230 5335 3456 5399 propter

1868 5417 2249 5474 adunationem
2295 5422 2351 5470 et
2389 5413 2803 5474 familiaritatem
2849 5429 3012 5485 quam
3051 5416 3285 5474 habebat
3328 5435 3454 5477 cum

1305 5548 1849 5612 CASTIGA'I‘IONES
1886 5553 1978 5609 ET
2014 5551 2243 5610 NO'UE.

254 5674 280 5705 ι
334 5666 431 5723 llic
476 5666 625 5721 locus
666 5663 895 5718 habetur
938 5661 1235 5733 descriptus
1284 5662 1338 5717 in
1388 5663 1524 5719 libro
1578 5665 1754 5733 primo

254 5679 280 5705 ι
334 5679 431 5723 me
479 5679 625 5721 locus
668 5679 895 5718 habetur
938 5679 1235 5733 descriptus
1284 5679 1338 5717 ιιι
1388 5679 1524 5719 nnro
1617 5681 1752 5722 runo

181 5738 394 5867 Iﬁeontii
441 5735 713 5808 Byzantini
758 5733 1014 5789 adversus
1059 5732 1421 5806 Eutychianos
1448 5736 1547 5793 sub
1571 5679 1752 5794 gnem.

228 5826 382 5867 Αιυι.

470 5904 740 5964 ΡΑτιιοιι.
786 5899 1067 5964 XLVIII.

1931 5664 1959 5705 b
2000 5664 2210 5739 Βίιιιιῑ2
2249 5665 2367 5719 licet
2422 5668 2718 5739 incontigua
2773 5669 2843 5725 sit
2896 5672 3122 5727 omnium
3181 5671 3455 5737 salvatori,

1864 5736 2014 5805 Utar,
2035 5745 2138 5793 etc.
2170 5736 2323 5799 Eutr.

3094 5897 3170 5957 33
