3924 6282
490 356 624 415 1055

997 354 1192 435 MAR"
1230 354 1664 413 MERCATORIS
1700 352 2271 411 TRANSLATIONES
2312 353 2666 413 VARIORUM
2704 352 3232 414 OPUSCULORUM.

3649 358 3815 417 i036

482 487 663 531 carne.
694 469 861 541 Igitur
896 470 1071 549 ipsum
1111 470 1328 542 quidem
1368 470 1519 536 vivit,
1563 476 1624 525 ut
1670 467 1838 543 Deus;
1870 483 2071 545 corpus
2094 470 2148 532 Δ
2174 484 2303 553 ηθιιι
2327 485 2561 538 seorsus,
2594 480 2650 526 et
2691 486 2910 528 seorsus
2938 472 2993 528 in
3020 471 3233 540 Deum;
3262 487 3440 545 neque
3468 490 3617 530 vero
3657 484 3809 531 tam—

410 614 421 642 ,
484 583 615 624 vero
641 573 915 645 tamquam
942 566 1217 645 proprium
1246 563 1493 637 faciebat,
1526 571 1582 618 et
1623 562 1702 618 sic
1730 562 1784 635 in
1823 577 1883 616 se
1911 560 2071 637 fami-

388 647 398 655 ’
484 659 692 717 liariter
737 657 1034 735 accipiebat
1083 656 1326 728 corporis
1368 655 1669 729 passiones,
1719 670 1841 709 cum
1890 654 2069 724 ipsum

484 751 616 806 nihil
644 750 701 804 in
730 757 920 823 natura
960 749 1175 823 propria
1213 755 1505 823 pateretur.
1540 744 1766 801 Prodest
1806 744 1967 814 igitur
2009 750 2067 799 et

485 818 847 917 necessarium
888 818 989 905 est,
1032 818 1079 895 si
1114 820 1169 894 in
1212 855 1320 894 uno
1374 838 1588 893 Christo
1635 836 1688 892 id
1742 836 2071 908 accipiamus

483 937 631 1009 quod
652 936 944 1011 secundum
966 933 1110 990 aliud
1130 940 1186 990 et
1211 933 1353 995 aliud
1377 932 1444 990 de
1473 949 1580 988 uno
1614 933 1912 1015 eodemque
1935 946 2070 987 con-

485 1031 755 1097 stituatur,
806 1037 861 1085 et
893 1029 1036 1100 quod
1083 1028 1138 1095 in
1184 1027 1293 1084 duo
1333 1027 1496 1083 dividi
1543 1043 1653 1082 non
1691 1026 2066 1098 permittathr,

484 1120 611 1175 licet
637 1120 846 1176 diversa
885 1121 1025 1197 inter
1051 1136 1141 1189 se,
1172 1127 1226 1175 et
1254 1119 1472 1176 minime
1499 1117 1903 1185 convenientia,
1936 1125 2061 1175 actu

487 1195 606 1281 esse
645 1211 909 1275 dicantur.

520 1278 531 1289 ἥ
558 1278 652 1358 Est
690 1312 870 1359 autem
900 1304 1005 1377 tale
1042 1303 1185 1375 quod
1212 1302 1351 1359 dico.
1384 1302 1580 1359 Natum
1607 1317 1726 1357 esse
1766 1300 2068 1358 secundum

486 1410 702 1451 carnem
730 1410 799 1449 ex
825 1396 1048 1451 muliere
1085 1395 1251 1449 Deum
1282 1394 1508 1449 dicimus
1537 1392 1789 1459 Verbum,
1822 1391 2070 1462 quamvis

485 1486 733 1541 omnibus
776 1487 947 1561 ipsum
991 1483 1195 1557 [Baluz.
1228 1482 1367 1559 ipse]
1414 1484 1652 1557 prmbeat
1696 1483 1864 1547 nasci,
1914 1489 1971 1538 et
1999 1484 2069 1537 ad

485 1579 837 1644 nativitatem,
881 1593 1001 1647 qutc
1046 1578 1282 1631 nondum
1313 1584 1437 1631 nata
1475 1583 1618 1641 sunt,
1649 1583 1822 1632 vocet.
1860 1575 2069 1632 Secun-

485 1670 613 1726 dum
641 1670 783 1725 aliud
812 1679 866 1725 et
906 1669 1049 1723 aliud
1078 1668 1284 1741 (Batus.
1317 1686 1418 1723 om.
1449 1677 1506 1724 et
1532 1667 1698 1739 aliud]
1739 1676 1921 1723 natum
1964 1674 2072 1734 est,

486 1778 554 1819 eo
581 1761 725 1832 quod
756 1762 919 1817 homo
944 1761 1112 1816 nostri
1151 1760 1340 1816 similis
1380 1759 1741 1829 intelligatur;
1771 1766 1930 1815 vocat
1966 1774 2066 1813 au-

2178 577 2340 637 quam
2368 561 2480 631 Deo
2508 564 2849 634 conjunctum
2890 565 3197 647 aequalitate
3244 565 3561 636 dignitatis,
3599 567 3811 626 divisis

2178 653 2507 722 substantiis,
2538 670 2660 710 cum
2708 654 2827 725 ipso
2858 656 3072 712 adorari
3119 657 3348 725 dicimus
3379 659 3684 715 hominem
3719 662 3805 732 (id

2176 746 2318 801 enim
2335 755 2588 802 extremae
2611 748 2902 819 impietatis
2921 738 3293 820 plenissimum
3309 751 3414 820 est)
3442 770 3456 806 :
3481 753 3588 823 sed
3622 770 3801 809 unum

2176 837 2508 894 adorandum
2531 839 2801 895 hominem
2831 838 3052 908 factum,
3080 850 3136 897 et
3160 842 3497 899 incarnatum
3520 844 3637 899 Dei
3662 844 3801 901 Ver-

2175 928 2333 994 bum;
2366 930 2440 984 ita
2468 938 2667 997 tamen,
2707 939 2768 986 ut
2812 933 3095 1003 credamus
3136 950 3334 1006 corpus
3375 936 3427 992 ei
3477 938 3799 993 adunatum

2175 1020 2411 1074 animam
2460 1020 2616 1099 juxta
2673 1036 2771 1078 nos
2816 1023 3073 1080 habuisse
3127 1026 3532 1082 rationabilem.
3600 1027 3803 1099 Neque

2175 1110 2317 1185 enim
2347 1096 2488 1166 Deus
2518 1113 2856 1183 omnipotens
2897 1114 3033 1171 duos
3079 1116 3472 1191 primogenitos
3519 1096 3798 1191 praecepit

2175 1209 2445 1272 oportere,
2480 1213 2586 1275 tam
2614 1220 2651 1281 ει
2684 1200 2837 1279 nobis
2872 1222 3032 1276 quam
3066 1224 3095 1263 a
3130 1206 3329 1265 sanctis
3358 1212 3607 1280 angelis,
3645 1212 3785 1268 ado—

2174 1289 2300 1363 rari.
2333 1289 2483 1348 Unus
2521 1301 2603 1348 cst
2629 1294 2793 1367 enim,
2824 1297 2917 1366 qui
2965 1307 3050 1353 est
3096 1298 3435 1358 introductus
3475 1302 3532 1358 in
3588 1305 3789 1361 orbem

2175 1388 2441 1459 terrarum
2491 1383 2649 1456 (Hel).
2683 1402 2729 1463 ιἶ
2775 1385 2860 1458 ϐ);
2905 1398 2960 1443 et
2999 1390 3045 1444 si
3084 1378 3507 1449 introductionis
3551 1395 3786 1451 modum

2175 1473 2439 1529 curiosius
2480 1485 2896 1547 perscrutemur,
2930 1480 3162 1537 carnalis
3201 1482 3639 1553 dispensationis
3669 1502 3787 1559 my-

2174 1565 2397 1620 sterium
2422 1566 2774 1624 inveniemus.
2805 1570 3149 1628 Introductus
3174 1582 3257 1630 est
3285 1582 3475 1631 autem
3502 1575 3559 1630 in
3581 1578 3783 1634 orbem

2175 1661 2459 1721 terrarum,
2488 1644 2615 1712 tunc
2636 1674 2756 1713 cum
2785 1658 2954 1716 factus
2978 1669 3062 1717 est
3090 1663 3272 1730 homo,
3300 1664 3428 1720 licet
3460 1673 3665 1721 natura
3690 1683 3783 1723 sua

2174 1746 2375 1803 distare
2405 1749 2473 1804 ab
2514 1752 2645 1820 orbe
2674 1751 2987 1822 longissime
3016 1742 3282 1821 videatur,
3308 1764 3366 1813 et
3398 1759 3451 1813 in
3483 1758 3785 1817 divinitatis

485 1828 691 1909 tem—ad
718 1852 1049 1907 nativitatem
1078 1851 1278 1925 omnia,
1311 1866 1377 1907 eo
1399 1850 1544 1920 quod
1564 1828 1773 1904 natura
1801 1850 1870 1905 sit
1900 1850 2063 1905 Deus.
2100 1828 2153 1896 Β
2178 1838 2471 1915 eminentia
2498 1856 2625 1897 vere
2652 1857 2771 1898 esse
2800 1845 3051 1901 credatur
3076 1865 3090 1899 :
3122 1848 3258 1902 alios
3288 1857 3373 1904 est
3401 1851 3550 1905 enim
3581 1861 3785 1923 ιιι-κίει-

556 1945 823 2017 Scriptum
852 1953 934 1998 est
963 1944 1126 2001 etiam
1164 1943 1232 1998 de
1260 1945 1376 2014 ipso
1422 1962 1435 1996 :
1466 1942 1607 1999 Puer
1644 1944 1976 2015 proﬁciebat,
2019 1952 2070 1999 et

485 2034 889 2111 chonfortabatur,
919 2044 970 2091 et
1006 2033 1313 2105 implebatur
1342 2035 1599 2107 sapientia
1626 2043 1675 2089 et
1702 2037 1873 2107 gratia
1913 2033 2063 2108 (Luc.

483 2145 539 2195 ιι,
571 2125 676 2198 52).
707 2126 842 2181 Cum
869 2133 1061 2182 natura
1085 2126 1154 2179 sit
1181 2124 1496 2196 perfectum,
1526 2135 1586 2179 ut
1612 2124 1772 2193 Deus,
1805 2133 1858 2179 et
1885 2140 1953 2179 ex
1973 2140 2071 2199 sua

484 2220 816 2292 plenitudine
856 2218 1114 2295 spiritalia
1160 2218 1358 2275 sanctis
1405 2217 1708 2287 impertiat;
1745 2233 1865 2273 cum
1894 2217 2069 2287 ipsum

485 2314 556 2369 sit
579 2312 852 2384 sapientia:
874 2300 1028 2367 dator
1055 2319 1109 2365 et
1136 2311 1338 2380 gratiae,
1369 2309 1642 2383 quomodo
1670 2307 1884 2381 prolicit
1910 2326 2063 2380 puer,

484 2388 829 2476 et‘sapientia
875 2402 1125 2473 impletur
1169 2409 1225 2456 et
1266 2399 1475 2471 gratia?
1503 2399 1808 2489 Secundum
1848 2400 1994 2457 aliud
2018 2407 2075 2455 et

484 2496 628 2550 aliud
652 2513 664 2548 :
690 2510 811 2563 cum
838 2494 907 2549 sit
935 2493 1077 2548 enim
1103 2492 1216 2562 ipse
1254 2490 1393 2546 idem
1419 2492 1583 2547 homo
1630 2492 1787 2547 simul
1816 2499 1871 2547 et
1899 2492 2063 2555 Deus,

483 2595 706 2659 propter
732 2587 993 2641 unitatem
1031 2585 1278 2655 quidem,
1321 2584 1540 2656 propria
1574 2584 1703 2639 dicit
1730 2583 1936 2658 [Baluz.
1970 2585 2070 2641 du-

484 2666 578 2749 cit]
603 2677 868 2753 humana;
918 2684 1000 2731 est
1045 2682 1224 2731 autem
1262 2674 1554 2757 perfectus,
1596 2682 1654 2730 et
1690 2675 1970 2746 sapientize
2015 2684 2073 2730 et

485 2770 672 2839 gratiae
691 2769 868 2834 dator,
899 2776 959 2822 ut
978 2767 1140 2822 Deus.

556 2862 901 2932 Nuncupatus
926 2867 1007 2916 est
1034 2860 1196 2915 etiam
1222 2867 1278 2914 et
1305 2859 1718 2930 primogenitus,
1744 2867 1801 2916 et
1820 2860 2069 2931 unigeni-

483 2960 605 3019 tus;
632 2952 729 3007 sed
765 2952 811 3007 si
839 2952 958 3021 quis
999 2951 1108 3006 vim
1148 2950 1318 3021 ipsam
1346 2950 1572 3007 scrutari
1602 2952 1835 3007 voluerit
1872 2952 2069 3009 dictio-

485 3057 637 3107 num,
679 3026 1068 3113 primogenitus
1105 3048 1207 3105 est,
1250 3041 1342 3109 qui
1383 3040 1524 3096 inter
1568 3039 1761 3098 fratres
1807 3041 2071 3113 plurimos

485 3134 905 3205 primogenitus;
951 3133 1255 3203 unigenitus
1292 3148 1449 3199 vero,
1490 3139 1551 3188 ut
1591 3133 1914 3203 unigenitus,
1958 3150 2068 3190 non

2175 1927 2439 1983 elementa
2466 1941 2680 1987 creator
2706 1934 2966 2004 ipsorum.
3010 1935 3153 2007 Ergo
3183 1955 3347 2015 super
3373 1956 3439 1996 ea
3461 1983 3477 2007 ,
3516 1959 3641 2014 qua:
3670 1946 3780 2015 ipse

2174 2019 2439 2085 condidit,
2472 2024 2764 2078 secundum
2815 2033 3061 2081 naturam
3110 2037 3224 2093 est,
3275 2030 3423 2099 quod
3470 2042 3671 2088 natura
3711 2037 3779 2089 sit

2174 2110 2335 2167 Deus.
2371 2111 2516 2169 Unus
2537 2122 2735 2183 tamen,
2761 2125 2821 2171 ut
2849 2126 2975 2173 ante
2996 2117 3125 2183 dixi,
3153 2119 3461 2177 adorandus
3483 2133 3588 2190 est,
3613 2126 3775 2181 etiam
3841 2151 3845 2154 ν

2175 2208 2301 2258 tunc
2327 2219 2448 2258 cum
2476 2204 2530 2285 in
2558 2207 2739 2261 multis
2768 2206 2933 2262 fuerit
2966 2207 3225 2266 fratribus
3260 2229 3273 2265 :
3308 2219 3435 2268 tunc
3470 2217 3618 2271 enim
3650 2234 3778 2288 pro-

2174 2304 2361 2364 pterea
2389 2280 2563 2353 dictus
2584 2306 2669 2353 est
2697 2300 3107 2370 primogenitus.

2247 2384 2420 2441 Unum
2448 2387 2641 2443 Filium
2669 2390 2916 2467 adoravit
2945 2408 3120 2471 caecus
3143 2409 3174 2473 a_
3204 2395 3476 2452 nativitate
3495 2414 3614 2464 sua,
3638 2416 3777 2456 cum

2173 2476 2445 2546 prmcipuo
2485 2478 2826 2551 mirabilique
2872 2483 3035 2538 modo
3080 2470 3308 2541 sanatus
3348 2497 3441 2541 est.
3470 2488 3606 2543 Nam
3643 2509 3766 2545 cum

2172 2565 2447 2621 inminet
2482 2585 2613 2639 eum
2642 2571 2697 2624 in
2739 2574 2928 2643 tempto
2960 2572 3141 2643 Iesus,
3186 2577 3322 2631 dixit
3348 2594 3368 2631 :
3400 2577 3473 2632 Tu
3511 2582 3681 2636 credis
3716 2586 3777 2638 ἰιι

2173 2655 2370 2712 Filium
2394 2657 2533 2713 Dei?
2564 2660 2666 2715 ιιιε
2704 2672 2875 2717 autem
2921 2666 3054 2719 dixit
3084 2664 3253 2731 :Quis
3281 2678 3391 2732 est,
3431 2669 3676 2741 Domine,
3717 2686 3771 2729 ιι

2174 2749 2381 2805 credam
2420 2752 2474 2805 in
2504 2770 2615 2806 eum
2642 2753 2825 2826 (Joan.
2879 2773 2951 2821 ιιι,
2983 2757 3114 2829 58)τ
3141 2758 3390 2817 Christus
3418 2780 3555 2821 vero
3596 2768 3647 2822 ei
3687 2785 3769 2825 se-

2173 2838 2353 2911 ipsum
2385 2857 2508 2896 cum
2546 2858 2777 2914 corpore
2808 2846 3217 2918 demonstrans,
3247 2853 3435 2908 aiebat
3460 2873 3474 2907 :
3504 2855 3578 2910 Et
3614 2860 3768 2912 εἰάὶςιὶ

2173 2919 2377 3002 quidem
2398 2949 2532 2999 eum,
2563 2945 2613 2989 et
2637 2938 2723 3008 qui
2744 2938 2968 3010 loquitur
2998 2947 3179 3009 tecum,
3208 2944 3322 3015 ipse
3354 2957 3437 3000 est
3474 2947 3762 3021 (Ibid-37).

2173 3022 2334 3080 Vides
2353 3026 2497 3096 quod
2535 3027 2791 3097 singulari
2820 3036 3278 3102 numero‘utatur,
3312 3054 3429 3093 non
3458 3042 3766 3111 permittens

2174 3114 2346 3171 Deum
2372 3124 2427 3173 et
2465 3118 2738 3176 hominem
2779 3137 2996 3180 seorsus
3042 3125 3306 3207 intelligi;
3340 3128 3685 3190 immo’vero
3717 3145 3766 3191 et

480 3201 595 3295 iam
620 3201 1027 3295 primogenitus,
1052 3201 1160 3280 nec
1181 3224 1322 3279 inter
1346 3224 1608 3295 plurimus
1644 3201 1855 3281 fratres.
1889 3224 1959 3280 At
1986 3233 2072 3301 est
2097 3201 2153 3267 θ
2176 3210 2343 3280 Sitilli?)
2396 3212 2669 3269 hominem
2719 3217 3081 3273 nominaverit
3136 3218 3500 3291 Emmanuel,
3563 3227 3768 3284 minime

486 3312 632 3391 ipse,
681 3316 896 3383 ethoc,
926 3324 983 3372 et
1025 3314 1186 3383 illud;
1236 3316 1509 3386 quomodo
1556 3317 1718 3386 ergo?
1758 3315 2065 3373 Secundum

485 3390 629 3461 aliud
647 3414 702 3461 et
728 3390 873 3461 aliud
902 3424 914 3459 :
947 3407 1334 3477 primogenitus
1361 3408 1526 3472 enim,
1560 3415 1617 3463 ut
1646 3407 1785 3463 inter
1811 3409 2072 3479 plurimos

484 3494 697 3563 fratres,
719 3505 943 3566 propter
959 3497 1347 3553 humanitatem
1364 3516 1377 3565 ;
1397 3499 1702 3569 unigenitus
1718 3515 1880 3570 porro
1902 3500 2064 3566 idem,

486 3593 546 3640 ut
567 3587 714 3641 solus
742 3601 808 3641 ex
837 3587 954 3643 solo
976 3585 1135 3642 Patre
1155 3596 1331 3654 natus,
1362 3596 1495 3643 etut
1521 3589 1684 3645 Deus.

555 3676 930 3735 Sanctiﬁcatus
957 3677 1120 3734 fuisse
1148 3678 1341 3734 dicitur
1366 3695 1464 3750 per
1491 3679 1769 3751 Spiritum,
1801 3697 1925 3739 cum
1955 3684 2071 3761 ipse

485 3768 821 3825 sanctificare
848 3768 1021 3825 soleat
1065 3769 1415 3845 accedentes;
1446 3770 1749 3841 baptizatus
1773 3772 2070 3828 secundum

483 3874 718 3926 carnem,
745 3859 839 3929 qui
876 3859 931 3913 in
971 3867 1158 3915 sancto
1186 3857 1388 3937 Spiritu
1423 3861 1750 3932 baptizabat.
1783 3862 2067 3930 Quomodo

482 3952 645 4021 igitur
668 3951 839 4019 idem,
886 3958 942 4006 et
964 3950 1347 4032 sanctiﬁcat-et
1389 3950 1785 4019 sanctiﬁcatur;
1832 3954 2071 4025 baptizat

482 4051 538 4097 et
566 4042 900 4113 baptizatur?
928 4040 1235 4098 Secundum
1275 4042 1419 4098 aliud
1446 4052 1502 4099 et
1529 4044 1675 4100 aliud
1713 4064 1725 4099 :
1758 4045 2069 4103 sanctiﬁca-

481 4141 571 4187 tur
592 4134 733 4187 enim
763 4134 1013 4201 humane,
1045 4134 1186 4190 sicut
1213 4135 1376 4190 etiam
1400 4135 1738 4206 baptizatur;
1767 4141 2066 4197 sanctificat

481 4233 660 4280 autem
689 4225 887 4291 divine,
909 4233 963 4281 et
989 4227 1226 4305 baptizat
1250 4229 1302 4283 in
1333 4228 1533 4299 Spiritu
1564 4240 1770 4287 sancto.

549 4315 686 4370 Cum
731 4316 845 4385 ipse
873 4320 1095 4373 suscitet
1140 4329 1402 4389 mortuos,
1436 4326 1731 4379 resurrexit
1759 4340 1790 4380 a
1817 4327 2064 4394 mortuis,

479 4416 535 4462 et
569 4423 689 4462 cum
720 4408 789 4462 sit
832 4423 931 4477 per
958 4418 1203 4465 naturam
1243 4413 1371 4478 vita,
1402 4412 1662 4470 viviﬁcari
1708 4416 1933 4484 dicitur;
1962 4419 2066 4474 hoc

478 4512 715 4567 quonam
759 4497 954 4553 modo?
1000 4498 1305 4556 Secundum
1353 4503 1497 4559 aliud
1538 4520 1733 4577 nempe
1777 4515 1831 4563 et
1871 4508 2061 4564 aliud:

2176 3302 2393 3373 quidem
2421 3317 2763 3361 communem
2786 3307 3061 3364 hominem
3104 3310 3530 3381 signiﬁcaverit;
3562 3316 3661 3371 sed
3683 3317 3766 3373 Dei

2175 3392 2411 3452 Verbum
2439 3398 2733 3456 adunatum
2759 3411 2959 3458 nostra:
2986 3414 3210 3461 naturae.
3236 3405 3397 3485 Hune
3422 3410 3573 3466 sicut
3596 3428 3760 3478 manu,

2175 3488 2449 3544 hominem
2478 3490 2774 3548 adoravere
2800 3494 2947 3549 beati
2975 3495 3242 3567 discipuli,
3272 3513 3400 3554 cum
3432 3515 3563 3555 cum
3595 3503 3765 3557 viden-

2176 3585 2259 3635 tes
2284 3581 2433 3638 miris
2462 3582 2637 3639 modis
2665 3584 2807 3640 inter
2830 3601 2998 3657 aquas
3026 3588 3321 3656 ambulare,
3356 3591 3681 3662 adoravere,
3703 3594 3765 3649 di-

2175 3678 2361 3727 centes
2393 3690 2405 3726 :
2446 3672 2579 3728 Vere
2604 3673 2701 3729 Dei
2730 3674 2900 3731 Filius
2930 3693 2983 3732 es
3015 3677 3227 3750 (Matth.
3255 3697 3362 3746 xxv,
3394 3682 3521 3751 35).

2246 3763 2304 3819 Si
2330 3780 2460 3821 vero
2506 3767 2778 3823 hominem
2824 3784 2949 3824 cum
2984 3770 3099 3826 Deo
3136 3772 3425 3829 coadorari
3457 3775 3759 3845 dixerimus,

2176 3855 2491 3914 divisionem
2550 3862 2995 3931 spatiosissimam
3049 3864 3362 3922 inducemus
3419 3887 3433 3922 :
3486 3873 3588 3928 σὺν
3634 3872 3762 3926 enim

2176 3964 2389 4021 semper
2416 3952 2580 4025 (quod
2609 3962 2691 4010 est
2718 3953 2926 4019 Latine,
2958 3957 3117 4028 cum),
3146 3959 3249 4013 nisi
3284 3961 3340 4015 in
3375 3962 3761 4032 signiﬁcatione

2175 4043 2415 4110 unitatis,
2445 4060 2566 4114 quze
2610 4053 2695 4100 est
2730 4061 2829 4116 per
2872 4050 3341 4119 compositionem,
3375 4063 3621 4124 ponatur,
3651 4055 3756 4110 duo

2175 4134 2396 4189 omnino
2442 4144 2599 4205 coget
2638 4136 2881 4207 intelligi.
2914 4137 3381 4205 Quemadmodum
3420 4145 3567 4199 enim
3603 4161 3756 4200 nemo

2173 4224 2274 4280 sibi
2304 4227 2592 4281 convenire
2620 4227 2850 4294 dicatur,
2883 4244 3058 4299 neque
3080 4224 3424 4299 concmnare,
3451 4242 3547 4288 aut
3573 4235 3759 4291 eoado-

2172 4330 2314 4382 rare,
2346 4325 2440 4372 aut
2463 4319 2836 4386 coambulare;
2866 4321 3093 4376 duarum
3120 4324 3264 4379 enim
3307 4341 3670 4396 personarum
3695 4330 3761 4384 si-

2171 4408 2571 4478 gnificationem
2617 4412 2823 4468 inducit
2863 4417 3178 4485 praepositio
3217 4419 3388 4474 verbo
3426 4421 3757 4491 prteposita:

2171 4500 2246 4555 ita
2268 4502 2431 4556 etiam
2457 4503 2623 4571 siqnis
2650 4505 2929 4560 coadorari
2957 4506 3231 4563 hominem
3259 4525 3384 4566 cum
3412 4511 3531 4567 Deo
3551 4513 3759 4577 dixerit,

474 4587 598 4659 ipse
626 4588 771 4643 enim
808 4591 1101 4645 resurrexit
1141 4592 1355 4660 quidem
1381 4608 1413 4648 a
1442 4597 1687 4663 mortuis,
1720 4606 1776 4652 et
1803 4598 2062 4656 viviﬁcari
2088 4581 2144 4644 Β
2167 4590 2304 4647 duos
2340 4592 2501 4662 Plane
2531 4593 2669 4650 54503
2700 4595 2848 4662 die“,
2881 4604 2943 4651 ει
2977 4612 3009 4652 3
3037 4613 3156 4654 5050
3181 4599 3513 4670 ἀίεὲυηοωδὲ
3544 4605 3762 4660 animus

475 4679 672 4736 dicitur
695 4679 989 4735 secundum
1014 4697 1258 4748 carnem;
1282 4683 1518 4740 vivificat
1545 4695 1725 4744 autem
1752 4697 1808 4744 et
1834 4693 2061 4748 suscitat

472 4786 507 4826 a
531 4772 774 4838 mortuis,
818 4779 1007 4843 utpote
1028 4772 1188 4837 Deus.
1222 4773 1447 4840 Patitur,
1479 4786 1535 4833 et
1570 4764 1687 4834 non
1716 4782 1938 4851 patitur,
1967 4799 2056 4839 se-

472 4866 707 4921 cundum
734 4866 881 4921 aliud
911 4874 966 4921 et
984 4867 1165 4923 aliud:
1198 4868 1402 4938 patitur
1429 4871 1647 4939 quidem
1674 4872 1908 4931 humane
1933 4892 2056 4932 car-

470 4973 561 5024 ne,
593 4974 661 5014 eo
706 4959 850 5028 quod
896 4960 1061 5016 homo
1109 4963 1211 5029 sit;
1258 4963 1601 5034 impassibilis
1643 4975 1824 5024 autem
1870 4968 2052 5027 divine

467 5058 671 5117 manet,
704 5058 762 5105 ut
782 5050 943 5107 Deus.

539 5142 795 5201 Adoravit
825 5144 941 5214 ipse
966 5144 1282 5201 nobiscum:
1315 5147 1419 5203 Vos
1445 5151 1604 5217 enim,
1646 5151 1837 5223 inquit,
1870 5154 2057 5209 adora-

464 5236 533 5289 tis
557 5235 695 5308 quod
738 5237 978 5302 nescitis;
1007 5253 1102 5292 nos
1133 5237 1414 5293 adoramus
1458 5242 1597 5313 quod
1634 5244 1823 5299 scimus
1862 5243 2042 5316 (Joan.

460 5341 534 5392 ιν,
566 5325 690 5398 2%);
721 5334 783 5382 et
796 5335 879 5383 est
915 5328 1078 5383 etiam
1103 5328 1407 5386 adorandus
1439 5349 1451 5385 :
1484 5331 1741 5388 Flectitur
1773 5337 1911 5390 enim
1947 5339 2049 5408 ipsi

464 5430 615 5472 mue
656 5434 789 5489 genu
818 5416 1041 5492 (Philip.
1083 5436 1149 5487 ιι,
1182 5421 1291 5493 10).
1340 5421 1456 5479 Hoc
1493 5439 1711 5493 quoque
1751 5428 2047 5485 secundum

464 5510 609 5565 aliud
634 5520 689 5567 et
712 5514 875 5569 aliud.
906 5513 1109 5570 Aderat
1134 5516 1298 5583 enim,
1323 5517 1450 5587 quia
1469 5525 1717 5575 naturam
1737 5524 2044 5593 assumpsit,

463 5614 583 5671 qua:
621 5601 821 5683 debeat
859 5604 1114 5672 adorare;
1147 5606 1404 5662 adoratur
1440 5616 1619 5664 autem
1660 5626 1822 5681 porro
1871 5612 2034 5683 idem,

464 5691 615 5761 quasi
660 5679 832 5763 major
870 5696 1126 5752 adorante
1168 5705 1379 5764 natura,
1422 5715 1489 5754 eo
1536 5679 1683 5770 quod
1728 5704 2043 5775 intelligitur

459 5780 621 5838 Deus.
654 5783 980 5841 Adoratione
1008 5801 1137 5843 vero
1163 5802 1271 5842 non
1301 5798 1382 5844 est
1420 5789 1760 5849 dividendum
1787 5796 1840 5851 in
1869 5798 2037 5855 homi-

1248 6008 1291 6037 ο

2168 4685 2311 4739 enim
2350 4687 2509 4753 ratio,
2544 4687 2669 4743 siin
2697 4689 2812 4744 sola
2852 4688 3129 4761 dignitatis
3155 4695 3490 4763 :equalitate,
3533 4699 3653 4753 sive
3676 4715 3761 4752 au-

2165 4778 2430 4834 ctoritatis
2459 4779 2804 4850 intelligatur,
2833 4797 2944 4838 non
2972 4799 3099 4840 esse
3121 4800 3249 4840 vera
3282 4789 3653 4856 convincitur,
3684 4791 3759 4847 id-

2165 4885 2271 4940 que
2299 4886 2335 4925 a
2357 4873 2515 4929 nobis
2537 4873 2648 4944 jam
2678 4875 2922 4945 pluribus
2948 4886 3077 4934 ante
3104 4880 3393 4949 probatum
3421 4889 3531 4937 est.

2696 5027 2927 5099 CAPUT
2974 5030 3201 5098 XXXV.

2162 5155 2415 5237 Adversus
2459 5157 2578 5213 illo;
2600 5162 2913 5237 _qui_ainnt,
2956 5164 3097 5237 quod
3134 5166 3263 5219 sola.
3290 5168 3547 5223 relatione
3596 5169 3763 5226 Dm

2643 5230 2823 5302 erbum
2849 5230 3067 5303 deceant
3078 5236 3328 5292 humana.

2230 5340 2482 5397 Garriunt
2509 5343 2749 5400 nonnulli
2778 5345 2846 5401 de
2873 5348 3076 5402 carnali
3117 5347 3526 5420 dispensatione
3559 5351 3760 5425 Unige-

2158 5431 2277 5497 niti,
2308 5440 2364 5487 et
2390 5435 2715 5501 venerabile,
2747 5453 2811 5493 ac
2830 5452 3104 5509 magnum,
3130 5448 3185 5496 et
3209 5444 3461 5513 supernis
3481 5445 3766 5515 Spiritibus

2156 5522 2605 5599 anapilissimmn
2630 5528 2964 5598 mysterium,
3009 5546 3108 5600 per
3153 5532 3300 5602 quod
3346 5534 3516 5589 etiam
3563 5535 3760 5593 salvati

2148 5632 2350 5691 sumus,
2382 5617 2448 5687 ad
2474 5634 2667 5675 sensus
2693 5620 2907 5695 fragiles
2934 5621 3261 5691 deferentes,
3285 5624 3455 5699 decus
3488 5628 3763 5687 contami-

2149 5714 2277 5769 nant
2299 5707 2854 5781 pulchritudinemque
2882 5712 3163 5777 veritatis;
3193 5730 3316 5773 cum
3346 5731 3446 5773 eos
3475 5725 3758 5786 oporteat.

2147 5815 2255 5855 non
2285 5800 2458 5867 siquid
2499 5802 2626 5857 ipsis
2651 5812 2794 5858 recte
2824 5805 3023 5862 habere
3057 5808 3326 5874 videatur,
3360 5810 3635 5869 roborare
3662 5826 3759 5871 co-
