3924 6282
218 294 356 355 1057

952 293 1008 349 S.
1044 290 1313 348 CYltILLl
1352 290 1640 350 SCHOLIA
1680 294 1768 352 DE

1896 247 2312 354 unusunus
2354 295 2728 358 nuncnum.

3339 301 3486 370 1058,

211 410 368 474 nari;
415 407 508 463 sed
551 407 812 476 inspicere
857 406 1043 475 magis,
1073 405 1254 460 subtili
1293 415 1556 477 acutoque
1598 408 1792 463 mentis
1820 419 1874 484 Α
1968 410 2276 467 Patiebatur
2305 420 2485 468 autem
2531 411 2946 483 impassibiliter,
2988 413 3112 484 quia
3141 429 3248 469 non
3276 415 3477 474 idcirco

214 500 395 562 oculo,
451 514 725 553 sacrarum
768 499 1103 568 propositum
1151 498 1470 564 litterarum,
1502 507 1661 568 atque
1707 515 1793 556 rc-

212 601 361 647 ctum
399 591 473 645 ita
503 590 605 644 iter
633 590 854 660 ingredi,
897 597 1165 644 sectantes
1207 604 1270 644 ea
1299 605 1417 662 qure
1446 587 1632 646 Patres
1668 608 1796 646 san--

212 683 439 740 ctissimi
469 683 861 749 examinarunt,
886 683 977 754 qui
1006 682 1178 737 sancti
1206 681 1434 753 Spiritus
1457 683 1798 737 illuminatio-

213 780 375 836 nibus
403 780 616 845 eruditi,
647 795 873 836 sanxere
900 779 1057 834 nobis
1097 779 1397 852 symbolum
1446 777 1587 845 ﬁdei,
1620 779 1793 848 ipsum

207 871 471 935 dicentes,
503 871 646 941 quod
675 887 742 927 ex
783 870 957 926 Patris
1003 870 1302 926 substantia
1351 869 1797 924 inaestimabiliter

205 973 399 1018 natum
445 971 544 1028 est,
578 963 742 1017 Deum
789 962 1042 1027 Verbum,
1090 978 1189 1032 per
1235 961 1379 1031 quod
1427 962 1609 1016 omnia
1654 961 1794 1018 facta

204 1065 356 1121 sunt,
385 1072 504 1126 qua:
534 1056 588 1110 in
615 1055 772 1121 c0310,
800 1070 855 1110 et
884 1070 1002 1124 qua:
1032 1055 1084 1110 in
1115 1062 1292 1121 terra;
1324 1062 1543 1124 propter
1577 1070 1675 1108 nos
1698 1054 1798 1110 ho-

202 1151 402 1215 mines,
435 1157 489 1204 et
533 1156 730 1204 nostra:
768 1148 955 1203 salutis
995 1162 1154 1202 causa
1197 1145 1556 1212 descendisse,
1587 1146 1791 1219 [Baluz.

200 1242 334 1296 add.
367 1256 585 1296 carnem
625 1237 846 1310 factum]
883 1239 1154 1294 hominem
1183 1238 1404 1306 factum,
1449 1255 1791 1308 passumque,

197 1333 514 1392 ascendisse
559 1332 611 1387 in
659 1332 875 1395 coelum,
926 1339 1211 1387 venturum
1255 1339 1378 1400 post
1423 1329 1628 1404 [Baluz.
1677 1328 1795 1402 per]

197 1437 454 1498 tempora
476 1426 719 1496 judicare
749 1425 898 1480 vivos
927 1433 981 1479 et
1008 1431 1268 1480 mortuos.

281 1519 481 1574 Verum
510 1517 750 1587 nonnulli
791 1525 934 1583 sunt,
965 1516 1155 1573 doctos
1201 1532 1259 1571 se
1296 1531 1414 1572 esse
1458 1517 1795 1586 scientesque

195 1612 429 1680 opinati,
460 1619 515 1666 et
542 1611 852 1681 supercilio,
891 1621 945 1666 et
987 1619 1198 1666 tumore
1225 1610 1442 1676 suﬂlati,
1474 1611 1566 1679 qui
1606 1611 1651 1666 si
1681 1611 1795 1668 hinc

194 1700 369 1755 verba
409 1699 694 1767 audierint,
727 1699 1006 1767 derident;
1037 1709 1091 1756 et
1118 1715 1178 1756 ea
1210 1716 1327 1770 quin
1350 1708 1458 1756 tam
1497 1709 1645 1756 recte
1671 1710 1795 1756 sunt

1899 521 1958 584 se
1986 506 2300 576 humiliavit,
2351 518 2409 563 ut
2446 515 2590 564 esset
2637 516 2843 563 tantum
2891 507 3079 565 similis
3131 511 3334 578 nostri;
3385 516 3478 568 sed

1897 583 2043 670 quia,
2060 605 2117 651 ut
2140 607 2263 654 ante
2278 598 2406 666 dixi,
2426 600 2477 658 id
2493 607 2694 654 natune
2719 614 2849 666 suae,
2865 600 2941 654 uti
2958 600 3027 654 sit
3047 587 3295 656 omnibus
3314 616 3478 672 supe-

1897 690 2028 754 rior,
2073 700 2392 752 reservarat.
2443 689 2511 745 At
2538 691 2582 746 si
2610 691 2928 758 diceremus,
2956 690 3099 762 quod
3127 706 3224 764 per
3252 709 3480 750 conver-

1897 781 2103 838 sionem
2132 785 2214 839 vel
2255 785 2728 841 commutationem
2759 791 2961 839 naturze
2990 799 3101 846 suae
3147 785 3202 839 in
3232 793 3478 840 naturam

1898 873 2167 928 transierit
2195 876 2388 941 carnis,
2440 869 2658 930 necesse
2705 883 2822 929 erat
2860 875 3107 933 omnibus
3153 876 3327 932 modis
3357 893 3475 943 nos,

1898 966 2094 1021 invitos
2109 967 2289 1034 etiam,
2310 969 2572 1035 conliteri,
2598 983 2847 1023 arcanam
2864 968 3208 1040 divinamque
3229 977 3478 1024 naturam

1896 1059 2060 1117 fuisse
2096 1060 2420 1130 passibilem.
2472 1061 2564 1116 Sin
2619 1069 2817 1124 autem,
2850 1060 2976 1115 licet
3008 1060 3160 1129 juxta
3188 1078 3288 1117 nos
3317 1061 3480 1118 homo

1896 1153 1966 1209 sit
1990 1153 2183 1218 factus,
2229 1153 2485 1207 manserit
2513 1153 2826 1209 immutatus
2881 1152 3085 1224 [Batus
3121 1154 3478 1207 incommuta-

1898 1246 2026 1319 tus],
2055 1255 2136 1302 est
2166 1246 2307 1302 enim
2338 1247 2610 1318 proprium
2650 1248 2852 1303 caelesti
2881 1256 3101 1314 naturai,
3135 1256 3194 1306 ut
3220 1249 3330 1319 pati
3370 1265 3478 1303 non

1897 1339 2099 1410 possit;
2129 1338 2323 1395 deinde
2345 1355 2440 1410 per
2468 1339 2849 1394 adunationcm
2878 1340 3046 1411 ipsius
3080 1339 3278 1395 factum
3320 1339 3481 1400 fuerit

1897 1445 2094 1500 corpus
2122 1430 2374 1502 passibile
2418 1448 2430 1482 :
2463 1438 2677 1500 oportet
2716 1440 2776 1485 ut
2825 1432 3079 1501 patiatur,
3121 1445 3348 1502 corpore
3377 1443 3476 1502 pa-

1897 1523 2085 1588 tiente,
2113 1538 2178 1579 eo
2205 1522 2350 1592 quod
2378 1537 2574 1593 corpus
2597 1521 2760 1592 ipsius
2785 1521 2944 1577 fuisse
2965 1523 3160 1577 dicitur
3177 1521 3475 1598 proprium;

1896 1620 2078 1668 manet
2102 1628 2234 1672 vero
2263 1613 2376 1684 ipse
2409 1611 2765 1683 impassibilis,
2793 1627 2858 1667 eo
2887 1611 3031 1684 quod
3053 1613 3217 1684 ipsius
3245 1621 3326 1669 est
3351 1628 3478 1686 pro-

1895 1705 2070 1774 prium
2099 1715 2158 1759 ut
2183 1706 2294 1776 pati
2322 1721 2430 1760 non
2452 1705 2637 1776 possit.

191 1790 367 1857 dicta,
392 1792 746 1848 deliramenta
767 1793 938 1862 magis
965 1792 1275 1849 existimant
1305 1811 1317 1846 :
1349 1810 1472 1850 cum
1493 1796 1790 1864 pnesertim
1822 1797 1868 1860 B
1966 1795 2119 1864 Quod
2147 1797 2192 1852 si
2219 1796 2546 1865 gloriﬁcatus
2574 1805 2656 1854 est
2683 1793 2998 1851 Emmanuel
3028 1811 3125 1867 per
3147 1795 3474 1866 passionem,

192 1885 484 1940 credamus
514 1885 904 1942 illuminatione
925 1886 1157 1957 Spiritus
1175 1887 1345 1942 sancti
1372 1888 1606 1957 patuisse
1636 1903 1794 1952 sanc-

192 1978 272 2034 tis
299 1976 548 2034 Patribus
585 1979 867 2034 scientiam
897 1979 1160 2034 veritatis.
1211 1979 1282 2033 At
1326 1979 1420 2045 illi,
1455 1989 1727 2049 tamquam
1750 1979 1796 2034 si

192 2070 306 2128 soli
334 2069 542 2140 possint
568 2069 793 2125 meliora
849 2069 1068 2138 sentire,
1103 2085 1210 2124 non
1252 2070 1425 2142 ipsum
1465 2069 1792 2137 existimant,

191 2163 533 2232 unigenitum
579 2162 676 2218 Dei
705 2162 918 2229 Filium,
951 2164 1042 2232 qui
1071 2172 1154 2219 est
1201 2178 1270 2218 ex
1308 2164 1606 2218 substantia
1657 2163 1791 2234 ejus,

192 2251 370 2310 Deum
401 2252 635 2310 Verbum
666 2269 884 2324 passum
925 2269 1044 2310 esse
1073 2270 1169 2308 sua
1189 2269 1354 2310 carne
1383 2271 1480 2324 pro
1512 2255 1666 2309 nobis
1694 2256 1796 2310 hu-

192 2356 379 2406 mane,
410 2342 535 2400 licet
569 2359 636 2398 eo
663 2343 808 2412 quod
852 2343 995 2398 Deus
1025 2344 1358 2416 intelligitur,
1392 2345 1445 2398 in
1470 2360 1564 2400 sua
1603 2355 1793 2401 natura

193 2433 417 2498 habeat,
448 2443 507 2490 ut
535 2437 646 2505 pati
677 2452 784 2493 non
825 2437 1026 2506 possit;
1056 2437 1330 2493 hominem
1371 2446 1548 2492 autem
1579 2454 1796 2493 seorsus

196 2533 259 2580 et
283 2527 571 2595 separatim
594 2542 717 2582 eum
741 2534 1030 2597 ponentes,
1053 2527 1147 2596 qui
1175 2535 1260 2582 est
1285 2543 1353 2583 ex
1373 2535 1556 2582 sancta
1581 2528 1796 2596 Virgine

196 2622 536 2684 procreatus.
562 2615 766 2678 Deinde
792 2617 864 2682 ei,
889 2625 1149 2686 quantum
1174 2617 1303 2687 ipsis
1323 2617 1552 2683 videtur,
1575 2617 1794 2672 modum

194 2705 384 2772 gloriae
417 2707 730 2774 tribuentes,
755 2707 1050 2764 adunatum
1089 2707 1254 2764 fuisse
1277 2708 1464 2764 dicunt
1489 2708 1669 2764 Verbo
1698 2709 1794 2765 Dei

195 2791 406 2863 Patris;
456 2805 510 2853 et
552 2800 818 2854 rationem
867 2799 1213 2855 adunationis
1237 2807 1590 2870 exponentes,
1621 2799 1792 2856 donav

193 2893 311 2940 tam
331 2901 452 2942 esse
472 2887 574 2958 ipsi
589 2888 776 2946 dicunt
798 2905 828 2944 a
851 2889 962 2945 Deo
983 2889 1345 2960 aequalitatem
1361 2891 1656 2965 dignitatis,
1681 2892 1793 2949 sive

190 2978 553 3059 auctoritatis,
599 2987 655 3036 et
683 2990 742 3036 ut
769 2982 930 3036 simili
955 2983 1338 3053 appellatione,
1372 2991 1426 3038 ct
1443 2983 1706 3051 Christus,
1738 2993 1793 3041 et

188 3065 366 3124 Filius
409 3069 639 3136 dicatur,
673 3079 728 3126 et
757 3073 1034 3128 Dominus.
1085 3073 1180 3130 Sin
1219 3090 1349 3130 vero
1397 3075 1562 3132 etiam
1602 3093 1790 3147 passus

1899 1895 1960 1942 ut
1989 1888 2101 1957 ipse
2127 1887 2280 1952 dixit,
2309 1903 2430 1943 cum
2460 1903 2556 1958 pro
2588 1888 2742 1942 nobis
2766 1887 3056 1958 pretiosam
3098 1903 3308 1944 crucem
3336 1897 3478 1948 esset

1898 1994 2188 2049 passurus:
2224 1976 2379 2033 Nunc
2407 1977 2724 2050 gloriﬁcatus
2765 1988 2840 2032 est
2878 1978 3018 2049 ﬁlius
3045 1978 3266 2034 hominis
3294 1979 3476 2054 (Joan.

1899 2084 2043 2133 xxxx,
2087 2067 2206 2138 '51);
2239 2084 2351 2133 cur,
2394 2067 2660 2138 passionis
2697 2067 2922 2138 gloriam
2950 2067 3155 2122 homini
3186 2070 3480 2128 tribuentes

1897 2159 2067 2213 solam
2110 2159 2329 2214 habenti
2359 2157 2793 2228 coiijunctionem
2836 2175 2960 2213 cum
2987 2174 3054 2214 eo
3084 2159 3134 2214 in
3173 2161 3482 2230 mqualitate
3545 2191 3550 2198 -

1896 2247 2187 2318 dignitatis,
2214 2266 2322 2304 non
2368 2250 2728 2304 erubescunt?
2766 2247 2920 2315 Nam,
2969 2249 3106 2304 sicut
3162 2249 3260 2320 ipsi
3291 2250 3480 2326 existi-

1896 2349 2064 2407 mant,
2096 2341 2376 2411 conjunxit
2401 2342 2500 2397 sibi
2529 2339 2822 2396 secundum
2862 2341 3195 2398 voluntatem
3225 2341 3399 2397 Patris
3427 2346 3484 2406 et

1896 2433 2276 2502 complacitum
2301 2435 2572 2489 hominem
2601 2433 2933 2502 simpliciter,
2970 2442 3024 2490 et
3053 2449 3174 2488 eum
3213 2449 3322 2488 sua:
3360 2433 3482 2506 glo-_-

1897 2521 1989 2574 riae
2019 2538 2203 2591 parem
2234 2517 2428 2588 cﬂ‘ecit,
2461 2529 2513 2576 et
2535 2522 2820 2584 concessit,
2852 2530 2910 2576 ut
2932 2521 3090 2577 simili
3120 2523 3482 2594 appellatione

1895 2608 2159 2677 Christus,
2183 2621 2237 2668 et
2255 2612 2440 2678 Filius,
2461 2621 2515 2667 et
2526 2612 2667 2668 Deus
2688 2614 2996 2686 nominatus
3017 2614 3104 2677 sit,
3124 2623 3178 2669 et
3197 2614 3477 2670 Dominus.

1967 2702 2108 2773 Ergo
2157 2721 2332 2776 neque
2378 2705 2714 2760 incarnatum
2770 2714 2853 2759 est
2906 2721 3033 2761 vere
3082 2704 3336 2771 Verbum,
3382 2721 3483 2766 nec

1895 2813 2118 2874 prorsus
2139 2799 2300 2853 homo
2322 2798 2640 2853 estfactum.
2670 2797 2748 2851 An
2773 2797 2928 2864 forte,
2953 2797 3115 2853 etiam
3139 2795 3301 2853 falsos
3325 2813 3481 2853 men-

1893 2890 2162 2959 dacesque
2201 2891 2379 2946 dicere
2408 2889 2660 2945 doctores
2686 2898 2904 2946 sanctos
2933 2889 3334 2956 munditotius,
3365 2887 3484 2945 nul-

1893 2983 2003 3038 lum
2052 2983 2225 3053 pariat
2273 2981 2690 3037 detrimentum?
2739 2982 2843 3036 Aut
2890 2982 3034 3038 enim
3086 2981 3285 3048 dicant,
3316 2984 3482 3050 immo

1892 3075 2063 3144 magis
2085 3072 2381 3144 procedant
2403 3072 2457 3127 in
2481 3073 2714 3126 medium
2737 3073 3032 3143 probaturi,
3062 3074 3207 3145 quod
3235 3074 3327 3143 qui
3348 3089 3480 3148 con}-

186 3174 315 3216 esse
344 3160 546 3230 aliquid
573 3162 781 3219 dicatur
809 3164 993 3231 homo,
1024 3165 1120 3234 qui
1161 3166 1228 3220 ab
1259 3164 1388 3236 ipsis
1428 3167 1783 3236 excogitatur,
1813 3165 1859 3227 C
1887 3167 2183 3236 junctionis
2224 3166 2290 3222 ab
2348 3166 2474 3237 ipsis
2522 3167 2790 3223 inducitur
2837 3167 3047 3235 modus,
3101 3169 3483 3226 incarnationis

187 3262 450 3323 oportere
479 3255 650 3320 aiunt,
693 3255 748 3308 in
797 3255 972 3325 ipsum
1014 3256 1184 3311 Deum
1213 3256 1449 3312 Verbmn
1489 3257 1696 3323 referri,
1722 3275 1788 3316 eo

183 3345 344 3413 quod
362 3345 712 3415 conjunctum
751 3347 822 3402 sit
845 3348 946 3417 ipsi
973 3348 1282 3417 aequalitate
1310 3348 1605 3418 dignitatis,
1643 3363 1784 3416 cum,

195 3437 411 3493 naturis
429 3437 634 3504 divisis,
668 3439 1035 3508 unusquisque
1064 3440 1116 3495 id
1138 3441 1227 3507 sit,
1249 3441 1393 3510 quod
1433 3450 1534 3496 est.

268 3528 580 3600 Explanabo
607 3540 788 3586 autem
820 3531 926 3588 vim
950 3534 1359 3600 sententiarum,
1391 3543 1650 3604 quantum
1674 3533 1788 3604 ipse

180 3620 436 3685 valuero,
485 3638 760 3677 sacrarum
805 3623 1105 3678 litterarum
1153 3624 1398 3702 exempla
1455 3640 1782 3694 proponens.

183 3710 397 3766 Esuriit
432 3711 694 3777 Christus,
747 3713 940 3779 itinere
967 3713 1221 3782 fatigatus
1260 3723 1361 3783 est,
1402 3715 1674 3782 dormivit,
1701 3718 1786 3790 in-_-

182 3819 408 3873 gressus
430 3813 511 3860 est
533 3806 584 3859 in
606 3806 926 3872 naviculam,
953 3809 1196 3877 pulsatus
1224 3817 1306 3864 est
1334 3825 1363 3863 a
1390 3811 1648 3865 ministris
1673 3827 1789 3867 ver-

181 3896 430 3961 beribus,
464 3911 493 3949 a
524 3895 695 3951 Pilato
734 3895 1030 3966 ﬂagellatus
1077 3909 1178 3964 est,
1212 3903 1519 3972 sputamina
1556 3904 1786 3958 militum

183 3989 428 4058 excepit,
462 3987 551 4059 qui
583 3988 769 4043 lancea
813 3989 953 4043 latus
983 4001 1300 4059 pungentes,
1327 4000 1537 4047 acetum
1558 3995 1782 4049 mixtum

184 4081 320 4136 felle
359 4081 441 4134 ori
467 4080 584 4150 ejus
613 4080 950 4146 obtulerunt;
979 4083 1212 4149 gustavit
1238 4091 1417 4138 autem
1449 4090 1503 4138 et
1531 4092 1782 4150 mortem,

184 4187 408 4228 crucem
449 4188 654 4242 passus,
682 4182 737 4227 et
765 4173 868 4226 alia
895 4174 1137 4229 convicia
1164 4173 1489 4228 Judzeorum.
1519 4173 1645 4228 Haec
1667 4189 1786 4229 om-

187 4264 285 4319 nia
314 4265 516 4319 homini
550 4264 766 4334 quidem
797 4264 1085 4332 contigisse
1113 4273 1574 4331 commemorant;
1599 4263 1786 4320 referri

182 4373 324 4411 vero
350 4357 402 4410 in
437 4356 556 4410 Filii
586 4356 698 4410 veri
736 4371 1041 4426 personam.
1096 4359 1162 4409 At
1193 4372 1292 4410 nos
1333 4355 1618 4421 credimus,
1649 4356 1787 4410 sicut

188 4449 250 4503 in
281 4463 442 4502 unum
468 4447 636 4503 Deum
671 4446 906 4513 Patrem,
938 4447 1383 4517 omnipotentem,
1416 4449 1654 4503 omnium
1705 4449 1787 4502 vi-

186 4540 426 4595 sibilium
457 4547 512 4595 et
541 4539 886 4594 invisibilium
919 4538 1209 4604 factorem;
1243 4541 1315 4594 ita
1346 4538 1507 4594 etiam
1537 4539 1588 4592 in
1624 4556 1788 4594 unum
1812 4537 1869 4598 D

186 4632 476 4686 Dominum
543 4629 724 4685 Jesum
793 4629 1110 4697 Christum,
1183 4631 1376 4685 Filiqu
1435 4630 1568 4699 ejus.
1631 4629 1778 4684 Divi-

183 4723 321 4777 dere
357 4739 484 4777 vero
521 4737 738 4776 seorsus
774 4723 826 4775 in
867 4722 1139 4776 hominem
1162 4721 1495 4785 Emmanuel,
1542 4730 1596 4776 et
1628 4737 1780 4776 seor-

183 4831 282 4869 sus
307 4815 358 4868 in
383 4813 635 4879 Verbum,
664 4828 993 4868 recusamus.
1020 4811 1264 4868 Scientes
1298 4821 1476 4868 autem
1495 4814 1641 4882 quod
1671 4813 1779 4868 fac-

187 4916 306 4961 tum
335 4907 405 4961 sit
428 4906 582 4975 juxta
613 4921 714 4960 nos
740 4903 974 4960 Verbum
1014 4905 1200 4970 homo,
1244 4920 1370 4961 vere
1411 4905 1583 4975 ipsum
1623 4921 1778 4960 eum-

177 4998 421 5068 demque
449 4999 674 5054 dicimus
703 4997 871 5053 Deum
900 4997 971 5052 de
997 4997 1141 5062 Deo;
1178 4997 1408 5054 humane
1436 5013 1564 5052 vero
1606 4996 1780 5050 homi-

188 5109 315 5148 nem
338 5093 490 5160 juxta
523 5107 620 5146 nos
645 5106 711 5146 ex
742 5090 982 5144 muliere.
1033 5089 1376 5144 Al‘lirmamus
1414 5097 1592 5142 autem
1618 5103 1781 5158 porro

184 5192 412 5254 propter
462 5181 895 5248 familiaritatem,
939 5181 1116 5236 carnis
1153 5181 1369 5250 quidem
1396 5195 1520 5235 eum
1561 5179 1784 5234 intinni-

185 5285 332 5332 tates
379 5277 541 5332 fuisse
591 5287 938 5345 perpessum;
985 5287 1231 5327 servasse
1279 5287 1408 5326 vero
1439 5279 1644 5326 naturae
1673 5286 1783 5326 sum

189 5367 694 5438 impassibilitatem,
725 5379 790 5419 eo
815 5361 961 5432 quod
990 5378 1096 5416 non
1123 5362 1287 5416 homo
1316 5369 1432 5415 erat
1461 5361 1655 5427 solum,
1689 5361 1784 5417 sed

188 5459 334 5514 idem
363 5461 524 5513 etiam
544 5457 685 5512 Deus
704 5463 928 5521 natura;
956 5462 1012 5508 et
1032 5452 1483 5524 quemadmodum
1505 5453 1783 5524 proprium

189 5562 308 5607 erat
333 5566 530 5620 corpus
575 5549 759 5618 ipsius,
807 5547 880 5601 ita
909 5546 1073 5601 etiam
1121 5545 1398 5601 naturales
1424 5546 1687 5616 corporis,
1731 5554 1785 5600 et

193 5641 547 5710 inculpabiles
573 5640 883 5709 passiones,
921 5652 1130 5692 necnon
1179 5637 1342 5692 etiam
1370 5652 1432 5694 ea
1462 5653 1583 5708 qua:
1623 5638 1674 5694 ei
1718 5638 1781 5692 il-

188 5733 298 5791 lata
340 5742 480 5799 sunt,
515 5732 808 5802 petulantia
842 5728 1241 5784 nonnullorum.
1519 5741 1526 5746 '

1892 3257 2089 3313 habeat
2120 3259 2245 3322 vim,
2279 3266 2333 3313 et
2361 3257 2412 3311 id
2441 3257 2529 3323 sit,
2553 3256 2787 3313 Verbum
2818 3273 2936 3312 esse
2957 3258 3228 3312 hominem
3260 3257 3478 3314 factum.

1890 3346 1998 3404 Aut
2045 3348 2087 3403 si
2119 3365 2181 3403 ea
2212 3365 2319 3404 non
2363 3348 2435 3402 ita
2478 3347 2675 3403 habere
2704 3347 3031 3413 existimant,
3064 3364 3229 3418 quare
3259 3348 3484 3419 conjun-

1891 3438 2088 3494 ctionis
2127 3439 2282 3494 nobis
2325 3437 2682 3508 inconjuncta:
2730 3437 2949 3496 modum
2985 3439 3311 3510 excogitant,
3340 3439 3484 3498 veri-

1891 3539 2003 3588 tate
2058 3531 2337 3600 neglecta?
2394 3546 2515 3584 eum
2561 3529 2752 3584 deccat
2798 3546 2893 3584 eos
2921 3529 3118 3595 dicere,
3164 3531 3481 3588 humanitati

1891 3631 2088 3675 nostra:
2111 3619 2403 3674 adunatum
2451 3617 2613 3674 fuisse
2658 3621 2752 3675 Dei
2785 3619 3016 3676 Verbum
3054 3629 3109 3675 et
3148 3606 3323 3678 Patris
3365 3643 3376 3676 :
3409 3625 3482 3700 ita

1890 3714 2034 3770 enim
2082 3730 2242 3769 carne
2280 3713 2497 3783 quidem
2541 3714 2757 3784 propria
2793 3713 3119 3785 intelligetur
3147 3714 3352 3786 [Baluz.
3396 3717 3480 3792 in-

1890 3804 2183 3877 telligatur]
2232 3821 2422 3875 passus
2464 3803 2718 3859 humana.
2754 3803 3024 3870 Quantum
3071 3821 3203 3858 vero
3250 3807 3484 3880 pertinet

1890 3895 1958 3950 ad
1969 3896 2262 3950 divinitatis
2273 3905 2538 3958 naturam,
2555 3895 2815 3949 molestia:
2829 3894 3002 3948 omnis
3016 3909 3228 3964 expers,
3245 3904 3304 3949 ut
3320 3895 3476 3952 Deus.

1962 3985 2116 4050 Quod
2163 3998 2298 4038 vero
2336 3983 2658 4038 relationem
2717 3982 3078 4045 nominatos,
3125 3997 3249 4052 qua)
3297 3984 3482 4042 nescio

1890 4074 2162 4143 quomodo
2186 4075 2253 4128 ab
2282 4074 2411 4143 ipsis
2440 4081 2653 4142 reperta
2684 4079 2785 4136 est,
2823 4071 3006 4139 gloria:
3043 4072 3328 4127 detrahant
3358 4074 3483 4128 Em-

1891 4165 2190 4230 manuelis;
2221 4163 2474 4232 quodque
2502 4179 2628 4220 eum
2676 4162 2768 4216 vix
2793 4178 2957 4216 unum
3001 4171 3310 4220 sanctorum
3362 4166 3482 4220 elli-

1891 4255 2036 4310 eiant
2077 4255 2491 4328 prophetarum;
2533 4253 2762 4322 etquod
2791 4255 2932 4308 inter
2959 4269 3238 4309 mensuras
3283 4258 3485 4312 consti-

1891 4354 2045 4401 tuant
2074 4347 2448 4417 plurimorum,
2472 4345 2523 4398 in
2556 4361 2729 4414 eoque
2757 4345 2946 4415 procul
2985 4345 3148 4400 dubio
3179 4348 3509 4416 capiantur“

1892 4438 2136 4508 probabo
2179 4452 2363 4507 porro,
2408 4435 2602 4492 divinae
2633 4435 2922 4506 Scriptura:
2975 4451 3184 4506 ponens
3214 4443 3482 4512 exempla.

1963 4529 2325 4586 Murmurabat
2375 4529 2663 4598 aliquando
2713 4529 2764 4583 in
2805 4529 3020 4586 deserto
3051 4527 3307 4586 adversus
3338 4531 3486 4605 Moy-

1883 4639 1978 4678 sen
2009 4631 2063 4678 ct
2090 4622 2268 4675 Aaron
2292 4621 2524 4690 populus
2553 4619 2736 4685 Israel,
2769 4619 2956 4674 dicens
2989 4639 3001 4672 :
3039 4618 3250 4674 Utinam
3292 4627 3482 4677 monui

1883 4731 2128 4778 essemus,
2161 4713 2388 4784 percussi
2421 4729 2453 4764 a
2489 4711 2715 4765 Domino
2754 4713 2808 4765 in
2839 4711 3092 4783 Egyplo,
3123 4729 3237 4766 cum
3267 4715 3483 4768 sedeba-

1885 4826 1998 4865 mus
2021 4809 2092 4862 ad
2116 4808 2247 4863 ollas
2295 4809 2550 4872 carnium,
2585 4815 2636 4860 et
2662 4803 2934 4859 edebumus
2973 4821 3130 4874 usque
3169 4805 3238 4857 ad
3266 4808 3482 4860 satieta-

1889 4914 1988 4958 tem
2014 4901 2207 4972 (Exod.
2242 4917 2351 4967 XVI,
2379 4901 2456 4972 5).
2486 4900 2625 4954 Dicit
2652 4897 2846 4952 deinde
2875 4897 3304 4965 sapientissimus
3332 4898 3482 4971 Moy-

1890 5013 1977 5052 ses
2023 4997 2161 5068 (erat
2191 4994 2336 5050 enim
2373 5005 2712 5060 consequens
2753 4997 2861 5042 tam
2903 4995 3110 5042 temere
3137 4990 3483 5060 impatientes

1886 5088 2187 5157 confutare)
2215 5106 2228 5141 :
2257 5085 2369 5141 Nos
2408 5095 2581 5140 autem
2619 5083 2744 5155 quid
2767 5081 2980 5137 sumus?
3009 5077 3192 5154 Neque
3230 5084 3366 5136 enim
3392 5083 3482 5138 ad-

1886 5197 2058 5235 versus
2092 5194 2184 5234 nos
2213 5186 2288 5232 est
2315 5176 2656 5230 murmuratio
2695 5184 2883 5239 vestra,
2924 5173 3286 5230 sed‘adursus
3314 5171 3482 5230 Deum

1891 5272 2054 5345 (Ibid.
2109 5272 2183 5342 7).
2217 5268 2496 5337 Regnabat
2541 5266 2684 5322 enim
2731 5281 2830 5336 per
2875 5265 2964 5320 illa
3021 5271 3286 5335 tempora,
3317 5265 3480 5322 etiam

1889 5367 2030 5421 Deus
2060 5363 2421 5432 omnipotens,
2460 5377 2556 5432 per
2583 5369 2798 5416 sanctos
2839 5358 3145 5432 prophetas,
3179 5359 3233 5414 in
3279 5358 3480 5434 populo

1888 5455 2126 5600 Isrj‘tfdiei
2165 5542 2370 5616 [Baluz.
2402 5540 2505 5613 llli]
2537 5548 2716 5596 autem
2755 5543 2808 5596 in
2855 5542 2960 5597 hoc
3007 5542 3170 5597 etiam
3200 5541 3495 5628 pusillorum

1891 5653 2024 5702 mes,
2049 5634 2378 5692 accedebant
2407 5633 2476 5690 ad
2499 5633 2736 5696 divinum
2766 5633 3002 5700 Samuel,
3025 5635 3264 5691 dicentes
3295 5652 3308 5687 :
3340 5632 3480 5688 Ecce

1891 5740 1939 5781 tu
1962 5728 2193 5792 senuisli,
2218 5736 2265 5779 et
2284 5725 2382 5796 ﬁlii
2406 5729 2476 5779 tui
2502 5741 2604 5780 non
2636 5725 2903 5784 ambulant
2923 5728 2974 5782 iu
3009 5729 3098 5783 uiis
3122 5728 3241 5793 tuis,
3263 5737 3311 5780 et
3337 5741 3476 5786 nunc
