3924 6282
452 325 590 386 1059

965 322 1157 381 MAR"
1193 321 1634 382 MERCATORIS
1669 323 2233 385 TRANSLATIONES
2274 327 2632 386 VARIORUM
2668 326 3198 387 OPUSCULORUM.

3571 333 3650 391 10
3669 336 3744 394 ιο

445 449 699 518 constitue
725 458 995 520 supermos
1025 463 1214 520 regem,
1243 447 1329 519 qui
1354 446 1550 519 judicet
1572 463 1688 512 nos,
1712 447 1846 501 sicut
1874 457 2033 504 ciete-
2060 453 2115 514 Α
2138 458 2403 520 quatenus
2430 449 2481 506 ei
2509 449 2685 505 carnis
2709 449 2958 505 attribuis
2986 451 3284 520 passiones,
3317 449 3446 506 licet
3489 451 3761 523 impassi-

416 538 522 597 ‘rte
546 539 736 595 habent
771 549 946 612 gentes
978 539 1037 613 (Ι
1070 540 1196 613 Reg.
1228 556 1338 606 vui,
1381 537 1456 610 5).
1487 539 1710 596 Moleste
1738 539 1791 596 id
1819 541 2033 612 quidem

446 631 605 688 nimis
625 632 832 688 terebat
849 633 1132 704 propheta.
1163 631 1254 686 Ait
1272 639 1453 688 autem
1478 632 1621 688 Deus
1649 633 1992 704 omnipotens
2017 653 2030 688 :

444 724 580 780 Audi
600 740 770 778 vocent
795 724 991 796 populi,
1021 725 1153 781 sicut
1181 723 1377 778 locutus
1398 731 1474 778 est
1513 723 1583 777 ad
1604 732 1680 789 te;
1704 727 1824 796 quia
1853 741 1958 778 non
1982 734 2031 779 te

441 823 759 884 spreverunt,
788 813 880 868 sed
905 831 987 868 me
1011 822 1326 886 spreverunt,
1375 823 1433 868 ut
1477 831 1580 869 non
1619 831 1823 888 regnem
1869 833 2032 887 super

441 921 528 960 eos
552 901 714 973 (Ibid.
743 920 791 958 v.
818 904 893 973 7).

512 995 655 1050 Dixit
700 1002 879 1051 autem
925 994 1120 1051 alicubi
1165 996 1328 1051 etiam
1373 994 1619 1052 Christus
1664 997 1866 1052 sanctis
1892 1012 2044 1068 apo--

441 1087 594 1145 stolis
624 1105 636 1140 :
668 1085 768 1153 Qui
793 1089 974 1159 recipit
1005 1105 1110 1152 vos,
1142 1105 1222 1142 me
1249 1089 1429 1158 recipit
1455 1087 1604 1159 (an.
1639 1105 1712 1151 ix,
1740 1087 1856 1161 48).
1889 1088 2031 1144 Nec-

440 1193 551 1235 non
605 1179 768 1235 etiam
813 1179 1186 1235 misericordes
1214 1195 1312 1250 pro
1343 1178 1593 1233 tribunali
1639 1195 1737 1234 suo
1768 1179 2033 1235 allocutu-

441 1283 560 1326 rum
582 1285 641 1327 se
668 1269 952 1341 pollicetur
980 1288 991 1322 :
1032 1269 1229 1335 Venite,
1271 1267 1519 1324 benedicti
1544 1269 1722 1324 Patris
1750 1272 1873 1334 mei,
1913 1289 2035 1341 per-

440 1361 594 1432 cipite
620 1370 857 1432 paratum
904 1358 1041 1414 vobis
1092 1376 1306 1431 regnum
1353 1378 1386 1413 a
1432 1361 1797 1414 constitutione
1835 1361 2033 1416 mundi

435 1450 658 1521 '(Mattli.
708 1467 831 1516 xxv,
881 1450 990 1521 5i).
1043 1448 1335 1507 Probitatis
1381 1465 1511 1506 vero
1567 1451 1808 1521 ipsorum
1854 1467 2034 1508 mores

439 1542 776 1601 familiariter
804 1561 1099 1616 agnoscens
1124 1544 1190 1600 de
1220 1546 1301 1610 iis,
1333 1546 1526 1617 quibus
1556 1546 1696 1600 bene
1730 1547 2034 1602 consultum

439 1632 616 1689 fuerat
642 1636 710 1691 ab
737 1636 866 1706 ipsis
897 1655 910 1689 :
945 1634 1200 1700 Quamdiu
1237 1637 1480 1708 feceritis,
1509 1636 1699 1706 inquit,
1730 1637 1820 1690 uni
1847 1638 2030 1690 horum

439 1727 790 1793 minimarum,
821 1729 947 1782 milii
971 1729 1164 1800 fecistis
1197 1726 1359 1798 (Ibid.
1396 1745 1443 1782 υ.
1479 1728 1598 1798 40).

2136 542 2300 597 bilem
2327 555 2508 598 serves
2537 549 2598 596 ut
2624 541 2815 596 Deum.
2845 540 2915 595 At
2937 556 3055 608 nos,
3085 542 3170 596 vir
3191 541 3412 611 optime,
3439 557 3566 597 cum
3589 545 3762 614 prius

2137 631 2551 688 adunaverimus
2592 632 2832 688 Verbum
2882 639 2938 688 et
2982 632 3298 698 hominem,‘
3329 635 3482 688 carni
3526 635 3760 706 quidem

2135 724 2415 795 passiones
2445 723 2752 789 tribuimus,
2777 723 3160 794 impassibilem
3180 739 3312 778 vero
3333 732 3394 778 ut
3422 724 3596 779 Deum
3630 741 3760 781 ser-

2135 817 2398 873 vavimus.
2426 816 2560 872 Nam
2586 817 2715 872 licet
2753 817 2930 874 factus
2959 816 3029 872 sit
3056 816 3250 872 similis
3278 816 3472 882 nostri,
3501 825 3757 874 attamen

2125 908 2275 964 scire
2324 909 2582 965 debemus
2611 909 2912 965 caelestium
2943 909 3265 980 dignitatum
3314 917 3370 965 et
3404 909 3608 966 divina:
3634 911 3758 982 ejus

2137 1001 2444 1057 eminentia:
2471 1000 2838 1071 majestatem.

2208 1094 2487 1152 Prmmissa
2527 1097 2690 1166 igitur
2730 1096 2940 1152 unitate
2999 1112 3084 1163 ea,
3135 1097 3295 1168 quasi
3333 1097 3516 1167 aliquo
3550 1097 3752 1154 funda-

2137 1192 2320 1242 mento
2348 1185 2468 1241 ﬁdei
2497 1187 2772 1258 pnejacto,
2797 1202 2960 1242 carne
2985 1202 3201 1258 passum
3232 1203 3357 1243 esse
3378 1188 3748 1258 conﬁtemur;

2137 1274 2399 1330 mansisse
2422 1289 2549 1331 vero
2579 1282 2731 1329 extra
2757 1275 3058 1345 passiones,
3089 1275 3290 1346 quippe
3319 1291 3442 1330 cum
3485 1276 3540 1330 in
3570 1292 3634 1332 se
3655 1278 3754 1335 ha-

2135 1366 2284 1430 beat,
2315 1372 2373 1419 ut
2400 1365 2512 1436 pati
2541 1381 2650 1421 non
2679 1365 2852 1436 possit
2887 1383 2899 1418 :
2931 1366 3014 1421 sin
3042 1380 3172 1421 vero
3201 1366 3254 1421 in
3294 1375 3450 1436 parte
3477 1381 3750 1437 ponamus

2138 1455 2306 1510 Deum
2332 1464 2388 1511 et
2426 1455 2723 1522 hominem,
2757 1465 2982 1512 naturas
3005 1471 3034 1510 a
3058 1471 3178 1512 sese
3221 1457 3544 1523 dividentes,
3578 1465 3637 1514 et
3663 1473 3748 1512 se-

2137 1547 2370 1603 cundum
2391 1547 2560 1603 solam
2581 1548 2906 1603 relationem
2927 1547 3168 1603 dicamus
3188 1547 3426 1602 Verbum
3444 1563 3540 1602 sua
3555 1548 3746 1603 duxis-

2137 1655 2196 1696 se
2243 1656 2326 1708 ea,
2358 1655 2478 1710 qua:
2526 1641 2743 1712 corpori
2789 1641 3149 1710 contigerunt,
3188 1639 3389 1712 Moysis
3438 1656 3642 1711 nempe
3688 1651 3745 1697 et

2139 1731 2320 1789 Aaron
2341 1733 2561 1788 modum
2582 1733 2745 1789 habet
2770 1733 2837 1798 is,
2865 1732 2958 1803 qui
2982 1738 3066 1788 est
3094 1747 3162 1788 ex
3188 1747 3340 1788 sacra
3361 1731 3587 1802 Virgine
3607 1748 3740 1803 pro-

513 1813 673 1881 Ecce,
705 1816 759 1871 in
786 1817 868 1871 his
893 1817 1169 1872 relationis
1197 1817 1388 1872 modus
1416 1819 1591 1888 qualis
1627 1819 1716 1884 sit,
1749 1820 2032 1889 cognosci-
2064 1831 2112 1892 Β
2138 1832 2353 1880 creatus
2372 1823 2712 1889 Emmanuel,
2735 1823 2988 1894 quodest
3005 1823 3438 1894 interpretatum,
3456 1823 3739 1880 nobiscum

445 1913 532 1961 tur
559 1905 852 1961 evidenter.
886 1905 1251 1961 Murmurabat
1277 1907 1534 1963 adversus
1573 1907 1794 1980 Moysen
1835 1916 1893 1964 et
1931 1907 2038 1964 Aa-

442 2014 544 2054 ron
573 1998 800 2068 populus
827 1997 1008 2064 Israel,
1041 2006 1096 2053 et
1114 2014 1202 2054 res
1220 1999 1436 2068 quidem
1462 2001 1694 2058 habebat
1721 2002 2037 2060 relationem

444 2089 500 2146 in
531 2089 727 2156 Deum;
759 2098 914 2145 erant
952 2099 1130 2146 tamen
1153 2091 1400 2149 homines
1423 2092 1639 2167 Moyses
1663 2104 1721 2150 et
1757 2096 1938 2152 Aaron
1962 2098 2038 2152 si—

443 2181 601 2238 miles
638 2181 828 2236 nostri.
860 2180 1062 2237 Eodem
1105 2191 1262 2253 pacto
1301 2185 1463 2240 etiam
1503 2185 1556 2240 in
1595 2187 1715 2242 aliis
1745 2188 2031 2258 intelliges,

443 2289 674 2345 quorum
727 2289 897 2346 nuper
936 2273 1158 2331 fecimus
1202 2277 1529 2333 mentionem
1562 2297 1574 2331 :
1607 2279 1703 2334 sed
1731 2289 1887 2335 erant
1914 2282 2033 2352 qui-

441 2365 588 2432 dem,
637 2374 695 2420 ut
741 2374 866 2420 ante
894 2367 1024 2434 dixi,
1079 2369 1251 2423 sancti
1291 2378 1347 2426 et
1391 2370 1733 2427 admirabiles
1762 2373 2030 2442 homines,

441 2455 688 2514 homines
704 2462 884 2511 tamen
905 2456 1107 2514 similes
1127 2459 1316 2514 nostri.
1342 2459 1492 2516 Eone
1514 2462 1674 2530 igitur
1688 2463 1851 2519 modo
1867 2465 2032 2520 etiam

439 2546 606 2604 homo
633 2549 744 2604 Deo
764 2548 944 2604 Verbo
971 2549 1308 2621 conjunctus,
1337 2552 1475 2608 sicut
1504 2553 1579 2607 illi
1607 2555 1773 2622 aiunt,
1809 2556 2030 2612 relatio-«

438 2653 566 2695 nem
613 2640 666 2695 in
696 2640 750 2695 id
776 2656 993 2696 suarum
1039 2641 1236 2698 habeat
1289 2644 1632 2714 passionum?
1660 2644 1729 2700 Et
1756 2647 2030 2715 quomodo

433 2726 547 2800 jam
595 2730 811 2786 non‘sit
837 2731 1000 2787 homo
1030 2733 1349 2804 communis,
1404 2741 1460 2790 et
1497 2750 1730 2802 seorsus,
1783 2745 1840 2791 et
1886 2737 2030 2793 aliud

436 2821 617 2877 nihil?
643 2819 786 2891 Ergo
813 2838 920 2878 non
951 2831 1033 2878 est
1061 2838 1188 2880 vere
1228 2825 1370 2880 Deus
1397 2823 1736 2892 Emmanuel,
1766 2841 1876 2882 non
1905 2829 2028 2884 uni-

436 2913 651 2984 genitus
675 2913 834 2980 ﬁlius,
866 2931 975 2971 non
1011 2916 1153 2971 Deus
1181 2916 1473 2973 secundum
1505 2927 1774 2974 naturam.

510 3003 714 3061 Deinde
738 3021 900 3077 quam
928 3008 998 3062 ob
1020 3021 1237 3062 causam
1267 3023 1426 3064 nemo
1455 3010 1685 3065 aliorum
1714 3027 1744 3064 a
1768 3011 1880 3067 Deo
1904 3011 2030 3068 Ver-

434 3094 509 3152 bo
536 3095 833 3155 honoratus
871 3105 955 3153 est
980 3099 1282 3168 aequalitate
1321 3100 1615 3170 dignitatis,
1648 3103 1760 3158 sive
1790 3105 2026 3159 auctori-

2144 1915 2305 1970 Deus.

2211 2003 2353 2073 Ergo
2401 2004 2503 2058 etsi
2549 2019 2646 2074 per
2691 2004 2988 2074 pr0phetas
3031 2012 3248 2059 sanctos
3297 2004 3482 2059 dicat:
3511 2004 3737 2067 Domni

2139 2111 2306 2150 meum
2333 2096 2478 2165 posui
2504 2095 2559 2148 in
2595 2094 2838 2165 ﬂagella;
2862 2093 3105 2148 maxillas
3143 2103 3315 2148 autem
3353 2111 3495 2148 meas
3521 2096 3579 2148 in
3617 2096 3736 2166 pal-

2137 2202 2284 2249 mas;
2306 2186 2491 2257 faciem
2511 2200 2677 2236 meam
2705 2192 2874 2237 autem
2904 2199 3006 2238 non
3032 2185 3190 2238 averti
3219 2201 3252 2237 a
3273 2185 3577 2257 confusione
3613 2203 3732 2257 spu-

2139 2286 2305 2332 torum
2329 2275 2482 2346 (Isai.
2509 2291 2561 2340 L,
2593 2274 2672 2344 6).
2706 2273 2875 2330 Porro
2909 2293 2922 2329 :
2961 2273 3279 2347 Infoderunt
3311 2292 3497 2330 manus
3526 2294 3666 2333 meas
3686 2287 3734 2333 et

2135 2368 2288 2439 pedes
2337 2383 2496 2430 meos,
2541 2366 2997 2420 dinumerauerunt
3037 2367 3214 2420 omnia
3258 2382 3380 2420 ossa
3419 2382 3532 2420 mea
3555 2367 3727 2436 (Psal,

2136 2475 2246 2524 xm,
2273 2456 2381 2527 18).
2409 2456 2476 2510 Et
2497 2471 2662 2527 porro
2695 2475 2708 2509 :
2736 2454 2936 2510 Dedere
2971 2457 3027 2508 in
3049 2454 3217 2509 cibum
3243 2471 3412 2508 meum
3431 2455 3729 2526 hyssopum,

2135 2560 2184 2604 et
2209 2550 2262 2603 in
2289 2549 2429 2602 sitim
2457 2563 2620 2601 meam
2643 2545 2938 2602 obtulerunt
2977 2547 3105 2600 mihi
3146 2555 3369 2600 acetum.
3419 2545 3521 2616 lpsi
3545 2549 3734 2604 omnia

2135 2642 2249 2697 hmc
2279 2640 2564 2710 Unigenito
2607 2639 2968 2705 attribuimus,
3017 2653 3139 2708 qua:
3170 2654 3270 2709 pro
3319 2638 3473 2694 nobis
3509 2637 3732 2708 dispen-

2131 2732 2330 2789 satorie
2356 2747 2518 2787 carne
2563 2746 2749 2802 passus
2777 2739 2879 2795 est,
2909 2729 3200 2785 secundum
3249 2728 3558 2798 Scripturas
3591 2745 3605 2779 :
3648 2727 3730 2781 Vi-

2131 2827 2240 2882 bice
2267 2827 2402 2880 enim
2424 2827 2534 2896 ejus
2558 2842 2650 2879 nos
2690 2825 2866 2878 sanati
2894 2840 3087 2889 sumus,
3113 2832 3161 2876 et
3190 2823 3300 2893 ipse
3326 2821 3626 2890 infirmatus
3657 2832 3729 2875 est

2129 2926 2338 2991 propter
2366 2927 2578 2988 peccata
2607 2925 2788 2970 nostra
2830 2914 2948 2985 (Ps.
2982 2929 3168 2978 vaul,
3193 2911 3304 2982 22).
3337 2911 3728 2982 lmpassibileu

2127 3023 2259 3064 vero
2279 3024 2403 3063 eum
2426 3014 2617 3061 natura
2639 3021 2759 3060 esse
2780 3005 3188 3073 cognoscimus:
3213 3017 3337 3056 nam
3359 3002 3426 3067 si,
3449 3009 3510 3054 ut
3529 3000 3728 3055 dudum

2129 3100 2258 3166 dixi,
2304 3101 2447 3156 idem
2476 3101 2641 3155 homo
2670 3105 2753 3154 est
2796 3097 2957 3152 simul
3009 3105 3065 3150 et
3094 3097 3254 3160 Deus,
3285 3102 3410 3149 sunt
3445 3100 3595 3148 certe
3623 3093 3725 3146 hu-

435 3187 596 3244 tatis?
617 3186 803 3243 Solum
830 3197 1010 3244 autem
1033 3190 1178 3246 hunc
1200 3191 1350 3262 paria
1379 3193 1560 3247 omnia
1589 3195 1837 3250 sortitum
1865 3195 2027 3252 fuisse
2054 3210 2101 3274 α
2128 3195 2406 3250 manitatis
2446 3194 2564 3264 ejus
2615 3191 2914 3263 passiones,
2965 3188 3063 3244 Dei
3116 3202 3280 3258 porro
3333 3183 3637 3256 proprium,
3671 3193 3726 3239 ut

433 3280 797 3348 contendunt;
849 3282 1082 3337 maxime
1117 3297 1240 3338 cum
1287 3282 1428 3339 Deus
1479 3284 1714 3340 salvator
1760 3288 2019 3354 omnium,

434 3386 547 3427 non
561 3370 765 3440 judicet
791 3371 858 3426 ad
886 3388 1192 3443 personam,
1223 3373 1319 3429 sed
1341 3373 1549 3445 justum
1575 3375 1858 3444 judicium,
1888 3379 2026 3433 sicut

433 3459 552 3530 ipse
578 3471 985 3518 commemorat.
1018 3463 1198 3530 Quare
1223 3479 1352 3534 ergo
1386 3465 1629 3522 considet
1667 3467 1848 3522 solus?
1874 3466 2022 3535 Quo-

434 3551 599 3607 modo
645 3553 826 3607 veniet
862 3553 1047 3623 judex,
1100 3555 1522 3625 obsequentibus
1567 3559 1807 3628 angelis?
1845 3559 2023 3627 Quare

433 3650 616 3698 autem
643 3644 789 3700 solus
817 3653 926 3700 tam
955 3661 984 3699 a
1015 3647 1170 3702 nobis
1196 3663 1356 3716 quam
1403 3665 1434 3703 a
1461 3653 1707 3720 supernis
1750 3653 2023 3722 spiritibus

432 3733 722 3792 adoratur?
771 3735 881 3793 Sed
918 3738 1093 3803 valde,
1141 3740 1315 3810 inquit
1361 3758 1375 3794 :
1419 3749 1474 3798 te
1519 3743 1662 3797 enim
1702 3759 1917 3813 quoque
1966 3745 2024 3803 id

431 3839 596 3896 agere
648 3827 975 3897 invenimus;
1025 3844 1241 3902 passum
1286 3832 1430 3888 enim
1484 3833 1660 3904 ipsum
1723 3833 2016 3902 conﬁteris,

2129 3285 2472 3357 impassibilis
2500 3284 2849 3353 intelligatur.

2202 3377 2328 3434 Haec
2371 3379 2446 3432 ita
2491 3376 2786 3433 sentientes
2831 3372 3167 3429 servabimus
3213 3370 3489 3440 pietatem,
3542 3375 3597 3421 et
3629 3383 3726 3438 per

2129 3481 2307 3528 rectas
2331 3469 2687 3540 cogitationes
2715 3475 2907 3522 euntes
2945 3473 3000 3520 et
3027 3478 3235 3524 sensus,
3269 3460 3336 3515 ad
3363 3459 3599 3517 carlestis
3621 3475 3724 3514 vo-

2129 3563 2358 3619 cationis
2386 3561 2622 3632 palmam
2647 3557 3026 3629 perveniemus
3055 3555 3108 3609 in
3146 3551 3377 3614 Christo,
3408 3565 3506 3620 per
3531 3563 3719 3619 quem,

2126 3661 2327 3708 etcum
2365 3667 2492 3721 quo,
2546 3650 2657 3704 Deo
2687 3657 2743 3704 et
2770 3647 2919 3702 Patri
2949 3647 3118 3716 gloria
3147 3658 3268 3700 cum
3298 3641 3498 3712 Spiritu
3527 3647 3722 3695 sancto

2124 3746 2180 3801 in
2207 3744 2400 3801 saecula
2432 3742 2772 3800 saeculorum.
2805 3739 2998 3795 Amen.

1080 4180 1827 4339 LIBER
1956 4177 3060 4362 TERTIUS,
3125 4261 3130 4264 ·

493 4456 571 4519 In
607 4474 726 4538 quo
775 4457 1177 4538 continentur
1225 4452 1652 4538 Excsnpu_a
1700 4454 2366 4538 Manto__MEncnonu
2415 4475 2495 4538 ex
2544 4456 2724 4517 libris
2779 4455 3114 4538 Tneooont
3161 4457 3651 4538 Morsussrnul,

679 4534 1096 4598 Tusooontm
1127 4534 1435 4598 CYnsusns
1472 4537 1535 4594 et
1561 4532 1880 4594 Eornnnn
1924 4535 2284 4597 Tuusnsis
2304 4579 2320 4610 ,
2358 4537 2794 4616 episcoporum
2823 4535 3221 4600 Nestorianae
3246 4537 3478 4616 partis.

1746 4784 2396 4862 ADMONITIO.

498 4939 652 4996 Nulla
680 4937 780 4996 fuit
806 4954 1060 5010 umquam
1091 4938 1312 4995 hmresis
1344 4937 1611 5007 dogmatis
1639 4937 1722 4993 sui
1746 4938 1806 5010 in
1835 4939 2063 5010 populos
2081 4939 2368 5010 spargendi
2389 4939 2683 4994 studiosior
2707 4954 2868 5008 quam
2899 4941 3234 4998 Nestoriana.
3268 4941 3477 4998 Credas
3503 4941 3709 4997 dieme-

427 5027 571 5078 nem,
595 5010 834 5066 omnium
863 5009 1138 5066 haereseon
1167 5017 1422 5073 satorem,
1448 5023 1556 5078 prze
1577 5009 1785 5064 cmteris
1811 5009 1968 5064 istam
2001 5009 2318 5075 excoluisse,
2358 5018 2416 5065 ut
2444 5025 2596 5066 suam
2624 5010 2677 5064 in
2705 5011 2981 5066 Christum
3014 5013 3496 5069 Deum-:hominem
3527 5012 3710 5068 hami-

427 5095 630 5153 nesque
656 5079 856 5153 Christi
877 5081 1135 5153 sanguine
1162 5080 1472 5150 redemptos
1492 5079 1843 5153 invidentiam
1873 5080 2081 5153 plenius
2103 5081 2362 5153 expleret.

498 5149 665 5207 Situm
692 5150 782 5205 illa
811 5149 1074 5223 studium,
1108 5165 1219 5223 non
1248 5149 1359 5204 tam
1386 5149 1738 5223 concionibus
1766 5150 2037 5223 prgniovit
2062 5149 2222 5220 quam
2259 5150 2472 5220 scriptis
2501 5149 2679 5223 libris,
2710 5152 2870 5222 idque
2900 5154 3092 5223 procul
3120 5155 3284 5210 dubio
3313 5153 3580 5211 dannonis
3621 5156 3707 5212 in-

426 5223 657 5297 stinctu;
679 5235 805 5276 nam
835 5221 1382 5297 i_mp_ietas,_ad_quam
1409 5219 1795 5297 cohorrescunt
1820 5219 2139 5297 Christiana:
2167 5237 2343 5297 aures,
2371 5219 2497 5297 eum
2519 5221 2692 5297 palam
2714 5219 2954 5297 ellertur,
2987 5225 3252 5297 toleratur
3275 5224 3574 5294 aliquando
3606 5243 3706 5297 pa-

427 5293 665 5358 tientius,
696 5307 728 5346 a
755 5290 982 5348 eurioSis
1007 5290 1176 5347 oculis
1204 5291 1260 5345 in
1278 5305 1514 5356 recessu,
1547 5290 1694 5355 dum,
1729 5290 2070 5347 lenocinante
2103 5293 2369 5347 sermonis
2397 5290 2728 5363 eloquentia,
2757 5302 2813 5348 et
2843 5295 3024 5364 placet
3045 5296 3223 5351 alieno
3253 5290 3490 5360 veneno,
3518 5305 3575 5352 et
3603 5290 3706 5354 suo

427 5371 607 5419 nocet.

497 5433 575 5516 Ex
604 5448 672 5516 eo
704 5439 946 5516 tempore
972 5447 1080 5504 quo
1096 5431 1668 5516 _lfiestorius_apertum
1696 5430 2187 5516 Ecclesiaebellum
2216 5433 2424 5516 indixit,
2457 5433 2524 5488 ad
2565 5441 2802 5516 mortem
2830 5451 3023 5516 usque
3042 5434 3228 5516 Cyrilli
3257 5452 3378 5506 qua:
3414 5453 3561 5492 anno
3579 5437 3704 5516 fu

425 5504 670 5574 contigit,
703 5501 831 5560 libri
845 5512 954 5560 tres
978 5501 1310 5574 prodierunt,
1335 5501 1731 5574 velut_totidem
1756 5501 2006 5559 factionis
2033 5503 2306 5574 symbola;
2332 5505 2574 5573 alterque
2609 5519 2676 5560 ex
2706 5501 2932 5562 alterius
2953 5501 3174 5563 interitu
3203 5501 3496 5571 enascens,
3523 5509 3704 5565 tribus

426 5571 613 5628 formis
643 5590 804 5647 unam
832 5571 1161 5647 impietatem
1189 5574 1448 5647 exhibuit.
1479 5571 1685 5647 Primus
1713 5571 2173 5647 complectebatur
2201 5574 2430 5647 Nestorii
2463 5571 2758 5647 sermones,
2797 5576 3090 5647 artiﬁcioso
3123 5578 3362 5647 quodam
3393 5579 3590 5634 ordine
3630 5581 3706 5635 ad

427 5659 667 5718 errorem
687 5643 1060 5718 insinuandum
1081 5643 1690 5718 dispositos;_secundns
1709 5652 1964 5718 excerpta
1986 5659 2054 5718 ex
2073 5643 2336 5718 Operibus
2359 5644 2581 5718 Diodori
2597 5644 2894 5718 Tarsensis,
2918 5656 2973 5701 et
2994 5643 3266 5718 Theodori
3288 5647 3642 5718 Mopsuesten
3661 5651 3704 5714 i,

425 5715 619 5784 quibus
646 5715 946 5786 nomipibus
969 5717 1057 5769 vix
1085 5713 1250 5786 ullum
1277 5713 1376 5770 fuit
1397 5715 1519 5786 hac,
1532 5722 1852 5786 tempestate
1874 5713 2133 5780 nobilius;
2160 5716 2349 5770 tertius
2374 5715 2666 5786 πενταλὸγιν
2691 5715 3019 5786 Theodoreti
3046 5725 3103 5772 et
3123 5717 3368 5776 Eutherii
3382 5713 3658 5775 sermone
3677 5738 3708 5776 s

425 5794 584 5859 atque
605 5786 765 5843 etiam
787 5784 1044 5843 Eranistae
1063 5785 1321 5858 dialogos.
1347 5785 1449 5842 Alii
1475 5785 1592 5840 aliis
1613 5784 2002 5853 successerunt,
2027 5793 2085 5842 ut
2105 5801 2227 5842 cum
2258 5802 2394 5842 unus
2422 5784 2753 5858 proscriptus
2777 5784 2985 5856 fuisset,
3021 5797 3113 5848 aut
3141 5798 3289 5845 certe
3320 5789 3429 5846 vim
3455 5790 3700 5850 nocendi
