3924 6282
416 398 558 459 ΜΒ

921 394 1111 456 MAR"
1153 389 1596 455 MERCATORIS
1635 389 2201 465 TRANSLATlONES
2246 388 2598 448 i’ARlORUM
2637 386 3158 448 OPUSCULORUM.

3543 389 3699 449 ιω

411 513 729 584 pensatione
758 511 1054 575 Dominica,
1078 519 1132 564 et
1162 523 1191 562 a
1223 509 1325 564 ﬁde
1352 507 1616 563 catholica
1650 507 1904 570 alienum,
1929 521 1992 562 ac
2020 511 2072 571 Α
2168 507 2218 559 5.
2240 504 2506 576 Agnoscat
2530 505 3036 576 igitursupradictus
3048 503 3291 560 Julianus
3308 519 3371 560 ex
3385 505 3488 561 hac
3512 515 3700 562 trans-

412 607 544 662 satis
569 613 841 660 extorrem
871 618 1107 666 sensum,
1132 617 1238 671 qun
1265 601 1567 656 Nestorium
1602 597 1988 654 Constantino-

412 697 662 767 politana:
692 694 836 748 urbis
863 692 1134 763 quondam
1163 692 1475 762 episcopum
1503 706 1687 746 secum
1723 691 1862 744 male
1894 689 1993 745 de-

409 787 576 858 cepit,
615 785 820 842 Latinis
860 785 1046 840 volens
1085 784 1304 839 auribus
1345 784 1646 849 insinuare,
1691 781 1989 839 cavendum

407 877 588 933 modis
606 877 872 941 omnibus,
896 890 1005 930 non
1025 875 1382 944 sequendum.

477 967 532 1022 2.
557 967 728 1037 Simul
756 966 1046 1022 admonere
1085 967 1273 1021 volens
1300 964 1590 1033 lulianum,
1632 981 1700 1021 ex
1727 965 2004 1037 episcopo.

405 1059 591 1130 oppidi
612 1031 922 1114 Ecl‘anensis
948 1058 1260 1113 htereticum
1287 1031 1632 1128 Pelagianum
1652 1073 1749 1112 seu
1760 1031 1989 1112 balea-

405 1153 630 1213 tianum,
669 1151 812 1206 hunc
848 1158 1093 1206 secutum
1135 1163 1259 1204 esse
1297 1149 1659 1214 Theodorum,
1697 1149 1764 1205 ad
1799 1163 1986 1220 quem,

405 1244 704 1314 peragratis
737 1242 916 1307 terris,
949 1250 1004 1297 et
1033 1249 1256 1296 exarato
1284 1243 1439 1308 mari,
1470 1251 1629 1312 atque
1655 1239 1874 1296 Oriente
1902 1241 1988 1295 lu-

404 1340 595 1398 strato,
610 1349 730 1389 cum
743 1334 902 1389 sociis
914 1341 968 1386 et
979 1332 1326 1403 participibus
1338 1334 1842 1410 θισυνταλαιπώροις
1851 1332 1985 1397 suis,

405 1439 602 1494 magno
629 1429 767 1493 nisu,
804 1436 1079 1498 tamquam
1117 1432 1184 1486 ad
1212 1430 1639 1486 Christianorum
1672 1429 1985 1497 dogmatum

403 1518 753 1588 prmdicatum
791 1521 1125 1591 magistrum,
1154 1522 1398 1587 tetendit,
1432 1531 1489 1577 ut
1517 1521 1583 1576 de
1613 1521 1801 1575 haeresi
1830 1517 1989 1573 Pela-

403 1609 582 1678 giana,
607 1625 702 1666 seu
713 1607 1061 1678 ‘Ccelestiana,
1085 1629 1248 1684 quam
1269 1613 1657 1670 defendendam
1681 1620 1736 1666 et
1762 1625 1990 1678 sequen-

405 1699 532 1757 dam
562 1705 815 1773 suscepit,
842 1705 910 1760 ah
937 1706 1056 1776 ipso
1084 1704 1522 1770 conﬁrmaretur,
1553 1710 1716 1772 atque
1743 1701 1869 1756 inde
1888 1713 1986 1756 ve-

403 1793 486 1849 lut
507 1795 839 1864 instructior,
869 1805 1012 1864 octo,
1044 1806 1232 1852 contra
1277 1797 1435 1852 ﬁdem
1463 1795 1785 1851 catholicam
1805 1792 1987 1863 potius

2093 600 2314 665 latione,
2357 600 2402 654 si
2433 599 2610 668 legere
2631 616 2738 654 non
2768 598 3070 664 fastidierit,
3109 605 3360 654 manente
3392 601 3537 670 apud
3566 616 3695 655 rne-

2090 705 2359 750 moratum
2378 695 2721 750 Theodorum
2751 695 2839 749 illa
2865 709 2971 765 qua
2995 711 3118 751 eum
3145 696 3378 751 diximus
3401 697 3546 751 mala
3578 697 3695 752 lide

2090 805 2273 846 secum
2298 790 2602 845 Nestorium
2624 790 2922 860 decepisse,
2948 790 3111 846 etiam
3142 789 3244 845 sibi
3274 791 3442 860 magis
3472 806 3693 861 suoque

2090 883 2346 952 dogmati,
2382 883 2448 939 de
2489 899 2598 952 quo
2626 884 2768 939 male
2809 884 3049 952 turgidus
3077 893 3131 938 et
3159 883 3468 938 malesanus
3514 884 3690 938 libros

2090 983 2342 1050 confecit,
2371 997 2490 1039 esse
2527 983 2874 1049 contrarium,
2912 998 3078 1053 seque
3107 983 3268 1038 etiam
3299 991 3421 1054 post
3447 983 3517 1039 de
3545 982 3688 1038 Cili-

2089 1084 2172 1140 cia
2203 1085 2528 1152 abscessum,
2554 1084 2620 1140 ab
2651 1101 2718 1140 eo
2740 1085 2794 1139 in
2823 1085 3201 1156 episcoporum
3233 1087 3531 1156 provincia:
3569 1102 3686 1142 sua:

2089 1193 2360 1241 conventu
2387 1185 2734 1240 anathemate
2761 1199 2882 1240 esse
2913 1186 3246 1241 damnatum.

2161 1283 2212 1337 4.
2248 1281 2362 1338 Non
2392 1283 2572 1352 itaque
2601 1283 2884 1346 irascatur,
2928 1285 3015 1340 vel
3059 1293 3378 1340 succenseat
3419 1285 3598 1353 nobis,
3643 1287 3689 1341 si

2089 1399 2214 1439 eum
2241 1399 2362 1439 cum
2385 1382 2689 1448 Theodoro,
2714 1383 2865 1452 cujus
2893 1384 2947 1438 in
2979 1384 3133 1439 libris
3158 1385 3270 1440 suis
3300 1385 3543 1440 inﬁnitas
3572 1387 3684 1440 lau-

2089 1485 2186 1540 des
2208 1485 2536 1554 exsequitur,
2563 1483 2788 1554 ejusque
2822 1499 2880 1539 se
2910 1485 3007 1539 niti
3045 1487 3370 1543 auctoritate
3401 1488 3683 1541 sententiee

2090 1585 2145 1640 in
2166 1602 2264 1640 suo
2286 1600 2470 1640 errore
2493 1584 2777 1655 gloriatur,
2803 1586 3040 1641 alienum
3063 1604 3092 1641 a
3117 1586 3221 1642 ﬁde
3241 1588 3514 1643 catholica
3544 1603 3680 1654 esse,

2085 1685 2337 1756 justeque
2373 1687 2684 1741 damnatum
2725 1687 3045 1756 delegimus,
3084 1689 3478 1756 convincimus,
3527 1699 3686 1760 atque

2090 1786 2376 1856 deflemus;
2407 1789 2534 1858 quia
2573 1787 2744 1857 magis
2770 1786 3049 1846 deﬁendus
3074 1797 3178 1856 est,
3210 1805 3372 1860 quam
3405 1791 3517 1847 ullo
3555 1791 3678 1846 odio

405 1903 567 1958 quam
590 1896 776 1944 contra
800 1899 998 1946 sanctae
1018 1891 1292 1946 memor-ite
1313 1889 1688 1958 Augustinum,
1711 1885 1988 1942 volumina
2016 1893 2068 1954 Β
2091 1887 2512 1958 persequendus.

405 1980 518 2046 illa,
541 1989 600 2036 ut
619 1989 789 2051 putat,
813 1983 1228 2054 prudentissima
1247 1982 1522 2038 conderet.

920 2167 1553 2255 EXPOSITIO
1628 2166 2048 2251 PRAV/E
2123 2167 2437 2250 FIDEI
2511 2170 3167 2260 THEODORI.

476 2349 530 2404 1.
575 2349 682 2416 Qui
724 2361 868 2405 nunc
889 2351 1124 2420 primum
1167 2349 1220 2404 in
1261 2349 1639 2407 ecclesiasticis
1679 2350 1997 2407 erudiuntur

405 2443 749 2514 dogmatibus
767 2443 972 2515 liquido
993 2444 1398 2513 cognoscendis,
1423 2457 1515 2501 aut
1542 2447 1610 2502 ab
1631 2448 1885 2503 haeretico
1906 2463 1995 2503 er-

407 2525 534 2598 rore
559 2535 803 2590 converti
853 2535 1190 2590 decreverint
1237 2537 1306 2592 ad
1352 2538 1658 2603 veritatem,
1681 2537 1866 2593 doceri
1905 2552 2000 2594 eos

409 2635 631 2698 oportet
673 2627 932 2696 quoniam
968 2627 1239 2682 credimus
1269 2628 1323 2682 in
1366 2643 1532 2682 unum
1561 2627 1732 2682 Deum
1778 2625 1998 2684 Patrem

408 2721 814 2792 sempitemnm,
847 2734 957 2774 non
986 2721 1076 2790 qui
1105 2721 1450 2791 postmodum
1477 2721 1703 2792 coeperit
1747 2729 1806 2776 ut
1834 2730 1996 2789 esset,

409 2811 512 2872 'sed
534 2818 627 2886 qui
665 2816 732 2871 ab
779 2821 984 2872 aeterno
1032 2817 1102 2871 sit
1141 2808 1505 2888 sempiternus
1547 2818 1720 2884 Deus;
1769 2833 1869 2873 nec
1907 2817 2000 2887 qui

411 2916 603 2977 postea
631 2908 804 2962 factus
849 2908 920 2961 sit
949 2905 1130 2974 Pater,
1159 2909 1415 2977 quoniam
1443 2924 1658 2980 semper
1689 2919 1806 2964 erat
1826 2909 1998 2975 Deus,

412 3005 631 3069 acmper
656 3007 774 3052 erat
793 2997 975 3053 Pater.

484 3090 538 3144 2.
569 3089 852 3146 Credimus
881 3097 936 3146 et
975 3091 1031 3147 in
1059 3107 1224 3147 unum
1263 3091 1456 3148 Filium
1497 3092 1593 3149 Dei
1633 3093 2002 3162 unigenitum,

413 3171 508 3256 qui
536 3192 620 3240 est
645 3185 714 3240 de
740 3184 1039 3240 substantia
1083 3185 1170 3241 vel
1200 3187 1432 3242 essentia
1480 3185 1686 3252 Patris,
1731 3193 2004 3256 tamquam

414 3287 543 3335 Vere
563 3277 748 3344 Filius,
767 3278 1079 3348 etejusdern
1102 3279 1348 3335 essentia:
1369 3294 1491 3335 cum
1520 3279 1631 3346 illo,
1650 3278 1802 3349 cujus
1825 3276 1999 3354 [Gerb.

415 3386 538 3428 cum
559 3386 648 3438 eo,
673 3370 847 3440 cujus;
879 3370 1062 3443 Batus.
1090 3371 1144 3426 in
1184 3370 1238 3427 id
1261 3371 1406 3441 quod
1441 3370 1545 3441 est]
1575 3379 1657 3426 est
1684 3380 1740 3426 et
1767 3368 2007 3426 creditur

415 3475 537 3518 esse
556 3461 742 3517 Filius.

488 3554 541 3608 5.
573 3552 641 3607 Et
664 3555 718 3609 in
745 3550 1003 3626 Spiritum
1025 3563 1291 3620 sanctum,
1320 3556 1414 3625 qui
1442 3555 1512 3610 sit
1539 3554 1606 3610 de
1634 3554 1728 3610 Dei
1755 3556 2005 3610 substan-

2098 2367 2165 2407 εχ
2186 2353 2420 2421 semine;
2452 2353 2727 2410 hominem
2749 2363 2941 2428 natura
2962 2356 3283 2426 perfectum,
3315 2373 3380 2413 ex
3405 2359 3575 2414 anima
3600 2375 3684 2416 ra-

2098 2445 2290 2501 tionali
2316 2455 2372 2501 et
2397 2461 2560 2502 carne
2599 2449 2832 2503 humana
2869 2451 3256 2518 constitutum;
3289 2466 3548 2524 quemque
3577 2455 3677 2508 ho-

2098 2537 2299 2591 minem
2329 2538 2621 2593 secundum
2666 2555 2763 2594 nos
2799 2541 3149 2608 naturaliter,
3179 2542 3380 2600 virtute
3416 2552 3471 2597 et
3494 2553 3688 2614 poten-

2101 2633 2176 2687 tia
2197 2631 2427 2704 Spiritus
2455 2635 2628 2689 saneti
2653 2635 2706 2688 in
2733 2632 2968 2702 Virginis
2990 2644 3148 2690 utero
3173 2634 3484 2704 ﬁguratum,
3504 2639 3691 2706 {unum

2102 2743 2168 2781 ea:
2195 2729 2429 2791 muliere,
2461 2729 2656 2798 {aettem
2676 2728 2768 2782 sub
2785 2729 2916 2798 tege,
2940 2737 2999 2781 ut
3026 2743 3201 2782 omnes
3223 2745 3318 2783 nos
3338 2746 3403 2782 ex
3425 2729 3691 2784 maledirto

2104 2818 2230 2889 legis
2260 2827 2309 2871 et
2336 2819 2578 2873 semitute
2616 2819 2922 2884 redimeret,
2955 2819 3284 2890 adaplionem
3314 2819 3549 2889 ﬁliorum
3577 2821 3691 2874 olim

2103 2911 2524 2982 prwdestinatam
2541 2911 2845 2983 recipientes
2867 2908 2992 2982 (Cat
3029 2926 3108 2976 ιιι,
3127 2911 3237 2982 l3),
3266 2911 3691 2974 inenarrabiliter

2104 3004 2380 3074 copulavit
2396 3005 2518 3068 sibi,
2542 3013 2704 3073 atque
2726 3005 3037 3074 conjunxit;
3063 3012 3294 3059 mortem
3315 3005 3538 3074 quidem
3556 3021 3686 3068 eum,

2104 3095 2398 3150 secundum
2427 3095 2705 3150 hominum
2734 3095 2929 3164 legem,
2963 3109 3271 3166 prteparans
3298 3095 3571 3166 experiri;
3598 3112 3696 3150 sua-

2106 3190 2275 3243 citans
2304 3205 2420 3244 vero
2447 3206 2477 3242 a
2498 3188 2739 3254 mortuis,
2760 3197 2809 3243 et
2837 3193 2890 3242 in
2918 3188 3094 3243 uelum
3121 3187 3417 3254 sublevatus,
3437 3189 3616 3243 sedere
3634 3190 3697 3259 fe-

2106 3280 2177 3334 cit
2219 3280 2289 3334 ad
2336 3280 2603 3335 dexteram
2650 3280 2790 3336 Dei:
2821 3289 3048 3352 propter
3073 3279 3218 3350 quod
3267 3281 3514 3336 existens
3553 3298 3699 3351 super

2106 3389 2308 3430 omnem
2349 3377 2718 3447 principatum,
2749 3385 2798 3430 et
2826 3384 3154 3446 potestatem,
3185 3384 3236 3430 et
3266 3375 3699 3440 dominationem,

2106 3475 2156 3522 et
2183 3468 2439 3533 virtutem,
2463 3476 2514 3521 et
2541 3485 2690 3522 omne
2719 3485 2926 3532 nomen,
2957 3468 3096 3540 quod
3123 3469 3452 3533 nominatur,
3485 3484 3588 3521 non
3616 3483 3697 3520 ao-

2109 3555 2214 3612 lum
2239 3559 2293 3612 in
2319 3557 2415 3612 hoc
2436 3558 2644 3622 macula,
2677 3558 2768 3612 sed
2787 3559 2943 3612 etiam
2964 3559 3018 3611 in
3041 3559 3215 3630 futuro
3239 3555 3400 3628 (Eph.
3429 3573 3470 3623 ι,
3493 3556 3606 3627 21),
3638 3557 3700 3610 ab

417 3646 492 3700 tia
511 3683 526 3709 ,
550 3645 638 3701 vel
678 3646 930 3712 essentia,
967 3662 1073 3701 non
1100 3647 1191 3716 qui
1219 3645 1386 3701 Filius
1413 3647 1515 3712 sit;
1540 3647 1680 3702 Deus
1705 3656 1885 3702 autem
1913 3662 2003 3702 es-
2027 3645 2078 3710 G
2109 3649 2258 3702 omni
2272 3658 2521 3704 creatura
2551 3647 2843 3703 adorabilis
2863 3647 3101 3717 suscepit
3121 3647 3553 3712 venerationem,
3576 3654 3702 3700 tam-

415 3738 610 3802 sentia,
633 3744 908 3807 tamquam
931 3737 1025 3808 qui
1043 3738 1115 3793 sit
1143 3738 1286 3792 illius
1314 3738 1560 3793 essentia:
1587 3738 1742 3807 cujus
1768 3747 1851 3793 est
1866 3738 2006 3795 Deus

417 3825 601 3894 Pater,
627 3843 698 3883 ex
723 3843 833 3900 quo
872 3828 1166 3884 secundum
1196 3829 1484 3884 essentiam
1537 3838 1620 3885 est
1644 3848 1656 3882 :
1693 3829 1804 3884 Nos
1832 3832 1969 3885 enim
1988 3871 2006 3897 ,

415 3919 593 3991 inquit
603 3918 887 3990 Scriptura
902 3961 917 3986 ,
942 3937 1044 3974 non
1065 3922 1303 3992 spiritum
1327 3921 1504 3975 mundi
1520 3921 1675 3993 hujus
1697 3923 2006 3993 accepimus,

417 4013 510 4068 sed
538 4011 818 4084 Spiritum,
849 4015 937 4085 qui
956 4023 1032 4068 est
1067 4031 1133 4068 ea:
1163 4012 1272 4068 Deo
1299 4014 1340 4086 (Ι
1371 4014 1489 4069 Cor.
1525 4031 1581 4080 ιι,
1613 4013 1733 4086 12);
1765 4015 1833 4068 ab
1862 4015 2007 4069 omni

417 4117 544 4160 eum
594 4112 841 4160 creatura
870 4104 1130 4169 alienans,
1167 4103 1281 4160 Deo
1309 4117 1440 4160 vero
1470 4104 1802 4175 conjungen‘s
1835 4114 1890 4160 et
1918 4121 2011 4161 co-

416 4191 633 4266 pulatis,
665 4209 732 4249 ex
760 4207 889 4265 quo,
918 4196 1005 4250 vel
1035 4195 1102 4250 de
1131 4211 1238 4266 quo
1269 4203 1351 4252 cst
1374 4196 1667 4252 secundum
1697 4197 2006 4262 essentiam,

418 4285 644 4357 speciali
679 4286 926 4344 videlicet
953 4287 1185 4355 ratione,
1218 4305 1380 4359 supra
1412 4304 1629 4346 omnem
1659 4290 1808 4345 omni
1847 4289 2010 4346 modo

417 4385 742 4442 creaturam,
772 4393 892 4448 quae
919 4393 1027 4434 non
1047 4380 1343 4436 secundum
1369 4382 1658 4436 essentiam
1683 4381 1797 4447 Dei,
1817 4381 1911 4435 sed
1932 4396 2012 4436 se-

419 4469 656 4525 cundum
694 4471 846 4540 quod
873 4469 1080 4527 factura
1129 4481 1230 4537 est,
1275 4487 1492 4528 causam
1519 4473 1724 4529 habens
1748 4515 1763 4540 ,
1802 4489 1871 4529 ex
1897 4473 2010 4530 Deo

419 4576 540 4618 esse
569 4568 790 4632 putatur
819 4579 832 4616 :
863 4575 1025 4632 quem
1053 4579 1228 4633 neque
1255 4563 1478 4632 Filium,
1504 4580 1679 4636 neque
1699 4580 1797 4636 per
1815 4564 2010 4621 Filium

421 4655 765 4711 existentiam
787 4655 1060 4726 accepisse
1090 4663 1362 4726 putamus.

489 4744 545 4800 ι.
570 4742 908 4802 Conﬁtemur
921 4755 1102 4802 autem
1121 4746 1338 4803 Patrem
1356 4748 1408 4803 in
1437 4764 1667 4821 persona
1687 4749 2006 4820 perfectum,

418 4836 698 4896 et'Fllium
743 4837 1010 4905 similiter,
1040 4845 1289 4895 sanctum
1339 4856 1557 4915 quoque
1603 4835 1863 4912 Spiritum
1892 4843 2011 4912 pari

417 4932 601 5012 modo,
633 4932 782 4988 salva
805 4931 959 4987 nobis
983 4933 1194 4989 ratione
1223 4933 1459 5004 pietatis,
1485 4935 1539 4990 in
1567 4949 1675 5004 qua
1703 4934 1939 5002 Patrem,
1956 4945 2014 4991 et

2109 3755 2270 3811 quam
2302 3740 2713 3811 inseparabilem
2742 3756 2863 3796 cum
2899 3735 3077 3795 divina
3118 3747 3309 3794 natura
3340 3740 3551 3795 habens
3577 3754 3700 3794 con-

2105 3829 2458 3900 junctioncm,
2491 3839 2546 3886 et
2575 3841 2847 3902 tamquam
2897 3830 3008 3886 Deo
3049 3847 3211 3900 supra
3248 3846 3470 3886 munem
3499 3831 3699 3899 cogita-

2110 3921 2312 3975 tionem
2343 3929 2398 3976 et
2427 3922 2777 3987 intellectum,
2804 3922 3053 3977 universa
3076 3918 3153 3976 iiii
3177 3929 3428 3976 creatura
3455 3934 3697 3977 reveren-

2110 4012 2241 4066 tiam
2269 4013 2576 4067 exhibente.

2186 4104 2237 4158 6.
2271 4104 2337 4158 Et
2360 4122 2535 4176 neque
2557 4105 2691 4162 duos
2712 4105 2938 4162 dicimus
2961 4106 3117 4173 ﬁlios,
3138 4121 3240 4162 nec
3267 4105 3406 4160 duos
3433 4106 3698 4168 dominos,

2110 4199 2368 4268 quoniam
2414 4215 2552 4254 unus
2598 4198 2764 4253 Filius
2806 4198 3101 4254 secundum
3143 4198 3436 4254 essentiam
3469 4196 3698 4253 Verbum

2114 4290 2277 4352 Deus,
2307 4289 2611 4357 unigenitus
2655 4285 2822 4343 Filius
2872 4288 3073 4356 Patris,
3107 4290 3193 4344 cui
3232 4291 3333 4344 iste
3363 4289 3700 4359 conjunctus,

2109 4380 2382 4451 particeps
2412 4381 2655 4446 Deitatis,
2686 4396 3028 4436 communem
3076 4383 3237 4437 habet
3265 4382 3386 4437 Filii
3425 4398 3704 4452 nuncupa-

2116 4471 2316 4527 tionem
2344 4481 2400 4525 et
2420 4472 2715 4539 honorem;
2745 4474 3093 4528 nihilominus
3121 4473 3383 4529 Dominus
3411 4475 3704 4530 secundum

2113 4565 2403 4620 essentiam
2432 4565 2574 4618 Deus
2606 4563 2837 4619 Verbum
2887 4574 2987 4630 est,
3023 4567 3106 4620 cui
3138 4565 3462 4634 conjunctus
3494 4567 3624 4633 iste,
3655 4575 3706 4622 et

2111 4655 2379 4721 sociatus,
2431 4657 2868 4711 communionem
2920 4655 3086 4712 habet
3139 4656 3365 4712 honoris
3414 4673 3542 4712 cum
3598 4659 3704 4712 illo.

2115 4745 2184 4802 Et
2225 4756 2513 4818 propterea
2537 4763 2710 4818 neque
2747 4747 2884 4804 duos
2929 4747 3158 4803 dicimus
3186 4746 3343 4813 ﬁlios,
3389 4763 3573 4817 neque
3617 4749 3709 4802 do-

2113 4840 2291 4896 minos
2328 4839 2497 4907 duos,
2553 4841 2829 4910 quoniam,
2882 4840 2935 4894 in
2985 4839 3270 4895 manifesto
3315 4841 3588 4896 existente
3618 4840 3705 4910 qni

2113 4932 2406 4987 secundum
2455 4933 2747 4988 essentiam
2793 4932 3054 4987 Dominus
3096 4941 3148 4986 et
3185 4930 3356 4986 Filius
3403 4938 3523 4996 est,
3571 4931 3710 4984 iuse-

416 5007 632 5089 Filium,
665 5032 721 5080 et
747 5022 1004 5095 Spiritum
1035 5033 1298 5091 sanctum,
1333 5041 1442 5080 non
1468 5034 1578 5081 tres
1606 5026 1810 5095 aliquas
1840 5026 2012 5082 diver—
2033 5024 2408 5111 mperabilem
2443 5024 2647 5080 habens
2668 5024 2736 5079 ad
2777 5039 2901 5079 eum
2927 5023 3367 5094 conjunctionem
3397 5033 3454 5079 et
3478 5025 3709 5080 societa-

415 5135 506 5176 sas
533 5126 783 5189 putemus
811 5131 931 5173 esse
959 5119 1239 5184 essentias,
1273 5121 1366 5173 sed
1396 5135 1586 5186 unam,
1612 5134 1775 5188 quam
1799 5120 1853 5173 in
1880 5119 2006 5174 Dei-

416 5213 544 5268 tatis
567 5211 771 5267 unitate
800 5218 854 5267 et
873 5212 1142 5283 parilitate
1169 5213 1571 5282 cognoscimus.

487 5301 538 5356 5.
571 5301 799 5374 Oportet
827 5310 1014 5358 autem
1054 5311 1112 5357 et
1147 5303 1216 5357 de
1245 5303 1674 5373 dispensatione,
1719 5317 1880 5373 quam
1911 5317 2009 5359 se-

415 5393 652 5450 cundum
680 5393 965 5449 Dominum
1000 5391 1182 5449 Jesum
1225 5394 1516 5461 Christum,
1550 5412 1649 5466 pro
1677 5396 1851 5451 salute
1882 5412 2010 5452 nos-

417 5493 521 5549 tra,
538 5486 930 5540 consummavit
958 5484 1216 5541 Dominus
1237 5486 1397 5550 Deus,
1415 5501 1575 5540 nosse
1600 5502 1718 5551 nos,
1743 5486 2007 5556 quoniam

416 5573 562 5630 Deus
583 5574 789 5646 [Baluz.
812 5585 868 5628 ut
889 5585 1006 5630 vett.
1027 5575 1114 5629 lib.
1136 5575 1252 5646 Dei]
1277 5575 1508 5630 Verbum
1527 5577 1796 5631 hominem
1816 5591 2006 5632 susce-

416 5667 516 5739 pit,
546 5666 846 5736 perfectum
872 5683 940 5722 ex
966 5667 1172 5722 semine
1201 5667 1471 5723 Abraham
1509 5676 1566 5723 et
1591 5668 1776 5733 David,
1807 5683 2003 5724 secun-

418 5757 547 5812 dum
568 5753 963 5828 Scripturarum
991 5751 1291 5813 divinarum
1309 5759 1548 5828 eloquia;
1571 5759 1671 5813 hoc
1693 5767 1996 5816 exstantem

406 5852 714 5946 secundum
743 5862 1010 5922 naturam,
1038 5853 1185 5925 quod
1229 5860 1379 5911 erant
1418 5860 1473 5909 et
1502 5852 1579 5910 illi
1617 5867 1846 5924 quorum
1885 5863 2006 5910 erat

2114 5127 2222 5172 tem
2254 5117 2299 5172 is
2331 5115 2421 5186 qui
2445 5131 2545 5186 pro
2573 5123 2758 5171 nostra
2787 5116 2962 5172 salute
2988 5125 3296 5186 assumptus
3323 5125 3407 5171 est
3429 5114 3707 5171 conrefer-

2114 5217 2222 5275 tur,
2252 5217 2365 5263 tam
2392 5209 2796 5280 nuncupatione
2839 5215 3000 5280 quam
3029 5208 3258 5274 honore,
3287 5216 3342 5264 et
3363 5207 3494 5263 Filii
3518 5217 3575 5263 et
3604 5207 3710 5261 Do-

2111 5301 2246 5354 mini
2272 5318 2283 5353 :
2310 5315 2416 5354 non
2441 5298 2580 5354 sicut
2600 5299 2968 5369 unusquisque
2991 5307 3254 5363 nostrum,
3271 5313 3339 5352 ex
3353 5313 3412 5353 se
3433 5298 3677 5353 existens
3695 5339 3709 5354 .

2111 5391 2414 5462 appellatur
2434 5390 2599 5446 Filius
2614 5390 2731 5457 Dei,
2751 5389 2892 5446 unde
2921 5399 2976 5445 et
3001 5391 3182 5460 plures
3213 5388 3304 5444 ﬁlii
3335 5389 3432 5444 Dei
3457 5390 3709 5454 dicimur,

2113 5482 2406 5540 secundum
2447 5482 2667 5538 beatum
2697 5482 3003 5552 apostolum
3032 5479 3260 5536 Paulum
3292 5479 3436 5552 (Gal.
3473 5497 3550 5545 Ill,
3581 5480 3707 5546 26);

2111 5575 2207 5631 sed
2235 5577 2281 5630 is
2309 5575 2654 5645 singulariter
2673 5573 2783 5636 hoc
2801 5571 3029 5640 habens,
3060 5574 3113 5628 in
3136 5573 3190 5628 id
3217 5572 3364 5642 quod
3385 5572 3500 5627 Deo
3535 5571 3710 5627 Verbo

2111 5668 2431 5738 conjunctus
2458 5675 2562 5734 est,
2593 5667 2868 5737 dignitatis
2895 5665 3018 5721 Filii
3048 5675 3103 5722 et
3131 5663 3516 5721 dominationis
3538 5664 3711 5734 parti-

2111 5776 2271 5830 ceps,
2300 5760 2476 5814 aufert
2499 5759 2717 5828 quidem
2757 5759 2979 5814 omnino
3019 5759 3250 5813 duorum
3282 5755 3633 5812 dominorum
3661 5765 3717 5812 et

2110 5853 2341 5910 ﬁliorum
2371 5852 2806 5924 intelligentiam;
2840 5857 3063 5923 prastat
3085 5855 3273 5906 autem
3299 5848 3460 5906 nobis
3493 5848 3550 5904 in
3582 5863 3716 5905 cou~
