3924 6282
163 286 296 351 1045

880 289 1270 349 REFUTATIO
1305 290 1770 349 TllEODOthM
1810 293 2101 350 SYMBOLI
2143 296 2186 350 Δ
2229 289 2670 352 MERCATORE.

3277 299 3416 356 1046

159 406 430 482 junctione
455 405 551 461 Dei
599 400 761 460 Verbi
787 421 1003 462 onmem
1034 409 1235 462 habere
1279 407 1455 474 tidem,
1487 424 1722 464 omnem-
1761 412 1809 469 A
1839 410 2121 479 passibilis,
2147 418 2200 465 et
2224 411 2367 480 pleni
2395 411 2681 464 multorum
2702 410 2987 476 malorum,
3006 406 3060 464 in
3080 423 3188 479 quo
3211 411 3276 465 ad
3293 427 3416 467 eum

161 514 263 570 que
291 497 624 552 intellectam
664 503 720 550 et
761 498 1272 567 contemplationem
1311 498 1381 552 ob
1409 499 1523 553 haec
1563 507 1618 553 et
1644 515 1732 554 ve-

161 588 491 646 nerationem
531 601 600 642 ex
640 585 737 642 Dei
764 588 1025 644 societate
1054 587 1122 642 ab
1143 587 1292 642 omni
1327 589 1556 658 percipit
1584 604 1738 644 crea-

162 689 277 736 tura
285 719 298 733 .

231 775 280 828 Ἰ.
309 772 484 829 Unum
511 775 671 843 igitur
698 774 869 830 Deum
895 773 1122 830 dicimus
1150 779 1205 827 et
1230 771 1514 826 Dominum
1559 769 1742 825 Jesum

160 869 451 933 Christum,
479 883 577 938 per
611 884 772 940 quem
819 867 1000 922 omnia
1029 865 1167 922 facta
1195 873 1339 930 sunt,
1372 863 1744 934 principaliter

161 959 372 1030 quidem
402 960 571 1014 Deum
616 960 850 1016 Verbum
897 959 1280 1028 intelligentes,
1311 957 1403 1026 qui
1443 955 1742 1012 secundum

163 1051 448 1106 essentiam
477 1049 642 1105 Filius
677 1049 776 1104 Dei
815 1057 898 1104 est
934 1057 988 1104 et
1016 1048 1301 1113 Dominus;
1334 1047 1540 1117 pariter
1581 1045 1744 1100 etiam

163 1143 459 1210 cogitantes
487 1157 610 1195 eum
638 1141 727 1211 qui
749 1148 1028 1210 susceptus
1056 1148 1155 1205 est,
1178 1138 1354 1193 Jesum
1385 1155 1416 1191 a
1445 1135 1740 1201 Nazareth,

163 1249 306 1305 quem
328 1235 474 1287 unxit
501 1231 642 1287 Deus
665 1233 864 1304 Spiritu
885 1243 1066 1286 sancto
1095 1242 1143 1285 et
1164 1233 1348 1287 virtute
1377 1229 1512 1301 (Act.
1542 1247 1594 1295 χ,
1628 1227 1744 1299 58),

165 1331 434 1390 tamquam
449 1322 514 1376 ad
531 1322 698 1378 Deum
720 1323 956 1378 Verbum
976 1323 1263 1377 habentem
1283 1319 1744 1390 conjunctionem,

166 1421 218 1468 et
236 1414 648 1485 participantem
673 1414 800 1470 Filii
829 1424 882 1470 et
909 1415 1119 1470 Domini
1149 1413 1412 1482 dignitati.

234 1505 288 1558 8.
321 1504 424 1571 Qui
452 1514 506 1561 et
544 1501 810 1562 secundus
835 1507 1006 1562 Adam
1035 1508 1364 1577 appellatur,
1396 1507 1533 1561 sicut
1561 1505 1752 1560 beatus

169 1598 446 1666 apostolus
466 1598 622 1653 teStis-
645 1605 728 1653 est
755 1596 953 1653 Paulus
982 1597 1025 1668 (Ι
1054 1597 1173 1653 Cor.
1207 1614 1304 1663 xv,
1335 1596 1456 1669 45);
1488 1597 1582 1666 qui
1613 1604 1751 1649 tam-

168 1704 334 1759 quam
359 1689 598 1759 ejusdem
626 1691 697 1746 sit
719 1699 921 1746 natura:
949 1691 1101 1760 cujus
1127 1700 1210 1748 est
1236 1690 1427 1756 Adam,
1450 1689 1755 1743 manifesta-

1841 501 2146 570 accepimus
2172 502 2596 568 similitudinem,
2627 501 2780 570 cujus
2804 510 2973 558 status
3004 502 3212 556 initium
3247 502 3421 558 factus

1842 590 2010 644 Adam
2056 600 2158 658 est,
2190 593 2482 647 secundum
2529 601 2728 648 statum
2775 594 3164 649 demonstravit
3185 593 3422 650 futurum

1843 681 2100 736 Dominus
2128 682 2370 738 Christus
2399 683 2465 739 de
2493 685 2642 740 cmlis
2665 700 2950 755 apparens,
2981 686 3072 754 qui
3099 701 3288 740 omnes
3327 703 3425 741 nos

1844 773 1899 827 in
1921 788 2071 827 suam
2101 774 2330 830 adducet
2357 775 2672 831 familiarem
2699 778 3141 831 communitatem
3168 797 3179 830 :
3212 779 3424 832 Primus

1845 866 1981 918 enim
2008 864 2180 929 homo,
2214 865 2402 934 inquit,
2436 866 2496 920 de
2517 876 2655 920 terra
2687 879 2934 934 terrenus,
2960 868 3212 922 secundus
3253 871 3423 935 homo,

1847 954 2099 1016 Dominus
2128 956 2191 1009 de
2218 957 2342 1010 caelo
2389 957 2549 1028 (Ibid.
2585 958 2709 1027 47);
2743 960 2846 1014 hoc
2874 968 2983 1022 est,
3010 961 3132 1015 inde
3155 961 3425 1022 visendus.

1847 1055 1906 1102 ut
1927 1063 2024 1101 nos
2047 1046 2113 1100 ad
2141 1047 2220 1101 sui
2250 1047 2602 1103 imitationem
2625 1049 2871 1104 adducat.
2899 1049 3051 1105 Unde
3072 1060 3127 1105 et
3147 1050 3386 1120 adjuugit
3409 1066 3424 1104 :

1852 1136 2033 1203 Qualis
2063 1147 2312 1202 terrenus,
2339 1139 2466 1192 tales
2493 1149 2542 1192 et
2565 1143 2767 1205 terreni,
2797 1150 2846 1194 et
2865 1141 3029 1213 qualis
3050 1143 3282 1208 caelestis,
3304 1142 3429 1196 tales

1849 1238 1898 1284 et
1925 1229 2166 1283 ctelestes.
2193 1228 2341 1283 Sicut
2366 1232 2677 1300 portavimus
2705 1233 2981 1302 imaginem
3012 1234 3229 1299 terreni,
3261 1241 3432 1304 porte-

1850 1339 1962 1378 mus
2002 1331 2053 1375 et
2096 1323 2372 1392 imaginem
2402 1323 2612 1376 celestis
2643 1322 2804 1394 (Ibid.
2839 1323 2951 1394 48).
2993 1323 3050 1377 ln
3077 1324 3200 1390 isto,
3239 1325 3429 1393 inquit,

1791 1457 1796 1462 .
1852 1416 1944 1485 qui
1977 1423 2147 1484 paret,
2177 1423 2232 1469 et
2277 1415 2487 1468 videtur
2539 1415 2606 1469 ab
2647 1417 2926 1481 omnibus,
2959 1433 3145 1472 eorum
3174 1419 3264 1486 qui
3291 1418 3433 1488 judi-

1855 1505 2012 1562 candi
2040 1513 2163 1559 sunt
2209 1505 2489 1559 invisibilis
2518 1505 2678 1560 faciet
2699 1506 2956 1576 judicium
3003 1509 3180 1563 divina
3209 1517 3430 1574 natura,

1855 1596 2144 1652 secundum
2191 1597 2492 1666 apostolum
2544 1595 2794 1661 Paulum,
2827 1599 2915 1666 qui
2947 1600 3021 1653 ait
3055 1618 3066 1652 :
3102 1599 3168 1652 Et
3207 1610 3433 1670 tempora

1857 1687 2060 1759 quidem
2085 1689 2394 1758 ignorantia:
2421 1697 2610 1743 nostra:
2631 1689 2912 1759 despiciens
2942 1689 3099 1755 Deus,
3123 1707 3258 1743 nunc
3286 1707 3437 1745 man-

171 1781 246 1835 vit
265 1781 422 1837 nobis
450 1781 666 1851 quidem
684 1780 924 1838 futurum
951 1790 1172 1847 statum,
1195 1790 1250 1837 et
1275 1789 1481 1836 tantam
1506 1779 1573 1835 ad
1602 1780 1750 1835 illum
1782 1792 1830 1853 Β
1857 1781 1944 1835 dat
1971 1783 2153 1853 ubique
2181 1783 2413 1836 omnibus
2445 1781 2733 1836 hominibus
2755 1783 3103 1852 paenitentiam
3132 1798 3301 1853 agere,
3318 1783 3438 1854 quia

174 1872 347 1928 Adam
367 1873 572 1930 habens
593 1873 950 1931 dill‘erentiam
977 1883 1233 1944 quantam
1261 1889 1379 1930 esse
1405 1874 1644 1944 oportuit
1671 1873 1752 1927 in-

171 1972 255 2020 ter
283 1980 408 2021 eum
428 1968 522 2036 qui
552 1967 774 2034 largitor
799 1975 855 2022 et
880 1967 1126 2023 minister
1153 1968 1256 2023 erit
1288 1974 1561 2021 tantorum
1585 1966 1756 2021 bono-

172 2074 293 2113 rum
320 2065 493 2115 status
520 2059 714 2125 futuri,
747 2069 802 2116 et
842 2075 967 2116 eum
1005 2062 1099 2130 qui
1135 2061 1477 2132 praesentium
1526 2060 1756 2117 tristium

173 2151 329 2206 nobis
359 2152 568 2207 initium
610 2153 810 2208 intulit;
842 2153 979 2210 Hinc
1005 2154 1166 2209 simili
1213 2155 1374 2209 modo
1411 2162 1466 2208 et
1492 2151 1759 2209 secundus

171 2241 343 2296 Adam
373 2243 695 2314 appellatur,
724 2255 996 2314 tamquam
1027 2246 1120 2314 qui
1165 2245 1461 2300 secundum
1503 2245 1758 2300 enuntia-

171 2335 310 2390 verit
335 2345 554 2391 statum.
607 2338 675 2392 Et
696 2340 952 2407 quoniam
1001 2340 1196 2410 prioris
1242 2334 1383 2394 illius
1427 2339 1674 2394 mortalis
1703 2346 1760 2396 et

234 2545 918 2634 REFUTATIO
993 2548 1764 2633 THEODORIAN

1900 2547 2405 2630 SYMBOLI
2477 2549 2550 2630 A
2623 2543 3388 2673 MERCATORE.
3428 2625 3435 2630 .

247 2789 300 2844 1.
342 2788 510 2847 Immo
540 2804 638 2846 nos
677 2789 775 2846 tibi
813 2790 1063 2846 catholici
1094 2790 1352 2856 dicimus,
1395 2790 1487 2859 qui
1517 2790 1644 2844 talia
1667 2805 1764 2846 ore

171 2882 536 2953 impurissimo
567 2891 622 2938 et
647 2883 827 2951 lingua
853 2883 1228 2938 scelestissima
1260 2882 1564 2952 protulisti,
1591 2882 1762 2936 inces-

171 2977 418 3034 sabiliter
461 2977 746 3030 anathema
771 3016 785 3041 ,
836 2985 891 3030 et
937 2975 1187 3030 omnibus
1233 2974 1609 3031 consentaneis
1636 2974 1762 3028 tuis.

173 3071 312 3127 Vide
354 3070 497 3126 enim
521 3109 537 3136 ,
585 3070 628 3125 si
657 3070 908 3138 evigilare
938 3070 1201 3137 volueris,
1230 3069 1357 3138 quid
1387 3069 1516 3123 mali
1553 3067 1766 3124 coneris

173 3163 464 3229 inducere;
494 3163 780 3233 imperitia,
815 3177 881 3216 an
911 3162 1133 3227 malitia,
1167 3170 1224 3216 tu
1252 3161 1471 3218 videris.

246 3250 301 3309 2.
345 3253 566 3324 Pet-jura
595 3255 795 3325 quippe
822 3254 986 3309 verba
1015 3262 1107 3307 tua
1136 3261 1261 3309 sunt
1289 3255 1390 3309 ista
1407 3296 1422 3321 ,
1461 3269 1582 3310 cum
1607 3271 1767 3312 sensu

178 3347 502 3418 pravissimo
541 3354 596 3402 et
631 3346 852 3401 inimico
889 3345 1168 3401 catholicae
1196 3346 1475 3400 veritatis:
1505 3345 1602 3400 Dei
1635 3346 1765 3400 Ver-

178 3439 294 3493 bum
325 3439 582 3493 hominem
609 3438 892 3508 suscepisse
919 3453 983 3492 ea:
1011 3439 1204 3492 semine
1232 3437 1494 3492 Abraham
1515 3447 1565 3492 et
1599 3436 1766 3492 David

175 3531 462 3602 perfectum
481 3569 496 3595 ,
528 3546 593 3584 ex
627 3530 806 3582 anima
839 3528 1084 3582 rationali
1108 3538 1158 3582 et
1182 3543 1394 3599 corpore
1413 3530 1762 3592 constitutum,

177 3635 422 3692 quemque
457 3619 745 3682 hominem,
778 3618 987 3687 inquis,
1017 3617 1295 3672 secundum
1317 3634 1410 3672 nos
1439 3618 1763 3684 naturaliter,
1795 3607 1842 3669 C

180 3713 369 3766 virtute
417 3720 467 3765 et
513 3710 740 3781 potentia
781 3708 1010 3780 Spiritus
1056 3711 1221 3762 sancti
1263 3710 1316 3762 in
1363 3709 1572 3779 virginis
1619 3717 1762 3763 utero

181 3805 504 3876 ﬁguratum,
549 3805 744 3875 factum
787 3819 852 3857 ea:
891 3802 1133 3867 muliere,
1167 3804 1360 3874 factum
1403 3802 1494 3856 sub
1525 3801 1662 3872 lege,
1713 3809 1767 3854 ut

182 3913 360 3950 omnes
383 3912 477 3950 nos
499 3913 564 3950 ex
609 3895 884 3951 maledicto
921 3886 1046 3966 legis
1086 3903 1136 3949 et
1179 3897 1418 3950 servitute
1463 3896 1763 3960 redimeret,

184 3989 519 4059 adoptionem
558 3983 784 4058 ﬁliorunt
829 3988 952 4041 olim
999 3986 1419 4056 prwdestinatam
1469 3986 1768 4054 recipientes

186 4079 352 4148 (Gal.
397 4078 645 4148 111,15),
695 4075 1112 4131 inenarrabiliter
1162 4075 1417 4144 copulavit
1467 4071 1563 4127 sibi
1622 4083 1771 4144 atque

186 4173 490 4244 conjunxit,
548 4178 764 4225 mortem
812 4183 927 4223 eum
980 4167 1255 4221 secundum
1299 4166 1458 4236 legem
1487 4165 1770 4228 hominum,

188 4279 492 4336 prteparans
539 4263 804 4332 experiri,
860 4261 1112 4315 suscitans
1161 4274 1276 4311 vero
1307 4274 1339 4309 a
1371 4257 1585 4310 mortuis
1625 4264 1674 4308 et
1720 4255 1774 4307 in

189 4357 372 4411 uelum
410 4356 584 4408 levans
609 4392 623 4416 ,
667 4351 841 4406 sedere
879 4351 997 4422 fecit
1025 4348 1092 4401 ad
1131 4348 1393 4401 dexteram
1426 4344 1519 4399 Dei
1563 4343 1769 4415 (Ibid.).

191 4444 257 4501 Et
276 4454 403 4517 post
431 4443 703 4515 paululum
727 4441 800 4497 ibi
826 4459 838 4494 :
871 4440 945 4493 Ab
981 4440 1118 4493 omni
1150 4446 1384 4491 creatura
1414 4451 1549 4489 nunc
1583 4435 1775 4490 adora-

195 4539 309 4594 bilis
357 4538 577 4608 suscepit
623 4535 1029 4595 venerationem,
1079 4541 1336 4602 tamquam
1382 4528 1777 4599 inseparabilem

195 4647 309 4686 cum
333 4629 506 4684 divina
532 4637 723 4682 natura
745 4626 936 4680 habens
958 4640 1052 4679 con
1051 4626 1389 4696 junctionem.

266 4722 320 4776 5.
367 4719 458 4775 Vis
505 4719 668 4788 igitur
710 4718 815 4772 hoc
855 4731 922 4771 ex
968 4718 1073 4770 isto
1120 4729 1277 4770 sensu
1307 4713 1602 4780 coniicere,
1635 4711 1782 4782 quod

198 4831 327 4874 sane
360 4825 452 4871 tuo
481 4829 666 4870 assuas
694 4812 855 4882 capiti
879 4810 1047 4883 (Carr.
1080 4809 1224 4878 quod
1251 4823 1380 4863 sane
1411 4817 1501 4862 tuo
1530 4809 1669 4864 scias
1688 4822 1780 4862 ca-

199 4911 311 4981 pite
339 4905 594 4978 dictum],
640 4911 822 4960 natum
867 4903 979 4973 jam
1019 4900 1290 4956 Christum
1335 4915 1402 4956 ex
1438 4900 1654 4968 Virgine
1683 4913 1782 4969 per

1858 1875 2038 1928 statuit
2064 1874 2197 1928 diem
2224 1874 2277 1927 in
2305 1891 2406 1945 qua
2429 1875 2758 1945 judicaturus
2796 1884 2871 1928 est
2896 1874 3067 1928 orbem
3106 1884 3356 1928 terrarum
3381 1875 3437 1927 in

1855 1965 2080 2034 justitia,
2111 1965 2164 2017 in
2194 1966 2301 2018 viro
2329 1966 2382 2018 in
2412 1981 2508 2036 quo
2540 1963 2788 2034 deﬁnivit,
2818 1963 2973 2033 ﬁdem
3029 1973 3279 2034 prtestans
3304 2001 3317 2026 ,
3347 1979 3434 2016 su-

1859 2059 2052 2112 scitans
2080 2074 2196 2110 eum
2217 2075 2249 2110 a
2275 2059 2491 2111 mortuis
2515 2057 2649 2127 (Act.
2684 2073 2805 2122 xvn,
2831 2056 2942 2125 50).

1933 2151 1985 2205 9.
2027 2133 2153 2206 llaec
2190 2152 2675 2207 ecclesiasticorum
2704 2152 3013 2220 dogmatum
3051 2151 3324 2216 doctrina;
3357 2157 3440 2204 at-

1861 2259 1968 2314 que
1995 2244 2129 2301 adeo
2158 2246 2332 2301 omnis
2351 2245 2444 2314 qui
2465 2254 2654 2301 contra
2685 2246 2797 2301 haec
2821 2245 3012 2312 sentit,
3045 2247 3327 2300 anathema
3349 2247 3440 2301 sit.

2310 2722 2337 2756 ο

1867 2773 2251 2852 sentientibus;
2281 2789 2428 2860 quod
2455 2789 2622 2856 absit,
2653 2797 2712 2845 ut
2743 2790 2860 2860 quis
2892 2791 3016 2856 hoc,
3048 2790 3132 2846 vel
3159 2791 3450 2848 dementis-

1869 2883 2056 2950 simus,
2084 2884 2225 2940 dicat
2254 2891 2310 2938 et
2330 2883 2546 2938 sentiat.
2589 2881 2782 2938 Factus
2801 2892 2884 2938 est
2909 2884 3050 2938 enim
3079 2885 3274 2951 homo,
3304 2884 3451 2953 quod

1869 2991 1978 3030 non
2006 2982 2163 3041 erat,
2206 2975 2372 3030 Filius
2422 2976 2518 3031 Dei
2567 2975 2709 3036 Deus
2754 2975 3006 3041 Verbum,
3038 2992 3146 3031 non
3173 2976 3451 3047 deponens

1869 3066 2013 3136 quod
2041 3074 2192 3131 erat,
2221 3065 2314 3122 sed
2343 3081 2566 3122 manens
2593 3067 2736 3122 Deus
2761 3067 2813 3122 in
2842 3060 3174 3134 Divinitatis,
3202 3083 3323 3124 cum
3351 3069 3452 3123 Pa-

1871 3166 1954 3213 tre
1982 3165 2036 3213 et
2059 3150 2264 3228 Spiritu
2287 3166 2498 3223 sancto,
2525 3159 2821 3214 substantia
2851 3159 2936 3214 vel
2961 3168 3170 3216 natura.

1865 3307 1870 3312 ,
1943 3251 1995 3306 4.
2036 3251 2304 3323 Numquid
2332 3252 2476 3306 enim
2509 3252 2706 3318 anima,
2751 3251 2939 3306 saltem
2966 3251 3200 3312 hominis
3229 3251 3449 3322 cujusli-

1831 3374 1836 3382 -
1871 3344 1982 3410 bet,
2011 3343 2178 3398 mixta
2200 3352 2256 3398 et
2275 3359 2519 3398 connexa
2547 3343 2762 3413 corpori
2789 3344 3006 3409 amittit,
3031 3346 3116 3399 vel
3137 3345 3453 3398 immortali-

1872 3444 2037 3491 tatem
2065 3443 2272 3490 naturte
2300 3450 2438 3500 sum,
2468 3435 2553 3489 vel
2581 3434 2726 3504 quod
2755 3435 3060 3502 invisibilis,
3095 3436 3346 3505 quodque
3372 3435 3453 3490 in-

1871 3543 2134 3598 corporea
2158 3529 2277 3582 est?
2299 3527 2418 3582 Non
2445 3527 2649 3597 utique.

1945 3620 1993 3673 5.
2037 3619 2171 3676 Huic
2197 3621 2498 3675 vanissimze
2519 3628 2680 3689 atque
2709 3620 2858 3674 inani
2878 3621 3158 3676 calumnia:
3177 3635 3455 3690 opponen-

1869 3715 1937 3770 da
1967 3715 2132 3769 etiam
2158 3715 2321 3768 trium
2352 3714 2664 3782 angelorum
2695 3714 2748 3768 in
2776 3707 3135 3770 Sodomorum
3175 3713 3458 3768 eversione

1865 3807 2312 3864 descendentium
2340 3807 2429 3861 illa
2461 3804 2767 3868 ﬁdelissima
2797 3816 2852 3862 et
2895 3807 3256 3863 sacratissima
3286 3807 3458 3861 histo-

1870 3900 1970 3964 ria,
2003 3914 2121 3968 qute
2147 3914 2241 3953 eos
2269 3908 2524 3968 exceptos
2549 3900 2616 3953 ab
2638 3892 2908 3952 Abraham
2936 3899 3116 3968 prius,
3149 3905 3204 3952 et
3232 3897 3459 3951 mandu-

1873 4005 2056 4054 casse,
2089 3997 2144 4044 et
2172 3989 2337 4058 pedes
2384 3989 2578 4043 lavisse
2604 3988 2848 4056 designat
2883 3986 3090 4059 (Cenes.
3127 4005 3181 4053 x,
3212 3987 3286 4056 1).
3321 3987 3459 4040 Num

1876 4081 1952 4136 illi
1980 4081 2034 4135 in
2063 4079 2434 4149 assumptione
2473 4079 2561 4133 illa
2604 4094 2894 4150 corporum
2941 4093 3009 4133 ex
3047 4078 3286 4148 angelica
3315 4078 3458 4132 versi

1877 4180 1931 4226 et
1958 4171 2272 4227 commutati
2313 4185 2432 4226 esse
2477 4171 2774 4225 substantia
2810 4170 2861 4223 in
2892 4184 3178 4239 corporum
3211 4177 3461 4223 naturam

1877 4261 2087 4318 dicendi
2133 4263 2294 4316 sunt?
2333 4261 2555 4316 Avertat
2591 4262 2730 4316 hanc
2769 4260 3096 4315 dementiam
3136 4260 3308 4323 Deus,
3351 4275 3461 4316 non

1880 4353 2087 4422 utique,
2117 4351 2241 4423 quia
2263 4359 2542 4406 manentes
2570 4351 2623 4406 in
2654 4351 2940 4406 immortali
2961 4359 3121 4422 atque
3143 4351 3461 4421 incorporea

1880 4459 1976 4499 sua
2008 4453 2197 4498 natura
2225 4450 2280 4497 et
2308 4442 2634 4508 substantia,
2667 4442 2719 4496 in
2741 4439 3059 4512 corporibus
3088 4439 3363 4496 constituti
3393 4438 3463 4492 ad

1882 4546 2119 4606 tempus,
2164 4534 2419 4590 divinitus
2455 4533 2774 4604 imperatum
2813 4533 2915 4587 sibi
2945 4531 3178 4588 cilicium
3207 4530 3464 4600 impleve-

1882 4635 2028 4682 runt.
2897 4697 2904 4700 _
3015 4661 3022 4667 .

1955 4718 2010 4772 6.
2052 4717 2182 4784 Quis
2210 4731 2340 4787 ergo
2368 4715 2506 4770 ferat
2535 4715 2638 4769 ista
2658 4713 3089 4792 garrienterp,_et
3117 4708 3300 4762 audiat
3328 4706 3466 4760 duos

1885 4809 1981 4866 Dei
2021 4807 2159 4862 ﬁlios
2203 4821 2326 4862 eum
2368 4805 2544 4862 verbis
2591 4798 3082 4884 tantummodomad
3122 4793 3467 4864 decipiendos

1885 4903 2189 4974 simplices,
2232 4899 2522 4972 protestari
2551 4914 2657 4953 non
2687 4896 2897 4960 dicere;
2942 4891 3141 4962 apertis
3181 4903 3309 4942 vero
3339 4902 3466 4941 sen-

203 4980 463 5074 Spiritum
487 5008 730 5056 sanctum
747 5038 762 5064 ,
810 4997 1124 5060 adhaesisse,
1158 4995 1242 5050 vel
1267 4993 1611 5062 coniunctum
1640 5006 1778 5058 esse,
1810 4989 1862 5050 D
1887 4995 2071 5051 tentiis
2097 4993 2233 5048 duos
2260 4991 2545 5047 ostendere
2573 4988 2770 5058 palam,
2797 4985 2993 5040 diversi
3022 4981 3218 5074 meriti,
3243 4980 3468 5034 diversae

205 5102 262 5150 ut
287 5094 580 5164 saepissime
611 5091 808 5160 garris,
857 5089 1034 5144 Verbo
1065 5088 1160 5142 Dei
1189 5088 1322 5151 Deo,
1354 5095 1514 5154 atque
1543 5101 1609 5140 ex
1638 5085 1781 5138 illius

206 5187 464 5242 societate
501 5183 750 5238 meritum
786 5187 841 5236 et
863 5179 1182 5252 vocabulum
1217 5176 1580 5245 conquisisse;
1624 5189 1796 5244 voca-.

208 5275 335 5332 bulo
375 5277 552 5330 autem
599 5280 835 5335 tantum,
875 5286 982 5326 non
1010 5278 1221 5334 natura,
1267 5267 1639 5338 appellandum
1663 5281 1783 5321 esse

211 5365 400 5421 Filium
429 5365 543 5431 Dei,
567 5372 619 5418 et
647 5370 837 5418 cetera
859 5361 1054 5416 habere
1073 5359 1368 5430 privilegia,
1400 5375 1505 5413 non
1532 5358 1782 5427 genuina,

212 5457 305 5512 sed
331 5472 431 5528 per
456 5438 969 5525 gratiam'przestita;
1002 5450 1336 5505 dissimulans
1363 5449 1506 5518 quod
1533 5451 1789 5520 scriptum

214 5559 333 5605 est:
393 5549 611 5604 Verbum
648 5564 769 5601 caro
800 5549 989 5618 factum
1035 5553 1146 5608 est,
1189 5553 1238 5596 et
1277 5543 1524 5596 habitavit
1551 5543 1605 5596 in
1635 5541 1779 5596 nobis

219 5645 396 5716 (Joun.
428 5661 465 5709 ι,
499 5643 608 5713 li).
648 5641 799 5708 Quod
840 5654 959 5694 cum
997 5637 1148 5692 audis
1176 5636 1242 5691 ab
1270 5636 1644 5704 objicientibus
1673 5635 1788 5700 tibi,

216 5735 558 5802 calutnniaris
588 5742 858 5802 tamquam
888 5730 1055 5788 Deum
1089 5730 1141 5786 in
1173 5743 1388 5784 carnem
1428 5742 1642 5784 versum
1671 5742 1790 5783 esse

1861 5085 2181 5156 dignitatis,
2211 5082 2409 5138 diversi
2438 5089 2636 5143 status,
2660 5079 2885 5132 diversa:
2909 5071 3149 5129 naturae?

1961 5179 2012 5233 Ἰ.
2053 5177 2211 5232 Fallit
2240 5183 2420 5229 autem
2455 5185 2520 5226 ac
2559 5169 2776 5238 decipit,
2801 5176 2859 5223 ut
2887 5167 3136 5227 diximus,
3170 5159 3467 5230 imperitos.

1863 5267 2173 5336 .Quomodo
2203 5265 2346 5321 enim
2375 5262 2506 5318 dicit
2535 5260 2670 5316 duos
2690 5276 2748 5316 se
2775 5274 2882 5313 non
2903 5257 3092 5339 dicere
3106 5254 3261 5316 lilios,
3295 5262 3471 5317 neque

1891 5361 2092 5428 sentire
2115 5400 2130 5424 ,
2180 5355 2426 5412 dividens
2473 5368 2639 5407 unum
2669 5352 2736 5406 ab
2766 5351 2969 5412 altero,
3002 5361 3165 5402 unum
3196 5352 3471 5428 tempora-

1861 5504 1864 5508 .
1892 5424 2031 5514 lem,
2063 5449 2293 5504 alterum
2330 5461 2462 5500 vero
2491 5443 2559 5503 ab
2587 5449 2792 5498 aeterno
2811 5481 2826 5507 ,
2856 5437 3147 5495 secundum
3185 5424 3476 5488 essentiam

1896 5550 1952 5596 et
1973 5549 2247 5606 naturam;
2298 5547 2352 5593 et
2381 5537 2529 5591 illum
2575 5532 2926 5605 temporalem
2966 5517 3378 5601 participatione
3424 5527 3481 5606 et

1859 5687 1868 5690 _
1895 5643 2108 5688 tantum
2137 5631 2401 5687 vocabulo
2429 5626 2825 5693 honorandum,
2849 5641 2956 5681 non
2979 5629 3159 5678 autem
3190 5634 3256 5672 ex
3285 5623 3481 5671 natura

1898 5739 2016 5780 esse
2044 5725 2236 5779 Filium
2276 5725 2390 5792 Dei,
2431 5734 2486 5780 et
2528 5723 2728 5779 Deum?
2770 5735 2895 5776 nam
2923 5699 3256 5790 singulorum
3307 5701 3484 5776 status
