3924 6282
493 265 633 336 1017

995 267 1188 326 MAR"
1227 253 1663 326 MERCATORIS
1699 259 2266 324 TRANSLATIONES
2307 263 2668 324 VARIORUM
2707 261 3241 322 OPUSCULORUM.

3637 266 3789 324 1088

493 399 550 444 et
578 387 768 443 merita
797 358 1004 452 dividit,
1032 387 1262 442 alterum
1302 392 1494 441 natura
1523 401 1643 440 esse
1680 385 1868 440 volens
1887 425 1901 451 ,
1943 383 2078 439 alte-
2103 387 2154 446 Α
2181 392 2328 440 certe
2354 385 2518 438 homo
2546 383 2848 438 communis
2877 396 2945 437 ex
2973 381 3150 436 anima
3191 388 3251 436 et
3293 387 3524 452 corpore
3566 385 3785 439 consti-

493 496 615 535 rum
642 479 1025 549 conjunctione
1070 487 1125 534 et
1167 477 1427 534 societate
1463 477 1603 532 illius
1647 477 1741 546 qui
1771 484 1964 531 natura
1993 482 2077 531 est

493 571 636 626 Deus
663 578 718 626 et
747 569 912 624 Filius
940 569 1057 624 Dei.

563 660 617 715 8.
657 658 791 715 Cum
839 661 1021 730 utique
1066 659 1335 716 recordari
1381 661 1653 716 debuisset
1691 658 1843 714 Pauli
1871 658 2074 713 dictum

491 752 746 823 apostoli,
779 768 886 822 quo
915 753 1023 805 ait:
1072 748 1324 822 Optabam
1345 769 1437 822 ego
1456 753 1565 822 ipse
1586 750 1859 804 anathema
1895 765 2004 804 esse
2042 766 2074 804 a

491 843 696 898 Christo
725 861 816 914 pro
841 843 1089 914 fratribus
1112 845 1240 898 meis
1269 843 1550 897 secundum
1571 859 1800 907 carnem,
1837 844 1921 914 qui
1954 849 2073 896 sunt

491 935 768 1000 Israelitw,
792 945 1089 1006 quorumest
1114 934 1321 1006 adoptio
1352 935 1579 1004 ﬁliorum
1600 975 1614 997 ,
1649 943 1699 986 et
1741 941 2067 998 testamenta,

488 1037 537 1081 et
557 1028 682 1098 legis
703 1027 1016 1090 constitutio,
1048 1035 1097 1080 et
1117 1024 1376 1097 obsequia,
1411 1036 1458 1078 et
1476 1025 1672 1096 gloria,
1697 1034 1744 1077 et
1774 1025 2028 1095 promissa
2050 1041 2068 1078 :

487 1135 699 1188 quorum
728 1127 919 1189 patres,
951 1127 1001 1173 et
1031 1136 1095 1173 ea:
1134 1120 1314 1190 quibus
1355 1117 1618 1183 Christus,
1659 1118 1940 1173 secundum
1962 1135 2072 1172 car-

486 1230 602 1266 nem
642 1223 793 1267 natus
827 1223 929 1280 est,
960 1213 1046 1280 qui
1077 1223 1154 1266 est
1190 1229 1343 1284 super
1371 1214 1545 1266 omnia
1575 1211 1870 1266 benedictus
1888 1213 1941 1265 in
1971 1227 2070 1266 sa:-

485 1305 600 1356 cula
630 1302 806 1373 (Rom.
841 1319 911 1368 1x,
940 1304 1014 1373 5).
1079 1301 1274 1372 Utique
1320 1318 1482 1372 super
1527 1303 1706 1356 omnia
1757 1302 1933 1361 Deus.
1975 1303 2070 1371 qui

485 1394 777 1448 secundum
805 1407 1023 1448 carnem
1055 1408 1123 1447 ex
1156 1392 1441 1458 lsraelitis,
1474 1408 1542 1446 ex
1568 1391 1772 1447 semine
1801 1391 2069 1446 Abraham

484 1494 540 1539 et
567 1485 751 1549 David,
785 1501 882 1557 per
901 1485 1134 1555 Virginis
1155 1494 1389 1550 uterum,
1420 1486 1681 1554 originem
1708 1486 1898 1540 habet:
1939 1485 2067 1539 Ver.

484 1576 599 1630 bum
628 1579 762 1632 enim
785 1595 989 1631 carnem
1019 1581 1366 1650 factumesse,
1398 1576 1690 1646 Evangelia
1720 1586 1856 1632 teste
1884 1576 2060 1648 (Joan.

479 1683 518 1738 ι,
540 1668 960 1737 14),(1ἰόίοἰιιιιις.
993 1667 1074 1722 Ex
1094 1683 1201 1737 quo
1223 1678 1484 1738 tempore,
1517 1683 1690 1737 neque
1712 1683 1831 1737 quae
1857 1669 2064 1723 inﬁrma

2181 483 2358 541 tutus,
2403 490 2472 530 ex
2509 473 2733 530 diversis
2781 473 2897 528 sine
2922 471 3429 528 dubiosubstantiis
3454 479 3511 529 et
3537 476 3780 541 naturis,

2177 567 2444 638 corporali
2470 565 2716 623 videlicet
2740 574 2796 622 et
2822 565 3068 636 spiritali,
3099 579 3280 620 crassa
3310 575 3364 621 et
3391 565 3575 622 subtili
3592 607 3610 632 ,
3635 567 3780 623 visi-

2174 659 2269 714 bili
2296 666 2352 713 et
2379 657 2666 723 invisibili,
2716 657 2932 712 mortali
2961 665 3016 712 et
3043 656 3366 724 immortali,
3415 660 3684 735 convenit
3721 661 3778 714 in

2175 766 2338 807 unum
2357 791 2372 816 ,
2423 767 2532 806 non
2578 757 2766 805 contra
2795 756 3068 814 naturam,
3113 747 3208 804 sed
3237 748 3557 804 naturaliter
3583 758 3644 804 et
3671 749 3776 806 Dei

2175 841 2536 907 institutione,
2581 840 2674 911 qui
2702 840 2777 895 ita
2814 847 2873 894 ut
2912 847 3056 895 esset
3093 839 3261 895 semel
3303 847 3358 894 et
3388 839 3455 894 ab
3484 840 3669 906 initio,
3717 850 3774 896 et

2172 934 2227 989 in
2254 940 2572 1004 perpetuum
2595 972 2611 998 ,
2660 931 2840 986 sanxit
2881 938 3042 1000 atque
3088 929 3384 1001 disposuit;
3433 931 3601 987 homo
3631 945 3769 1001 ergo

2172 1041 2293 1081 cum
2331 1033 2413 1080 est
2457 1034 2513 1080 et
2549 1024 2860 1079 enuntiatur
2896 1023 3080 1085 homo.
3106 1039 3213 1078 una
3241 1031 3433 1079 natura
3457 1031 3566 1087 est,
3597 1033 3770 1094 atque

2173 1134 2276 1174 una
2303 1117 2618 1182 substantia,
2651 1130 2865 1185 unaque
2891 1129 3144 1186 persona.

2242 1208 2326 1261 14.
2370 1208 2476 1262 Nec
2502 1206 2699 1261 Paulus
2737 1207 3044 1277 apostolus,
3085 1221 3208 1262 cum
3241 1205 3448 1262 diceret
3489 1224 3504 1258 :
3547 1205 3764 1262 Primus

2170 1303 2319 1356 homo
2349 1302 2410 1356 de
2440 1311 2575 1354 terra
2606 1311 2865 1364 terrenus,
2909 1300 3158 1354 secundus
3201 1301 3352 1355 homo
3403 1298 3661 1355 Dominus
3699 1302 3764 1354 de

2169 1393 2292 1447 caelo
2316 1392 2368 1464 (Ι
2399 1392 2517 1446 Cor.
2543 1409 2628 1457 xv,
2653 1391 2764 1459 47),
2788 1401 2843 1446 et
2863 1399 3074 1456 (uetera,
3101 1406 3220 1460 qum
3240 1391 3293 1445 in
3316 1389 3507 1445 eadem
3528 1390 3760 1444 circum-

2167 1485 2362 1540 stantia
2386 1485 2556 1538 latiusr
2571 1485 2902 1553 exsequitur,
2932 1484 3200 1555 duplicem
3220 1500 3364 1550 eum,
3388 1485 3476 1539 vel
3505 1484 3644 1539 duas
3664 1501 3757 1540 ua-

2167 1587 2313 1630 tnras
2341 1591 2458 1630 esse
2496 1575 2843 1643 signiﬁcavit;
2876 1592 2975 1631 nec
3001 1577 3092 1645 qui
3121 1575 3256 1630 dixit
3292 1595 3305 1630 :
3353 1575 3530 1631 Homo
3559 1593 3674 1631 cum
3701 1581 3756 1631 in

2167 1669 2359 1723 honore
2397 1679 2545 1735 esset,
2588 1685 2691 1723 non
2738 1668 3018 1733 intellexit,
3054 1677 3382 1738 comparatus
3409 1679 3486 1722 est
3505 1669 3755 1738 jumentis

478 1768 624 1826 sunt,
656 1769 710 1815 et
737 1760 942 1829 fragilia
969 1761 1336 1827 humanitatis,
1360 1775 1536 1830 neque
1563 1776 1682 1829 qua:
1701 1761 1879 1816 divina
1900 1767 2060 1830 atque
2092 1764 2133 1822 Β
2162 1761 2517 1831 insipientibus
2539 1802 2554 1825 ,
2600 1769 2650 1814 et
2677 1761 2862 1814 similis
2897 1763 3063 1832 factus
3094 1770 3170 1814 est
3201 1761 3306 1814 illis
3347 1759 3524 1832 (Psal.
3570 1777 3748 1828 ιιι-ιιι,

478 1852 725 1908 sublimia
750 1861 804 1906 et
829 1859 1031 1906 :eterna
1072 1862 1225 1917 sunt,
1270 1853 1337 1907 ab
1376 1853 1483 1906 ulla
1527 1851 1750 1925 [Cori-ig.
1784 1850 1912 1924 una]
1938 1861 2060 1907 sunt

477 1958 709 2014 persona
731 1943 817 1998 vel
843 1945 1138 1999 substantia
1167 1945 1485 2014 separanda.

548 2034 602 2089 9.
645 2034 911 2089 Debuerat
931 2034 1116 2090 audire
1135 2035 1328 2090 Isaiam
1354 2035 1737 2106 praedicantem
1762 2054 1774 2089 :
1800 2035 1942 2091 Puer
1960 2053 2060 2091 na-

478 2135 560 2181 tus
583 2135 658 2180 est
678 2124 844 2192 nobis,
869 2135 918 2180 et
938 2127 1078 2197 ﬁlius
1101 2127 1251 2180 datus
1273 2137 1348 2180 est
1373 2127 1538 2194 nobis,
1569 2129 1718 2200 cujus
1737 2131 2062 2201 principatus

477 2234 630 2288 super
658 2218 923 2272 humerum
947 2218 1092 2289 ejus;
1124 2217 1206 2270 hic
1230 2218 1491 2272 vocabitur
1510 2217 1854 2284 admirabilis,
1885 2219 2060 2292 magni

476 2311 681 2365 consilii
728 2312 972 2375 nuntius,
1022 2295 1182 2376 Deus,
1234 2312 1404 2382 fortis,
1454 2321 1604 2383 pater
1652 2314 1812 2383 futuri
1859 2313 2058 2379 saeculi,

475 2406 715 2474 princeps
757 2405 932 2474 pacis;
969 2401 1400 2473 multiplicabitur
1434 2420 1647 2475 regnum
1675 2405 1815 2476 ejus,
1843 2414 1894 2459 et
1917 2407 2060 2477 pacis

475 2513 581 2550 non
602 2498 700 2550 erit
723 2497 876 2566 ﬁnis;
926 2512 1079 2565 super
1107 2494 1279 2550 sedem
1311 2494 1479 2550 Dauid
1507 2497 1672 2566 patris
1703 2497 1803 2562 sui,
1833 2507 1882 2550 et
1907 2513 2059 2568 super

473 2604 686 2658 regnum
710 2588 841 2658 ejus,
879 2595 934 2640 ut
955 2587 1226 2657 conﬁrmet
1255 2586 1417 2652 illud,
1449 2596 1500 2641 et
1520 2587 1811 2642 corroboret
1838 2591 1891 2642 in
1914 2589 2058 2661 judi-

473 2679 554 2732 cio
580 2686 629 2732 et
642 2679 872 2750 justitia,
905 2677 1090 2733 amodo
1121 2686 1172 2731 et
1196 2694 1355 2748 usque
1374 2679 1428 2731 in
1456 2687 1722 2733 attentum.
1763 2679 1919 2734 Zelus
1944 2679 2057 2734 Do-

471 2769 601 2822 mini
629 2769 944 2822 exercituum
974 2769 1130 2839 faciet
1161 2768 1269 2822 hazc
1292 2767 1450 2840 (Isai.
1484 2786 1556 2836 lx,
1588 2769 1661 2838 v).

544 2859 629 2913 10.
673 2859 772 2914 Hic
797 2859 970 2922 Deus,
1007 2861 1194 2930 fortis,
1228 2860 1415 2928 utique
1441 2861 1534 2929 qui
1569 2877 1715 2931 puer,
1745 2860 1864 2916 sine
1891 2861 2056 2918 dubio

465 2951 564 3021 .qui
594 2951 786 3022 pannis
829 2950 883 3005 in
931 2949 1207 3005 Bethleem
1256 2950 1559 3017 involutus,
1605 2960 1660 3006 et
1700 2952 1754 3006 in
1793 2953 2057 3024 praesepio

467 3044 678 3115 positus
701 3050 803 3109 est,
830 3042 923 3111 qui
947 3041 1199 3096 adoratus
1228 3057 1258 3095 a
1287 3043 1488 3112 magis,
1517 3043 1609 3112 qui
1641 3041 1931 3115 [Egyptum
1957 3060 2057 3115 po-

2163 1852 2282 1924 1‘5);
2313 1852 2537 1908 duarum
2561 1854 2613 1908 in
2642 1868 2710 1908 eo
2737 1852 2862 1907 fecit
2896 1861 3207 1907 naturarum
3231 1852 3590 1908 mentionem.

2234 1942 2320 1997 15.
2353 1943 2483 1999 lllud
2511 1958 2728 2014 quoque
2754 1941 3270 2014 praetermittendum
3297 1957 3408 1999 non
3446 1953 3564 2008 est,
3605 1945 3748 2014 quod

2161 2037 2361 2093 dictum
2391 2044 2474 2092 est
2498 2037 2552 2090 in
2590 2035 2826 2091 Genesi:
2862 2033 3142 2089 Descendit
3166 2033 3332 2088 Iacob
3360 2035 3417 2089 in
3457 2033 3745 2106 ﬁmum

2161 2147 2274 2184 cum
2295 2130 2418 2201 ﬁliis
2439 2132 2563 2195 suis,
2589 2145 2764 2184 omnes
2783 2130 2973 2182 animo
2991 2128 3319 2199 septuaginta
3340 2129 3566 2198 quinque
3593 2126 3743 2198 (Gen.

2161 2237 2301 2286 xui,
2344 2219 2454 2289 27).
2507 2219 2638 2274 Item
2677 2219 2984 2290 propheta:
3029 2217 3220 2272 Omnes
3247 2219 3439 2272 anima
3457 2235 3589 2273 mea
3604 2227 3741 2284 sunt,

2160 2316 2291 2369 sicut
2319 2315 2492 2369 anima
2525 2314 2708 2384 patris,
2730 2313 2806 2367 ita
2842 2313 3018 2366 anima
3046 2311 3163 2382 ﬁlii,
3191 2327 3306 2365 mea
3333 2320 3410 2365 est
3422 2328 3444 2376 ;
3480 2319 3530 2364 et
3567 2313 3746 2365 anima

2161 2421 2276 2478 qua!
2300 2415 2506 2475 peccat,
2548 2406 2664 2475 ipsa
2701 2404 2815 2458 sola
2841 2405 3105 2458 morietur.
3140 2399 3206 2455 Et
3232 2403 3279 2457 is
3309 2405 3394 2474 qui
3411 2420 3556 2457 uram
3585 2421 3742 2457 acer-

2161 2497 2276 2550 bam
2319 2496 2672 2563 manducavit,
2703 2497 2862 2568 ipsius
2902 2497 3258 2567 obstupescent
3303 2497 3475 2551 dentes
3513 2495 3739 2565 (Eaech.

2163 2605 2306 2654 xvtn,
2333 2587 2365 2640 4
2384 2599 2432 2643 et
2450 2588 2561 2658 ‘20).
2581 2587 2712 2643 Item
2729 2588 2864 2644 alius
2885 2590 3146 2659 propheta
3167 2607 3178 2641 :
3202 2586 3404 2653 Lauda,
3423 2590 3739 2654 annnam,

2160 2679 2438 2734 Dominum
2479 2680 2650 2750 (Psal.
2679 2695 2836 2746 chv,
2879 2679 2956 2748 1),
2997 2690 3046 2734 et
3074 2681 3248 2734 omnia
3268 2696 3390 2734 ossa
3410 2697 3524 2733 mea
3548 2680 3740 2733 laudent

2162 2771 2331 2824 dicent
2365 2770 2454 2824 tibi
2495 2770 2680 2841 (Psal.
2705 2787 2886 2836 xxxiv,
2914 2769 3024 2840 10).
3054 2771 3186 2826 ltem
3215 2785 3248 2824 a
3279 2777 3438 2841 parte
3461 2770 3736 2840 corporis:

2161 2861 2286 2917 Non
2307 2861 2644 2935 permanebit,
2679 2862 2868 2930 inquit,
2896 2861 3124 2934 Spiritus
3145 2877 3288 2915 meus
3317 2877 3436 2914 cum
3459 2859 3740 2914 hominibus

2155 2956 2292 3019 istis,
2316 2955 2557 3026 quoniam
2575 2963 2694 3008 sunt
2723 2971 2842 3008 caro
2865 2951 3018 3025 (Gen.
3043 2969 3114 3020 γι,
3141 2952 3217 3023 '5).
3248 2951 3384 3008 Item
3413 2951 3557 3006 alius
3580 2969 3594 3004 :
3619 2948 3738 3006 Care

2157 3063 2272 3101 mea
2299 3047 2575 3100 exsultavit
2609 3047 2666 3099 in
2695 3062 2785 3116 spe
2815 3043 2986 3117 (Psal.
3011 3061 3098 3110 xv,
3123 3042 3211 3116 9);
3237 3051 3293 3099 et
3332 3043 3465 3098 alibi
3493 3060 3506 3096 :
3549 3042 3740 3097 Videbit

469 3141 583 3190 stea
613 3149 736 3189 cum
766 3133 1077 3204 parentibus
1102 3133 1276 3203 petiit,
1301 3141 1358 3188 ut
1383 3149 1451 3189 ex
1481 3133 1735 3205 ZEgypto,
1763 3137 2053 3192 secundum
2083 3142 2129 3206 C
2159 3139 2323 3192 omnis
2343 3154 2464 3191 caro
2486 3138 2715 3192 salutare
2736 3135 2834 3191 Dei
2861 3135 3009 3207 (Luc.
3035 3153 3110 3201 in,
3134 3135 3210 3207 6).
3233 3135 3509 3206 Numquid
3537 3138 3620 3192 eis
3637 3139 3740 3190 sine

469 3225 630 3280 alium
651 3225 968 3295 prophetam
991 3225 1391 3294 prmcinentem,
1417 3234 1721 3291 vocaretur,
1749 3227 2048 3284 dicentem:

467 3316 554 3372 Ex
573 3315 806 3389 lEgypto
826 3318 998 3372 vocavi
1021 3315 1218 3372 Filium
1247 3334 1412 3372 meum
1437 3316 1592 3388 (Osee
1615 3335 1687 3385 1x,
1719 3319 1796 3391 9).

536 3413 622 3466 11.
665 3412 1006 3482 Objiciendus
1035 3429 1252 3484 quoque
1280 3417 1332 3470 ei
1363 3417 1416 3470 in
1449 3415 1635 3472 faciem
1666 3415 1928 3473 Jeremias
1956 3433 2051 3473 vo-

463 3502 732 3558 ciferans:
780 3503 882 3559 Hic
920 3503 1061 3559 Deus
1101 3517 1293 3572 noster,
1333 3517 1386 3561 et
1416 3526 1518 3562 non
1549 3509 1888 3563 (estimabitur
1914 3510 2048 3564 alius

461 3604 650 3667 prteter
668 3612 783 3650 eum
810 3595 978 3664 Deus,
1012 3599 1098 3668 qui
1126 3600 1322 3652 invenit
1349 3617 1549 3653 omnem
1579 3602 1712 3654 viam
1727 3601 1968 3671 justitiae,
1999 3609 2050 3656 et

461 3686 602 3740 dedit
647 3703 762 3740 eam
805 3685 970 3741 Iacob
1017 3704 1175 3758 puero
1223 3705 1337 3754 suo,
1383 3699 1434 3744 et
1481 3689 1652 3744 Israel
1698 3691 1884 3745 dilecto
1932 3708 2043 3746 suo.

459 3775 702 3831 Posthwc
728 3780 783 3831 in
815 3781 963 3832 terris
993 3781 1132 3833 visus
1160 3789 1259 3845 est,
1285 3790 1334 3835 et
1361 3781 1496 3835 inter
1515 3781 1748 3837 homines
1775 3799 2047 3839 conuersa-

460 3876 538 3920 tus
565 3877 642 3921 est
673 3867 922 3938 (Baruch.
956 3885 1031 3934 ιιι,
1064 3869 1174 3941 58).

527 3958 613 4014 12.
659 3959 892 4026 Dicatur,
924 3975 1128 4031 qumso,
1163 3964 1338 4030 nobis,
1373 3966 1494 4035 quis
1523 3966 1625 4022 iste
1651 3975 1752 4033 est,
1785 3969 1878 4038 qui
1905 3977 2047 4040 post-

452 4050 662 4104 modum
685 4053 740 4104 in
768 4055 916 4106 terris
945 4055 1082 4108 uisus
1103 4063 1199 4120 est,
1223 4067 1273 4110 et
1299 4058 1435 4110 inter
1457 4058 1689 4112 homines
1715 4069 2045 4115 conversatus

452 4149 547 4194 est.
589 4139 785 4211 Utique
803 4142 1038 4198 Verbum
1066 4145 1192 4210 Dei,
1224 4146 1367 4202 Deus
1395 4148 1578 4214 homo,
1608 4157 1663 4204 et
1688 4150 1851 4205 homo
1881 4150 2038 4215 Deus,

451 4230 605 4287 Jesus
631 4232 904 4301 Christus,
937 4231 1103 4294 Filius
1131 4239 1436 4308 unigenitus
1465 4239 1641 4296 Patris
1664 4283 1678 4308 ,
1721 4244 1812 4312 qui
1837 4258 1958 4299 cum
1988 4244 2042 4298 in

449 4326 614 4379 terris
657 4327 710 4380 in
740 4343 903 4383 carne
931 4332 1254 4387 constitutus
1283 4343 1458 4400 esset,
1500 4344 1556 4392 et
1595 4337 1650 4391 in
1681 4338 1796 4407 ipsa
1822 4339 2042 4395 visibilis

450 4427 864 4473 conversaretur
914 4421 1059 4476 inter
1101 4423 1378 4491 homines,
1419 4428 1486 4482 ab
1515 4428 1820 4486 hominibus
1846 4432 1900 4487 in
1925 4433 2040 4503 ipsa

2157 3229 2348 3284 animis
2376 3229 2476 3284 ista
2495 3229 2842 3298 contingent?
2871 3226 2978 3283 Aut
3001 3229 3126 3298 quia
3146 3228 3391 3298 superius
3412 3228 3613 3282 anima:
3635 3236 3740 3282 tan-

2156 3329 2269 3375 tum
2295 3320 2584 3376 nominatae
2610 3325 2762 3386 sunt,
2793 3320 3037 3391 corporis
3063 3319 3344 3384 societate,
3370 3319 3461 3375 vel
3490 3320 3545 3374 in
3575 3319 3737 3385 bonis,

2154 3414 2237 3469 vel
2269 3413 2322 3468 in
2349 3413 2508 3468 malis
2537 3412 2744 3468 meritis
2765 3421 3029 3484 separatze
3057 3413 3216 3466 sunt?
3245 3411 3379 3478 Quis
3397 3412 3510 3468 hoc
3528 3411 3739 3467 demen-

2157 3506 2392 3561 tissimus
2419 3505 2652 3560 dixerit?
2681 3504 2798 3562 Non
2820 3505 3023 3573 utique,
3055 3503 3152 3559 sed
3180 3504 3524 3572 naturaliter,
3556 3519 3738 3573 quam.

2152 3599 2245 3654 diu
2271 3607 2559 3668 utrumque
2585 3598 2685 3654 sibi
2705 3612 3007 3654 connexum
3035 3605 3092 3652 et
3118 3596 3396 3652 cohaerens
3423 3604 3532 3662 est,
3567 3612 3673 3650 non
3695 3596 3736 3648 in

2151 3690 2428 3756 dualitate,
2463 3689 2557 3746 sed
2595 3689 2649 3743 in
2694 3689 2901 3743 unitate
2929 3688 3274 3752 enuntiatur,
3328 3696 3386 3743 et
3410 3686 3738 3756 signiﬁcatur

2151 3790 2361 3844 natura,
2387 3780 2440 3836 id
2467 3788 2569 3847 est,
2596 3781 2848 3845 hominis,
2880 3795 2977 3836 seu
3005 3781 3238 3835 humana
3266 3787 3485 3834 natura.

2221 3874 2307 3928 16.
2341 3873 2510 3929 Nemo
2531 3874 2692 3942 igitur
2711 3889 2874 3929 sanus
2901 3882 3102 3936 mente,
3127 3889 3248 3929 cum
3269 3873 3437 3928 homo
3459 3872 3638 3936 vivus,
3661 3871 3734 3924 vel

2150 3965 2375 4020 adversa
2415 3966 2662 4032 sustinet,
2691 3965 2778 4020 vel
2806 3965 3006 4037 optatis
3042 3965 3295 4030 exsultat,
3337 3964 3508 4027 dicat,
3548 3979 3655 4018 non
3678 3978 3734 4017 ex

2149 4067 2375 4128 utraque
2401 4059 2768 4126 constitutum,
2820 4058 2908 4114 vel
2952 4057 3140 4114 dolore
3185 4055 3380 4127 afﬂigi,
3424 4057 3517 4111 vel
3562 4056 3732 4110 lzetitia

2148 4149 2440 4215 exsultare,
2463 4164 2586 4206 cum
2614 4150 2849 4204 animam
2879 4149 3056 4204 nullus
3083 4149 3309 4214 dubitet,
3336 4149 3393 4203 in
3418 4164 3520 4204 sua
3551 4158 3732 4204 natura

2147 4249 2202 4295 et
2230 4242 2449 4312 propria
2489 4241 2787 4297 substantia
2815 4240 3004 4296 dolore
3044 4255 3153 4295 non
3194 4239 3370 4305 afﬁci;
3402 4240 3551 4309 quod
3579 4240 3733 4294 etiam

2147 4332 2422 4403 Scriptura
2469 4332 2647 4388 divina
2691 4347 2790 4387 nos
2843 4346 3008 4403 super
3053 4331 3158 4387 hoc
3205 4331 3513 4387 evidentius
3557 4331 3728 4393 docet,

2144 4426 2330 4482 dicens
2354 4445 2366 4480 :
2393 4424 2573 4480 Nolite
2593 4427 2771 4480 timere
2801 4441 2888 4480 eos
2909 4426 2994 4498 qui
3033 4425 3276 4480 occidunt
3305 4442 3517 4496 corpus,
3552 4425 3734 4478 animi:

445 4521 643 4580 passus
667 4518 786 4577 est,
835 4511 889 4566 in
923 4513 1038 4584 ipsa
1079 4516 1366 4574 cruciﬁxus
1390 4560 1404 4584 ,
1449 4520 1503 4574 in
1532 4521 1644 4592 ipsa
1676 4531 1950 4591 mortuus,
1983 4526 2037 4580 in

2161 4526 2313 4572 tatem
2342 4517 2466 4589 quid
2494 4519 2693 4589 faciant
2717 4533 2822 4572 non
2843 4517 3033 4572 habent
3054 4515 3272 4588 (Matth.
3295 4534 3348 4583 x,
3371 4514 3490 4587 28).

448 4600 564 4670 ipsa
593 4604 891 4658 resurrexit
933 4607 1092 4661 tertia
1121 4607 1209 4663 die
1227 4651 1241 4677 ,
1285 4625 1406 4664 cum
1435 4612 1549 4682 ipsa
1583 4613 1754 4683 judex
1781 4624 2042 4672 venturus

440 4693 684 4762 judicare
731 4694 883 4752 vivos
927 4705 983 4752 et
1009 4707 1271 4755 mortuos.
1317 4700 1486 4757 Totus
1527 4704 1614 4760 hic
1641 4714 1832 4760 natura
1871 4705 2038 4764 Filius

441 4784 537 4840 Dei
569 4794 673 4853 est,
707 4801 773 4842 ex
795 4787 906 4843 Deo
938 4788 1114 4846 Verbo
1143 4799 1200 4846 et
1230 4792 1467 4860 homine,
1501 4811 1625 4851 cum
1664 4797 1840 4853 anima
1868 4799 2036 4854 ratio-

442 4876 568 4941 nali,
601 4883 657 4931 et
683 4892 845 4934 carne
869 4880 1040 4936 solida
1069 4890 1230 4952 atque
1279 4884 1547 4954 perfecta;
1579 4894 1635 4941 et
1661 4887 1744 4942 hae
1771 4895 1882 4943 tres
1909 4889 2037 4945 sub-

439 4971 650 5025 stantia:
697 4987 802 5026 una
844 4972 954 5042 jam
995 4976 1291 5031 substantia
1317 5018 1331 5044 ,
1380 4994 1486 5033 una
1525 4993 1742 5049 quoque
1768 4995 2032 5052 persona;

437 5062 866 5120 substantialitcr
893 5066 1037 5121 enim
1071 5067 1213 5123 Dens
1234 5069 1528 5135 hominem,
1561 5072 1684 5127 inde
1705 5073 2038 5129 mutabiliter

438 5168 567 5208 caro
595 5153 788 5220 factus,
820 5158 1057 5227 suscepit
1077 5167 1137 5213 et
1166 5161 1349 5228 gessit,
1383 5177 1484 5218 nec
1511 5161 1778 5233 deposuit,
1810 5179 1912 5220 nec
1937 5164 2033 5220 de-

433 5246 710 5314 positurus
730 5256 813 5303 est
855 5263 1106 5319 umquam
1132 5291 1147 5318 ,
1181 5263 1602 5322 conregnantem
1620 5294 1636 5319 ,
1665 5263 1722 5310 et
1748 5254 2030 5311 condomi-

435 5345 676 5394 nantem.
1729 5356 1731 5359 ·

509 5431 596 5486 15.
637 5425 908 5498 Quid'hic
953 5433 1182 5490 dualitas
1225 5439 1572 5492 naturarum?
1619 5435 1756 5504 Quid
1784 5436 2033 5492 substan-

434 5519 635 5575 tiarum
662 5523 944 5580 diversitas
966 5567 980 5591 ,
1028 5527 1080 5580 in
1119 5543 1227 5582 uno
1257 5528 1484 5584 Domino
1511 5529 1729 5584 Christo
1758 5543 1952 5598 magna
1978 5538 2035 5584 et

435 5609 601 5681 impia
624 5612 949 5682 loquacitate
978 5617 1134 5672 nobis
1157 5615 1409 5674 aﬁ'ertur?
1433 5635 1626 5693 nempe
1644 5629 1703 5676 ut
1725 5621 1862 5677 duos
1890 5620 2033 5676 chri-

436 5710 554 5764 Itos
575 5744 591 5777 ,
641 5712 695 5762 et
741 5704 874 5762 duos
918 5707 1156 5765 diversos
1184 5725 1301 5766 esse
1324 5710 1418 5766 Dei
1451 5712 1588 5771 ﬁlios
1619 5711 1918 5771 audiamus.
1960 5708 2032 5776 Et

2216 4609 2301 4664 17.
2336 4609 2474 4677 Quid
2503 4625 2638 4681 opus
2666 4619 2750 4665 est
2775 4610 3084 4666 testimonia
3107 4610 3262 4680 plura
3282 4609 3616 4678 congerere?
3635 4607 3733 4660 Ant

2143 4704 2236 4774 qui
2260 4703 2380 4758 ﬁnis
2406 4704 2510 4758 erit
2537 4704 2592 4758 in
2613 4703 2696 4758 his
2725 4703 3102 4772 exquirendis?
3132 4701 3238 4756 Aut
3266 4702 3353 4756 cui
3374 4709 3488 4766 est,
3511 4699 3598 4754 vel
3618 4697 3730 4762 fuit,

2141 4797 2228 4852 vel
2249 4797 2350 4851 erit
2370 4796 2659 4865 aliquando
2680 4795 2935 4864 possibile
2954 4793 3283 4864 perscrutari
3311 4793 3516 4856 omnia,
3539 4799 3596 4846 et
3625 4807 3737 4845 om-

2143 4891 2229 4945 nia
2251 4902 2693 4951 commemorare,
2713 4887 2907 4956 quibus
2927 4886 3188 4956 probetur
3205 4900 3314 4939 non
3335 4884 3553 4939 novella
3576 4884 3732 4939 hunc.

2139 4980 2236 5037 sed
2255 4989 2459 5046 vetera,
2485 4979 2678 5050 partim
2699 4975 2852 5032 Pauli
2873 4977 3232 5044 Samosateni,
3263 4977 3462 5047 partim
3494 4975 3705 5030 Ebionis

2140 5073 2336 5143 partim
2366 5070 2604 5126 Marcelli
2632 5068 2868 5133 Galatae,
2900 5077 2956 5123 et
2993 5067 3208 5125 Pbotini
3237 5083 3358 5124 esse
3388 5083 3514 5123 cum
3545 5067 3704 5137 impie

2141 5172 2251 5219 tate
2272 5164 2537 5219 locutum?
2560 5159 2734 5216 Unum
2757 5169 2938 5216 tamen
2960 5176 3060 5232 pro
3075 5159 3559 5216 innumerabilibus
3574 5173 3708 5212 evan

2139 5254 2368 5323 gelicum
2395 5253 2496 5309 sibi
2525 5251 2706 5308 audiat
2725 5251 2986 5307 trabalem
3011 5252 3186 5306 locum
3215 5247 3391 5322 [ϐεγιν.
3417 5249 3607 5303 audiat
3633 5248 3712 5302 cla

2139 5363 2320 5414 mare;
2355 5346 2536 5401 Baluz.
2572 5346 2707 5401 delet
2736 5343 2970 5416 locum]:
2997 5342 3167 5399 Nemo
3189 5328 3428 5397 ascendit
3455 5344 3511 5396 in
3533 5342 3715 5395 cetum

2140 5441 2241 5494 nisi
2271 5440 2356 5511 qui
2383 5439 2644 5493 descendit
2673 5438 2736 5491 de
2763 5437 2888 5492 caelo
2916 5435 3092 5492 Filius
3139 5436 3382 5500 hominis,
3425 5436 3514 5506 qui
3559 5444 3642 5487 est
3686 5434 3738 5485 in

2135 5530 2258 5584 caelo
2288 5529 2480 5601 (Joan.
2515 5545 2602 5594 ιιι,
2649 5528 2774 5601 15).
2815 5527 2884 5582 Et
2926 5536 3073 5583 certe
3120 5527 3298 5583 adhuc
3335 5524 3741 5595 cruciﬁgendus

2133 5619 2381 5675 Christus
2410 5621 2513 5676 ista
2543 5619 2778 5687 dicebat,
2805 5620 2897 5690 qui
2940 5619 3218 5677 descendit
3245 5619 3314 5676 de
3339 5619 3506 5685 caelo,
3539 5619 3735 5688 inquit,

2135 5717 2190 5770 et
2208 5710 2302 5785 qui
2330 5719 2412 5769 est
2450 5711 2504 5769 in
2531 5711 2670 5771 cwlo
2698 5709 2837 5770 ﬁlius
2891 5711 3144 5800 hqminis.
3196 5711 3270 5770 Ita
3318 5724 3450 5790 ergo
3493 5708 3740 5782 Verbum
