3982 6278
463 292 597 349 1051

955 279 1142 344 MAR"
1185 281 1619 344 MERCATORIS
1656 282 2220 341 TRANSLATIONES
2255 281 2618 340 VARIORUM
2657 280 3166 340 OPUSCULORUM

3575 274 3725 332 1052

462 405 597 460 doro
618 419 724 459 non
752 403 976 459 obscure
999 399 1282 471 significari
1311 399 1538 467 gratiam
1558 395 1753 471 Christi
1771 439 1785 463 ,
1817 405 2036 467 propter
2063 403 2109 461 Α
2138 394 2311 471 Opera
2345 403 2471 449 tunc
2493 395 2748 471 temporis
2774 393 3030 457 latebant,
3064 409 3206 461 nunc
3230 407 3356 447 vero
3385 391 3532 446 edita
3562 389 3735 445 dubi-

463 489 624 543 quam
653 475 798 529 venit
823 475 874 529 in
912 469 1066 528 hunc
1088 470 1373 543 mundum,
1405 485 1512 524 non
1543 469 1700 522 aliam
1730 479 1849 523 esse
1876 479 2036 536 quam

464 541 551 600 vel
577 545 874 601 doetrinam
905 544 987 599 vel
1011 541 1331 611 exemplum.

533 614 650 670 Jam
683 632 808 670 vero
837 616 902 670 de
928 622 1146 669 auctore
1168 609 1374 679 primus
1393 651 1406 675 ,
1435 610 1578 679 quod
1602 611 1766 664 sciam
1783 650 1796 671 ,
1827 609 2038 663 Facun-

467 685 566 741 dus
586 687 933 756 quaastionem
957 685 1140 737 movit.
1172 679 1304 737 Cum
1333 682 1474 756 enim
1509 679 1574 734 de
1602 679 1886 735 Theodoro
1909 695 2038 756 con-

466 751 619 812 stans
656 765 801 823 esset
842 756 1179 822 antiquorum
1225 751 1522 816 sententia,
1583 767 1746 805 ausus
1793 758 1876 805 est
1924 751 2039 823 ipse

466 821 754 893 dissentiri,
786 844 852 881 ne
880 821 1037 894 quem
1058 839 1248 894 purum
1280 823 1775 894 hieresisiptrestare
1804 821 2039 875 conaba-

467 841 754 893 (ῙΙβΞΘῙΙῐΙΙῚ,
786 844 852 881 ne
920 841 1037 878 nem
1058 841 1248 894 plll'lllll
1280 841 1499 876 "(BPBSIS
1522 841 1775 890 priuswre
1804 841 2037 875 (3011303-

467 898 849 963 ιυι,τει(1νθι“ευε
880 841 1128 963 guinis":
1167 893 1430 965 synodum
1454 933 1472 957 ,
1499 893 1545 965 is
1573 893 1754 965 statim
1785 897 1852 965 ex
1889 895 2037 965 sym-

463 960 588 1022 bolo
629 960 1053 1022 convinceretur.
1096 960 1256 1018 Miror
1304 979 1431 1017 vero
1461 963 1746 1016 adlnesisse
1788 960 2039 1016 Facundo

435 1038 608 1095 diros
633 1038 808 1097 magni
839 1033 1092 1096 nominis,
1123 1031 1420 1088 Manuelem
1445 1031 1691 1088 Calcc'am
1711 1075 1724 1097 ,
1757 1031 2039 1086 Bellarmi-

463 1123 606 1171 num,
639 1115 692 1160 et
721 1102 1016 1171 Petavium,
1063 1104 1156 1173 qui
1184 1103 1485 1158 Nestorium
1512 1113 1788 1157 auctorem
1815 1102 2034 1173 faciunt.

459 1176 742 1242 Quomodo
781 1177 940 1240 enim,
983 1175 1069 1230 vel
1082 1171 1292 1243 quinta:
1312 1174 1497 1246 synodi
1519 1173 1776 1241 judicium
1803 1188 1913 1242 prze
1938 1171 2042 1225 Fa-

457 1247 636 1316 cundo
674 1246 761 1301 vix
791 1246 1081 1316 quidquam
1103 1259 1224 1316 pro
1269 1259 1327 1316 se
1344 1243 1662 1316 proferente
1702 1247 2037 1312 spreverunt,

456 1317 544 1371 vel
567 1315 848 1371 Leontium
871 1315 1082 1371 curiose
1103 1315 1368 1370 Théodori
1392 1315 1600 1382 singula
1621 1319 2041 1383 persequentem

457 1401 566 1442 non
597 1387 948 1444 audiverunt?
992 1384 1196 1440 Omitto
1223 1384 1290 1440 de
1319 1382 1854 1449 Mercatore’dicere,
1886 1382 2040 1451 cujus

2137 474 2254 520 tare
2275 466 2386 534 jam
2415 480 2521 519 non
2551 466 2750 519 sinunt.

2209 533 2486 618 Nestorius
2527 536 2763 618 magistri
2795 535 2876 617 sui
2906 535 3151 618 symbolo
3187 551 3313 618 usus
3351 542 3434 618 est
3471 533 3538 587 ad
3570 547 3734 618 spur:

2139 607 2363 674 gendum
2391 603 2634 662 lueresim
2659 624 2672 670 ;
2717 605 2842 660 huic
2869 603 3008 659 enim
3036 603 3473 674 subscribendum
3514 603 3734 655 curavit

2140 671 2207 731 ab
2236 678 2539 731 hominibus
2568 678 2658 746 qui
2703 679 2770 731 ab
2813 677 2998 730 bm‘resi
3029 674 3370 746 redirent‘ad
3403 671 3730 746 Ecclesium,

2142 748 2362 821 perinde
2379 765 2453 821 ac
2479 749 2523 802 si
2552 743 2693 802 furet
2712 747 3120 821 Amera_l\iieen:e
3143 747 3227 821 vel
3263 743 3734 821 Constantinopo-

2141 814 2489 892 litanaeﬁdei
2537 819 2822 888 expositio.
2873 817 2930 892 Id
2975 817 3241 892 veroegit
3294 831 3388 892 per
3430 814 3731 892 impietatis

2137 903 2249 945 sum
2287 885 2629 946 administros
2656 892 2792 943 duos
2812 929 2826 954 ,
2879 887 3218 942 Anastasium
3248 895 3299 939 et
3327 885 3734 954 Photiumtqui

2143 969 2198 1014 et
2226 962 2568 1030 presbyteros
2589 961 2722 1013 alios
2744 953 2896 1030 duos,
2918 957 3211 1030 Antonium
3234 965 3294 1030 et_
3314 953 3577 1030 Iacobum
3603 953 3738 1030 Phi-

2143 1023 2485 1099 ladelpbiam,
2520 1031 2583 1082 ad
2612 1023 3036 1083 rec‘onciliandos
3059 1025 3576 1093 Quartadecimanos
3599 1062 3614 1086 ,
3654 1023 3740 1099 in-

2143 1093 2522 1174 ducendosqne
2553 1100 2617 1153 ad
2661 1100 3108 1174 subscriptionem
3145 1093 3740 1174 qno_s_posse_ut_,.snb-

2143 1172 2421 1224 miserunt.
2436 1165 2652 1224 'Verum
2673 1165 2944 1223 Charisius
2963 1165 3217 1223 Ecclesiae
3248 1165 3742 1234 Philadelphiensis

2145 1243 2426 1312 presbyter
2463 1247 3000 1313 atquermco‘nomus,
3031 1239 3389 1313 sul_)_od_ora_tus
3420 1234 3735 1313 quodera‘t,

2145 1305 2259 1365 i‘em
2285 1305 2452 1364 totam
2482 1305 2672 1365 detulit
2699 1310 2764 1364 ad
2790 1311 3074 1365 concilium
3108 1308 3468 1380 Ephesinnm,
3501 1305 3654 1374 cujus
3683 1305 3742 1357 in
3825 1320 3828 1321 ν

2149 1382 2359 1436 actiOne
2387 1389 2539 1435 sexta
2563 1387 2671 1436 tota
2696 1383 2807 1436 lucc
2836 1381 3059 1436 historia
3087 1380 3298 1450 prolixe
3317 1385 3584 1432 narratur.

1530 1523 1799 1585 VERBA
1841 1519 2076 1583 MAR“
2119 1519 2653 1583 MERCATORIS.

527 1652 693 1723 Cujus
721 1661 903 1709 autem
922 1651 1167 1724 perfidiae
1208 1650 1279 1706 sit
1312 1650 1474 1706 etiam
1500 1647 1752 1720 praefatus
1782 1647 2130 1711 Theodorus,
2155 1661 2224 1700 ex
2253 1647 2467 1717 scriptis
2494 1657 2611 1716 ejus
2633 1683 2648 1709 ,
2697 1659 2817 1713 quae
2861 1644 2928 1699 de
2967 1642 3167 1698 Graecus
3204 1640 3598 1702 transtulimus,
3639 1651 3745 1709 ap-

457 1745 767 1818 probemus.

958 1949 1578 2043 THEO‘DORI
1649 1947 2477 2036 MOPSUESTENI
2549 1939 3217 2029 EXCEB‘PTA.

1957 2091 1960 2094 .
2185 2091 2192 2094 _

869 2174 1291 2231 EXCERPTUM
1330 2164 1614 2232 PRIMUM.

459 2281 715 2349 Theodori
745 2290 1092 2363 Mopsue‘ste‘ni
1119 2294 1344 2362 episcopi
1373 2293 1434 2346 de
1459 2291 1680 2346 secando
1702 2289 1894 2354 codice,
1912 2289 2044 2343 libro

528 2374 743 2439 quarto,
787 2363 915 2434 folio
955 2364 1171 2439 decimo,
1209 2370 1386 2416 contra
1416 2371 1650 2439 sanctum
1679 2363 2040 2432 Augustinum,

527 2433 879 2507 defendentem
910 2435 1167 2507 originale
1187 2441 1474 2507 peccatum,
1499 2441 1548 2507 et
1567 2433 1745 2507 ddunt
1755 2450 1845 2502 per
1870 2439 2044 2484 trans-

523 2502 836 2578 gressionem
864 2502 1132 2558 mortalem
1167 2502 1379 2575 factum,
1416 2503 1666 2558 catholica
1693 2502 2041 2556 disserentem.

524 2614 574 2668 l.
619 2613 806 2669 Tantis
826 2605 1178 2678 exstantibus,
1211 2600 1329 2683 qua:
1356 2613 1746 2679 demonstrent,
1779 2612 1948 2668 Adam
1968 2613 2047 2668 sic

453 2720 520 2762 ex
539 2714 682 2760 terra
704 2706 1010 2772 formatum,
1034 2714 1093 2759 ut
1111 2704 1354 2759 mortalis
1373 2719 1592 2775 prorsus
1613 2706 1897 2769 existeret;
1921 2716 2048 2772 erga

452 2799 628 2854 elbum
642 2799 920 2870 proprium
936 2797 1104 2851 voluit
1119 2811 1384 2867 occupare
1400 2803 1724 2863 sermonem,
1742 2811 1842 2851 nec
1855 2793 2048 2850 exinde

452 2892 638 2947 valens
672 2892 952 2947 advertere
974 2892 1273 2958 veritatem,
1304 2909 1403 2962 pro
1431 2886 1680 2961 dogmate
1707 2908 1857 2958 vero,
1890 2890 2049 2950 sedu-

445 2983 626 3038 ctorio
646 2969 712 3037 ex
735 2983 1034 3049 mendacio,
1067 2982 1474 3038 advocationem
1496 2983 1745 3052 jungens,
1769 2983 1910 3038 Deus
1938 2997 2047 3037 non

453 3072 531 3127 ait
576 3091 588 3127 :
631 3065 883 3128 Mortales
921 3074 1101 3141 eritis;
1153 3074 1248 3130 sed
1304 3083 1468 3129 morte
1521 3076 1808 3129 moriemini
1868 3071 2042 3146 (Gen;

451 3179 510 3230 ιι,
554 3163 684 3236 l7).
1034 3162 1037 3166 ”

519 3255 573 3311 2.
616 3255 846 3313 Prorsus
869 3251 1221 3313 existentibds
1259 3266 1449 3314 natura
1485 3259 1822 3324 mortalibus,
1849 3257 2047 3314 inferre

449 3351 640 3405 mortis
669 3351 1055 3420 experientiam
1085 3351 1460 3418 comminatus,
1503 3353 1663 3421 quam
1706 3351 1866 3405 etiam
1890 3350 2044 3420 juxta

456 3451 663 3494 morem
694 3441 924 3509 propriae
969 3440 1346 3509 benignitatis,
1380 3439 1446 3494 ad
1475 3436 1721 3496 effectum
1752 3440 2046 3510 perducere

2071 2175 2120 2237 Β
2149 2169 2257 2242 15),
2291 2170 2500 2225 indixit.
2535 2168 2640 2224 Pro
2669 2176 2818 2224 tanta
2852 2183 2984 2225 vero
3005 2168 3232 2239 pristina
3274 2169 3523 2239 largitate
3550 2178 3602 2224 et
3633 2174 3743 2226 vo-

2148 2263 2354 2333 luptate
2373 2261 2626 2332 paradisi.
2648 2277 3000 2316 aerumnosam
3023 2259 3137 2330 ejus
3161 2258 3745 2320 foresustentationem

2148 2353 2215 2407 de
2245 2361 2402 2407 terrm
2431 2352 2689 2407 fructibus
2712 2352 3086 2407 comminatur.
3112 2350 3242 2403 Nam
3273 2367 3495 2421 prorsus
3520 2360 3574 2406 et
3601 2351 3745 2424 [Bac

2148 2443 2249 2498 tus.
2275 2442 2366 2515 ut]
2405 2443 2647 2498 mortalis
2671 2442 2857 2506 factus,
2883 2449 2936 2496 et
2957 2448 3086 2496 tunc
3113 2441 3345 2511 paradisi
3371 2442 3625 2496 fructibus
3657 2443 3750 2496 in-

2147 2535 2382 2604 digebat,
2407 2535 2545 2590 sicut
2566 2552 2706 2591 nunc
2732 2543 2889 2590 teme
2913 2533 3115 2590 fructus
3144 2534 3393 2603 inquirit;
3419 2542 3472 2588 et
3494 2545 3589 2604 pro
3610 2547 3747 2604 sup-

2149 2630 2330 2700 plicio,
2364 2629 2602 2700 pristinis
2623 2627 2896 2684 fraudatus
2917 2628 3140 2693 deliciis,
3166 2628 3266 2683 hac
3285 2627 3746 2683 terumnosissima

2150 2720 2678 2789 laboriosissimaque
2701 2718 3111 2775 conversatione
3141 2719 3448 2772 mulctatur.

2218 2809 2272 2864 4.
2314 2809 2465 2868 Unde
2495 2810 2560 2864 ad
2581 2818 2910 2880 postremum
2933 2816 3327 2878 consequenter
3347 2805 3570 2877 adjecit:
3603 2804 3749 2870 Quia

2153 2912 2290 2958 terra
2316 2921 2390 2969 es,
2423 2913 2472 2957 et
2512 2905 2775 2958 reverteris
2815 2904 2866 2956 in
2919 2912 3106 2956 terram
3131 2899 3293 2973 (Gen.
3329 2919 3401 2967 tu,
3443 2901 3568 2971 i7).
3601 2900 3748 2957 llinc

2145 2995 2313 3049 etiam
2340 2994 2726 3049 mortalitatem
2754 3002 2957 3047 naturie
2985 2986 3309 3061 signiﬁcans,
3341 3009 3448 3047 non
3474 2993 3617 3047 enim
3640 2993 3748 3046 im-

2150 3087 2368 3140 mortali
2392 3125 2406 3148 ,
2431 3095 2485 3140 et
2514 3101 2656 3140 nunc
2675 3085 2905 3156 primum
2936 3085 3227 3156 incipienti
3241 3087 3564 3140 sententiam
3587 3099 3747 3140 mora

2151 3179 2218 3234 tis
2239 3179 2507 3248 excipere,
2559 3171 2700 3233 sicut
2746 3179 3126 3248 sapientissimi
3173 3176 3482 3233 defensores
3526 3178 3750 3249 peccati

2149 3271 2444 3340 originalis,
2472 3272 2634 3326 immo
2655 3272 2833 3341 potius
2852 3279 3032 3342 patres
3052 3271 3257 3341 peccati
3279 3270 3566 3333 mirabiles,
3592 3285 3751 3324 asse-

2148 3371 2356 3430 verant,
2389 3363 2712 3418 vocabulum
2741 3363 2864 3417 huic
2894 3372 3051 3417 terrte
3099 3361 3428 3432 composuit;
3460 3361 3555 3415 sed
3583 3369 3642 3414 ut
3674 3361 3748 3416 ab

2149 3455 2372 3512 exordio
2422 3455 2737 3509 naturaliter
2780 3452 2972 3508 eilccto
3023 3453 3268 3516 mortali,
3320 3453 3750 3524 appellationem

451 3528 679 3584 distulit.
710 3529 862 3585 Sicut
891 3532 1032 3586 enim
1075 3545 1194 3585 cum
1228 3531 1390 3586 dicit:
1427 3530 1526 3594 Qui
1559 3533 1796 3601 e/ruderit
1825 3533 2045 3586 hominis
2074 3553 2116 3614 ρ
2151 3549 2291 3604 hanc
2319 3562 2617 3616 congruere
2664 3547 2915 3601 indicavit
2944 3546 3167 3618 [Βαιιιι.
3209 3546 3508 3618 judicavit]
3555 3546 3748 3602 divina

451 3624 776 3694 sanguinem,
805 3624 1017 3693 sanguis
1037 3624 1148 3693 ejus
1172 3641 1266 3692 pro
1286 3641 1345 3677 eo
1384 3624 1626 3694 [nudetur
1654 3623 1805 3694 (Gen.
1837 3639 1907 3692 ιχ,
1934 3624 1996 3694 6)
2023 3642 2037 3692 ;

455 3725 565 3768 non
585 3713 690 3769 hec
711 3713 858 3782 dicit,
882 3715 1008 3784 quia
1029 3716 1119 3783 qui
1149 3713 1410 3769 occiderit
1435 3716 1728 3784 hominem,
1762 3717 1868 3771 erit
1891 3733 2040 3773 mor-

450 3805 606 3873 talis;
627 3806 733 3886 sed
762 3807 888 3876 quia
908 3806 1100 3874 dignus
1124 3814 1208 3862 est
1233 3805 1539 3875 hujusmodi
1579 3816 1753 3862 morte
1774 3808 2036 3863 damnari.

439 3888 540 3956 Sic
567 3886 1124 3970 et'imprzesentiarnm
1155 3900 1291 3954 dixit
1323 3918 1335 3952 :
1381 3899 1551 3954 Morte
1577 3902 1901 3966 moriemini;
1933 3911 2040 3956 η’οη

447 3992 592 4062 quod
623 3995 748 4047 tunc
787 3993 1044 4048 mortales
1090 3989 1314 4060 ﬂerent;
1356 3992 1448 4046 sed
1476 3993 1619 4062 quod
1668 3991 1811 4062 digni
1860 3999 2040 4048 essent

446 4085 541 4154 qui
563 4084 750 4139 mortis
763 4085 1084 4140 sententiam
1100 4100 1199 4155 per
1214 4084 1692 4153 transgressionem
1709 4082 1916 4158 [Βαιιιι.
1939 4099 2038 4155 pro

437 4174 894 4246 transgressione]
913 4177 1195 4230 referrent.

517 4265 570 4321 5.
595 4265 699 4321 Sed
721 4276 774 4321 et
797 4266 1028 4321 divinam
1051 4267 1393 4330 sententiam,
1418 4265 1578 4336 quam
1608 4274 1729 4336 post
1757 4275 2034 4336 peccatum

447 4356 587 4414 Deus
619 4357 742 4412 Adae
774 4357 970 4414 inferre
1012 4359 1242 4425 videtur,
1287 4357 1537 4424 adverte;
1569 4359 1645 4413 sic
1686 4359 1827 4413 enim
1856 4358 1985 4413 dicit
2019 4376 2031 4410 :

457 4443 590 4510 Quia
612 4447 803 4502 audisti
840 4465 1010 4502 vacem
1044 4451 1221 4503 uxoris
1247 4457 1373 4514 tum,
1421 4458 1471 4502 et
1509 4449 1772 4502 comedisti
1803 4449 1864 4503 de
1893 4449 2034 4520 ligno

450 4534 513 4589 de
539 4553 638 4608 quo
666 4549 1007 4610 prwcepe'ram
1041 4539 1128 4592 tibi
1159 4539 1221 4592 de
1253 4540 1348 4593 hoc
1381 4540 1492 4594 solo
1526 4555 1627 4593 non
1659 4539 1938 4606 comedere,
1970 4553 2034 4594 ea:

447 4645 507 4682 eo
533 4629 877 4695 manducasti,
909 4629 1183 4683 maledicta
1206 4633 1414 4685 terrain
1443 4629 1677 4704 operibus
1710 4633 1826 4694 tuis,
1859 4633 1911 4685 in
1936 4633 2029 4686 tri-

445 4723 590 4776 stitia
619 4723 850 4776 contedes
869 4740 985 4778 eam
1012 4724 1245 4778 omnibus
1273 4725 1448 4780 diebus
1477 4728 1593 4781 vita:
1623 4736 1750 4793 tuae;
1780 4728 1957 4798 spinas
1984 4737 2034 4782 et

443 4811 655 4867 tribulos
684 4816 908 4886 proferet
937 4815 1045 4881 tibi,
1071 4824 1120 4870 et
1159 4817 1389 4870 comedas
1420 4818 1590 4889 fenum
1630 4820 1764 4888 agri,
1797 4829 1844 4872 et
1870 4819 1923 4872 in
1945 4825 2033 4873 su-

2145 3640 2443 3712 Scriptura,
2468 3641 2572 3696 hoc
2591 3640 2657 3694 de
2687 3639 2992 3694 hominibus
3014 3639 3350 3705 vocabulum,
3379 3639 3444 3694 ad
3464 3640 3746 3695 ostensio—

2146 3753 2269 3792 ncm
2296 3736 2660 3808 corruptibilis
2680 3743 2736 3790 et
2763 3734 3062 3790 resolubilis
3079 3749 3265 3790 eorum
3293 3743 3514 3797 naturae,
3539 3735 3747 3804 saepius

2143 3841 2442 3883 assumens.
2473 3828 2607 3882 Nam
2637 3827 2934 3881 recordatus
2963 3839 3058 3893 est,
3083 3828 3274 3895 inquit,
3307 3829 3424 3900 quia
3455 3830 3616 3899 putt-is
3641 3846 3746 3883 su-

2140 3937 2272 3977 mus.
2300 3921 2492 3989 Homo,
2517 3923 2648 3976 sicut
2667 3921 2838 3993 fenum
2871 3921 2976 3974 dies
2997 3922 3128 3992 ejus,
3157 3930 3208 3974 et
3235 3923 3366 3974 sicut
3395 3922 3492 3990 ﬂos
3514 3923 3629 3993 agri
3659 3924 3746 3976 ita

2140 4013 2362 4084 ﬂorebit,
2379 4015 2498 4086 quia
2526 4014 2737 4085 spiritus
2767 4014 3094 4084 pet-transivit
3121 4014 3171 4066 in
3194 4029 3272 4077 eo,
3299 4021 3345 4066 et
3369 4028 3471 4066 non
3497 4014 3594 4065 crit
3621 4029 3744 4066 am-

2137 4109 2274 4181 plius
2300 4108 2441 4161 locus
2471 4107 2580 4177 ejus
2607 4104 2724 4175 (Ps.
2753 4121 2841 4169 cn,
2868 4103 2976 4176 15).
3013 4103 3138 4158 Vult
3158 4113 3337 4158 autem
3357 4104 3555 4169 dicere,
3588 4103 3742 4172 quod

2140 4198 2533 4268 corruptibilcs,
2569 4205 2622 4250 et
2645 4195 2961 4250 resolubiles
2989 4209 3177 4249 omnes
3197 4209 3400 4260 sumus,
3435 4195 3485 4248 in
3509 4195 3740 4250 modum

2138 4288 2246 4344 feni
2271 4305 2559 4360 parumper
2589 4288 2827 4343 llorcntis
2857 4287 3236 4356 pereuntisque
3261 4293 3388 4356 post
3417 4285 3691 4356 paululum
3719 4305 3736 4341 :

2139 4399 2262 4436 nam
2293 4385 2359 4438 ad
2384 4383 2546 4438 breve
2567 4382 2784 4450 quidem
2813 4389 3024 4450 tempus
3044 4382 3208 4434 vitam
3235 4379 3495 4445 ducimus,
3529 4379 3594 4434 ad
3618 4398 3738 4436 non

2137 4475 2476 4529 existendum
2506 4489 2634 4528 vero
2681 4473 2932 4542 deinceps
2979 4473 3198 4527 omnino
3246 4472 3604 4544 pervenimus.
3637 4472 3738 4528 Sic

2137 4573 2191 4623 ct
2212 4567 2476 4621 Abraham
2499 4585 2510 4619 :
2539 4565 2648 4638 Ego
2671 4581 2802 4631 sum,
2828 4565 3016 4633 inquit,
3042 4574 3175 4619 terra
3189 4582 3249 4618 ac
3270 4566 3397 4618 cinis
3418 4563 3730 4632 (Genxvm,

2135 4660 2280 4730 27);
2320 4675 2420 4728 pro
2468 4676 2534 4713 eo
2575 4675 2637 4714 ac
2674 4659 2717 4712 si
2761 4657 2964 4713 diceret
2999 4677 3010 4711 :
3052 4657 3170 4714 Non
3211 4675 3326 4713 sum
3384 4659 3576 4728 dignus
3604 4675 3735 4715 cum

2136 4758 2288 4806 tanto
2319 4751 2430 4805 Deo
2460 4750 2712 4819 colloqui,
2736 4749 2900 4805 homo
2930 4751 3098 4807 factus
3125 4766 3156 4805 e
3182 4758 3341 4816 terra,
3374 4759 3430 4805 et
3456 4752 3734 4806 omnimo-

2136 4842 2217 4898 dis
2239 4843 2341 4898 hoc
2362 4842 2588 4897 futurus.
2624 4837 2792 4910 Magis
2833 4857 2960 4911 ergo
2989 4842 3168 4897 dicere
3197 4835 3396 4911 debuit,
3423 4844 3549 4914 quia
3583 4854 3732 4901 terra

441 4907 564 5010 fore
597 4908 761 5010 mu“?
785 4916 874 5010 1'"
902 4909 1346 5010 committam
1377 4917 1534 4977 “mm,
1570 4911 1736 5010 ἀθηθίξ
1761 4913 2029 4967 revertar“
2057 4940 2110 5001 D
2136 4935 2273 5001 eris,
2303 4941 2357 4990 et
2386 4935 2438 4989 in
2469 4942 2668 4990 terram
2692 4935 2998 5000 reverteris,
3032 4935 3292 5005 siquidem
3322 4953 3466 4993 nunc
3496 4939 3732 5010 primum

436 5001 493 5054 in
522 5011 711 5054 (errant
743 4999 906 5070 (Gen.
945 5018 1020 5067 ιιι,
1054 5001 1175 5074 l7).
1208 4990 1324 5057 Hoc
1369 5011 1546 5058 autem
1586 5019 1685 5074 per
1723 5004 1837 5059 haec
1875 5020 2024 5059 com-

437 5093 672 5147 minatus
701 5100 801 5159 est,
830 5091 973 5161 quod
991 5099 1346 5149 aerumnosam
1368 5095 1532 5149 vitam
1553 5095 1833 5151 habiturus
1861 5104 2022 5162 esset,

2121 5026 2284 5083 ﬁeret
2310 5035 2499 5082 natura
2529 5027 2790 5080 mortalis.

2510 5137 2933 5194 EXCERPTUM
2973 5129 3363 5195 SECUNDUM.

436 5197 557 5238 cum
589 5183 773 5238 labore
795 5183 1047 5254 deinceps
1075 5185 1277 5240 fructus
1304 5186 1369 5240 de
1398 5195 1541 5240 terra
1565 5194 1890 5258 sampturus,
1914 5185 2026 5257 qui-
2125 5206 2128 5210 '

431 5273 536 5331 bus
583 5278 834 5343 aleretur,
869 5285 924 5333 et
961 5278 1291 5343 subsisteret,
1324 5294 1663 5349 nequaquam
1712 5275 1933 5348 habens,
1965 5290 2024 5337 ut

434 5367 664 5437 pridem,
695 5374 901 5422 tantam
941 5370 1273 5446 propositam
1327 5369 1659 5438 largitatem,
1709 5381 1910 5441 quanta
1954 5383 2021 5427 ex
2115 5406 2128 5408 -τ

430 5457 666 5529 paradisi
690 5461 844 5532 copia
890 5459 1184 5516 fruebatur.
1216 5459 1332 5516 Non
1382 5462 1524 5516 enim
1565 5464 1778 5533 operari
1811 5471 2019 5518 terram

433 5559 535 5618 pro
568 5552 828 5620 supplicio
857 5551 1003 5608 dedit
1030 5552 1188 5616 Deus,
1222 5553 1374 5621 quasi
1413 5569 1480 5607 ex
1510 5553 1798 5609 immortali
1829 5541 2016 5610 natura

432 5635 488 5692 in
516 5641 897 5698 mortalitatem
927 5644 1171 5722 homines
1209 5643 1556 5709 transferens,
1587 5645 2017 5714 quandoquidem

431 5735 489 5793 et
513 5730 822 5804 paradisum
850 5735 920 5802 ei,
942 5727 999 5789 ut
1041 5745 1337 5807 aperaretur
1363 5744 1412 5791 et
1451 5739 1728 5793 custodiret
1755 5737 1923 5811 (Gen.
1958 5753 2014 5810 ιι,

2132 5253 2380 5325 Ejusdem
2412 5253 2668 5314 Theodori
2690 5269 2754 5306 ex.
2783 5253 3009 5325 secundo
3028 5251 3222 5325 codice,
3254 5250 3383 5305 libro
3406 5253 3579 5316 tertio,
3603 5260 3726 5305 ante

2572 5334 2792 5395 quatuor
2820 5325 2948 5394 {alia
2977 5324 3098 5392 ﬁnis
3129 5323 3265 5376 libri.

2115 5476 2120 5480 ·
2200 5462 2249 5516 l.
2297 5461 2402 5517 Sed
2450 5462 2581 5516 nihil
2613 5460 2826 5515 illorum
2873 5460 3181 5529 perspicere
3228 5459 3404 5530 potuit
3455 5458 3721 5513 mirabilis

2125 5556 2331 5627 peccati
2357 5555 2628 5624 originalis
2653 5562 2909 5620 assertor,
2936 5554 3132 5622 quippe
3153 5552 3243 5622 qui
3266 5552 3317 5606 in
3347 5551 3544 5606 divinis
3568 5551 3719 5606 Seri-

2121 5648 2297 5718 pturis
2320 5663 2654 5717 nequaquam
2682 5647 2842 5702 fuerit
2870 5645 3212 5707 exercitatus,
3247 5660 3345 5699 nec
3371 5642 3434 5696 ab
3463 5644 3720 5714 infantia,

2120 5739 2273 5814 juxta
2304 5741 2447 5797 beati
2489 5739 2641 5797 Pauli
2669 5755 2888 5810 vocem,
2920 5750 3097 5797 sacras
3136 5738 3371 5795 didicerit
3409 5738 3615 5796 litteras
3651 5737 3672 5819 (
3700 5762 3726 5822 ι
