  <div class='ocr_page' id='page_1' title='image "/cluster/home/n/w/nwhite01/storage/ocr_20150623/48/hvd.32044015471535/534.png"; bbox 0 0 3924 6282; ppageno 0'>
   <div class='ocr_carea' id='block_1_1' title="bbox 142 347 295 406">
    <p class='ocr_par' dir='ltr' id='par_1_1' title="bbox 142 347 295 406">
     <span class='ocr_line' id='line_1_1' title="bbox 142 347 295 406; baseline 0.013 -3"><span class='ocrx_word' id='word_1_1' title='bbox 142 347 295 406; x_wconf 64' lang='grc'><strong>4053</strong></span> 
     </span>
    </p>
   </div>
   <div class='ocr_carea' id='block_1_2' title="bbox 1154 335 2440 398">
    <p class='ocr_par' dir='ltr' id='par_1_2' title="bbox 1154 335 2440 398">
     <span class='ocr_line' id='line_1_2' title="bbox 1154 335 2440 398; baseline -0.001 -4"><span class='ocrx_word' id='word_1_2' title='bbox 1154 335 1518 396; x_wconf 75' lang='lat' dir='ltr'><strong>EXCERI’TA</strong></span> <span class='ocrx_word' id='word_1_3' title='bbox 1559 337 1911 396; x_wconf 81' lang='lat' dir='ltr'><strong>TllEODORl</strong></span> <span class='ocrx_word' id='word_1_4' title='bbox 1951 337 2440 398; x_wconf 77' lang='lat' dir='ltr'><strong>MOPSUESTENI.</strong></span> 
     </span>
    </p>
   </div>
   <div class='ocr_carea' id='block_1_3' title="bbox 3291 337 3428 398">
    <p class='ocr_par' dir='ltr' id='par_1_3' title="bbox 3291 337 3428 398">
     <span class='ocr_line' id='line_1_3' title="bbox 3291 337 3428 398; baseline 0.036 -5"><span class='ocrx_word' id='word_1_5' title='bbox 3291 337 3428 398; x_wconf 64' lang='lat'><strong>1054</strong></span> 
     </span>
    </p>
   </div>
   <div class='ocr_carea' id='block_1_4' title="bbox 145 446 3429 528">
    <p class='ocr_par' dir='ltr' id='par_1_4' title="bbox 145 446 3429 528">
     <span class='ocr_line' id='line_1_4' title="bbox 145 446 3429 528; baseline -0.002 -13"><span class='ocrx_word' id='word_1_6' title='bbox 145 446 288 516; x_wconf 79' lang='lat' dir='ltr'><strong>Tim.</strong></span> <span class='ocrx_word' id='word_1_7' title='bbox 315 474 389 523; x_wconf 92' lang='grc' dir='ltr'>ιιι,</span> <span class='ocrx_word' id='word_1_8' title='bbox 425 454 548 528; x_wconf 79' lang='grc'><strong>15);</strong></span> <span class='ocrx_word' id='word_1_9' title='bbox 578 453 669 510; x_wconf 90' lang='lat' dir='ltr'><strong>sed</strong></span> <span class='ocrx_word' id='word_1_10' title='bbox 698 454 810 510; x_wconf 83' lang='lat' dir='ltr'><strong>sive</strong></span> <span class='ocrx_word' id='word_1_11' title='bbox 830 447 897 508; x_wconf 86' lang='lat' dir='ltr'><strong>de</strong></span> <span class='ocrx_word' id='word_1_12' title='bbox 926 452 1217 522; x_wconf 74' lang='lat' dir='ltr'><strong>Scriptum</strong></span> <span class='ocrx_word' id='word_1_13' title='bbox 1245 453 1506 518; x_wconf 85' lang='lat' dir='ltr'><strong>sensibus,</strong></span> <span class='ocrx_word' id='word_1_14' title='bbox 1533 452 1647 507; x_wconf 85' lang='lat' dir='ltr'><strong>sive</strong></span> <span class='ocrx_word' id='word_1_15' title='bbox 1666 453 1734 507; x_wconf 91' lang='lat' dir='ltr'><strong>de</strong></span> <span class='ocrx_word' id='word_1_16' title='bbox 1761 461 1807 517; x_wconf 80' lang='grc' dir='ltr'>Α</span> <span class='ocrx_word' id='word_1_17' title='bbox 1837 455 2222 524; x_wconf 84' lang='lat' dir='ltr'><strong>apostolisque,</strong></span> <span class='ocrx_word' id='word_1_18' title='bbox 2253 455 2338 510; x_wconf 90' lang='lat' dir='ltr'><strong>vel</strong></span> <span class='ocrx_word' id='word_1_19' title='bbox 2361 453 2580 522; x_wconf 85' lang='lat' dir='ltr'><strong>reliquis</strong></span> <span class='ocrx_word' id='word_1_20' title='bbox 2609 452 2878 521; x_wconf 89' lang='lat' dir='ltr'><strong>omnibus,</strong></span> <span class='ocrx_word' id='word_1_21' title='bbox 2902 453 2969 509; x_wconf 91' lang='lat' dir='ltr'><strong>de</strong></span> <span class='ocrx_word' id='word_1_22' title='bbox 2989 451 3183 522; x_wconf 87' lang='lat' dir='ltr'><strong>quibus</strong></span> <span class='ocrx_word' id='word_1_23' title='bbox 3204 452 3276 506; x_wconf 90' lang='lat' dir='ltr'><strong>ait</strong></span> <span class='ocrx_word' id='word_1_24' title='bbox 3298 453 3429 508; x_wconf 87' lang='lat' dir='ltr'><strong>bea-</strong></span> 
     </span>
    </p>
   </div>
   <div class='ocr_carea' id='block_1_5' title="bbox 137 543 1742 617">
    <p class='ocr_par' dir='ltr' id='par_1_5' title="bbox 137 543 1742 617">
     <span class='ocr_line' id='line_1_5' title="bbox 137 543 1742 617; baseline -0.002 -15"><span class='ocrx_word' id='word_1_25' title='bbox 137 549 404 617; x_wconf 69' lang='lat' dir='ltr'><strong>dogmate</strong></span> <span class='ocrx_word' id='word_1_26' title='bbox 439 562 583 616; x_wconf 63' lang='lat' dir='ltr'><strong>saepe</strong></span> <span class='ocrx_word' id='word_1_27' title='bbox 619 546 948 609; x_wconf 81' lang='lat' dir='ltr'><strong>declamans,</strong></span> <span class='ocrx_word' id='word_1_28' title='bbox 996 544 1164 598; x_wconf 88' lang='lat' dir='ltr'><strong>multa</strong></span> <span class='ocrx_word' id='word_1_29' title='bbox 1211 543 1519 613; x_wconf 80' lang='lat' dir='ltr'><strong>frequenter</strong></span> <span class='ocrx_word' id='word_1_30' title='bbox 1559 544 1742 614; x_wconf 83' lang='lat' dir='ltr'><strong>inepta</strong></span> 
     </span>
    </p>
   </div>
   <div class='ocr_carea' id='block_1_6' title="bbox 141 631 1741 711">
    <p class='ocr_par' dir='ltr' id='par_1_6' title="bbox 141 631 1741 711">
     <span class='ocr_line' id='line_1_6' title="bbox 141 631 1741 711; baseline -0.005 -16"><span class='ocrx_word' id='word_1_31' title='bbox 141 640 372 711; x_wconf 82' lang='lat' dir='ltr'><strong>pmprie</strong></span> <span class='ocrx_word' id='word_1_32' title='bbox 409 638 832 693; x_wconf 83' lang='lat' dir='ltr'><strong>communiterve</strong></span> <span class='ocrx_word' id='word_1_33' title='bbox 879 631 946 691; x_wconf 85' lang='lat' dir='ltr'><strong>de</strong></span> <span class='ocrx_word' id='word_1_34' title='bbox 992 636 1121 706; x_wconf 85' lang='lat' dir='ltr'><strong>ipsis</strong></span> <span class='ocrx_word' id='word_1_35' title='bbox 1153 634 1451 706; x_wconf 66' lang='lat' dir='ltr'><strong>&#39;Scripturis</strong></span> <span class='ocrx_word' id='word_1_36' title='bbox 1477 635 1741 704; x_wconf 81' lang='lat' dir='ltr'><strong>dogmati-</strong></span> 
     </span>
    </p>
   </div>
   <div class='ocr_carea' id='block_1_7' title="bbox 139 727 1739 802">
    <p class='ocr_par' dir='ltr' id='par_1_7' title="bbox 139 727 1739 802">
     <span class='ocr_line' id='line_1_7' title="bbox 139 727 1739 802; baseline -0.005 -14"><span class='ocrx_word' id='word_1_37' title='bbox 139 732 359 802; x_wconf 84' lang='lat' dir='ltr'><strong>busque</strong></span> <span class='ocrx_word' id='word_1_38' title='bbox 377 727 619 802; x_wconf 84' lang='lat' dir='ltr'><strong>plurimis</strong></span> <span class='ocrx_word' id='word_1_39' title='bbox 644 730 982 800; x_wconf 85' lang='lat' dir='ltr'><strong>impudenter</strong></span> <span class='ocrx_word' id='word_1_40' title='bbox 1010 727 1357 800; x_wconf 74' lang='lat' dir='ltr'><strong>exprompsit.</strong></span> <span class='ocrx_word' id='word_1_41' title='bbox 1383 727 1516 782; x_wconf 84' lang='lat' dir='ltr'><strong>Nam</strong></span> <span class='ocrx_word' id='word_1_42' title='bbox 1544 729 1739 798; x_wconf 82' lang='lat' dir='ltr'><strong>poten-</strong></span> 
     </span>
    </p>
   </div>
   <div class='ocr_carea' id='block_1_8' title="bbox 138 823 1739 901">
    <p class='ocr_par' dir='ltr' id='par_1_8' title="bbox 138 823 1739 901">
     <span class='ocr_line' id='line_1_8' title="bbox 138 823 1739 901; baseline -0.006 -15"><span class='ocrx_word' id='word_1_43' title='bbox 138 831 239 886; x_wconf 76' lang='lat' dir='ltr'><strong>tia:</strong></span> <span class='ocrx_word' id='word_1_44' title='bbox 268 831 444 884; x_wconf 89' lang='lat' dir='ltr'><strong>motus</strong></span> <span class='ocrx_word' id='word_1_45' title='bbox 472 828 678 901; x_wconf 79' lang='lat' dir='ltr'><strong>[Baluz.</strong></span> <span class='ocrx_word' id='word_1_46' title='bbox 707 824 906 897; x_wconf 81' lang='lat' dir='ltr'><strong>metus]</strong></span> <span class='ocrx_word' id='word_1_47' title='bbox 936 825 1138 881; x_wconf 87' lang='lat' dir='ltr'><strong>nullum</strong></span> <span class='ocrx_word' id='word_1_48' title='bbox 1167 831 1355 880; x_wconf 76' lang='lat' dir='ltr'><strong>contra</strong></span> <span class='ocrx_word' id='word_1_49' title='bbox 1402 824 1614 879; x_wconf 80' lang='lat' dir='ltr'><strong>sinebat</strong></span> <span class='ocrx_word' id='word_1_50' title='bbox 1659 823 1739 878; x_wconf 78' lang='lat' dir='ltr'><strong>ef-</strong></span> 
     </span>
    </p>
   </div>
   <div class='ocr_carea' id='block_1_9' title="bbox 135 917 1738 990">
    <p class='ocr_par' dir='ltr' id='par_1_9' title="bbox 135 917 1738 990">
     <span class='ocr_line' id='line_1_9' title="bbox 135 917 1738 990; baseline -0.004 -11"><span class='ocrx_word' id='word_1_51' title='bbox 135 923 281 990; x_wconf 79' lang='lat' dir='ltr'><strong>fari;</strong></span> <span class='ocrx_word' id='word_1_52' title='bbox 314 923 408 979; x_wconf 89' lang='lat' dir='ltr'><strong>sed</strong></span> <span class='ocrx_word' id='word_1_53' title='bbox 438 920 811 976; x_wconf 83' lang='lat' dir='ltr'><strong>tantummodo</strong></span> <span class='ocrx_word' id='word_1_54' title='bbox 840 921 1011 986; x_wconf 82' lang='lat' dir='ltr'><strong>taciti,</strong></span> <span class='ocrx_word' id='word_1_55' title='bbox 1042 921 1130 989; x_wconf 89' lang='lat' dir='ltr'><strong>qui</strong></span> <span class='ocrx_word' id='word_1_56' title='bbox 1165 919 1464 974; x_wconf 81' lang='lat' dir='ltr'><strong>divinarum</strong></span> <span class='ocrx_word' id='word_1_57' title='bbox 1491 917 1738 989; x_wconf 82' lang='lat' dir='ltr'><strong>Scriptu-</strong></span> 
     </span>
    </p>
   </div>
   <div class='ocr_carea' id='block_1_10' title="bbox 133 1009 1737 1083">
    <p class='ocr_par' dir='ltr' id='par_1_10' title="bbox 133 1009 1737 1083">
     <span class='ocr_line' id='line_1_10' title="bbox 133 1009 1737 1083; baseline -0.004 -13"><span class='ocrx_word' id='word_1_58' title='bbox 133 1031 330 1070; x_wconf 83' lang='lat' dir='ltr'><strong>rannn</strong></span> <span class='ocrx_word' id='word_1_59' title='bbox 361 1014 631 1069; x_wconf 80' lang='lat' dir='ltr'><strong>habebant</strong></span> <span class='ocrx_word' id='word_1_60' title='bbox 669 1013 934 1078; x_wconf 72' lang='lat' dir='ltr'><strong>notitiam,</strong></span> <span class='ocrx_word' id='word_1_61' title='bbox 969 1011 1325 1068; x_wconf 75' lang='lat' dir='ltr'><strong>detrahebant</strong></span> <span class='ocrx_word' id='word_1_62' title='bbox 1343 1009 1520 1083; x_wconf 55' lang='lat' dir='ltr'><strong>[Fore</strong></span> <span class='ocrx_word' id='word_1_63' title='bbox 1551 1023 1610 1065; x_wconf 88' lang='lat' dir='ltr'><strong>se</strong></span> <span class='ocrx_word' id='word_1_64' title='bbox 1643 1021 1737 1064; x_wconf 84' lang='lat' dir='ltr'><strong>re-</strong></span> 
     </span>
    </p>
   </div>
   <div class='ocr_carea' id='block_1_11' title="bbox 132 1101 1740 1180">
    <p class='ocr_par' dir='ltr' id='par_1_11' title="bbox 132 1101 1740 1180">
     <span class='ocr_line' id='line_1_11' title="bbox 132 1101 1740 1180; baseline -0.006 -17"><span class='ocrx_word' id='word_1_65' title='bbox 132 1105 489 1180; x_wconf 84' lang='lat' dir='ltr'><strong>trahebant].</strong></span> <span class='ocrx_word' id='word_1_66' title='bbox 520 1104 817 1162; x_wconf 83' lang='lat' dir='ltr'><strong>Novissime</strong></span> <span class='ocrx_word' id='word_1_67' title='bbox 844 1119 975 1160; x_wconf 87' lang='lat' dir='ltr'><strong>vero</strong></span> <span class='ocrx_word' id='word_1_68' title='bbox 1003 1105 1055 1159; x_wconf 93' lang='lat' dir='ltr'><strong>in</strong></span> <span class='ocrx_word' id='word_1_69' title='bbox 1083 1105 1222 1159; x_wconf 88' lang='lat' dir='ltr'><strong>hanc</strong></span> <span class='ocrx_word' id='word_1_70' title='bbox 1249 1103 1512 1171; x_wconf 76' lang='lat' dir='ltr'><strong>dogmatis</strong></span> <span class='ocrx_word' id='word_1_71' title='bbox 1541 1101 1740 1156; x_wconf 79' lang='lat' dir='ltr'><strong>excidit</strong></span> 
     </span>
    </p>
   </div>
   <div class='ocr_carea' id='block_1_12' title="bbox 134 1193 1738 1267">
    <p class='ocr_par' dir='ltr' id='par_1_12' title="bbox 134 1193 1738 1267">
     <span class='ocr_line' id='line_1_12' title="bbox 134 1193 1738 1267; baseline -0.004 -13"><span class='ocrx_word' id='word_1_72' title='bbox 134 1203 463 1264; x_wconf 79' lang='lat' dir='ltr'><strong>novitatem,</strong></span> <span class='ocrx_word' id='word_1_73' title='bbox 491 1213 595 1267; x_wconf 88' lang='lat' dir='ltr'><strong>qua</strong></span> <span class='ocrx_word' id='word_1_74' title='bbox 617 1199 836 1262; x_wconf 86' lang='lat' dir='ltr'><strong>diceret,</strong></span> <span class='ocrx_word' id='word_1_75' title='bbox 869 1197 1013 1266; x_wconf 88' lang='lat' dir='ltr'><strong>quod</strong></span> <span class='ocrx_word' id='word_1_76' title='bbox 1041 1196 1095 1250; x_wconf 92' lang='lat' dir='ltr'><strong>in</strong></span> <span class='ocrx_word' id='word_1_77' title='bbox 1117 1197 1195 1251; x_wconf 92' lang='lat' dir='ltr'><strong>ira</strong></span> <span class='ocrx_word' id='word_1_78' title='bbox 1216 1202 1378 1264; x_wconf 85' lang='lat' dir='ltr'><strong>atque</strong></span> <span class='ocrx_word' id='word_1_79' title='bbox 1399 1193 1580 1249; x_wconf 81' lang='lat' dir='ltr'><strong>furore</strong></span> <span class='ocrx_word' id='word_1_80' title='bbox 1596 1193 1738 1248; x_wconf 84' lang='lat' dir='ltr'><strong>Deus</strong></span> 
     </span>
    </p>
   </div>
   <div class='ocr_carea' id='block_1_13' title="bbox 132 1285 1737 1362">
    <p class='ocr_par' dir='ltr' id='par_1_13' title="bbox 132 1285 1737 1362">
     <span class='ocr_line' id='line_1_13' title="bbox 132 1285 1737 1362; baseline -0.003 -15"><span class='ocrx_word' id='word_1_81' title='bbox 132 1293 318 1347; x_wconf 83' lang='lat' dir='ltr'><strong>Adam</strong></span> <span class='ocrx_word' id='word_1_82' title='bbox 369 1291 653 1346; x_wconf 88' lang='lat' dir='ltr'><strong>mortalem</strong></span> <span class='ocrx_word' id='word_1_83' title='bbox 710 1305 830 1346; x_wconf 88' lang='lat' dir='ltr'><strong>esse</strong></span> <span class='ocrx_word' id='word_1_84' title='bbox 867 1290 1222 1362; x_wconf 73' lang='lat' dir='ltr'><strong>praeceperit;</strong></span> <span class='ocrx_word' id='word_1_85' title='bbox 1256 1297 1312 1344; x_wconf 92' lang='lat' dir='ltr'><strong>et</strong></span> <span class='ocrx_word' id='word_1_86' title='bbox 1345 1295 1574 1359; x_wconf 88' lang='lat' dir='ltr'><strong>propter</strong></span> <span class='ocrx_word' id='word_1_87' title='bbox 1622 1285 1737 1356; x_wconf 85' lang='lat' dir='ltr'><strong>ejus</strong></span> 
     </span>
    </p>
   </div>
   <div class='ocr_carea' id='block_1_14' title="bbox 134 1379 1739 1448">
    <p class='ocr_par' dir='ltr' id='par_1_14' title="bbox 134 1379 1739 1448">
     <span class='ocr_line' id='line_1_14' title="bbox 134 1379 1739 1448; baseline -0.004 -9"><span class='ocrx_word' id='word_1_88' title='bbox 134 1400 312 1440; x_wconf 89' lang='lat' dir='ltr'><strong>unum</strong></span> <span class='ocrx_word' id='word_1_89' title='bbox 341 1384 615 1448; x_wconf 85' lang='lat' dir='ltr'><strong>delictum,</strong></span> <span class='ocrx_word' id='word_1_90' title='bbox 648 1389 890 1447; x_wconf 85' lang='lat' dir='ltr'><strong>cunctos,</strong></span> <span class='ocrx_word' id='word_1_91' title='bbox 922 1382 1084 1438; x_wconf 88' lang='lat' dir='ltr'><strong>etiam</strong></span> <span class='ocrx_word' id='word_1_92' title='bbox 1104 1380 1332 1436; x_wconf 87' lang='lat' dir='ltr'><strong>necdum</strong></span> <span class='ocrx_word' id='word_1_93' title='bbox 1363 1388 1537 1447; x_wconf 91' lang='lat' dir='ltr'><strong>natos,</strong></span> <span class='ocrx_word' id='word_1_94' title='bbox 1568 1379 1739 1433; x_wconf 90' lang='lat' dir='ltr'><strong>homi-</strong></span> 
     </span>
    </p>
   </div>
   <div class='ocr_carea' id='block_1_15' title="bbox 133 1475 1737 1546">
    <p class='ocr_par' dir='ltr' id='par_1_15' title="bbox 133 1475 1737 1546">
     <span class='ocr_line' id='line_1_15' title="bbox 133 1475 1737 1546; baseline -0.004 -12"><span class='ocrx_word' id='word_1_95' title='bbox 133 1494 244 1534; x_wconf 88' lang='lat' dir='ltr'><strong>nes</strong></span> <span class='ocrx_word' id='word_1_96' title='bbox 265 1488 438 1534; x_wconf 91' lang='lat' dir='ltr'><strong>morte</strong></span> <span class='ocrx_word' id='word_1_97' title='bbox 467 1479 823 1534; x_wconf 88' lang='lat' dir='ltr'><strong>mulctaverit.</strong></span> <span class='ocrx_word' id='word_1_98' title='bbox 855 1477 946 1533; x_wconf 87' lang='lat' dir='ltr'><strong>Sic</strong></span> <span class='ocrx_word' id='word_1_99' title='bbox 973 1487 1150 1532; x_wconf 86' lang='lat' dir='ltr'><strong>autem</strong></span> <span class='ocrx_word' id='word_1_100' title='bbox 1178 1475 1483 1546; x_wconf 87' lang='lat' dir='ltr'><strong>disputans,</strong></span> <span class='ocrx_word' id='word_1_101' title='bbox 1518 1489 1622 1528; x_wconf 88' lang='lat' dir='ltr'><strong>non</strong></span> <span class='ocrx_word' id='word_1_102' title='bbox 1642 1485 1737 1528; x_wconf 89' lang='lat' dir='ltr'><strong>ve-</strong></span> 
     </span>
    </p>
   </div>
   <div class='ocr_carea' id='block_1_16' title="bbox 132 1567 1738 1638">
    <p class='ocr_par' dir='ltr' id='par_1_16' title="bbox 132 1567 1738 1638">
     <span class='ocr_line' id='line_1_16' title="bbox 132 1567 1738 1638; baseline -0.004 -12"><span class='ocrx_word' id='word_1_103' title='bbox 132 1580 319 1638; x_wconf 89' lang='lat' dir='ltr'><strong>retur,</strong></span> <span class='ocrx_word' id='word_1_104' title='bbox 363 1587 462 1627; x_wconf 92' lang='lat' dir='ltr'><strong>nec</strong></span> <span class='ocrx_word' id='word_1_105' title='bbox 504 1570 867 1636; x_wconf 84' lang='lat' dir='ltr'><strong>confunditur,</strong></span> <span class='ocrx_word' id='word_1_106' title='bbox 898 1585 960 1625; x_wconf 90' lang='lat' dir='ltr'><strong>ea</strong></span> <span class='ocrx_word' id='word_1_107' title='bbox 1001 1569 1202 1624; x_wconf 87' lang='lat' dir='ltr'><strong>sentire</strong></span> <span class='ocrx_word' id='word_1_108' title='bbox 1229 1568 1296 1623; x_wconf 91' lang='lat' dir='ltr'><strong>de</strong></span> <span class='ocrx_word' id='word_1_109' title='bbox 1325 1567 1458 1631; x_wconf 91' lang='lat' dir='ltr'><strong>Deo,</strong></span> <span class='ocrx_word' id='word_1_110' title='bbox 1489 1580 1608 1636; x_wconf 74' lang='lat' dir='ltr'><strong>qum</strong></span> <span class='ocrx_word' id='word_1_111' title='bbox 1637 1580 1738 1620; x_wconf 86' lang='lat' dir='ltr'><strong>nec</strong></span> 
     </span>
    </p>
   </div>
   <div class='ocr_carea' id='block_1_17' title="bbox 131 1657 1738 1733">
    <p class='ocr_par' dir='ltr' id='par_1_17' title="bbox 131 1657 1738 1733">
     <span class='ocr_line' id='line_1_17' title="bbox 131 1657 1738 1733; baseline -0.006 -13"><span class='ocrx_word' id='word_1_112' title='bbox 131 1665 208 1720; x_wconf 88' lang='lat' dir='ltr'><strong>de</strong></span> <span class='ocrx_word' id='word_1_113' title='bbox 231 1664 542 1720; x_wconf 88' lang='lat' dir='ltr'><strong>hominibus</strong></span> <span class='ocrx_word' id='word_1_114' title='bbox 564 1676 753 1719; x_wconf 90' lang='lat' dir='ltr'><strong>sanum</strong></span> <span class='ocrx_word' id='word_1_115' title='bbox 775 1661 1130 1733; x_wconf 87' lang='lat' dir='ltr'><strong>sapientibus,</strong></span> <span class='ocrx_word' id='word_1_116' title='bbox 1161 1669 1215 1717; x_wconf 91' lang='lat' dir='ltr'><strong>et</strong></span> <span class='ocrx_word' id='word_1_117' title='bbox 1244 1660 1476 1729; x_wconf 86' lang='lat' dir='ltr'><strong>aliquam</strong></span> <span class='ocrx_word' id='word_1_118' title='bbox 1517 1657 1738 1728; x_wconf 71' lang='lat' dir='ltr'><strong>justitite</strong></span> 
     </span>
    </p>
   </div>
   <div class='ocr_carea' id='block_1_18' title="bbox 85 1749 1736 1828">
    <p class='ocr_par' dir='ltr' id='par_1_18' title="bbox 85 1749 1736 1828">
     <span class='ocr_line' id='line_1_18' title="bbox 85 1749 1736 1828; baseline -0.007 -15"><span class='ocrx_word' id='word_1_119' title='bbox 85 1803 92 1806; x_wconf 95' lang='lat'><strong>.</strong></span> <span class='ocrx_word' id='word_1_120' title='bbox 135 1773 334 1813; x_wconf 85' lang='lat' dir='ltr'><strong>curam</strong></span> <span class='ocrx_word' id='word_1_121' title='bbox 382 1757 712 1828; x_wconf 83' lang='lat' dir='ltr'><strong>gerentibus,</strong></span> <span class='ocrx_word' id='word_1_122' title='bbox 746 1770 1001 1825; x_wconf 84' lang='lat' dir='ltr'><strong>umquam</strong></span> <span class='ocrx_word' id='word_1_123' title='bbox 1029 1753 1149 1823; x_wconf 90' lang='lat' dir='ltr'><strong>quis</strong></span> <span class='ocrx_word' id='word_1_124' title='bbox 1188 1753 1453 1808; x_wconf 81' lang='lat' dir='ltr'><strong>:estimare</strong></span> <span class='ocrx_word' id='word_1_125' title='bbox 1492 1749 1736 1806; x_wconf 80' lang='lat' dir='ltr'><strong>tentavit.</strong></span> 
     </span>
    </p>
   </div>
   <div class='ocr_carea' id='block_1_19' title="bbox 1843 542 3432 616">
    <p class='ocr_par' dir='ltr' id='par_1_19' title="bbox 1843 542 3432 616">
     <span class='ocr_line' id='line_1_19' title="bbox 1843 542 3432 616; baseline -0.001 -17"><span class='ocrx_word' id='word_1_126' title='bbox 1843 547 2078 599; x_wconf 86' lang='lat' dir='ltr'><strong>tissimus</strong></span> <span class='ocrx_word' id='word_1_127' title='bbox 2119 545 2317 600; x_wconf 86' lang='lat' dir='ltr'><strong>Paulus</strong></span> <span class='ocrx_word' id='word_1_128' title='bbox 2363 563 2376 599; x_wconf 89' lang='lat'><strong>:</strong></span> <span class='ocrx_word' id='word_1_129' title='bbox 2435 542 2630 608; x_wconf 80' lang='lat' dir='ltr'><strong>Quibus</strong></span> <span class='ocrx_word' id='word_1_130' title='bbox 2679 545 2864 616; x_wconf 86' lang='lat' dir='ltr'><strong>dignus</strong></span> <span class='ocrx_word' id='word_1_131' title='bbox 2922 560 3028 598; x_wconf 85' lang='lat' dir='ltr'><strong>non</strong></span> <span class='ocrx_word' id='word_1_132' title='bbox 3073 552 3183 596; x_wconf 90' lang='lat' dir='ltr'><strong>erat</strong></span> <span class='ocrx_word' id='word_1_133' title='bbox 3211 545 3432 597; x_wconf 80' lang='lat' dir='ltr'><strong>mundus</strong></span> 
     </span>
    </p>
   </div>
   <div class='ocr_carea' id='block_1_20' title="bbox 1844 635 3432 711">
    <p class='ocr_par' dir='ltr' id='par_1_20' title="bbox 1844 635 3432 711">
     <span class='ocr_line' id='line_1_20' title="bbox 1844 635 3432 711; baseline -0.001 -20"><span class='ocrx_word' id='word_1_134' title='bbox 1844 637 2040 711; x_wconf 83' lang='lat' dir='ltr'><strong>(Hebr.</strong></span> <span class='ocrx_word' id='word_1_135' title='bbox 2068 651 2139 704; x_wconf 72' lang='grc' dir='ltr'><strong>χι,</strong></span> <span class='ocrx_word' id='word_1_136' title='bbox 2171 639 2304 707; x_wconf 77' lang='lat'><strong>57);</strong></span> <span class='ocrx_word' id='word_1_137' title='bbox 2337 638 2410 692; x_wconf 90' lang='lat' dir='ltr'><strong>ita</strong></span> <span class='ocrx_word' id='word_1_138' title='bbox 2441 646 2514 703; x_wconf 87' lang='lat' dir='ltr'><strong>ut,</strong></span> <span class='ocrx_word' id='word_1_139' title='bbox 2558 637 2662 691; x_wconf 86' lang='lat' dir='ltr'><strong>illis</strong></span> <span class='ocrx_word' id='word_1_140' title='bbox 2691 636 2938 702; x_wconf 84' lang='lat' dir='ltr'><strong>mortuis,</strong></span> <span class='ocrx_word' id='word_1_141' title='bbox 2989 635 3104 705; x_wconf 87' lang='lat' dir='ltr'><strong>ipse</strong></span> <span class='ocrx_word' id='word_1_142' title='bbox 3143 636 3290 690; x_wconf 87' lang='lat' dir='ltr'><strong>solus</strong></span> <span class='ocrx_word' id='word_1_143' title='bbox 3315 635 3432 690; x_wconf 84' lang='lat' dir='ltr'><strong>sine</strong></span> 
     </span>
    </p>
   </div>
   <div class='ocr_carea' id='block_1_21' title="bbox 1839 725 3434 800">
    <p class='ocr_par' dir='ltr' id='par_1_21' title="bbox 1839 725 3434 800">
     <span class='ocr_line' id='line_1_21' title="bbox 1839 725 3434 800; baseline -0.001 -15"><span class='ocrx_word' id='word_1_144' title='bbox 1839 730 2028 785; x_wconf 87' lang='lat' dir='ltr'><strong>mortis</strong></span> <span class='ocrx_word' id='word_1_145' title='bbox 2050 729 2380 800; x_wconf 78' lang='lat' dir='ltr'><strong>experientia</strong></span> <span class='ocrx_word' id='word_1_146' title='bbox 2413 725 2748 800; x_wconf 82' lang='lat' dir='ltr'><strong>perduraret.</strong></span> <span class='ocrx_word' id='word_1_147' title='bbox 2783 728 2887 784; x_wconf 90' lang='lat' dir='ltr'><strong>Sed</strong></span> <span class='ocrx_word' id='word_1_148' title='bbox 2913 729 3024 798; x_wconf 90' lang='lat' dir='ltr'><strong>jam</strong></span> <span class='ocrx_word' id='word_1_149' title='bbox 3054 729 3121 782; x_wconf 92' lang='lat' dir='ltr'><strong>ab</strong></span> <span class='ocrx_word' id='word_1_150' title='bbox 3148 727 3300 782; x_wconf 90' lang='lat' dir='ltr'><strong>initio</strong></span> <span class='ocrx_word' id='word_1_151' title='bbox 3329 728 3434 786; x_wconf 82' lang='lat' dir='ltr'><strong>hoc</strong></span> 
     </span>
    </p>
   </div>
   <div class='ocr_carea' id='block_1_22' title="bbox 1840 816 3434 894">
    <p class='ocr_par' dir='ltr' id='par_1_22' title="bbox 1840 816 3434 894">
     <span class='ocr_line' id='line_1_22' title="bbox 1840 816 3434 894; baseline -0.003 -15"><span class='ocrx_word' id='word_1_152' title='bbox 1840 824 1983 879; x_wconf 84' lang='lat' dir='ltr'><strong>Deus</strong></span> <span class='ocrx_word' id='word_1_153' title='bbox 2028 816 2216 878; x_wconf 83' lang='lat' dir='ltr'><strong>habuit</strong></span> <span class='ocrx_word' id='word_1_154' title='bbox 2261 824 2402 894; x_wconf 85' lang='lat' dir='ltr'><strong>apud</strong></span> <span class='ocrx_word' id='word_1_155' title='bbox 2450 838 2509 878; x_wconf 87' lang='lat' dir='ltr'><strong>se</strong></span> <span class='ocrx_word' id='word_1_156' title='bbox 2536 821 2835 888; x_wconf 85' lang='lat' dir='ltr'><strong>deﬁnitum,</strong></span> <span class='ocrx_word' id='word_1_157' title='bbox 2867 829 2928 877; x_wconf 88' lang='lat' dir='ltr'><strong>ut</strong></span> <span class='ocrx_word' id='word_1_158' title='bbox 2957 822 3189 892; x_wconf 88' lang='lat' dir='ltr'><strong>primum</strong></span> <span class='ocrx_word' id='word_1_159' title='bbox 3217 819 3434 889; x_wconf 86' lang='lat' dir='ltr'><strong>quidem</strong></span> 
     </span>
    </p>
   </div>
   <div class='ocr_carea' id='block_1_23' title="bbox 1837 912 3435 985">
    <p class='ocr_par' dir='ltr' id='par_1_23' title="bbox 1837 912 3435 985">
     <span class='ocr_line' id='line_1_23' title="bbox 1837 912 3435 985; baseline -0.002 -15"><span class='ocrx_word' id='word_1_160' title='bbox 1837 915 2102 971; x_wconf 73' lang='lat' dir='ltr'><strong>mortales</strong></span> <span class='ocrx_word' id='word_1_161' title='bbox 2157 914 2350 969; x_wconf 82' lang='lat' dir='ltr'><strong>ﬁerent</strong></span> <span class='ocrx_word' id='word_1_162' title='bbox 2375 956 2389 980; x_wconf 90' lang='lat'><strong>,</strong></span> <span class='ocrx_word' id='word_1_163' title='bbox 2449 914 2795 985; x_wconf 85' lang='lat' dir='ltr'><strong>postmodum</strong></span> <span class='ocrx_word' id='word_1_164' title='bbox 2846 928 2976 968; x_wconf 91' lang='lat' dir='ltr'><strong>vero</strong></span> <span class='ocrx_word' id='word_1_165' title='bbox 3032 912 3435 968; x_wconf 84' lang='lat' dir='ltr'><strong>immortalitate</strong></span> 
     </span>
    </p>
   </div>
   <div class='ocr_carea' id='block_1_24' title="bbox 1839 992 3434 1077">
    <p class='ocr_par' dir='ltr' id='par_1_24' title="bbox 1839 992 3434 1077">
     <span class='ocr_line' id='line_1_24' title="bbox 1839 992 3434 1077; baseline -0.001 -16"><span class='ocrx_word' id='word_1_166' title='bbox 1839 1007 2170 1077; x_wconf 75' lang='lat' dir='ltr'><strong>gauderent;</strong></span> <span class='ocrx_word' id='word_1_167' title='bbox 2201 1007 2280 1063; x_wconf 84' lang='lat' dir='ltr'><strong>sic</strong></span> <span class='ocrx_word' id='word_1_168' title='bbox 2307 1006 2374 1061; x_wconf 91' lang='lat' dir='ltr'><strong>ad</strong></span> <span class='ocrx_word' id='word_1_169' title='bbox 2421 1008 2712 1062; x_wconf 81' lang='lat' dir='ltr'><strong>utilitatem</strong></span> <span class='ocrx_word' id='word_1_170' title='bbox 2742 1015 2983 1061; x_wconf 86' lang='lat' dir='ltr'><strong>nostram</strong></span> <span class='ocrx_word' id='word_1_171' title='bbox 3017 1005 3133 1060; x_wconf 74' lang='lat' dir='ltr'><strong>fieri</strong></span> <span class='ocrx_word' id='word_1_172' title='bbox 3163 1005 3276 1076; x_wconf 84' lang='lat' dir='ltr'><strong>ipse</strong></span> <span class='ocrx_word' id='word_1_173' title='bbox 3322 992 3434 1060; x_wconf 77' lang='lat' dir='ltr'><strong>dis-</strong></span> 
     </span>
    </p>
   </div>
   <div class='ocr_carea' id='block_1_25' title="bbox 1836 1079 3440 1169">
    <p class='ocr_par' dir='ltr' id='par_1_25' title="bbox 1836 1079 3440 1169">
     <span class='ocr_line' id='line_1_25' title="bbox 1836 1079 3440 1169; baseline -0.003 -16"><span class='ocrx_word' id='word_1_174' title='bbox 1836 1109 2065 1169; x_wconf 76' lang='lat' dir='ltr'><strong>ponens.</strong></span> <span class='ocrx_word' id='word_1_175' title='bbox 3417 1079 3440 1096; x_wconf 63' lang='grc'><strong><em>⁸</em></strong></span> 
     </span>
    </p>
   </div>
   <div class='ocr_carea' id='block_1_26' title="bbox 2378 1188 2903 1260">
    <p class='ocr_par' dir='ltr' id='par_1_26' title="bbox 2378 1188 2903 1260">
     <span class='ocr_line' id='line_1_26' title="bbox 2378 1188 2903 1260; baseline -0.002 -18"><span class='ocrx_word' id='word_1_176' title='bbox 2378 1188 2450 1242; x_wconf 85' lang='lat' dir='ltr'><strong>Et</strong></span> <span class='ocrx_word' id='word_1_177' title='bbox 2482 1197 2596 1260; x_wconf 79' lang='lat' dir='ltr'><strong>post</strong></span> <span class='ocrx_word' id='word_1_178' title='bbox 2615 1188 2903 1260; x_wconf 78' lang='lat' dir='ltr'><strong>paululum.</strong></span> 
     </span>
    </p>
   </div>
   <div class='ocr_carea' id='block_1_27' title="bbox 1911 1294 3435 1370">
    <p class='ocr_par' dir='ltr' id='par_1_27' title="bbox 1911 1294 3435 1370">
     <span class='ocr_line' id='line_1_27' title="bbox 1911 1294 3435 1370; baseline -0.001 -15"><span class='ocrx_word' id='word_1_179' title='bbox 1911 1297 1964 1355; x_wconf 90' lang='lat'><strong>6.</strong></span> <span class='ocrx_word' id='word_1_180' title='bbox 2006 1294 2357 1364; x_wconf 77' lang='lat' dir='ltr'><strong>Manifestius,</strong></span> <span class='ocrx_word' id='word_1_181' title='bbox 2400 1300 2590 1370; x_wconf 87' lang='lat' dir='ltr'><strong>inquit,</strong></span> <span class='ocrx_word' id='word_1_182' title='bbox 2633 1301 2749 1354; x_wconf 85' lang='lat' dir='ltr'><strong>haec</strong></span> <span class='ocrx_word' id='word_1_183' title='bbox 2774 1298 2960 1355; x_wconf 90' lang='lat' dir='ltr'><strong>eadem</strong></span> <span class='ocrx_word' id='word_1_184' title='bbox 3000 1295 3142 1354; x_wconf 90' lang='lat' dir='ltr'><strong>Deus</strong></span> <span class='ocrx_word' id='word_1_185' title='bbox 3180 1297 3435 1365; x_wconf 89' lang='lat' dir='ltr'><strong>ostendit,</strong></span> 
     </span>
    </p>
   </div>
   <div class='ocr_carea' id='block_1_28' title="bbox 1837 1390 3466 1461">
    <p class='ocr_par' dir='ltr' id='par_1_28' title="bbox 1837 1390 3466 1461">
     <span class='ocr_line' id='line_1_28' title="bbox 1837 1390 3466 1461; baseline -0.003 -13"><span class='ocrx_word' id='word_1_186' title='bbox 1837 1401 1962 1448; x_wconf 83' lang='lat' dir='ltr'><strong>‘cum</strong></span> <span class='ocrx_word' id='word_1_187' title='bbox 1993 1394 2248 1448; x_wconf 81' lang='lat' dir='ltr'><strong>transfert</strong></span> <span class='ocrx_word' id='word_1_188' title='bbox 2266 1390 2476 1457; x_wconf 89' lang='lat' dir='ltr'><strong>Enoch,</strong></span> <span class='ocrx_word' id='word_1_189' title='bbox 2498 1400 2554 1447; x_wconf 87' lang='lat' dir='ltr'><strong>et</strong></span> <span class='ocrx_word' id='word_1_190' title='bbox 2574 1392 2932 1447; x_wconf 87' lang='lat' dir='ltr'><strong>immortalem</strong></span> <span class='ocrx_word' id='word_1_191' title='bbox 2950 1391 3094 1448; x_wconf 87' lang='lat' dir='ltr'><strong>facit.</strong></span> <span class='ocrx_word' id='word_1_192' title='bbox 3115 1391 3250 1446; x_wconf 87' lang='lat' dir='ltr'><strong>Nam</strong></span> <span class='ocrx_word' id='word_1_193' title='bbox 3273 1392 3319 1446; x_wconf 90' lang='lat' dir='ltr'><strong>si</strong></span> <span class='ocrx_word' id='word_1_194' title='bbox 3339 1405 3436 1461; x_wconf 83' lang='lat' dir='ltr'><strong>per</strong></span> <span class='ocrx_word' id='word_1_195' title='bbox 3461 1439 3466 1442; x_wconf 93' lang='lat'><strong>.</strong></span> 
     </span>
    </p>
   </div>
   <div class='ocr_carea' id='block_1_29' title="bbox 1837 1483 3436 1556">
    <p class='ocr_par' dir='ltr' id='par_1_29' title="bbox 1837 1483 3436 1556">
     <span class='ocr_line' id='line_1_29' title="bbox 1837 1483 3436 1556; baseline -0.001 -17"><span class='ocrx_word' id='word_1_196' title='bbox 1837 1493 2120 1556; x_wconf 86' lang='lat' dir='ltr'><strong>peccatum</strong></span> <span class='ocrx_word' id='word_1_197' title='bbox 2173 1499 2333 1539; x_wconf 88' lang='lat' dir='ltr'><strong>causa</strong></span> <span class='ocrx_word' id='word_1_198' title='bbox 2363 1483 2607 1554; x_wconf 89' lang='lat' dir='ltr'><strong>supplicii</strong></span> <span class='ocrx_word' id='word_1_199' title='bbox 2638 1483 2779 1538; x_wconf 90' lang='lat' dir='ltr'><strong>Deus</strong></span> <span class='ocrx_word' id='word_1_200' title='bbox 2823 1483 3003 1538; x_wconf 90' lang='lat' dir='ltr'><strong>intulit</strong></span> <span class='ocrx_word' id='word_1_201' title='bbox 3031 1490 3294 1549; x_wconf 87' lang='lat' dir='ltr'><strong>mortem,</strong></span> <span class='ocrx_word' id='word_1_202' title='bbox 3338 1495 3436 1537; x_wconf 91' lang='lat' dir='ltr'><strong>nec</strong></span> 
     </span>
    </p>
   </div>
   <div class='ocr_carea' id='block_1_30' title="bbox 1840 1573 3437 1644">
    <p class='ocr_par' dir='ltr' id='par_1_30' title="bbox 1840 1573 3437 1644">
     <span class='ocr_line' id='line_1_30' title="bbox 1840 1573 3437 1644; baseline -0.002 -12"><span class='ocrx_word' id='word_1_203' title='bbox 1840 1577 1968 1632; x_wconf 91' lang='lat' dir='ltr'><strong>olim</strong></span> <span class='ocrx_word' id='word_1_204' title='bbox 1996 1576 2276 1632; x_wconf 81' lang='lat' dir='ltr'><strong>deﬁnitum</strong></span> <span class='ocrx_word' id='word_1_205' title='bbox 2315 1577 2420 1631; x_wconf 91' lang='lat' dir='ltr'><strong>hoc</strong></span> <span class='ocrx_word' id='word_1_206' title='bbox 2461 1574 2647 1629; x_wconf 86' lang='lat' dir='ltr'><strong>habuit</strong></span> <span class='ocrx_word' id='word_1_207' title='bbox 2687 1573 2836 1643; x_wconf 89' lang='lat' dir='ltr'><strong>&#39;apud</strong></span> <span class='ocrx_word' id='word_1_208' title='bbox 2862 1587 2940 1640; x_wconf 89' lang='lat' dir='ltr'><strong>se,</strong></span> <span class='ocrx_word' id='word_1_209' title='bbox 2971 1573 3312 1630; x_wconf 83' lang='lat' dir='ltr'><strong>inetl&#39;abiliter</strong></span> <span class='ocrx_word' id='word_1_210' title='bbox 3336 1588 3437 1644; x_wconf 90' lang='lat' dir='ltr'><strong>pro</strong></span> 
     </span>
    </p>
   </div>
   <div class='ocr_carea' id='block_1_31' title="bbox 1841 1667 3434 1740">
    <p class='ocr_par' dir='ltr' id='par_1_31' title="bbox 1841 1667 3434 1740">
     <span class='ocr_line' id='line_1_31' title="bbox 1841 1667 3434 1740; baseline -0.003 -16"><span class='ocrx_word' id='word_1_211' title='bbox 1841 1669 1998 1725; x_wconf 89' lang='lat' dir='ltr'><strong>nobis</strong></span> <span class='ocrx_word' id='word_1_212' title='bbox 2034 1667 2187 1740; x_wconf 90' lang='lat' dir='ltr'><strong>juxta</strong></span> <span class='ocrx_word' id='word_1_213' title='bbox 2215 1669 2490 1740; x_wconf 87' lang='lat' dir='ltr'><strong>propriam</strong></span> <span class='ocrx_word' id='word_1_214' title='bbox 2519 1667 2838 1737; x_wconf 86' lang='lat' dir='ltr'><strong>sapientiam</strong></span> <span class='ocrx_word' id='word_1_215' title='bbox 2879 1676 3070 1722; x_wconf 85' lang='lat' dir='ltr'><strong>cuncta</strong></span> <span class='ocrx_word' id='word_1_216' title='bbox 3099 1667 3434 1737; x_wconf 86' lang='lat' dir='ltr'><strong>dispensans,</strong></span> 
     </span>
    </p>
   </div>
   <div class='ocr_carea' id='block_1_32' title="bbox 1843 1757 3436 1833">
    <p class='ocr_par' dir='ltr' id='par_1_32' title="bbox 1843 1757 3436 1833">
     <span class='ocr_line' id='line_1_32' title="bbox 1843 1757 3436 1833; baseline -0.002 -15"><span class='ocrx_word' id='word_1_217' title='bbox 1843 1779 2184 1833; x_wconf 87' lang='lat' dir='ltr'><strong>nequaquam</strong></span> <span class='ocrx_word' id='word_1_218' title='bbox 2213 1761 2401 1818; x_wconf 88' lang='lat' dir='ltr'><strong>Enoch</strong></span> <span class='ocrx_word' id='word_1_219' title='bbox 2423 1761 2638 1831; x_wconf 86' lang='lat' dir='ltr'><strong>quidem</strong></span> <span class='ocrx_word' id='word_1_220' title='bbox 2669 1759 2987 1815; x_wconf 87' lang='lat' dir='ltr'><strong>immortalis</strong></span> <span class='ocrx_word' id='word_1_221' title='bbox 3015 1761 3298 1826; x_wconf 84' lang='lat' dir='ltr'><strong>existeret;</strong></span> <span class='ocrx_word' id='word_1_222' title='bbox 3330 1757 3436 1815; x_wconf 63' lang='lat' dir='ltr'><strong>D’o«</strong></span> 
     </span>
    </p>
   </div>
   <div class='ocr_carea' id='block_1_33' title="bbox 130 1837 3437 1922">
    <p class='ocr_par' dir='ltr' id='par_1_33' title="bbox 130 1837 3437 1922">
     <span class='ocr_line' id='line_1_33' title="bbox 130 1837 3437 1922; baseline -0.004 -16"><span class='ocrx_word' id='word_1_223' title='bbox 130 1847 252 1906; x_wconf 87' lang='lat' dir='ltr'><strong>Sed</strong></span> <span class='ocrx_word' id='word_1_224' title='bbox 277 1866 376 1906; x_wconf 90' lang='lat' dir='ltr'><strong>nec</strong></span> <span class='ocrx_word' id='word_1_225' title='bbox 406 1849 547 1906; x_wconf 84' lang='lat' dir='ltr'><strong>illius</strong></span> <span class='ocrx_word' id='word_1_226' title='bbox 577 1849 770 1906; x_wconf 68' lang='lat' dir='ltr'><strong>divinae</strong></span> <span class='ocrx_word' id='word_1_227' title='bbox 801 1847 952 1904; x_wconf 80' lang='lat' dir='ltr'><strong>vocis</strong></span> <span class='ocrx_word' id='word_1_228' title='bbox 979 1845 1290 1902; x_wconf 85' lang='lat' dir='ltr'><strong>recordatus</strong></span> <span class='ocrx_word' id='word_1_229' title='bbox 1318 1851 1431 1909; x_wconf 88' lang='lat' dir='ltr'><strong>est,</strong></span> <span class='ocrx_word' id='word_1_230' title='bbox 1463 1843 1606 1912; x_wconf 90' lang='lat' dir='ltr'><strong>quod</strong></span> <span class='ocrx_word' id='word_1_231' title='bbox 1635 1857 1738 1896; x_wconf 84' lang='lat' dir='ltr'><strong>non</strong></span> <span class='ocrx_word' id='word_1_232' title='bbox 1769 1837 1816 1899; x_wconf 91' lang='lat' dir='ltr'><strong>B</strong></span> <span class='ocrx_word' id='word_1_233' title='bbox 1841 1853 2018 1910; x_wconf 71' lang='lat' dir='ltr'><strong>minus</strong></span> <span class='ocrx_word' id='word_1_234' title='bbox 2048 1861 2228 1909; x_wconf 60' lang='lat' dir='ltr'><strong>autem</strong></span> <span class='ocrx_word' id='word_1_235' title='bbox 2255 1851 2500 1909; x_wconf 63' lang='lat' dir='ltr'><strong>Christus</strong></span> <span class='ocrx_word' id='word_1_236' title='bbox 2540 1851 2606 1906; x_wconf 71' lang='lat' dir='ltr'><strong>ad</strong></span> <span class='ocrx_word' id='word_1_237' title='bbox 2635 1851 2823 1908; x_wconf 66' lang='lat' dir='ltr'><strong>monis</strong></span> <span class='ocrx_word' id='word_1_238' title='bbox 2871 1851 3261 1922; x_wconf 59' lang='lat' dir='ltr'><strong>experientiam</strong></span> <span class='ocrx_word' id='word_1_239' title='bbox 3307 1866 3437 1922; x_wconf 60' lang='lat' dir='ltr'><strong>per-</strong></span> 
     </span>
    </p>
   </div>
   <div class='ocr_carea' id='block_1_34' title="bbox 133 1935 1740 2014">
    <p class='ocr_par' dir='ltr' id='par_1_34' title="bbox 133 1935 1740 2014">
     <span class='ocr_line' id='line_1_34' title="bbox 133 1935 1740 2014; baseline -0.009 -14"><span class='ocrx_word' id='word_1_240' title='bbox 133 1935 404 2000; x_wconf 74' lang='lat' dir='ltr'><strong>diceretur</strong></span> <span class='ocrx_word' id='word_1_241' title='bbox 425 1945 639 1998; x_wconf 84' lang='lat' dir='ltr'><strong>ulterius</strong></span> <span class='ocrx_word' id='word_1_242' title='bbox 660 1944 760 1997; x_wconf 85' lang='lat' dir='ltr'><strong>ista</strong></span> <span class='ocrx_word' id='word_1_243' title='bbox 790 1938 1039 2014; x_wconf 78' lang='lat' dir='ltr'><strong>parabole</strong></span> <span class='ocrx_word' id='word_1_244' title='bbox 1065 1941 1120 1994; x_wconf 92' lang='lat' dir='ltr'><strong>in</strong></span> <span class='ocrx_word' id='word_1_245' title='bbox 1146 1936 1312 1992; x_wconf 78' lang='lat' dir='ltr'><strong>Israel</strong></span> <span class='ocrx_word' id='word_1_246' title='bbox 1342 1953 1358 1991; x_wconf 93' lang='lat'><strong><em>:</em></strong></span> <span class='ocrx_word' id='word_1_247' title='bbox 1389 1935 1576 1990; x_wconf 85' lang='lat' dir='ltr'><strong>Patres</strong></span> <span class='ocrx_word' id='word_1_248' title='bbox 1589 1947 1740 1988; x_wconf 86' lang='lat' dir='ltr'><strong>man-</strong></span> 
     </span>
    </p>
   </div>
   <div class='ocr_carea' id='block_1_35' title="bbox 133 2027 1737 2102">
    <p class='ocr_par' dir='ltr' id='par_1_35' title="bbox 133 2027 1737 2102">
     <span class='ocr_line' id='line_1_35' title="bbox 133 2027 1737 2102; baseline -0.007 -11"><span class='ocrx_word' id='word_1_249' title='bbox 133 2037 460 2091; x_wconf 81' lang='lat' dir='ltr'><strong>ducaverunt</strong></span> <span class='ocrx_word' id='word_1_250' title='bbox 486 2051 636 2089; x_wconf 84' lang='lat' dir='ltr'><strong>uvam</strong></span> <span class='ocrx_word' id='word_1_251' title='bbox 659 2031 917 2098; x_wconf 85' lang='lat' dir='ltr'><strong>acerbam,</strong></span> <span class='ocrx_word' id='word_1_252' title='bbox 948 2041 996 2086; x_wconf 85' lang='lat' dir='ltr'><strong>et</strong></span> <span class='ocrx_word' id='word_1_253' title='bbox 1016 2031 1241 2102; x_wconf 81' lang='lat' dir='ltr'><strong>ﬁliorum</strong></span> <span class='ocrx_word' id='word_1_254' title='bbox 1267 2028 1440 2083; x_wconf 81' lang='lat' dir='ltr'><strong>dentes</strong></span> <span class='ocrx_word' id='word_1_255' title='bbox 1462 2027 1737 2097; x_wconf 76' lang='lat' dir='ltr'><strong>obstupue-</strong></span> 
     </span>
    </p>
   </div>
   <div class='ocr_carea' id='block_1_36' title="bbox 132 2121 1738 2202">
    <p class='ocr_par' dir='ltr' id='par_1_36' title="bbox 132 2121 1738 2202">
     <span class='ocr_line' id='line_1_36' title="bbox 132 2121 1738 2202; baseline -0.006 -19"><span class='ocrx_word' id='word_1_256' title='bbox 132 2140 298 2196; x_wconf 86' lang='lat' dir='ltr'><strong>runt;</strong></span> <span class='ocrx_word' id='word_1_257' title='bbox 328 2132 448 2202; x_wconf 86' lang='lat' dir='ltr'><strong>quia</strong></span> <span class='ocrx_word' id='word_1_258' title='bbox 481 2129 590 2184; x_wconf 73' lang='lat' dir='ltr'><strong>[uec</strong></span> <span class='ocrx_word' id='word_1_259' title='bbox 622 2129 748 2182; x_wconf 84' lang='lat' dir='ltr'><strong>dicit</strong></span> <span class='ocrx_word' id='word_1_260' title='bbox 785 2127 989 2181; x_wconf 74' lang='lat' dir='ltr'><strong>Adonei</strong></span> <span class='ocrx_word' id='word_1_261' title='bbox 1016 2123 1270 2178; x_wconf 79' lang='lat' dir='ltr'><strong>Dominus</strong></span> <span class='ocrx_word' id='word_1_262' title='bbox 1302 2140 1318 2178; x_wconf 93' lang='lat'><strong><em>:</em></strong></span> <span class='ocrx_word' id='word_1_263' title='bbox 1349 2121 1538 2175; x_wconf 82' lang='lat' dir='ltr'><strong>Dentes</strong></span> <span class='ocrx_word' id='word_1_264' title='bbox 1564 2136 1738 2175; x_wconf 88' lang='lat' dir='ltr'><strong>eorum</strong></span> 
     </span>
    </p>
   </div>
   <div class='ocr_carea' id='block_1_37' title="bbox 133 2208 1735 2293">
    <p class='ocr_par' dir='ltr' id='par_1_37' title="bbox 133 2208 1735 2293">
     <span class='ocr_line' id='line_1_37' title="bbox 133 2208 1735 2293; baseline -0.006 -19"><span class='ocrx_word' id='word_1_265' title='bbox 133 2224 230 2293; x_wconf 87' lang='lat' dir='ltr'><strong>qui</strong></span> <span class='ocrx_word' id='word_1_266' title='bbox 261 2221 842 2275; x_wconf 79' lang='lat' dir='ltr'><strong>manducarerintuvam</strong></span> <span class='ocrx_word' id='word_1_267' title='bbox 871 2217 1127 2280; x_wconf 81' lang='lat' dir='ltr'><strong>acerbam,</strong></span> <span class='ocrx_word' id='word_1_268' title='bbox 1153 2208 1735 2286; x_wconf 77' lang='lat' dir='ltr'><strong>obstupesceut(Ezech.</strong></span> 
     </span>
    </p>
   </div>
   <div class='ocr_carea' id='block_1_38' title="bbox 134 2301 1733 2382">
    <p class='ocr_par' dir='ltr' id='par_1_38' title="bbox 134 2301 1733 2382">
     <span class='ocr_line' id='line_1_38' title="bbox 134 2301 1733 2382; baseline -0.006 -17"><span class='ocrx_word' id='word_1_269' title='bbox 134 2326 294 2376; x_wconf 83' lang='lat' dir='ltr'><strong>xvm,</strong></span> <span class='ocrx_word' id='word_1_270' title='bbox 317 2311 373 2382; x_wconf 77' lang='lat'><strong>‘2)</strong></span> <span class='ocrx_word' id='word_1_271' title='bbox 395 2329 408 2378; x_wconf 94' lang='lat'><strong>;</strong></span> <span class='ocrx_word' id='word_1_272' title='bbox 433 2301 723 2366; x_wconf 81' lang='lat' dir='ltr'><strong>ostendens</strong></span> <span class='ocrx_word' id='word_1_273' title='bbox 745 2324 840 2380; x_wconf 89' lang='lat' dir='ltr'><strong>per</strong></span> <span class='ocrx_word' id='word_1_274' title='bbox 860 2309 994 2372; x_wconf 66' lang='lat' dir='ltr'><strong>haec,</strong></span> <span class='ocrx_word' id='word_1_275' title='bbox 1009 2305 1155 2376; x_wconf 91' lang='lat' dir='ltr'><strong>quod</strong></span> <span class='ocrx_word' id='word_1_276' title='bbox 1176 2305 1402 2359; x_wconf 87' lang='lat' dir='ltr'><strong>alterum</strong></span> <span class='ocrx_word' id='word_1_277' title='bbox 1423 2318 1522 2374; x_wconf 90' lang='lat' dir='ltr'><strong>pro</strong></span> <span class='ocrx_word' id='word_1_278' title='bbox 1543 2303 1733 2368; x_wconf 88' lang='lat' dir='ltr'><strong>altero,</strong></span> 
     </span>
    </p>
   </div>
   <div class='ocr_carea' id='block_1_39' title="bbox 128 2395 1734 2474">
    <p class='ocr_par' dir='ltr' id='par_1_39' title="bbox 128 2395 1734 2474">
     <span class='ocr_line' id='line_1_39' title="bbox 128 2395 1734 2474; baseline -0.007 -16"><span class='ocrx_word' id='word_1_279' title='bbox 128 2402 295 2472; x_wconf 81' lang='lat' dir='ltr'><strong>juxta</strong></span> <span class='ocrx_word' id='word_1_280' title='bbox 317 2403 673 2474; x_wconf 90' lang='lat' dir='ltr'><strong>quorumdam</strong></span> <span class='ocrx_word' id='word_1_281' title='bbox 695 2415 954 2467; x_wconf 88' lang='lat' dir='ltr'><strong>errorem,</strong></span> <span class='ocrx_word' id='word_1_282' title='bbox 984 2399 1127 2454; x_wconf 84' lang='lat' dir='ltr'><strong>Deus</strong></span> <span class='ocrx_word' id='word_1_283' title='bbox 1155 2397 1373 2454; x_wconf 89' lang='lat' dir='ltr'><strong>omnino</strong></span> <span class='ocrx_word' id='word_1_284' title='bbox 1393 2411 1502 2451; x_wconf 91' lang='lat' dir='ltr'><strong>non</strong></span> <span class='ocrx_word' id='word_1_285' title='bbox 1525 2395 1734 2466; x_wconf 87' lang='lat' dir='ltr'><strong>puniat,</strong></span> 
     </span>
    </p>
   </div>
   <div class='ocr_carea' id='block_1_40' title="bbox 133 2487 1734 2562">
    <p class='ocr_par' dir='ltr' id='par_1_40' title="bbox 133 2487 1734 2562">
     <span class='ocr_line' id='line_1_40' title="bbox 133 2487 1734 2562; baseline -0.007 -13"><span class='ocrx_word' id='word_1_286' title='bbox 133 2496 240 2549; x_wconf 88' lang='lat' dir='ltr'><strong>sed</strong></span> <span class='ocrx_word' id='word_1_287' title='bbox 270 2494 636 2562; x_wconf 89' lang='lat' dir='ltr'><strong>unusquisque</strong></span> <span class='ocrx_word' id='word_1_288' title='bbox 663 2507 763 2562; x_wconf 90' lang='lat' dir='ltr'><strong>pro</strong></span> <span class='ocrx_word' id='word_1_289' title='bbox 791 2491 1002 2547; x_wconf 89' lang='lat' dir='ltr'><strong>delictis</strong></span> <span class='ocrx_word' id='word_1_290' title='bbox 1029 2490 1140 2544; x_wconf 89' lang='lat' dir='ltr'><strong>suis</strong></span> <span class='ocrx_word' id='word_1_291' title='bbox 1175 2487 1480 2543; x_wconf 81' lang='lat' dir='ltr'><strong>redditurus</strong></span> <span class='ocrx_word' id='word_1_292' title='bbox 1517 2490 1600 2540; x_wconf 80' lang='lat' dir='ltr'><strong>est</strong></span> <span class='ocrx_word' id='word_1_293' title='bbox 1644 2493 1734 2537; x_wconf 69' lang='lat' dir='ltr'><strong>ra&quot;-</strong></span> 
     </span>
    </p>
   </div>
   <div class='ocr_carea' id='block_1_41' title="bbox 125 2585 369 2639">
    <p class='ocr_par' dir='ltr' id='par_1_41' title="bbox 125 2585 369 2639">
     <span class='ocr_line' id='line_1_41' title="bbox 125 2585 369 2639; baseline -0.004 -1"><span class='ocrx_word' id='word_1_294' title='bbox 125 2585 348 2639; x_wconf 72' lang='lat' dir='ltr'><strong>!ionem</strong></span> <span class='ocrx_word' id='word_1_295' title='bbox 358 2625 369 2637; x_wconf 91' lang='lat'><strong>.</strong></span> 
     </span>
    </p>
   </div>
   <div class='ocr_carea' id='block_1_42' title="bbox 216 2663 1733 2739">
    <p class='ocr_par' dir='ltr' id='par_1_42' title="bbox 216 2663 1733 2739">
     <span class='ocr_line' id='line_1_42' title="bbox 216 2663 1733 2739; baseline -0.005 -13"><span class='ocrx_word' id='word_1_296' title='bbox 216 2663 271 2727; x_wconf 69' lang='lat'><strong>2.</strong></span> <span class='ocrx_word' id='word_1_297' title='bbox 315 2670 411 2727; x_wconf 82' lang='lat' dir='ltr'><strong>llis</strong></span> <span class='ocrx_word' id='word_1_298' title='bbox 449 2685 686 2726; x_wconf 87' lang='lat' dir='ltr'><strong>consona</strong></span> <span class='ocrx_word' id='word_1_299' title='bbox 725 2671 917 2728; x_wconf 86' lang='lat' dir='ltr'><strong>beatus</strong></span> <span class='ocrx_word' id='word_1_300' title='bbox 955 2683 1171 2739; x_wconf 89' lang='lat' dir='ltr'><strong>quoque</strong></span> <span class='ocrx_word' id='word_1_301' title='bbox 1207 2665 1404 2723; x_wconf 87' lang='lat' dir='ltr'><strong>Paulus</strong></span> <span class='ocrx_word' id='word_1_302' title='bbox 1450 2665 1688 2721; x_wconf 89' lang='lat' dir='ltr'><strong>annectit</strong></span> <span class='ocrx_word' id='word_1_303' title='bbox 1718 2682 1733 2719; x_wconf 88' lang='lat'><strong>:</strong></span> 
     </span>
    </p>
   </div>
   <div class='ocr_carea' id='block_1_43' title="bbox 131 2757 1736 2835">
    <p class='ocr_par' dir='ltr' id='par_1_43' title="bbox 131 2757 1736 2835">
     <span class='ocr_line' id='line_1_43' title="bbox 131 2757 1736 2835; baseline -0.004 -17"><span class='ocrx_word' id='word_1_304' title='bbox 131 2757 312 2829; x_wconf 81' lang='lat' dir='ltr'><strong>Deus,</strong></span> <span class='ocrx_word' id='word_1_305' title='bbox 339 2763 531 2832; x_wconf 85' lang='lat' dir='ltr'><strong>inquit,</strong></span> <span class='ocrx_word' id='word_1_306' title='bbox 558 2763 643 2835; x_wconf 89' lang='lat' dir='ltr'><strong>qui</strong></span> <span class='ocrx_word' id='word_1_307' title='bbox 671 2761 847 2816; x_wconf 87' lang='lat' dir='ltr'><strong>reddet</strong></span> <span class='ocrx_word' id='word_1_308' title='bbox 866 2763 1139 2833; x_wconf 89' lang='lat' dir='ltr'><strong>unicuique</strong></span> <span class='ocrx_word' id='word_1_309' title='bbox 1159 2759 1436 2815; x_wconf 87' lang='lat' dir='ltr'><strong>secundum</strong></span> <span class='ocrx_word' id='word_1_310' title='bbox 1458 2775 1613 2829; x_wconf 88' lang='lat' dir='ltr'><strong>opera</strong></span> <span class='ocrx_word' id='word_1_311' title='bbox 1643 2773 1736 2811; x_wconf 86' lang='lat' dir='ltr'><strong>sua</strong></span> 
     </span>
    </p>
   </div>
   <div class='ocr_carea' id='block_1_44' title="bbox 123 2854 1736 2927">
    <p class='ocr_par' dir='ltr' id='par_1_44' title="bbox 123 2854 1736 2927">
     <span class='ocr_line' id='line_1_44' title="bbox 123 2854 1736 2927; baseline -0.004 -17"><span class='ocrx_word' id='word_1_312' title='bbox 123 2861 152 2927; x_wconf 70' lang='lat'><strong>&#39;(</strong></span> <span class='ocrx_word' id='word_1_313' title='bbox 179 2857 335 2910; x_wconf 81' lang='lat' dir='ltr'><strong>Rom.</strong></span> <span class='ocrx_word' id='word_1_314' title='bbox 369 2871 424 2920; x_wconf 89' lang='grc' dir='ltr'><strong>ιι,</strong></span> <span class='ocrx_word' id='word_1_315' title='bbox 457 2855 553 2925; x_wconf 87' lang='lat'><strong>6).</strong></span> <span class='ocrx_word' id='word_1_316' title='bbox 586 2854 656 2909; x_wconf 87' lang='lat' dir='ltr'><strong>Et</strong></span> <span class='ocrx_word' id='word_1_317' title='bbox 691 2873 702 2908; x_wconf 92' lang='lat'><strong>:</strong></span> <span class='ocrx_word' id='word_1_318' title='bbox 741 2855 1097 2926; x_wconf 83' lang='lat' dir='ltr'><strong>Unusquisque</strong></span> <span class='ocrx_word' id='word_1_319' title='bbox 1141 2863 1375 2908; x_wconf 87' lang='lat' dir='ltr'><strong>nostrum</strong></span> <span class='ocrx_word' id='word_1_320' title='bbox 1414 2868 1542 2906; x_wconf 85' lang='lat' dir='ltr'><strong>onus</strong></span> <span class='ocrx_word' id='word_1_321' title='bbox 1587 2867 1736 2905; x_wconf 80' lang='lat' dir='ltr'><strong>suum</strong></span> 
     </span>
    </p>
   </div>
   <div class='ocr_carea' id='block_1_45' title="bbox 132 2943 1730 3018">
    <p class='ocr_par' dir='ltr' id='par_1_45' title="bbox 132 2943 1730 3018">
     <span class='ocr_line' id='line_1_45' title="bbox 132 2943 1730 3018; baseline -0.004 -18"><span class='ocrx_word' id='word_1_322' title='bbox 132 2945 376 3018; x_wconf 78' lang='lat' dir='ltr'><strong>portabit</strong></span> <span class='ocrx_word' id='word_1_323' title='bbox 391 2943 533 3016; x_wconf 80' lang='lat' dir='ltr'><strong>(Gal.</strong></span> <span class='ocrx_word' id='word_1_324' title='bbox 559 2962 632 3011; x_wconf 85' lang='lat' dir='ltr'><strong>vt,</strong></span> <span class='ocrx_word' id='word_1_325' title='bbox 651 2943 723 3015; x_wconf 82' lang='lat'><strong>5).</strong></span> <span class='ocrx_word' id='word_1_326' title='bbox 744 2943 811 2999; x_wconf 89' lang='lat' dir='ltr'><strong>Et</strong></span> <span class='ocrx_word' id='word_1_327' title='bbox 836 2965 847 2998; x_wconf 91' lang='lat'>:</span> <span class='ocrx_word' id='word_1_328' title='bbox 877 2943 952 2998; x_wconf 85' lang='lat' dir='ltr'><strong>Tu</strong></span> <span class='ocrx_word' id='word_1_329' title='bbox 974 2945 1098 3017; x_wconf 84' lang='lat' dir='ltr'><strong>quid</strong></span> <span class='ocrx_word' id='word_1_330' title='bbox 1109 2945 1320 3015; x_wconf 83' lang='lat' dir='ltr'><strong>judicas</strong></span> <span class='ocrx_word' id='word_1_331' title='bbox 1341 2945 1554 3015; x_wconf 81' lang='lat' dir='ltr'><strong>fratrem</strong></span> <span class='ocrx_word' id='word_1_332' title='bbox 1574 2953 1730 3008; x_wconf 85' lang='lat' dir='ltr'><strong>tuum,</strong></span> 
     </span>
    </p>
   </div>
   <div class='ocr_carea' id='block_1_46' title="bbox 132 3031 1734 3109">
    <p class='ocr_par' dir='ltr' id='par_1_46' title="bbox 132 3031 1734 3109">
     <span class='ocr_line' id='line_1_46' title="bbox 132 3031 1734 3109; baseline -0.001 -19"><span class='ocrx_word' id='word_1_333' title='bbox 132 3047 230 3090; x_wconf 84' lang='lat' dir='ltr'><strong>aut</strong></span> <span class='ocrx_word' id='word_1_334' title='bbox 257 3047 306 3090; x_wconf 89' lang='lat' dir='ltr'><strong>tu</strong></span> <span class='ocrx_word' id='word_1_335' title='bbox 329 3053 485 3109; x_wconf 88' lang='lat' dir='ltr'><strong>quare</strong></span> <span class='ocrx_word' id='word_1_336' title='bbox 511 3037 709 3108; x_wconf 79' lang='lat' dir='ltr'><strong>spernis</strong></span> <span class='ocrx_word' id='word_1_337' title='bbox 734 3037 948 3108; x_wconf 78' lang='lat' dir='ltr'><strong>fratrem</strong></span> <span class='ocrx_word' id='word_1_338' title='bbox 972 3037 1146 3090; x_wconf 85' lang='lat' dir='ltr'><strong>tuum?</strong></span> <span class='ocrx_word' id='word_1_339' title='bbox 1177 3031 1366 3089; x_wconf 83' lang='lat' dir='ltr'><strong>Omnes</strong></span> <span class='ocrx_word' id='word_1_340' title='bbox 1396 3037 1529 3089; x_wconf 88' lang='lat' dir='ltr'><strong>enim</strong></span> <span class='ocrx_word' id='word_1_341' title='bbox 1552 3034 1734 3088; x_wconf 84' lang='lat' dir='ltr'><strong>adsta-</strong></span> 
     </span>
    </p>
   </div>
   <div class='ocr_carea' id='block_1_47' title="bbox 135 3127 1408 3198">
    <p class='ocr_par' dir='ltr' id='par_1_47' title="bbox 135 3127 1408 3198">
     <span class='ocr_line' id='line_1_47' title="bbox 135 3127 1408 3198; baseline -0.002 -14"><span class='ocrx_word' id='word_1_342' title='bbox 135 3130 443 3184; x_wconf 79' lang='lat' dir='ltr'><strong>bimusante</strong></span> <span class='ocrx_word' id='word_1_343' title='bbox 466 3129 691 3184; x_wconf 79' lang='lat' dir='ltr'><strong>tribunal</strong></span> <span class='ocrx_word' id='word_1_344' title='bbox 721 3127 912 3183; x_wconf 79' lang='lat' dir='ltr'><strong>Christi</strong></span> <span class='ocrx_word' id='word_1_345' title='bbox 942 3128 1130 3198; x_wconf 84' lang='lat' dir='ltr'><strong>(Rom.</strong></span> <span class='ocrx_word' id='word_1_346' title='bbox 1164 3143 1274 3191; x_wconf 74' lang='lat' dir='ltr'><strong>XIV,</strong></span> <span class='ocrx_word' id='word_1_347' title='bbox 1298 3127 1408 3197; x_wconf 78' lang='grc'><strong>10).</strong></span> 
     </span>
    </p>
   </div>
   <div class='ocr_carea' id='block_1_48' title="bbox 1840 1946 2069 2002">
    <p class='ocr_par' dir='ltr' id='par_1_48' title="bbox 1840 1946 2069 2002">
     <span class='ocr_line' id='line_1_48' title="bbox 1840 1946 2069 2002; baseline 0 -2"><span class='ocrx_word' id='word_1_348' title='bbox 1840 1946 2069 2002; x_wconf 90' lang='lat' dir='ltr'><strong>veniret.</strong></span> 
     </span>
    </p>
   </div>
   <div class='ocr_carea' id='block_1_49' title="bbox 2374 2014 2901 2087">
    <p class='ocr_par' dir='ltr' id='par_1_49' title="bbox 2374 2014 2901 2087">
     <span class='ocr_line' id='line_1_49' title="bbox 2374 2014 2901 2087; baseline -0.002 -18"><span class='ocrx_word' id='word_1_349' title='bbox 2374 2014 2446 2069; x_wconf 86' lang='lat' dir='ltr'><strong>Et</strong></span> <span class='ocrx_word' id='word_1_350' title='bbox 2476 2023 2591 2087; x_wconf 81' lang='lat' dir='ltr'><strong>post</strong></span> <span class='ocrx_word' id='word_1_351' title='bbox 2616 2015 2901 2087; x_wconf 74' lang='lat' dir='ltr'><strong>paululum.</strong></span> 
     </span>
    </p>
   </div>
   <div class='ocr_carea' id='block_1_50' title="bbox 1910 2123 3438 2198">
    <p class='ocr_par' dir='ltr' id='par_1_50' title="bbox 1910 2123 3438 2198">
     <span class='ocr_line' id='line_1_50' title="bbox 1910 2123 3438 2198; baseline -0.002 -13"><span class='ocrx_word' id='word_1_352' title='bbox 1910 2123 1964 2185; x_wconf 82' lang='lat'><strong>7.</strong></span> <span class='ocrx_word' id='word_1_353' title='bbox 2003 2125 2228 2195; x_wconf 82' lang='lat' dir='ltr'><strong>idcirco,</strong></span> <span class='ocrx_word' id='word_1_354' title='bbox 2255 2128 2446 2198; x_wconf 90' lang='lat' dir='ltr'><strong>inquit,</strong></span> <span class='ocrx_word' id='word_1_355' title='bbox 2479 2127 2739 2183; x_wconf 88' lang='lat' dir='ltr'><strong>Dominus</strong></span> <span class='ocrx_word' id='word_1_356' title='bbox 2773 2135 2962 2183; x_wconf 85' lang='lat' dir='ltr'><strong>auctor</strong></span> <span class='ocrx_word' id='word_1_357' title='bbox 2998 2126 3236 2181; x_wconf 90' lang='lat' dir='ltr'><strong>omnium</strong></span> <span class='ocrx_word' id='word_1_358' title='bbox 3263 2124 3438 2182; x_wconf 89' lang='lat' dir='ltr'><strong>bono-</strong></span> 
     </span>
    </p>
   </div>
   <div class='ocr_carea' id='block_1_51' title="bbox 1839 2216 3438 2287">
    <p class='ocr_par' dir='ltr' id='par_1_51' title="bbox 1839 2216 3438 2287">
     <span class='ocr_line' id='line_1_51' title="bbox 1839 2216 3438 2287; baseline -0.003 -11"><span class='ocrx_word' id='word_1_359' title='bbox 1839 2237 1958 2276; x_wconf 90' lang='lat' dir='ltr'><strong>rum</strong></span> <span class='ocrx_word' id='word_1_360' title='bbox 2004 2219 2312 2276; x_wconf 80' lang='lat' dir='ltr'><strong>hominibus</strong></span> <span class='ocrx_word' id='word_1_361' title='bbox 2358 2219 2530 2274; x_wconf 83' lang='lat' dir='ltr'><strong>factus</strong></span> <span class='ocrx_word' id='word_1_362' title='bbox 2559 2227 2658 2284; x_wconf 86' lang='lat' dir='ltr'><strong>est,</strong></span> <span class='ocrx_word' id='word_1_363' title='bbox 2702 2225 2761 2273; x_wconf 91' lang='lat' dir='ltr'><strong>ut</strong></span> <span class='ocrx_word' id='word_1_364' title='bbox 2807 2218 2945 2275; x_wconf 91' lang='lat' dir='ltr'><strong>sicut</strong></span> <span class='ocrx_word' id='word_1_365' title='bbox 2973 2217 3140 2272; x_wconf 83' lang='lat' dir='ltr'><strong>Adam</strong></span> <span class='ocrx_word' id='word_1_366' title='bbox 3186 2216 3344 2287; x_wconf 88' lang='lat' dir='ltr'><strong>primi</strong></span> <span class='ocrx_word' id='word_1_367' title='bbox 3383 2223 3438 2271; x_wconf 83' lang='lat' dir='ltr'><strong>et</strong></span> 
     </span>
    </p>
   </div>
   <div class='ocr_carea' id='block_1_52' title="bbox 1839 2305 3438 2377">
    <p class='ocr_par' dir='ltr' id='par_1_52' title="bbox 1839 2305 3438 2377">
     <span class='ocr_line' id='line_1_52' title="bbox 1839 2305 3438 2377; baseline -0.004 -9"><span class='ocrx_word' id='word_1_368' title='bbox 1839 2313 2085 2368; x_wconf 79' lang='lat' dir='ltr'><strong>mertalis</strong></span> <span class='ocrx_word' id='word_1_369' title='bbox 2107 2319 2281 2367; x_wconf 84' lang='lat' dir='ltr'><strong>status</strong></span> <span class='ocrx_word' id='word_1_370' title='bbox 2305 2309 2511 2367; x_wconf 84' lang='lat' dir='ltr'><strong>exstitit</strong></span> <span class='ocrx_word' id='word_1_371' title='bbox 2533 2309 2847 2374; x_wconf 85' lang='lat' dir='ltr'><strong>inchoator;</strong></span> <span class='ocrx_word' id='word_1_372' title='bbox 2876 2309 2952 2362; x_wconf 90' lang='lat' dir='ltr'><strong>ita</strong></span> <span class='ocrx_word' id='word_1_373' title='bbox 2984 2317 3039 2363; x_wconf 90' lang='lat' dir='ltr'><strong>et</strong></span> <span class='ocrx_word' id='word_1_374' title='bbox 3079 2309 3192 2377; x_wconf 83' lang='lat' dir='ltr'><strong>ipse</strong></span> <span class='ocrx_word' id='word_1_375' title='bbox 3215 2305 3438 2362; x_wconf 88' lang='lat' dir='ltr'><strong>secundi</strong></span> 
     </span>
    </p>
   </div>
   <div class='ocr_carea' id='block_1_53' title="bbox 1840 2397 3438 2469">
    <p class='ocr_par' dir='ltr' id='par_1_53' title="bbox 1840 2397 3438 2469">
     <span class='ocr_line' id='line_1_53' title="bbox 1840 2397 3438 2469; baseline -0.003 -12"><span class='ocrx_word' id='word_1_376' title='bbox 1840 2412 1896 2458; x_wconf 89' lang='lat' dir='ltr'><strong>et</strong></span> <span class='ocrx_word' id='word_1_377' title='bbox 1917 2403 2241 2457; x_wconf 90' lang='lat' dir='ltr'><strong>immortalis</strong></span> <span class='ocrx_word' id='word_1_378' title='bbox 2270 2410 2443 2457; x_wconf 89' lang='lat' dir='ltr'><strong>status</strong></span> <span class='ocrx_word' id='word_1_379' title='bbox 2478 2402 2716 2456; x_wconf 85' lang='lat' dir='ltr'><strong>existens</strong></span> <span class='ocrx_word' id='word_1_380' title='bbox 2745 2402 3004 2466; x_wconf 91' lang='lat' dir='ltr'><strong>initiator,</strong></span> <span class='ocrx_word' id='word_1_381' title='bbox 3035 2400 3282 2469; x_wconf 86' lang='lat' dir='ltr'><strong>primitus</strong></span> <span class='ocrx_word' id='word_1_382' title='bbox 3311 2397 3438 2454; x_wconf 69' lang='lat' dir='ltr'><strong>Adte</strong></span> 
     </span>
    </p>
   </div>
   <div class='ocr_carea' id='block_1_54' title="bbox 1838 2491 3436 2565">
    <p class='ocr_par' dir='ltr' id='par_1_54' title="bbox 1838 2491 3436 2565">
     <span class='ocr_line' id='line_1_54' title="bbox 1838 2491 3436 2565; baseline -0.003 -16"><span class='ocrx_word' id='word_1_383' title='bbox 1838 2493 2035 2565; x_wconf 80' lang='lat' dir='ltr'><strong>prioris</strong></span> <span class='ocrx_word' id='word_1_384' title='bbox 2060 2494 2329 2548; x_wconf 77' lang='lat' dir='ltr'><strong>naturalia</strong></span> <span class='ocrx_word' id='word_1_385' title='bbox 2357 2493 2668 2558; x_wconf 87' lang='lat' dir='ltr'><strong>custodiret,</strong></span> <span class='ocrx_word' id='word_1_386' title='bbox 2697 2492 2824 2546; x_wconf 91' lang='lat' dir='ltr'><strong>dum</strong></span> <span class='ocrx_word' id='word_1_387' title='bbox 2848 2491 3084 2546; x_wconf 90' lang='lat' dir='ltr'><strong>nascitur</strong></span> <span class='ocrx_word' id='word_1_388' title='bbox 3103 2507 3168 2546; x_wconf 87' lang='lat' dir='ltr'><strong>ex</strong></span> <span class='ocrx_word' id='word_1_389' title='bbox 3191 2491 3436 2557; x_wconf 86' lang='lat' dir='ltr'><strong>muliere,</strong></span> 
     </span>
    </p>
   </div>
   <div class='ocr_carea' id='block_1_55' title="bbox 1837 2580 3439 2655">
    <p class='ocr_par' dir='ltr' id='par_1_55' title="bbox 1837 2580 3439 2655">
     <span class='ocr_line' id='line_1_55' title="bbox 1837 2580 3439 2655; baseline -0.002 -15"><span class='ocrx_word' id='word_1_390' title='bbox 1837 2585 1966 2640; x_wconf 78' lang='lat' dir='ltr'><strong>dum</strong></span> <span class='ocrx_word' id='word_1_391' title='bbox 1993 2585 2191 2655; x_wconf 87' lang='lat' dir='ltr'><strong>pannis</strong></span> <span class='ocrx_word' id='word_1_392' title='bbox 2212 2581 2521 2648; x_wconf 80' lang='lat' dir='ltr'><strong>involvitur,</strong></span> <span class='ocrx_word' id='word_1_393' title='bbox 2548 2587 2602 2636; x_wconf 80' lang='lat' dir='ltr'><strong>et</strong></span> <span class='ocrx_word' id='word_1_394' title='bbox 2628 2582 2886 2652; x_wconf 87' lang='lat' dir='ltr'><strong>paulatim</strong></span> <span class='ocrx_word' id='word_1_395' title='bbox 2915 2581 3089 2635; x_wconf 61' lang='lat' dir='ltr'><strong>aetatis</strong></span> <span class='ocrx_word' id='word_1_396' title='bbox 3108 2580 3439 2636; x_wconf 86' lang='lat' dir='ltr'><strong>incrementa</strong></span> 
     </span>
    </p>
   </div>
   <div class='ocr_carea' id='block_1_56' title="bbox 1839 2671 3439 2742">
    <p class='ocr_par' dir='ltr' id='par_1_56' title="bbox 1839 2671 3439 2742">
     <span class='ocr_line' id='line_1_56' title="bbox 1839 2671 3439 2742; baseline -0.004 -11"><span class='ocrx_word' id='word_1_397' title='bbox 1839 2675 2062 2732; x_wconf 87' lang='lat' dir='ltr'><strong>sortitur</strong></span> <span class='ocrx_word' id='word_1_398' title='bbox 2095 2692 2108 2727; x_wconf 85' lang='lat'><strong>:</strong></span> <span class='ocrx_word' id='word_1_399' title='bbox 2140 2673 2294 2728; x_wconf 77' lang='lat' dir='ltr'><strong>Iesus</strong></span> <span class='ocrx_word' id='word_1_400' title='bbox 2335 2675 2491 2739; x_wconf 87' lang='lat' dir='ltr'><strong>enim,</strong></span> <span class='ocrx_word' id='word_1_401' title='bbox 2523 2673 2718 2741; x_wconf 87' lang='lat' dir='ltr'><strong>inquit,</strong></span> <span class='ocrx_word' id='word_1_402' title='bbox 2745 2671 3050 2742; x_wconf 80' lang='lat' dir='ltr'><strong>proﬁciebat</strong></span> <span class='ocrx_word' id='word_1_403' title='bbox 3078 2679 3324 2735; x_wconf 68' lang='lat' dir='ltr'><strong>cetate,‘et</strong></span> <span class='ocrx_word' id='word_1_404' title='bbox 3350 2686 3439 2724; x_wconf 86' lang='lat' dir='ltr'><strong>sa-</strong></span> 
     </span>
    </p>
   </div>
   <div class='ocr_carea' id='block_1_57' title="bbox 1837 2756 3435 2837">
    <p class='ocr_par' dir='ltr' id='par_1_57' title="bbox 1837 2756 3435 2837">
     <span class='ocr_line' id='line_1_57' title="bbox 1837 2756 3435 2837; baseline -0.004 -16"><span class='ocrx_word' id='word_1_405' title='bbox 1837 2768 2062 2837; x_wconf 80' lang='lat' dir='ltr'><strong>pientia,</strong></span> <span class='ocrx_word' id='word_1_406' title='bbox 2097 2756 2147 2821; x_wconf 80' lang='lat' dir='ltr'><strong>et</strong></span> <span class='ocrx_word' id='word_1_407' title='bbox 2188 2766 2390 2836; x_wconf 86' lang='lat' dir='ltr'><strong>gratia,</strong></span> <span class='ocrx_word' id='word_1_408' title='bbox 2439 2781 2616 2818; x_wconf 86' lang='lat' dir='ltr'><strong>coram</strong></span> <span class='ocrx_word' id='word_1_409' title='bbox 2645 2757 2755 2817; x_wconf 88' lang='lat' dir='ltr'><strong>Deo</strong></span> <span class='ocrx_word' id='word_1_410' title='bbox 2792 2772 2843 2816; x_wconf 88' lang='lat' dir='ltr'><strong>et</strong></span> <span class='ocrx_word' id='word_1_411' title='bbox 2870 2759 3157 2816; x_wconf 83' lang='lat' dir='ltr'><strong>hominibus</strong></span> <span class='ocrx_word' id='word_1_412' title='bbox 3190 2759 3351 2832; x_wconf 87' lang='lat' dir='ltr'><strong>(Luc.</strong></span> <span class='ocrx_word' id='word_1_413' title='bbox 3377 2778 3435 2829; x_wconf 89' lang='grc' dir='ltr'><strong>ιι,</strong></span> 
     </span>
    </p>
   </div>
   <div class='ocr_carea' id='block_1_58' title="bbox 1841 2853 3439 2927">
    <p class='ocr_par' dir='ltr' id='par_1_58' title="bbox 1841 2853 3439 2927">
     <span class='ocr_line' id='line_1_58' title="bbox 1841 2853 3439 2927; baseline -0.001 -17"><span class='ocrx_word' id='word_1_414' title='bbox 1841 2855 1962 2927; x_wconf 69' lang='lat'><strong>52);</strong></span> <span class='ocrx_word' id='word_1_415' title='bbox 1989 2858 2116 2913; x_wconf 81' lang='lat' dir='ltr'><strong>dum</strong></span> <span class='ocrx_word' id='word_1_416' title='bbox 2136 2857 2602 2912; x_wconf 82' lang='lat' dir='ltr'><strong>circumcisionem</strong></span> <span class='ocrx_word' id='word_1_417' title='bbox 2623 2854 2868 2924; x_wconf 88' lang='lat' dir='ltr'><strong>suscipit,</strong></span> <span class='ocrx_word' id='word_1_418' title='bbox 2891 2853 3182 2922; x_wconf 81' lang='lat' dir='ltr'><strong>dumjuxta</strong></span> <span class='ocrx_word' id='word_1_419' title='bbox 3210 2853 3439 2922; x_wconf 81' lang='lat' dir='ltr'><strong>legalem</strong></span> 
     </span>
    </p>
   </div>
   <div class='ocr_carea' id='block_1_59' title="bbox 1839 2946 3439 3017">
    <p class='ocr_par' dir='ltr' id='par_1_59' title="bbox 1839 2946 3439 3017">
     <span class='ocr_line' id='line_1_59' title="bbox 1839 2946 3439 3017; baseline -0.005 -10"><span class='ocrx_word' id='word_1_420' title='bbox 1839 2951 2285 3008; x_wconf 80' lang='lat' dir='ltr'><strong>consuetudinem</strong></span> <span class='ocrx_word' id='word_1_421' title='bbox 2325 2947 2437 3004; x_wconf 86' lang='lat' dir='ltr'><strong>Deo</strong></span> <span class='ocrx_word' id='word_1_422' title='bbox 2469 2947 2639 3004; x_wconf 79' lang='lat' dir='ltr'><strong>astitit</strong></span> <span class='ocrx_word' id='word_1_423' title='bbox 2670 2947 2723 3002; x_wconf 91' lang='lat' dir='ltr'><strong>in</strong></span> <span class='ocrx_word' id='word_1_424' title='bbox 2757 2947 2981 3017; x_wconf 87' lang='lat' dir='ltr'><strong>templo,</strong></span> <span class='ocrx_word' id='word_1_425' title='bbox 3017 2946 3439 3016; x_wconf 85' lang='lat' dir='ltr'><strong>parentibusque</strong></span> 
     </span>
    </p>
   </div>
   <div class='ocr_carea' id='block_1_60' title="bbox 1837 3037 3437 3113">
    <p class='ocr_par' dir='ltr' id='par_1_60' title="bbox 1837 3037 3437 3113">
     <span class='ocr_line' id='line_1_60' title="bbox 1837 3037 3437 3113; baseline -0.004 -13"><span class='ocrx_word' id='word_1_426' title='bbox 1837 3042 2140 3113; x_wconf 83' lang='lat' dir='ltr'><strong>subjicitur,</strong></span> <span class='ocrx_word' id='word_1_427' title='bbox 2165 3051 2219 3097; x_wconf 90' lang='lat' dir='ltr'><strong>et</strong></span> <span class='ocrx_word' id='word_1_428' title='bbox 2247 3040 2650 3098; x_wconf 85' lang='lat' dir='ltr'><strong>conversationi</strong></span> <span class='ocrx_word' id='word_1_429' title='bbox 2680 3039 2930 3108; x_wconf 60' lang='lat' dir='ltr'><strong>legitimae</strong></span> <span class='ocrx_word' id='word_1_430' title='bbox 2960 3038 3326 3108; x_wconf 83' lang='lat' dir='ltr'><strong>mancipatur;</strong></span> <span class='ocrx_word' id='word_1_431' title='bbox 3359 3037 3437 3094; x_wconf 88' lang='lat' dir='ltr'><strong>sic</strong></span> 
     </span>
    </p>
   </div>
   <div class='ocr_carea' id='block_1_61' title="bbox 1811 3137 3438 3209">
    <p class='ocr_par' dir='ltr' id='par_1_61' title="bbox 1811 3137 3438 3209">
     <span class='ocr_line' id='line_1_61' title="bbox 1811 3137 3438 3209; baseline -0.005 -13"><span class='ocrx_word' id='word_1_432' title='bbox 1811 3138 2002 3196; x_wconf 86' lang='lat' dir='ltr'><strong>etiam</strong></span> <span class='ocrx_word' id='word_1_433' title='bbox 2026 3139 2091 3193; x_wconf 83' lang='lat' dir='ltr'><strong>ad</strong></span> <span class='ocrx_word' id='word_1_434' title='bbox 2118 3138 2482 3209; x_wconf 74' lang='lat' dir='ltr'><strong>expletionem</strong></span> <span class='ocrx_word' id='word_1_435' title='bbox 2499 3137 2859 3206; x_wconf 78' lang='lat' dir='ltr'><strong>reliquorum,</strong></span> <span class='ocrx_word' id='word_1_436' title='bbox 2889 3143 2948 3190; x_wconf 90' lang='lat' dir='ltr'><strong>et</strong></span> <span class='ocrx_word' id='word_1_437' title='bbox 2972 3142 3226 3200; x_wconf 91' lang='lat' dir='ltr'><strong>mortem,</strong></span> <span class='ocrx_word' id='word_1_438' title='bbox 3247 3141 3438 3204; x_wconf 87' lang='lat' dir='ltr'><strong>utpote</strong></span> 
     </span>
    </p>
   </div>
   <div class='ocr_carea' id='block_1_62' title="bbox 211 3217 3436 3310">
    <p class='ocr_par' dir='ltr' id='par_1_62' title="bbox 211 3217 3436 3310">
     <span class='ocr_line' id='line_1_62' title="bbox 211 3217 3436 3310; baseline -0.002 -19"><span class='ocrx_word' id='word_1_439' title='bbox 211 3220 269 3275; x_wconf 69' lang='lat'><strong>&#39;5-</strong></span> <span class='ocrx_word' id='word_1_440' title='bbox 311 3219 414 3275; x_wconf 72' lang='lat' dir='ltr'><strong>Sed</strong></span> <span class='ocrx_word' id='word_1_441' title='bbox 445 3219 526 3275; x_wconf 65' lang='grc' dir='ltr'><strong>νῖν</strong></span> <span class='ocrx_word' id='word_1_442' title='bbox 554 3219 811 3274; x_wconf 60' lang='lat' dir='ltr'><strong>mirabilis</strong></span> <span class='ocrx_word' id='word_1_443' title='bbox 857 3227 1078 3289; x_wconf 68' lang='grc' dir='ltr'><strong>Ρνορῐθτ</strong></span> <span class='ocrx_word' id='word_1_444' title='bbox 1101 3219 1256 3273; x_wconf 65' lang='lat' dir='ltr'><strong>“nius</strong></span> <span class='ocrx_word' id='word_1_445' title='bbox 1283 3217 1498 3290; x_wconf 66' lang='grc' dir='ltr'><strong>[Βαίῖαο</strong></span> <span class='ocrx_word' id='word_1_446' title='bbox 1531 3217 1731 3291; x_wconf 63' lang='lat' dir='ltr'><strong>“Humi</strong></span> <span class='ocrx_word' id='word_1_447' title='bbox 1759 3217 1806 3282; x_wconf 84' lang='lat' dir='ltr'><strong>C</strong></span> <span class='ocrx_word' id='word_1_448' title='bbox 1836 3233 2042 3310; x_wconf 73' lang='lat' dir='ltr'><strong>naturte</strong></span> <span class='ocrx_word' id='word_1_449' title='bbox 2073 3227 2353 3296; x_wconf 88' lang='lat' dir='ltr'><strong>tributum,</strong></span> <span class='ocrx_word' id='word_1_450' title='bbox 2383 3235 2662 3301; x_wconf 82' lang='lat' dir='ltr'><strong>postremo</strong></span> <span class='ocrx_word' id='word_1_451' title='bbox 2692 3227 2934 3300; x_wconf 81' lang='lat' dir='ltr'><strong>suscipit,</strong></span> <span class='ocrx_word' id='word_1_452' title='bbox 2959 3237 3020 3283; x_wconf 89' lang='lat' dir='ltr'><strong>ut</strong></span> <span class='ocrx_word' id='word_1_453' title='bbox 3041 3227 3334 3283; x_wconf 87' lang='lat' dir='ltr'><strong>secundum</strong></span> <span class='ocrx_word' id='word_1_454' title='bbox 3354 3228 3436 3283; x_wconf 88' lang='lat' dir='ltr'><strong>le-</strong></span> 
     </span>
    </p>
   </div>
   <div class='ocr_carea' id='block_1_63' title="bbox 132 3310 1727 3386">
    <p class='ocr_par' dir='ltr' id='par_1_63' title="bbox 132 3310 1727 3386">
     <span class='ocr_line' id='line_1_63' title="bbox 132 3310 1727 3386; baseline -0.004 -16"><span class='ocrx_word' id='word_1_455' title='bbox 132 3320 424 3386; x_wconf 83' lang='lat' dir='ltr'><strong>peccatum</strong></span> <span class='ocrx_word' id='word_1_456' title='bbox 439 3317 587 3367; x_wconf 85' lang='lat' dir='ltr'><strong>tanto</strong></span> <span class='ocrx_word' id='word_1_457' title='bbox 600 3311 780 3367; x_wconf 78' lang='lat' dir='ltr'><strong>furore</strong></span> <span class='ocrx_word' id='word_1_458' title='bbox 796 3319 1122 3367; x_wconf 90' lang='lat' dir='ltr'><strong>commotum</strong></span> <span class='ocrx_word' id='word_1_459' title='bbox 1140 3311 1427 3366; x_wconf 88' lang='lat' dir='ltr'><strong>arbitratus</strong></span> <span class='ocrx_word' id='word_1_460' title='bbox 1440 3318 1521 3366; x_wconf 90' lang='lat' dir='ltr'><strong>est</strong></span> <span class='ocrx_word' id='word_1_461' title='bbox 1537 3310 1727 3376; x_wconf 91' lang='lat' dir='ltr'><strong>Deum,</strong></span> 
     </span>
    </p>
   </div>
   <div class='ocr_carea' id='block_1_64' title="bbox 135 3403 1735 3473">
    <p class='ocr_par' dir='ltr' id='par_1_64' title="bbox 135 3403 1735 3473">
     <span class='ocr_line' id='line_1_64' title="bbox 135 3403 1735 3473; baseline -0.002 -13"><span class='ocrx_word' id='word_1_462' title='bbox 135 3414 196 3460; x_wconf 89' lang='lat' dir='ltr'><strong>ut</strong></span> <span class='ocrx_word' id='word_1_463' title='bbox 217 3412 280 3460; x_wconf 80' lang='lat' dir='ltr'><strong>et</strong></span> <span class='ocrx_word' id='word_1_464' title='bbox 309 3404 457 3460; x_wconf 82' lang='lat' dir='ltr'><strong>illum</strong></span> <span class='ocrx_word' id='word_1_465' title='bbox 487 3403 838 3460; x_wconf 67' lang='lat' dir='ltr'><strong>atrocissima:</strong></span> <span class='ocrx_word' id='word_1_466' title='bbox 866 3418 1039 3473; x_wconf 67' lang='lat' dir='ltr'><strong>paenae</strong></span> <span class='ocrx_word' id='word_1_467' title='bbox 1059 3403 1330 3469; x_wconf 86' lang='lat' dir='ltr'><strong>subderet,</strong></span> <span class='ocrx_word' id='word_1_468' title='bbox 1363 3412 1417 3458; x_wconf 89' lang='lat' dir='ltr'><strong>et</strong></span> <span class='ocrx_word' id='word_1_469' title='bbox 1438 3403 1503 3458; x_wconf 89' lang='lat' dir='ltr'><strong>ad</strong></span> <span class='ocrx_word' id='word_1_470' title='bbox 1525 3404 1735 3458; x_wconf 89' lang='lat' dir='ltr'><strong>univer-</strong></span> 
     </span>
    </p>
   </div>
   <div class='ocr_carea' id='block_1_65' title="bbox 132 3494 1733 3566">
    <p class='ocr_par' dir='ltr' id='par_1_65' title="bbox 132 3494 1733 3566">
     <span class='ocr_line' id='line_1_65' title="bbox 132 3494 1733 3566; baseline -0.001 -15"><span class='ocrx_word' id='word_1_471' title='bbox 132 3511 226 3551; x_wconf 91' lang='lat' dir='ltr'><strong>sos</strong></span> <span class='ocrx_word' id='word_1_472' title='bbox 251 3510 440 3550; x_wconf 87' lang='lat' dir='ltr'><strong>omnes</strong></span> <span class='ocrx_word' id='word_1_473' title='bbox 479 3502 728 3566; x_wconf 88' lang='lat' dir='ltr'><strong>posteros</strong></span> <span class='ocrx_word' id='word_1_474' title='bbox 771 3494 887 3564; x_wconf 87' lang='lat' dir='ltr'><strong>ejus</strong></span> <span class='ocrx_word' id='word_1_475' title='bbox 913 3505 1100 3566; x_wconf 89' lang='lat' dir='ltr'><strong>parem</strong></span> <span class='ocrx_word' id='word_1_476' title='bbox 1139 3496 1460 3550; x_wconf 87' lang='lat' dir='ltr'><strong>sententiam</strong></span> <span class='ocrx_word' id='word_1_477' title='bbox 1488 3495 1733 3565; x_wconf 85' lang='lat' dir='ltr'><strong>promul-</strong></span> 
     </span>
    </p>
   </div>
   <div class='ocr_carea' id='block_1_66' title="bbox 133 3584 1734 3656">
    <p class='ocr_par' dir='ltr' id='par_1_66' title="bbox 133 3584 1734 3656">
     <span class='ocr_line' id='line_1_66' title="bbox 133 3584 1734 3656; baseline 0.001 -16"><span class='ocrx_word' id='word_1_478' title='bbox 133 3593 323 3656; x_wconf 76' lang='lat' dir='ltr'><strong>garct;</strong></span> <span class='ocrx_word' id='word_1_479' title='bbox 374 3594 429 3642; x_wconf 86' lang='lat' dir='ltr'><strong>et</strong></span> <span class='ocrx_word' id='word_1_480' title='bbox 475 3587 616 3641; x_wconf 88' lang='lat' dir='ltr'><strong>inter</strong></span> <span class='ocrx_word' id='word_1_481' title='bbox 661 3597 799 3654; x_wconf 87' lang='lat' dir='ltr'><strong>quos</strong></span> <span class='ocrx_word' id='word_1_482' title='bbox 827 3587 1013 3655; x_wconf 87' lang='lat' dir='ltr'><strong>quanti</strong></span> <span class='ocrx_word' id='word_1_483' title='bbox 1036 3584 1167 3654; x_wconf 90' lang='lat' dir='ltr'><strong>justi</strong></span> <span class='ocrx_word' id='word_1_484' title='bbox 1197 3584 1412 3653; x_wconf 76' lang='lat' dir='ltr'><strong>iuerint,</strong></span> <span class='ocrx_word' id='word_1_485' title='bbox 1446 3601 1551 3642; x_wconf 92' lang='lat' dir='ltr'><strong>non</strong></span> <span class='ocrx_word' id='word_1_486' title='bbox 1580 3585 1734 3642; x_wconf 82' lang='lat' dir='ltr'><strong>facile</strong></span> 
     </span>
    </p>
   </div>
   <div class='ocr_carea' id='block_1_67' title="bbox 134 3677 1734 3747">
    <p class='ocr_par' dir='ltr' id='par_1_67' title="bbox 134 3677 1734 3747">
     <span class='ocr_line' id='line_1_67' title="bbox 134 3677 1734 3747; baseline 0 -15"><span class='ocrx_word' id='word_1_487' title='bbox 134 3677 558 3747; x_wconf 61' lang='lat' dir='ltr'><strong>numerare‘quis</strong></span> <span class='ocrx_word' id='word_1_488' title='bbox 579 3678 777 3746; x_wconf 87' lang='lat' dir='ltr'><strong>poterit</strong></span> <span class='ocrx_word' id='word_1_489' title='bbox 805 3695 816 3729; x_wconf 87' lang='lat'><strong>:</strong></span> <span class='ocrx_word' id='word_1_490' title='bbox 845 3692 913 3731; x_wconf 81' lang='lat' dir='ltr'><strong>ex</strong></span> <span class='ocrx_word' id='word_1_491' title='bbox 941 3677 1133 3745; x_wconf 89' lang='lat' dir='ltr'><strong>quibus</strong></span> <span class='ocrx_word' id='word_1_492' title='bbox 1153 3692 1274 3732; x_wconf 90' lang='lat' dir='ltr'><strong>eum</strong></span> <span class='ocrx_word' id='word_1_493' title='bbox 1296 3677 1530 3732; x_wconf 86' lang='lat' dir='ltr'><strong>maxime</strong></span> <span class='ocrx_word' id='word_1_494' title='bbox 1557 3677 1734 3732; x_wconf 86' lang='lat' dir='ltr'><strong>cons-i-</strong></span> 
     </span>
    </p>
   </div>
   <div class='ocr_carea' id='block_1_68' title="bbox 132 3770 1728 3841">
    <p class='ocr_par' dir='ltr' id='par_1_68' title="bbox 132 3770 1728 3841">
     <span class='ocr_line' id='line_1_68' title="bbox 132 3770 1728 3841; baseline -0.001 -14"><span class='ocrx_word' id='word_1_495' title='bbox 132 3770 328 3827; x_wconf 80' lang='lat' dir='ltr'><strong>derare</strong></span> <span class='ocrx_word' id='word_1_496' title='bbox 348 3779 695 3834; x_wconf 83' lang='lat' dir='ltr'><strong>convenerat,</strong></span> <span class='ocrx_word' id='word_1_497' title='bbox 719 3771 864 3840; x_wconf 88' lang='lat' dir='ltr'><strong>quod</strong></span> <span class='ocrx_word' id='word_1_498' title='bbox 884 3771 1039 3825; x_wconf 85' lang='lat' dir='ltr'><strong>valde</strong></span> <span class='ocrx_word' id='word_1_499' title='bbox 1061 3772 1334 3827; x_wconf 86' lang='lat' dir='ltr'><strong>videretur</strong></span> <span class='ocrx_word' id='word_1_500' title='bbox 1354 3773 1728 3841; x_wconf 72' lang='lat' dir='ltr'><strong>incongruum,</strong></span> 
     </span>
    </p>
   </div>
   <div class='ocr_carea' id='block_1_69' title="bbox 132 3855 1734 3946">
    <p class='ocr_par' dir='ltr' id='par_1_69' title="bbox 132 3855 1734 3946">
     <span class='ocr_line' id='line_1_69' title="bbox 132 3855 1734 3946; baseline 0.001 -27"><span class='ocrx_word' id='word_1_501' title='bbox 132 3857 276 3932; x_wconf 87' lang='lat' dir='ltr'><strong>Noe,</strong></span> <span class='ocrx_word' id='word_1_502' title='bbox 302 3855 589 3946; x_wconf 55' lang='lat' dir='ltr'><strong>Abraham,</strong></span> <span class='ocrx_word' id='word_1_503' title='bbox 615 3863 802 3932; x_wconf 85' lang='lat' dir='ltr'><strong>David,</strong></span> <span class='ocrx_word' id='word_1_504' title='bbox 829 3862 1067 3937; x_wconf 78' lang='lat' dir='ltr'><strong>Moysem</strong></span> <span class='ocrx_word' id='word_1_505' title='bbox 1094 3875 1148 3920; x_wconf 89' lang='lat' dir='ltr'><strong>et</strong></span> <span class='ocrx_word' id='word_1_506' title='bbox 1171 3866 1408 3936; x_wconf 90' lang='lat' dir='ltr'><strong>reliquos</strong></span> <span class='ocrx_word' id='word_1_507' title='bbox 1437 3867 1734 3921; x_wconf 85' lang='lat' dir='ltr'><strong>innumera-</strong></span> 
     </span>
    </p>
   </div>
   <div class='ocr_carea' id='block_1_70' title="bbox 133 3957 1725 4031">
    <p class='ocr_par' dir='ltr' id='par_1_70' title="bbox 133 3957 1725 4031">
     <span class='ocr_line' id='line_1_70' title="bbox 133 3957 1725 4031; baseline 0.001 -20"><span class='ocrx_word' id='word_1_508' title='bbox 133 3957 278 4014; x_wconf 84' lang='lat' dir='ltr'><strong>biles</strong></span> <span class='ocrx_word' id='word_1_509' title='bbox 313 3957 506 4027; x_wconf 88' lang='lat' dir='ltr'><strong>justos,</strong></span> <span class='ocrx_word' id='word_1_510' title='bbox 537 3957 801 4013; x_wconf 79' lang='lat' dir='ltr'><strong>obnoxios</strong></span> <span class='ocrx_word' id='word_1_511' title='bbox 828 3973 999 4028; x_wconf 77' lang='lat' dir='ltr'><strong>poena:</strong></span> <span class='ocrx_word' id='word_1_512' title='bbox 1028 3957 1267 4014; x_wconf 86' lang='lat' dir='ltr'><strong>redditos</strong></span> <span class='ocrx_word' id='word_1_513' title='bbox 1295 3961 1365 4014; x_wconf 93' lang='lat' dir='ltr'><strong>ob</strong></span> <span class='ocrx_word' id='word_1_514' title='bbox 1393 3959 1510 4028; x_wconf 91' lang='lat' dir='ltr'><strong>ejus</strong></span> <span class='ocrx_word' id='word_1_515' title='bbox 1540 3958 1725 4031; x_wconf 84' lang='lat' dir='ltr'><strong>[Fort.</strong></span> 
     </span>
    </p>
   </div>
   <div class='ocr_carea' id='block_1_71' title="bbox 133 4046 1729 4120">
    <p class='ocr_par' dir='ltr' id='par_1_71' title="bbox 133 4046 1729 4120">
     <span class='ocr_line' id='line_1_71' title="bbox 133 4046 1729 4120; baseline 0 -18"><span class='ocrx_word' id='word_1_516' title='bbox 133 4046 330 4119; x_wconf 87' lang='lat' dir='ltr'><strong>unius]</strong></span> <span class='ocrx_word' id='word_1_517' title='bbox 359 4049 630 4113; x_wconf 87' lang='lat' dir='ltr'><strong>delictum,</strong></span> <span class='ocrx_word' id='word_1_518' title='bbox 661 4055 718 4101; x_wconf 86' lang='lat' dir='ltr'><strong>et</strong></span> <span class='ocrx_word' id='word_1_519' title='bbox 739 4063 920 4114; x_wconf 88' lang='lat' dir='ltr'><strong>unum,</strong></span> <span class='ocrx_word' id='word_1_520' title='bbox 945 4057 1107 4116; x_wconf 87' lang='lat' dir='ltr'><strong>atque</strong></span> <span class='ocrx_word' id='word_1_521' title='bbox 1127 4065 1193 4103; x_wconf 82' lang='lat' dir='ltr'><strong>ex</strong></span> <span class='ocrx_word' id='word_1_522' title='bbox 1221 4058 1381 4118; x_wconf 78' lang='lat' dir='ltr'><strong>gustu</strong></span> <span class='ocrx_word' id='word_1_523' title='bbox 1409 4050 1615 4104; x_wconf 88' lang='lat' dir='ltr'><strong>arboris</strong></span> <span class='ocrx_word' id='word_1_524' title='bbox 1631 4065 1729 4120; x_wconf 91' lang='lat' dir='ltr'><strong>ap-</strong></span> 
     </span>
    </p>
   </div>
   <div class='ocr_carea' id='block_1_72' title="bbox 134 4137 1728 4212">
    <p class='ocr_par' dir='ltr' id='par_1_72' title="bbox 134 4137 1728 4212">
     <span class='ocr_line' id='line_1_72' title="bbox 134 4137 1728 4212; baseline 0.001 -18"><span class='ocrx_word' id='word_1_525' title='bbox 134 4139 424 4211; x_wconf 85' lang='lat' dir='ltr'><strong>probatum</strong></span> <span class='ocrx_word' id='word_1_526' title='bbox 456 4137 628 4212; x_wconf 82' lang='lat' dir='ltr'><strong>[Fort.</strong></span> <span class='ocrx_word' id='word_1_527' title='bbox 661 4139 984 4211; x_wconf 72' lang='lat' dir='ltr'><strong>peccatum],</strong></span> <span class='ocrx_word' id='word_1_528' title='bbox 1015 4149 1069 4212; x_wconf 84' lang='lat' dir='ltr'><strong>et</strong></span> <span class='ocrx_word' id='word_1_529' title='bbox 1088 4141 1231 4210; x_wconf 91' lang='lat' dir='ltr'><strong>quod</strong></span> <span class='ocrx_word' id='word_1_530' title='bbox 1253 4141 1330 4197; x_wconf 91' lang='lat' dir='ltr'><strong>sic</strong></span> <span class='ocrx_word' id='word_1_531' title='bbox 1351 4142 1489 4196; x_wconf 88' lang='lat' dir='ltr'><strong>ultra</strong></span> <span class='ocrx_word' id='word_1_532' title='bbox 1510 4142 1728 4196; x_wconf 90' lang='lat' dir='ltr'><strong>modum</strong></span> 
     </span>
    </p>
   </div>
   <div class='ocr_carea' id='block_1_73' title="bbox 129 4229 1730 4304">
    <p class='ocr_par' dir='ltr' id='par_1_73' title="bbox 129 4229 1730 4304">
     <span class='ocr_line' id='line_1_73' title="bbox 129 4229 1730 4304; baseline 0.002 -18"><span class='ocrx_word' id='word_1_533' title='bbox 129 4231 374 4302; x_wconf 65' lang='lat' dir='ltr'><strong>justitiua,</strong></span> <span class='ocrx_word' id='word_1_534' title='bbox 400 4230 532 4287; x_wconf 87' lang='lat' dir='ltr'><strong>iram</strong></span> <span class='ocrx_word' id='word_1_535' title='bbox 557 4249 709 4287; x_wconf 88' lang='lat' dir='ltr'><strong>suam</strong></span> <span class='ocrx_word' id='word_1_536' title='bbox 731 4229 873 4288; x_wconf 89' lang='lat' dir='ltr'><strong>Deus</strong></span> <span class='ocrx_word' id='word_1_537' title='bbox 912 4232 1235 4301; x_wconf 80' lang='lat' dir='ltr'><strong>extenderit,</strong></span> <span class='ocrx_word' id='word_1_538' title='bbox 1264 4234 1336 4289; x_wconf 90' lang='lat' dir='ltr'><strong>ita</strong></span> <span class='ocrx_word' id='word_1_539' title='bbox 1365 4242 1422 4288; x_wconf 92' lang='lat' dir='ltr'><strong>ut</strong></span> <span class='ocrx_word' id='word_1_540' title='bbox 1452 4242 1531 4290; x_wconf 91' lang='lat' dir='ltr'><strong>tot</strong></span> <span class='ocrx_word' id='word_1_541' title='bbox 1554 4235 1730 4304; x_wconf 86' lang='lat' dir='ltr'><strong>justo-</strong></span> 
     </span>
    </p>
   </div>
   <div class='ocr_carea' id='block_1_74' title="bbox 136 4323 1728 4396">
    <p class='ocr_par' dir='ltr' id='par_1_74' title="bbox 136 4323 1728 4396">
     <span class='ocr_line' id='line_1_74' title="bbox 136 4323 1728 4396; baseline 0.001 -17"><span class='ocrx_word' id='word_1_542' title='bbox 136 4337 260 4379; x_wconf 87' lang='lat' dir='ltr'><strong>rum</strong></span> <span class='ocrx_word' id='word_1_543' title='bbox 283 4324 510 4379; x_wconf 88' lang='lat' dir='ltr'><strong>virtutes</strong></span> <span class='ocrx_word' id='word_1_544' title='bbox 549 4333 769 4378; x_wconf 90' lang='lat' dir='ltr'><strong>cunctas</strong></span> <span class='ocrx_word' id='word_1_545' title='bbox 794 4323 1068 4392; x_wconf 89' lang='lat' dir='ltr'><strong>abjiceret,</strong></span> <span class='ocrx_word' id='word_1_546' title='bbox 1092 4340 1292 4394; x_wconf 90' lang='lat' dir='ltr'><strong>eosque</strong></span> <span class='ocrx_word' id='word_1_547' title='bbox 1330 4333 1550 4396; x_wconf 88' lang='lat' dir='ltr'><strong>propter</strong></span> <span class='ocrx_word' id='word_1_548' title='bbox 1572 4326 1728 4382; x_wconf 90' lang='lat' dir='ltr'><strong>unius</strong></span> 
     </span>
    </p>
   </div>
   <div class='ocr_carea' id='block_1_75' title="bbox 137 4415 1438 4487">
    <p class='ocr_par' dir='ltr' id='par_1_75' title="bbox 137 4415 1438 4487">
     <span class='ocr_line' id='line_1_75' title="bbox 137 4415 1438 4487; baseline 0 -16"><span class='ocrx_word' id='word_1_549' title='bbox 137 4423 416 4487; x_wconf 86' lang='lat' dir='ltr'><strong>peccatum</strong></span> <span class='ocrx_word' id='word_1_550' title='bbox 442 4415 590 4482; x_wconf 77' lang='lat' dir='ltr'><strong>Adze,</strong></span> <span class='ocrx_word' id='word_1_551' title='bbox 621 4424 773 4471; x_wconf 88' lang='lat' dir='ltr'><strong>tanto</strong></span> <span class='ocrx_word' id='word_1_552' title='bbox 801 4417 1063 4487; x_wconf 91' lang='lat' dir='ltr'><strong>supplicio</strong></span> <span class='ocrx_word' id='word_1_553' title='bbox 1091 4418 1438 4486; x_wconf 88' lang='lat' dir='ltr'><strong>manciparet.</strong></span> 
     </span>
    </p>
   </div>
   <div class='ocr_carea' id='block_1_76' title="bbox 205 4502 1726 4580">
    <p class='ocr_par' dir='ltr' id='par_1_76' title="bbox 205 4502 1726 4580">
     <span class='ocr_line' id='line_1_76' title="bbox 205 4502 1726 4580; baseline 0.003 -20"><span class='ocrx_word' id='word_1_554' title='bbox 205 4502 260 4560; x_wconf 66' lang='grc'><strong>4.</strong></span> <span class='ocrx_word' id='word_1_555' title='bbox 301 4505 436 4561; x_wconf 87' lang='lat' dir='ltr'><strong>Nam</strong></span> <span class='ocrx_word' id='word_1_556' title='bbox 466 4509 568 4562; x_wconf 88' lang='lat' dir='ltr'><strong>etsi</strong></span> <span class='ocrx_word' id='word_1_557' title='bbox 591 4507 722 4562; x_wconf 88' lang='lat' dir='ltr'><strong>nihil</strong></span> <span class='ocrx_word' id='word_1_558' title='bbox 751 4507 915 4573; x_wconf 87' lang='lat' dir='ltr'><strong>aliud,</strong></span> <span class='ocrx_word' id='word_1_559' title='bbox 940 4507 1130 4563; x_wconf 88' lang='lat' dir='ltr'><strong>saltem</strong></span> <span class='ocrx_word' id='word_1_560' title='bbox 1159 4507 1226 4563; x_wconf 89' lang='lat' dir='ltr'><strong>de</strong></span> <span class='ocrx_word' id='word_1_561' title='bbox 1248 4507 1379 4562; x_wconf 83' lang='lat' dir='ltr'><strong>Abel</strong></span> <span class='ocrx_word' id='word_1_562' title='bbox 1407 4517 1588 4564; x_wconf 89' lang='lat' dir='ltr'><strong>mente</strong></span> <span class='ocrx_word' id='word_1_563' title='bbox 1606 4524 1726 4580; x_wconf 88' lang='lat' dir='ltr'><strong>per-</strong></span> 
     </span>
    </p>
   </div>
   <div class='ocr_carea' id='block_1_77' title="bbox 1835 3319 3435 3396">
    <p class='ocr_par' dir='ltr' id='par_1_77' title="bbox 1835 3319 3435 3396">
     <span class='ocr_line' id='line_1_77' title="bbox 1835 3319 3435 3396; baseline -0.002 -15"><span class='ocrx_word' id='word_1_564' title='bbox 1835 3341 1957 3396; x_wconf 74' lang='lat' dir='ltr'><strong>gem</strong></span> <span class='ocrx_word' id='word_1_565' title='bbox 1987 3325 2236 3380; x_wconf 69' lang='lat' dir='ltr'><strong>humanae</strong></span> <span class='ocrx_word' id='word_1_566' title='bbox 2281 3332 2490 3378; x_wconf 60' lang='lat' dir='ltr'><strong>naturae</strong></span> <span class='ocrx_word' id='word_1_567' title='bbox 2537 3323 2794 3388; x_wconf 87' lang='lat' dir='ltr'><strong>moriens,</strong></span> <span class='ocrx_word' id='word_1_568' title='bbox 2847 3329 2901 3376; x_wconf 91' lang='lat' dir='ltr'><strong>et</strong></span> <span class='ocrx_word' id='word_1_569' title='bbox 2939 3337 2968 3376; x_wconf 89' lang='lat' dir='ltr'><strong>a</strong></span> <span class='ocrx_word' id='word_1_570' title='bbox 3000 3321 3226 3377; x_wconf 89' lang='lat' dir='ltr'><strong>mortuis</strong></span> <span class='ocrx_word' id='word_1_571' title='bbox 3253 3319 3435 3378; x_wconf 83' lang='lat' dir='ltr'><strong>divina</strong></span> 
     </span>
    </p>
   </div>
   <div class='ocr_carea' id='block_1_78' title="bbox 1834 3413 3434 3484">
    <p class='ocr_par' dir='ltr' id='par_1_78' title="bbox 1834 3413 3434 3484">
     <span class='ocr_line' id='line_1_78' title="bbox 1834 3413 3434 3484; baseline -0.001 -13"><span class='ocrx_word' id='word_1_572' title='bbox 1834 3417 2034 3471; x_wconf 83' lang='lat' dir='ltr'><strong>virtute</strong></span> <span class='ocrx_word' id='word_1_573' title='bbox 2078 3427 2386 3484; x_wconf 78' lang='lat' dir='ltr'><strong>resurgens,</strong></span> <span class='ocrx_word' id='word_1_574' title='bbox 2433 3415 2643 3468; x_wconf 77' lang='lat' dir='ltr'><strong>initium</strong></span> <span class='ocrx_word' id='word_1_575' title='bbox 2698 3413 2909 3469; x_wconf 85' lang='lat' dir='ltr'><strong>cunctis</strong></span> <span class='ocrx_word' id='word_1_576' title='bbox 2956 3413 3283 3478; x_wconf 82' lang='lat' dir='ltr'><strong>hominibus,</strong></span> <span class='ocrx_word' id='word_1_577' title='bbox 3341 3413 3434 3481; x_wconf 88' lang='lat' dir='ltr'><strong>qui</strong></span> 
     </span>
    </p>
   </div>
   <div class='ocr_carea' id='block_1_79' title="bbox 1833 3504 3434 3578">
    <p class='ocr_par' dir='ltr' id='par_1_79' title="bbox 1833 3504 3434 3578">
     <span class='ocr_line' id='line_1_79' title="bbox 1833 3504 3434 3578; baseline -0.002 -15"><span class='ocrx_word' id='word_1_578' title='bbox 1833 3518 2067 3564; x_wconf 90' lang='lat' dir='ltr'><strong>mortem</strong></span> <span class='ocrx_word' id='word_1_579' title='bbox 2098 3505 2391 3563; x_wconf 86' lang='lat' dir='ltr'><strong>secundum</strong></span> <span class='ocrx_word' id='word_1_580' title='bbox 2419 3507 2696 3578; x_wconf 77' lang='lat' dir='ltr'><strong>prepriam</strong></span> <span class='ocrx_word' id='word_1_581' title='bbox 2721 3511 2970 3560; x_wconf 79' lang='lat' dir='ltr'><strong>naturam</strong></span> <span class='ocrx_word' id='word_1_582' title='bbox 2997 3504 3315 3574; x_wconf 85' lang='lat' dir='ltr'><strong>suscipiunt,</strong></span> <span class='ocrx_word' id='word_1_583' title='bbox 3339 3504 3434 3559; x_wconf 83' lang='lat' dir='ltr'><strong>tie-</strong></span> 
     </span>
    </p>
   </div>
   <div class='ocr_carea' id='block_1_80' title="bbox 1835 3593 3436 3667">
    <p class='ocr_par' dir='ltr' id='par_1_80' title="bbox 1835 3593 3436 3667">
     <span class='ocr_line' id='line_1_80' title="bbox 1835 3593 3436 3667; baseline -0.004 -12"><span class='ocrx_word' id='word_1_584' title='bbox 1835 3608 1939 3666; x_wconf 87' lang='lat' dir='ltr'><strong>ret,</strong></span> <span class='ocrx_word' id='word_1_585' title='bbox 1969 3609 2030 3654; x_wconf 92' lang='lat' dir='ltr'><strong>ut</strong></span> <span class='ocrx_word' id='word_1_586' title='bbox 2057 3615 2085 3654; x_wconf 85' lang='lat' dir='ltr'><strong>a</strong></span> <span class='ocrx_word' id='word_1_587' title='bbox 2111 3595 2340 3654; x_wconf 85' lang='lat' dir='ltr'><strong>mortuis</strong></span> <span class='ocrx_word' id='word_1_588' title='bbox 2369 3603 2610 3667; x_wconf 77' lang='lat' dir='ltr'><strong>surgant,</strong></span> <span class='ocrx_word' id='word_1_589' title='bbox 2634 3603 2688 3652; x_wconf 90' lang='lat' dir='ltr'><strong>et</strong></span> <span class='ocrx_word' id='word_1_590' title='bbox 2709 3596 2776 3651; x_wconf 90' lang='lat' dir='ltr'><strong>ad</strong></span> <span class='ocrx_word' id='word_1_591' title='bbox 2797 3593 3156 3650; x_wconf 84' lang='lat' dir='ltr'><strong>immortalem</strong></span> <span class='ocrx_word' id='word_1_592' title='bbox 3186 3593 3436 3650; x_wconf 82' lang='lat' dir='ltr'><strong>substan-</strong></span> 
     </span>
    </p>
   </div>
   <div class='ocr_carea' id='block_1_81' title="bbox 1837 3691 2406 3744">
    <p class='ocr_par' dir='ltr' id='par_1_81' title="bbox 1837 3691 2406 3744">
     <span class='ocr_line' id='line_1_81' title="bbox 1837 3691 2406 3744; baseline -0.004 0"><span class='ocrx_word' id='word_1_593' title='bbox 1837 3691 1965 3744; x_wconf 83' lang='lat' dir='ltr'><strong>tiam</strong></span> <span class='ocrx_word' id='word_1_594' title='bbox 1987 3696 2406 3744; x_wconf 75' lang='lat' dir='ltr'><strong>committentur.</strong></span> 
     </span>
    </p>
   </div>
   <div class='ocr_carea' id='block_1_82' title="bbox 1905 3774 3431 3835">
    <p class='ocr_par' dir='ltr' id='par_1_82' title="bbox 1905 3774 3431 3835">
     <span class='ocr_line' id='line_1_82' title="bbox 1905 3774 3431 3835; baseline -0.003 -2"><span class='ocrx_word' id='word_1_595' title='bbox 1905 3779 1960 3835; x_wconf 88' lang='lat'><strong>8.</strong></span> <span class='ocrx_word' id='word_1_596' title='bbox 1999 3779 2149 3835; x_wconf 90' lang='lat' dir='ltr'><strong>Sicut</strong></span> <span class='ocrx_word' id='word_1_597' title='bbox 2190 3780 2332 3834; x_wconf 89' lang='lat' dir='ltr'><strong>enim</strong></span> <span class='ocrx_word' id='word_1_598' title='bbox 2366 3777 2672 3834; x_wconf 74' lang='lat' dir='ltr'><strong>conforme‘s</strong></span> <span class='ocrx_word' id='word_1_599' title='bbox 2716 3777 2844 3831; x_wconf 80' lang='lat' dir='ltr'><strong>Adae</strong></span> <span class='ocrx_word' id='word_1_600' title='bbox 2891 3774 3184 3834; x_wconf 79' lang='lat' dir='ltr'><strong>secundum</strong></span> <span class='ocrx_word' id='word_1_601' title='bbox 3233 3783 3431 3829; x_wconf 88' lang='lat' dir='ltr'><strong>statum</strong></span> 
     </span>
    </p>
   </div>
   <div class='ocr_carea' id='block_1_83' title="bbox 1835 3857 3433 3944">
    <p class='ocr_par' dir='ltr' id='par_1_83' title="bbox 1835 3857 3433 3944">
     <span class='ocr_line' id='line_1_83' title="bbox 1835 3857 3433 3944; baseline -0.004 -16"><span class='ocrx_word' id='word_1_602' title='bbox 1835 3879 2153 3944; x_wconf 77' lang='lat' dir='ltr'><strong>praesentem</strong></span> <span class='ocrx_word' id='word_1_603' title='bbox 2189 3883 2371 3926; x_wconf 87' lang='lat' dir='ltr'><strong>sumus</strong></span> <span class='ocrx_word' id='word_1_604' title='bbox 2395 3883 2581 3925; x_wconf 87' lang='lat' dir='ltr'><strong>omnes</strong></span> <span class='ocrx_word' id='word_1_605' title='bbox 2611 3867 2807 3930; x_wconf 83' lang='lat' dir='ltr'><strong>ell‘ecti,</strong></span> <span class='ocrx_word' id='word_1_606' title='bbox 2835 3869 2913 3922; x_wconf 89' lang='lat' dir='ltr'><strong>sic</strong></span> <span class='ocrx_word' id='word_1_607' title='bbox 2949 3861 3164 3922; x_wconf 84' lang='lat' dir='ltr'><strong>Christo</strong></span> <span class='ocrx_word' id='word_1_608' title='bbox 3206 3857 3433 3921; x_wconf 84' lang='lat' dir='ltr'><strong>Domino</strong></span> 
     </span>
    </p>
   </div>
   <div class='ocr_carea' id='block_1_84' title="bbox 1835 3947 3431 4038">
    <p class='ocr_par' dir='ltr' id='par_1_84' title="bbox 1835 3947 3431 4038">
     <span class='ocr_line' id='line_1_84' title="bbox 1835 3947 3431 4038; baseline -0.006 -18"><span class='ocrx_word' id='word_1_609' title='bbox 1835 3963 2041 4038; x_wconf 68' lang='grc' dir='ltr'><strong>[Βαιτα.</strong></span> <span class='ocrx_word' id='word_1_610' title='bbox 2093 3965 2215 4017; x_wconf 82' lang='lat' dir='ltr'><strong>add.</strong></span> <span class='ocrx_word' id='word_1_611' title='bbox 2244 3951 2398 4031; x_wconf 84' lang='lat' dir='ltr'><strong>juxta</strong></span> <span class='ocrx_word' id='word_1_612' title='bbox 2428 3959 2669 4032; x_wconf 84' lang='lat' dir='ltr'><strong>carnem]</strong></span> <span class='ocrx_word' id='word_1_613' title='bbox 2715 3947 3023 4015; x_wconf 71' lang='lat' dir='ltr'><strong>conforr&#39;ues</strong></span> <span class='ocrx_word' id='word_1_614' title='bbox 3047 3955 3344 4012; x_wconf 81' lang='lat' dir='ltr'><strong>efﬁciemur</strong></span> <span class='ocrx_word' id='word_1_615' title='bbox 3374 3955 3431 4011; x_wconf 90' lang='lat' dir='ltr'><strong>in</strong></span> 
     </span>
    </p>
   </div>
   <div class='ocr_carea' id='block_1_85' title="bbox 1831 4046 3430 4126">
    <p class='ocr_par' dir='ltr' id='par_1_85' title="bbox 1831 4046 3430 4126">
     <span class='ocr_line' id='line_1_85' title="bbox 1831 4046 3430 4126; baseline -0.006 -16"><span class='ocrx_word' id='word_1_616' title='bbox 1831 4062 2126 4126; x_wconf 82' lang='lat' dir='ltr'><strong>posterum.</strong></span> <span class='ocrx_word' id='word_1_617' title='bbox 2157 4049 2574 4122; x_wconf 68' lang='lat' dir='ltr'><strong>Transﬁgurabit</strong></span> <span class='ocrx_word' id='word_1_618' title='bbox 2601 4051 2735 4103; x_wconf 84' lang='lat' dir='ltr'><strong>enim</strong></span> <span class='ocrx_word' id='word_1_619' title='bbox 2773 4063 2958 4119; x_wconf 76' lang='lat' dir='ltr'><strong>corpus</strong></span> <span class='ocrx_word' id='word_1_620' title='bbox 2987 4046 3295 4100; x_wconf 82' lang='lat' dir='ltr'><strong>humilitatis</strong></span> <span class='ocrx_word' id='word_1_621' title='bbox 3332 4062 3430 4100; x_wconf 79' lang='lat' dir='ltr'><strong>no-</strong></span> 
     </span>
    </p>
   </div>
   <div class='ocr_carea' id='block_1_86' title="bbox 1833 4137 3430 4216">
    <p class='ocr_par' dir='ltr' id='par_1_86' title="bbox 1833 4137 3430 4216">
     <span class='ocr_line' id='line_1_86' title="bbox 1833 4137 3430 4216; baseline -0.006 -17"><span class='ocrx_word' id='word_1_622' title='bbox 1833 4155 1975 4212; x_wconf 61' lang='lat' dir='ltr'><strong>strae,</strong></span> <span class='ocrx_word' id='word_1_623' title='bbox 1999 4145 2290 4216; x_wconf 81' lang='lat' dir='ltr'><strong>conformes</strong></span> <span class='ocrx_word' id='word_1_624' title='bbox 2321 4142 2436 4213; x_wconf 82' lang='lat' dir='ltr'><strong>ﬁeri</strong></span> <span class='ocrx_word' id='word_1_625' title='bbox 2469 4142 2698 4212; x_wconf 84' lang='lat' dir='ltr'><strong>corporis</strong></span> <span class='ocrx_word' id='word_1_626' title='bbox 2719 4139 2901 4211; x_wconf 71' lang='lat' dir='ltr'><strong>gtoriw</strong></span> <span class='ocrx_word' id='word_1_627' title='bbox 2919 4137 3030 4208; x_wconf 86' lang='lat' dir='ltr'><strong>ejus</strong></span> <span class='ocrx_word' id='word_1_628' title='bbox 3057 4137 3323 4208; x_wconf 75' lang='lat' dir='ltr'><strong>(Philipp.</strong></span> <span class='ocrx_word' id='word_1_629' title='bbox 3347 4150 3430 4204; x_wconf 85' lang='grc' dir='ltr'>ιιι,</span> 
     </span>
    </p>
   </div>
   <div class='ocr_carea' id='block_1_87' title="bbox 1830 4225 3428 4308">
    <p class='ocr_par' dir='ltr' id='par_1_87' title="bbox 1830 4225 3428 4308">
     <span class='ocr_line' id='line_1_87' title="bbox 1830 4225 3428 4308; baseline -0.003 -19"><span class='ocrx_word' id='word_1_630' title='bbox 1830 4233 1942 4308; x_wconf 75' lang='grc'><strong>21).</strong></span> <span class='ocrx_word' id='word_1_631' title='bbox 1969 4236 2034 4290; x_wconf 85' lang='lat' dir='ltr'><strong>Et</strong></span> <span class='ocrx_word' id='word_1_632' title='bbox 2063 4254 2074 4288; x_wconf 87' lang='lat'>:</span> <span class='ocrx_word' id='word_1_633' title='bbox 2110 4230 2292 4298; x_wconf 86' lang='lat' dir='ltr'><strong>Qualis</strong></span> <span class='ocrx_word' id='word_1_634' title='bbox 2317 4225 2567 4298; x_wconf 79' lang='lat' dir='ltr'><strong>terreitus,</strong></span> <span class='ocrx_word' id='word_1_635' title='bbox 2603 4232 2728 4286; x_wconf 86' lang='lat' dir='ltr'><strong>tales</strong></span> <span class='ocrx_word' id='word_1_636' title='bbox 2750 4241 2797 4285; x_wconf 88' lang='lat' dir='ltr'><strong>et</strong></span> <span class='ocrx_word' id='word_1_637' title='bbox 2819 4231 3041 4294; x_wconf 87' lang='lat' dir='ltr'><strong>terreni;</strong></span> <span class='ocrx_word' id='word_1_638' title='bbox 3071 4239 3120 4284; x_wconf 88' lang='lat' dir='ltr'><strong>et</strong></span> <span class='ocrx_word' id='word_1_639' title='bbox 3139 4230 3309 4302; x_wconf 86' lang='lat' dir='ltr'><strong>quatis</strong></span> <span class='ocrx_word' id='word_1_640' title='bbox 3325 4245 3428 4284; x_wconf 69' lang='lat' dir='ltr'><strong>cat-</strong></span> 
     </span>
    </p>
   </div>
   <div class='ocr_carea' id='block_1_88' title="bbox 1831 4319 3430 4394">
    <p class='ocr_par' dir='ltr' id='par_1_88' title="bbox 1831 4319 3430 4394">
     <span class='ocr_line' id='line_1_88' title="bbox 1831 4319 3430 4394; baseline -0.003 -14"><span class='ocrx_word' id='word_1_641' title='bbox 1831 4327 1990 4390; x_wconf 85' lang='lat' dir='ltr'><strong>lestis,</strong></span> <span class='ocrx_word' id='word_1_642' title='bbox 2025 4326 2153 4380; x_wconf 82' lang='lat' dir='ltr'><strong>tales</strong></span> <span class='ocrx_word' id='word_1_643' title='bbox 2175 4334 2225 4379; x_wconf 84' lang='lat' dir='ltr'><strong>et</strong></span> <span class='ocrx_word' id='word_1_644' title='bbox 2246 4326 2472 4379; x_wconf 78' lang='lat' dir='ltr'><strong>caelestes</strong></span> <span class='ocrx_word' id='word_1_645' title='bbox 2504 4323 2556 4394; x_wconf 90' lang='lat' dir='ltr'><strong>(l</strong></span> <span class='ocrx_word' id='word_1_646' title='bbox 2588 4322 2708 4377; x_wconf 86' lang='lat' dir='ltr'><strong>Cor.</strong></span> <span class='ocrx_word' id='word_1_647' title='bbox 2741 4337 2828 4388; x_wconf 84' lang='lat' dir='ltr'><strong>xv,</strong></span> <span class='ocrx_word' id='word_1_648' title='bbox 2853 4319 2966 4387; x_wconf 78' lang='grc'><strong>48).</strong></span> <span class='ocrx_word' id='word_1_649' title='bbox 2991 4320 3059 4375; x_wconf 86' lang='lat' dir='ltr'><strong>Et</strong></span> <span class='ocrx_word' id='word_1_650' title='bbox 3085 4339 3096 4374; x_wconf 88' lang='lat'><strong>:</strong></span> <span class='ocrx_word' id='word_1_651' title='bbox 3131 4319 3282 4376; x_wconf 84' lang='lat' dir='ltr'><strong>Sicut</strong></span> <span class='ocrx_word' id='word_1_652' title='bbox 3306 4337 3430 4391; x_wconf 88' lang='lat' dir='ltr'><strong>por-</strong></span> 
     </span>
    </p>
   </div>
   <div class='ocr_carea' id='block_1_89' title="bbox 1832 4413 3429 4490">
    <p class='ocr_par' dir='ltr' id='par_1_89' title="bbox 1832 4413 3429 4490">
     <span class='ocr_line' id='line_1_89' title="bbox 1832 4413 3429 4490; baseline -0.004 -16"><span class='ocrx_word' id='word_1_653' title='bbox 1832 4422 2047 4474; x_wconf 82' lang='lat' dir='ltr'><strong>tarimus</strong></span> <span class='ocrx_word' id='word_1_654' title='bbox 2086 4421 2364 4490; x_wconf 87' lang='lat' dir='ltr'><strong>imaginem</strong></span> <span class='ocrx_word' id='word_1_655' title='bbox 2409 4413 2616 4483; x_wconf 72' lang='lat' dir='ltr'><strong>terreni,</strong></span> <span class='ocrx_word' id='word_1_656' title='bbox 2665 4423 2926 4487; x_wconf 73' lang='lat' dir='ltr'><strong>portemus</strong></span> <span class='ocrx_word' id='word_1_657' title='bbox 2964 4415 3119 4468; x_wconf 86' lang='lat' dir='ltr'><strong>etiam</strong></span> <span class='ocrx_word' id='word_1_658' title='bbox 3152 4414 3429 4485; x_wconf 79' lang='lat' dir='ltr'><strong>imaginem</strong></span> 
     </span>
    </p>
   </div>
   <div class='ocr_carea' id='block_1_90' title="bbox 1829 4505 3428 4579">
    <p class='ocr_par' dir='ltr' id='par_1_90' title="bbox 1829 4505 3428 4579">
     <span class='ocr_line' id='line_1_90' title="bbox 1829 4505 3428 4579; baseline -0.004 -13"><span class='ocrx_word' id='word_1_659' title='bbox 1829 4512 2079 4578; x_wconf 75' lang='lat' dir='ltr'><strong>caelestis;</strong></span> <span class='ocrx_word' id='word_1_660' title='bbox 2111 4510 2402 4567; x_wconf 88' lang='lat' dir='ltr'><strong>ostendens</strong></span> <span class='ocrx_word' id='word_1_661' title='bbox 2431 4509 2577 4579; x_wconf 92' lang='lat' dir='ltr'><strong>quod</strong></span> <span class='ocrx_word' id='word_1_662' title='bbox 2597 4507 2756 4579; x_wconf 91' lang='lat' dir='ltr'><strong>primi</strong></span> <span class='ocrx_word' id='word_1_663' title='bbox 2783 4514 2957 4562; x_wconf 89' lang='lat' dir='ltr'><strong>status</strong></span> <span class='ocrx_word' id='word_1_664' title='bbox 2988 4506 3115 4561; x_wconf 72' lang='lat' dir='ltr'><strong>Adze</strong></span> <span class='ocrx_word' id='word_1_665' title='bbox 3129 4505 3428 4576; x_wconf 87' lang='lat' dir='ltr'><strong>participes</strong></span> 
     </span>
    </p>
   </div>
   <div class='ocr_carea' id='block_1_91' title="bbox 135 4595 3428 4672">
    <p class='ocr_par' dir='ltr' id='par_1_91' title="bbox 135 4595 3428 4672">
     <span class='ocr_line' id='line_1_91' title="bbox 135 4595 3428 4672; baseline -0.001 -18"><span class='ocrx_word' id='word_1_666' title='bbox 135 4599 373 4670; x_wconf 88' lang='lat' dir='ltr'><strong>pendens</strong></span> <span class='ocrx_word' id='word_1_667' title='bbox 400 4601 784 4656; x_wconf 88' lang='lat' dir='ltr'><strong>convenienter</strong></span> <span class='ocrx_word' id='word_1_668' title='bbox 807 4601 1073 4655; x_wconf 65' lang='lat' dir='ltr'><strong>aestimare</strong></span> <span class='ocrx_word' id='word_1_669' title='bbox 1100 4599 1376 4667; x_wconf 89' lang='lat' dir='ltr'><strong>debuerat,</strong></span> <span class='ocrx_word' id='word_1_670' title='bbox 1408 4603 1498 4670; x_wconf 90' lang='lat' dir='ltr'><strong>qui</strong></span> <span class='ocrx_word' id='word_1_671' title='bbox 1528 4602 1730 4672; x_wconf 84' lang='lat' dir='ltr'><strong>primus</strong></span> <span class='ocrx_word' id='word_1_672' title='bbox 1757 4600 1806 4665; x_wconf 91' lang='lat' dir='ltr'><strong>D</strong></span> <span class='ocrx_word' id='word_1_673' title='bbox 1833 4603 1989 4670; x_wconf 81' lang='lat' dir='ltr'><strong>facti,</strong></span> <span class='ocrx_word' id='word_1_674' title='bbox 2022 4603 2328 4658; x_wconf 81' lang='lat' dir='ltr'><strong>necessario</strong></span> <span class='ocrx_word' id='word_1_675' title='bbox 2357 4601 2520 4656; x_wconf 83' lang='lat' dir='ltr'><strong>etiam</strong></span> <span class='ocrx_word' id='word_1_676' title='bbox 2564 4599 2787 4656; x_wconf 85' lang='lat' dir='ltr'><strong>secundi</strong></span> <span class='ocrx_word' id='word_1_677' title='bbox 2816 4598 2945 4654; x_wconf 86' lang='lat' dir='ltr'><strong>Adae</strong></span> <span class='ocrx_word' id='word_1_678' title='bbox 2971 4596 3170 4653; x_wconf 88' lang='lat' dir='ltr'><strong>Christi</strong></span> <span class='ocrx_word' id='word_1_679' title='bbox 3215 4595 3428 4651; x_wconf 88' lang='lat' dir='ltr'><strong>Domini</strong></span> 
     </span>
    </p>
   </div>
   <div class='ocr_carea' id='block_1_92' title="bbox 135 4690 1728 4766">
    <p class='ocr_par' dir='ltr' id='par_1_92' title="bbox 135 4690 1728 4766">
     <span class='ocr_line' id='line_1_92' title="bbox 135 4690 1728 4766; baseline 0.005 -21"><span class='ocrx_word' id='word_1_680' title='bbox 135 4690 308 4759; x_wconf 88' lang='lat' dir='ltr'><strong>justus</strong></span> <span class='ocrx_word' id='word_1_681' title='bbox 338 4693 596 4756; x_wconf 86' lang='lat' dir='ltr'><strong>existens,</strong></span> <span class='ocrx_word' id='word_1_682' title='bbox 615 4694 822 4765; x_wconf 84' lang='lat' dir='ltr'><strong>primus</strong></span> <span class='ocrx_word' id='word_1_683' title='bbox 841 4702 1084 4750; x_wconf 89' lang='lat' dir='ltr'><strong>mortuus</strong></span> <span class='ocrx_word' id='word_1_684' title='bbox 1105 4703 1206 4762; x_wconf 91' lang='lat' dir='ltr'><strong>est,</strong></span> <span class='ocrx_word' id='word_1_685' title='bbox 1231 4703 1285 4749; x_wconf 91' lang='lat' dir='ltr'><strong>et</strong></span> <span class='ocrx_word' id='word_1_686' title='bbox 1304 4696 1566 4766; x_wconf 92' lang='lat' dir='ltr'><strong>siquidem</strong></span> <span class='ocrx_word' id='word_1_687' title='bbox 1587 4712 1728 4753; x_wconf 87' lang='lat' dir='ltr'><strong>mor-</strong></span> 
     </span>
    </p>
   </div>
   <div class='ocr_carea' id='block_1_93' title="bbox 140 4786 1724 4860">
    <p class='ocr_par' dir='ltr' id='par_1_93' title="bbox 140 4786 1724 4860">
     <span class='ocr_line' id='line_1_93' title="bbox 140 4786 1724 4860; baseline 0.006 -20"><span class='ocrx_word' id='word_1_688' title='bbox 140 4794 241 4841; x_wconf 89' lang='lat' dir='ltr'><strong>tem</strong></span> <span class='ocrx_word' id='word_1_689' title='bbox 271 4786 414 4843; x_wconf 91' lang='lat' dir='ltr'><strong>Deus</strong></span> <span class='ocrx_word' id='word_1_690' title='bbox 443 4797 706 4844; x_wconf 89' lang='lat' dir='ltr'><strong>statuerat</strong></span> <span class='ocrx_word' id='word_1_691' title='bbox 751 4789 816 4845; x_wconf 88' lang='lat' dir='ltr'><strong>ad</strong></span> <span class='ocrx_word' id='word_1_692' title='bbox 852 4805 1068 4860; x_wconf 74' lang='lat' dir='ltr'><strong>ptenam</strong></span> <span class='ocrx_word' id='word_1_693' title='bbox 1106 4790 1403 4854; x_wconf 90' lang='lat' dir='ltr'><strong>hominum,</strong></span> <span class='ocrx_word' id='word_1_694' title='bbox 1451 4793 1724 4860; x_wconf 91' lang='lat' dir='ltr'><strong>quomodo</strong></span> 
     </span>
    </p>
   </div>
   <div class='ocr_carea' id='block_1_94' title="bbox 139 4883 1727 4955">
    <p class='ocr_par' dir='ltr' id='par_1_94' title="bbox 139 4883 1727 4955">
     <span class='ocr_line' id='line_1_94' title="bbox 139 4883 1727 4955; baseline 0.004 -21"><span class='ocrx_word' id='word_1_695' title='bbox 139 4894 242 4936; x_wconf 90' lang='lat' dir='ltr'><strong>non</strong></span> <span class='ocrx_word' id='word_1_696' title='bbox 273 4883 566 4953; x_wconf 88' lang='lat' dir='ltr'><strong>impietatis</strong></span> <span class='ocrx_word' id='word_1_697' title='bbox 598 4892 716 4939; x_wconf 89' lang='lat' dir='ltr'><strong>erat</strong></span> <span class='ocrx_word' id='word_1_698' title='bbox 747 4891 1000 4939; x_wconf 82' lang='lat' dir='ltr'><strong>extremae</strong></span> <span class='ocrx_word' id='word_1_699' title='bbox 1028 4885 1208 4940; x_wconf 87' lang='lat' dir='ltr'><strong>vivere</strong></span> <span class='ocrx_word' id='word_1_700' title='bbox 1231 4884 1446 4953; x_wconf 91' lang='lat' dir='ltr'><strong>quidem</strong></span> <span class='ocrx_word' id='word_1_701' title='bbox 1477 4893 1597 4939; x_wconf 89' lang='lat' dir='ltr'><strong>eum</strong></span> <span class='ocrx_word' id='word_1_702' title='bbox 1636 4886 1727 4955; x_wconf 87' lang='lat' dir='ltr'><strong>qui</strong></span> 
     </span>
    </p>
   </div>
   <div class='ocr_carea' id='block_1_95' title="bbox 143 4967 1726 5045">
    <p class='ocr_par' dir='ltr' id='par_1_95' title="bbox 143 4967 1726 5045">
     <span class='ocr_line' id='line_1_95' title="bbox 143 4967 1726 5045; baseline 0.004 -20"><span class='ocrx_word' id='word_1_703' title='bbox 143 4967 235 5026; x_wconf 78' lang='lat' dir='ltr'><strong>fuit</strong></span> <span class='ocrx_word' id='word_1_704' title='bbox 262 4977 422 5028; x_wconf 88' lang='lat' dir='ltr'><strong>causa</strong></span> <span class='ocrx_word' id='word_1_705' title='bbox 449 4975 689 5045; x_wconf 89' lang='lat' dir='ltr'><strong>peccati;</strong></span> <span class='ocrx_word' id='word_1_706' title='bbox 713 4975 890 5030; x_wconf 85' lang='lat' dir='ltr'><strong>vivere</strong></span> <span class='ocrx_word' id='word_1_707' title='bbox 911 4975 1070 5030; x_wconf 88' lang='lat' dir='ltr'><strong>etiam</strong></span> <span class='ocrx_word' id='word_1_708' title='bbox 1094 4991 1214 5031; x_wconf 92' lang='lat' dir='ltr'><strong>cum</strong></span> <span class='ocrx_word' id='word_1_709' title='bbox 1237 4976 1327 5030; x_wconf 91' lang='lat' dir='ltr'><strong>illo</strong></span> <span class='ocrx_word' id='word_1_710' title='bbox 1350 4984 1404 5031; x_wconf 90' lang='lat' dir='ltr'><strong>et</strong></span> <span class='ocrx_word' id='word_1_711' title='bbox 1422 4973 1590 5031; x_wconf 88' lang='lat' dir='ltr'><strong>Evam</strong></span> <span class='ocrx_word' id='word_1_712' title='bbox 1617 4991 1726 5031; x_wconf 85' lang='lat' dir='ltr'><strong>ma-</strong></span> 
     </span>
    </p>
   </div>
   <div class='ocr_carea' id='block_1_96' title="bbox 143 5063 1726 5138">
    <p class='ocr_par' dir='ltr' id='par_1_96' title="bbox 143 5063 1726 5138">
     <span class='ocr_line' id='line_1_96' title="bbox 143 5063 1726 5138; baseline 0.004 -20"><span class='ocrx_word' id='word_1_713' title='bbox 143 5063 265 5121; x_wconf 75' lang='lat' dir='ltr'><strong>litia:</strong></span> <span class='ocrx_word' id='word_1_714' title='bbox 308 5067 690 5138; x_wconf 88' lang='lat' dir='ltr'><strong>repertricem?</strong></span> <span class='ocrx_word' id='word_1_715' title='bbox 737 5066 1096 5124; x_wconf 60' lang='lat' dir='ltr'><strong>Praetermitto</strong></span> <span class='ocrx_word' id='word_1_716' title='bbox 1144 5077 1324 5124; x_wconf 90' lang='lat' dir='ltr'><strong>autem</strong></span> <span class='ocrx_word' id='word_1_717' title='bbox 1370 5069 1642 5124; x_wconf 88' lang='lat' dir='ltr'><strong>diabolum</strong></span> <span class='ocrx_word' id='word_1_718' title='bbox 1670 5071 1726 5125; x_wconf 91' lang='lat' dir='ltr'><strong>in</strong></span> 
     </span>
    </p>
   </div>
   <div class='ocr_carea' id='block_1_97' title="bbox 145 5155 1726 5231">
    <p class='ocr_par' dir='ltr' id='par_1_97' title="bbox 145 5155 1726 5231">
     <span class='ocr_line' id='line_1_97' title="bbox 145 5155 1726 5231; baseline 0.006 -23"><span class='ocrx_word' id='word_1_719' title='bbox 145 5155 543 5215; x_wconf 86' lang='lat' dir='ltr'><strong>immortalitate</strong></span> <span class='ocrx_word' id='word_1_720' title='bbox 587 5160 846 5214; x_wconf 77' lang='lat' dir='ltr'><strong>hactenus</strong></span> <span class='ocrx_word' id='word_1_721' title='bbox 887 5160 1287 5229; x_wconf 88' lang='lat' dir='ltr'><strong>perdurantem,</strong></span> <span class='ocrx_word' id='word_1_722' title='bbox 1336 5162 1568 5231; x_wconf 88' lang='lat' dir='ltr'><strong>primum</strong></span> <span class='ocrx_word' id='word_1_723' title='bbox 1594 5177 1726 5218; x_wconf 90' lang='lat' dir='ltr'><strong>vero</strong></span> 
     </span>
    </p>
   </div>
   <div class='ocr_carea' id='block_1_98' title="bbox 141 5246 1728 5323">
    <p class='ocr_par' dir='ltr' id='par_1_98' title="bbox 141 5246 1728 5323">
     <span class='ocr_line' id='line_1_98' title="bbox 141 5246 1728 5323; baseline 0.005 -20"><span class='ocrx_word' id='word_1_724' title='bbox 141 5246 356 5318; x_wconf 87' lang='lat' dir='ltr'><strong>justum,</strong></span> <span class='ocrx_word' id='word_1_725' title='bbox 406 5260 846 5323; x_wconf 89' lang='lat' dir='ltr'><strong>repertoremque</strong></span> <span class='ocrx_word' id='word_1_726' title='bbox 894 5249 1138 5319; x_wconf 83' lang='lat' dir='ltr'><strong>virtutis;</strong></span> <span class='ocrx_word' id='word_1_727' title='bbox 1183 5253 1522 5323; x_wconf 88' lang='lat' dir='ltr'><strong>primumque</strong></span> <span class='ocrx_word' id='word_1_728' title='bbox 1561 5254 1728 5311; x_wconf 87' lang='lat' dir='ltr'><strong>divini</strong></span> 
     </span>
    </p>
   </div>
   <div class='ocr_carea' id='block_1_99' title="bbox 147 5339 1724 5416">
    <p class='ocr_par' dir='ltr' id='par_1_99' title="bbox 147 5339 1724 5416">
     <span class='ocr_line' id='line_1_99' title="bbox 147 5339 1724 5416; baseline 0.004 -23"><span class='ocrx_word' id='word_1_729' title='bbox 147 5339 314 5396; x_wconf 90' lang='lat' dir='ltr'><strong>cultus</strong></span> <span class='ocrx_word' id='word_1_730' title='bbox 339 5357 523 5397; x_wconf 91' lang='lat' dir='ltr'><strong>curam</strong></span> <span class='ocrx_word' id='word_1_731' title='bbox 548 5352 840 5412; x_wconf 81' lang='lat' dir='ltr'><strong>gerentem,</strong></span> <span class='ocrx_word' id='word_1_732' title='bbox 856 5351 980 5398; x_wconf 89' lang='lat' dir='ltr'><strong>ante</strong></span> <span class='ocrx_word' id='word_1_733' title='bbox 1000 5359 1188 5399; x_wconf 89' lang='lat' dir='ltr'><strong>omnes</strong></span> <span class='ocrx_word' id='word_1_734' title='bbox 1207 5359 1364 5414; x_wconf 76' lang='lat' dir='ltr'><strong>ptena</strong></span> <span class='ocrx_word' id='word_1_735' title='bbox 1387 5345 1724 5416; x_wconf 83' lang='lat' dir='ltr'><strong>peccantium</strong></span> 
     </span>
    </p>
   </div>
   <div class='ocr_carea' id='block_1_100' title="bbox 145 5428 651 5502">
    <p class='ocr_par' dir='ltr' id='par_1_100' title="bbox 145 5428 651 5502">
     <span class='ocr_line' id='line_1_100' title="bbox 145 5428 651 5502; baseline 0.01 -18"><span class='ocrx_word' id='word_1_736' title='bbox 145 5428 304 5488; x_wconf 74' lang='lat' dir='ltr'><strong>fuisse</strong></span> <span class='ocrx_word' id='word_1_737' title='bbox 327 5434 651 5502; x_wconf 89' lang='lat' dir='ltr'><strong>perculsum.</strong></span> 
     </span>
    </p>
   </div>
   <div class='ocr_carea' id='block_1_101' title="bbox 216 5522 1725 5597">
    <p class='ocr_par' dir='ltr' id='par_1_101' title="bbox 216 5522 1725 5597">
     <span class='ocr_line' id='line_1_101' title="bbox 216 5522 1725 5597; baseline 0.007 -22"><span class='ocrx_word' id='word_1_738' title='bbox 216 5522 264 5577; x_wconf 83' lang='lat'><strong>5.</strong></span> <span class='ocrx_word' id='word_1_739' title='bbox 305 5523 602 5596; x_wconf 86' lang='lat' dir='ltr'><strong>Oportebat</strong></span> <span class='ocrx_word' id='word_1_740' title='bbox 648 5533 826 5580; x_wconf 86' lang='lat' dir='ltr'><strong>autem</strong></span> <span class='ocrx_word' id='word_1_741' title='bbox 872 5527 1324 5597; x_wconf 86' lang='lat' dir='ltr'><strong>sapientissimum</strong></span> <span class='ocrx_word' id='word_1_742' title='bbox 1351 5529 1524 5583; x_wconf 86' lang='lat' dir='ltr'><strong>virum</strong></span> <span class='ocrx_word' id='word_1_743' title='bbox 1569 5537 1623 5584; x_wconf 89' lang='lat' dir='ltr'><strong>et</strong></span> <span class='ocrx_word' id='word_1_744' title='bbox 1657 5529 1725 5586; x_wconf 85' lang='lat' dir='ltr'><strong>de</strong></span> 
     </span>
    </p>
   </div>
   <div class='ocr_carea' id='block_1_102' title="bbox 149 5610 1724 5692">
    <p class='ocr_par' dir='ltr' id='par_1_102' title="bbox 149 5610 1724 5692">
     <span class='ocr_line' id='line_1_102' title="bbox 149 5610 1724 5692; baseline 0.007 -25"><span class='ocrx_word' id='word_1_745' title='bbox 149 5610 347 5684; x_wconf 87' lang='lat' dir='ltr'><strong>Enoch,</strong></span> <span class='ocrx_word' id='word_1_746' title='bbox 389 5618 480 5686; x_wconf 89' lang='lat' dir='ltr'><strong>qui</strong></span> <span class='ocrx_word' id='word_1_747' title='bbox 511 5633 615 5672; x_wconf 91' lang='lat' dir='ltr'><strong>non</strong></span> <span class='ocrx_word' id='word_1_748' title='bbox 645 5623 727 5673; x_wconf 86' lang='lat' dir='ltr'><strong>est</strong></span> <span class='ocrx_word' id='word_1_749' title='bbox 772 5627 1042 5686; x_wconf 90' lang='lat' dir='ltr'><strong>mortuus,</strong></span> <span class='ocrx_word' id='word_1_750' title='bbox 1075 5620 1358 5689; x_wconf 81' lang='lat' dir='ltr'><strong>diligenter</strong></span> <span class='ocrx_word' id='word_1_751' title='bbox 1386 5621 1724 5692; x_wconf 81' lang='lat' dir='ltr'><strong>expendere;</strong></span> 
     </span>
    </p>
   </div>
   <div class='ocr_carea' id='block_1_103' title="bbox 142 5714 1728 5786">
    <p class='ocr_par' dir='ltr' id='par_1_103' title="bbox 142 5714 1728 5786">
     <span class='ocr_line' id='line_1_103' title="bbox 142 5714 1728 5786; baseline 0.004 -20"><span class='ocrx_word' id='word_1_752' title='bbox 142 5724 255 5783; x_wconf 80' lang='lat' dir='ltr'><strong>non</strong></span> <span class='ocrx_word' id='word_1_753' title='bbox 282 5714 422 5768; x_wconf 73' lang='lat' dir='ltr'><strong>enirn</strong></span> <span class='ocrx_word' id='word_1_754' title='bbox 449 5722 599 5770; x_wconf 81' lang='lat' dir='ltr'><strong>tanta</strong></span> <span class='ocrx_word' id='word_1_755' title='bbox 644 5714 862 5778; x_wconf 87' lang='lat' dir='ltr'><strong>virtute,</strong></span> <span class='ocrx_word' id='word_1_756' title='bbox 890 5715 975 5769; x_wconf 89' lang='lat' dir='ltr'><strong>vel</strong></span> <span class='ocrx_word' id='word_1_757' title='bbox 1000 5716 1199 5784; x_wconf 89' lang='lat' dir='ltr'><strong>pietate</strong></span> <span class='ocrx_word' id='word_1_758' title='bbox 1226 5715 1479 5786; x_wconf 76' lang='lat' dir='ltr'><strong>praeditus</strong></span> <span class='ocrx_word' id='word_1_759' title='bbox 1506 5715 1636 5783; x_wconf 79' lang='lat' dir='ltr'><strong>fuit,</strong></span> <span class='ocrx_word' id='word_1_760' title='bbox 1667 5727 1728 5773; x_wconf 90' lang='lat' dir='ltr'><strong>ut</strong></span> 
     </span>
    </p>
   </div>
   <div class='ocr_carea' id='block_1_104' title="bbox 153 5803 1726 5882">
    <p class='ocr_par' dir='ltr' id='par_1_104' title="bbox 153 5803 1726 5882">
     <span class='ocr_line' id='line_1_104' title="bbox 153 5803 1726 5882; baseline 0.003 -21"><span class='ocrx_word' id='word_1_761' title='bbox 153 5803 336 5867; x_wconf 82' lang='lat' dir='ltr'><strong>melior</strong></span> <span class='ocrx_word' id='word_1_762' title='bbox 373 5807 620 5864; x_wconf 87' lang='lat' dir='ltr'><strong>omnibus</strong></span> <span class='ocrx_word' id='word_1_763' title='bbox 665 5806 942 5874; x_wconf 82' lang='lat' dir='ltr'><strong>existeret,</strong></span> <span class='ocrx_word' id='word_1_764' title='bbox 972 5805 1156 5879; x_wconf 83' lang='lat' dir='ltr'><strong>Moyse</strong></span> <span class='ocrx_word' id='word_1_765' title='bbox 1177 5807 1332 5875; x_wconf 75' lang='lat' dir='ltr'><strong>‘dico,</strong></span> <span class='ocrx_word' id='word_1_766' title='bbox 1365 5814 1418 5862; x_wconf 88' lang='lat' dir='ltr'><strong>et</strong></span> <span class='ocrx_word' id='word_1_767' title='bbox 1447 5808 1726 5882; x_wconf 87' lang='lat' dir='ltr'><strong>prophetis</strong></span> 
     </span>
    </p>
   </div>
   <div class='ocr_carea' id='block_1_105' title="bbox 1827 4688 3428 4764">
    <p class='ocr_par' dir='ltr' id='par_1_105' title="bbox 1827 4688 3428 4764">
     <span class='ocr_line' id='line_1_105' title="bbox 1827 4688 3428 4764; baseline -0.007 -12"><span class='ocrx_word' id='word_1_768' title='bbox 1827 4695 2119 4752; x_wconf 88' lang='lat' dir='ltr'><strong>secundum</strong></span> <span class='ocrx_word' id='word_1_769' title='bbox 2150 4707 2374 4751; x_wconf 84' lang='lat' dir='ltr'><strong>carnem</strong></span> <span class='ocrx_word' id='word_1_770' title='bbox 2396 4693 2558 4748; x_wconf 80' lang='lat' dir='ltr'><strong>futuri</strong></span> <span class='ocrx_word' id='word_1_771' title='bbox 2582 4699 2754 4748; x_wconf 83' lang='lat' dir='ltr'><strong>status</strong></span> <span class='ocrx_word' id='word_1_772' title='bbox 2771 4691 3111 4764; x_wconf 84' lang='lat' dir='ltr'><strong>participium</strong></span> <span class='ocrx_word' id='word_1_773' title='bbox 3140 4688 3428 4756; x_wconf 87' lang='lat' dir='ltr'><strong>consequi-</strong></span> 
     </span>
    </p>
   </div>
   <div class='ocr_carea' id='block_1_106' title="bbox 1827 4771 3418 4861">
    <p class='ocr_par' dir='ltr' id='par_1_106' title="bbox 1827 4771 3418 4861">
     <span class='ocr_line' id='line_1_106' title="bbox 1827 4771 3418 4861; baseline -0.008 -15"><span class='ocrx_word' id='word_1_774' title='bbox 1827 4807 1966 4858; x_wconf 85' lang='lat' dir='ltr'><strong>mur,</strong></span> <span class='ocrx_word' id='word_1_775' title='bbox 1995 4797 2182 4861; x_wconf 82' lang='lat' dir='ltr'><strong>utpote</strong></span> <span class='ocrx_word' id='word_1_776' title='bbox 2197 4789 2287 4859; x_wconf 91' lang='lat' dir='ltr'><strong>qui</strong></span> <span class='ocrx_word' id='word_1_777' title='bbox 2303 4803 2372 4843; x_wconf 84' lang='lat' dir='ltr'><strong>ex</strong></span> <span class='ocrx_word' id='word_1_778' title='bbox 2398 4788 2499 4842; x_wconf 89' lang='lat' dir='ltr'><strong>hac</strong></span> <span class='ocrx_word' id='word_1_779' title='bbox 2519 4771 2708 4843; x_wconf 90' lang='lat' dir='ltr'><strong>eadem</strong></span> <span class='ocrx_word' id='word_1_780' title='bbox 2729 4791 2919 4840; x_wconf 89' lang='lat' dir='ltr'><strong>natura</strong></span> <span class='ocrx_word' id='word_1_781' title='bbox 2942 4788 3153 4838; x_wconf 89' lang='lat' dir='ltr'><strong>constet</strong></span> <span class='ocrx_word' id='word_1_782' title='bbox 3177 4785 3418 4842; x_wconf 82' lang='lat' dir='ltr'><strong>exortus,</strong></span> 
     </span>
    </p>
   </div>
   <div class='ocr_carea' id='block_1_107' title="bbox 1827 4871 3426 4952">
    <p class='ocr_par' dir='ltr' id='par_1_107' title="bbox 1827 4871 3426 4952">
     <span class='ocr_line' id='line_1_107' title="bbox 1827 4871 3426 4952; baseline -0.008 -13"><span class='ocrx_word' id='word_1_783' title='bbox 1827 4893 1883 4940; x_wconf 89' lang='lat' dir='ltr'><strong>et</strong></span> <span class='ocrx_word' id='word_1_784' title='bbox 1902 4875 2092 4938; x_wconf 73' lang='lat' dir='ltr'><strong>Cuncta</strong></span> <span class='ocrx_word' id='word_1_785' title='bbox 2114 4897 2231 4952; x_wconf 66' lang='lat' dir='ltr'><strong>qua:</strong></span> <span class='ocrx_word' id='word_1_786' title='bbox 2252 4882 2463 4936; x_wconf 84' lang='lat' dir='ltr'><strong>fuerant</strong></span> <span class='ocrx_word' id='word_1_787' title='bbox 2494 4889 2698 4935; x_wconf 73' lang='lat' dir='ltr'><strong>natum</strong></span> <span class='ocrx_word' id='word_1_788' title='bbox 2718 4873 3018 4946; x_wconf 89' lang='lat' dir='ltr'><strong>susceperit</strong></span> <span class='ocrx_word' id='word_1_789' title='bbox 3050 4893 3061 4926; x_wconf 93' lang='lat'>:</span> <span class='ocrx_word' id='word_1_790' title='bbox 3095 4881 3152 4928; x_wconf 90' lang='lat' dir='ltr'><strong>et</strong></span> <span class='ocrx_word' id='word_1_791' title='bbox 3184 4871 3305 4927; x_wconf 91' lang='lat' dir='ltr'><strong>ideo</strong></span> <span class='ocrx_word' id='word_1_792' title='bbox 3335 4887 3426 4927; x_wconf 89' lang='lat' dir='ltr'><strong>su-</strong></span> 
     </span>
    </p>
   </div>
   <div class='ocr_carea' id='block_1_108' title="bbox 1826 4967 3425 5041">
    <p class='ocr_par' dir='ltr' id='par_1_108' title="bbox 1826 4967 3425 5041">
     <span class='ocr_line' id='line_1_108' title="bbox 1826 4967 3425 5041; baseline -0.008 -10"><span class='ocrx_word' id='word_1_793' title='bbox 1826 4975 2076 5031; x_wconf 89' lang='lat' dir='ltr'><strong>stinuerit</strong></span> <span class='ocrx_word' id='word_1_794' title='bbox 2115 4983 2366 5041; x_wconf 88' lang='lat' dir='ltr'><strong>mortem,</strong></span> <span class='ocrx_word' id='word_1_795' title='bbox 2391 4981 2451 5029; x_wconf 86' lang='lat' dir='ltr'><strong>ut</strong></span> <span class='ocrx_word' id='word_1_796' title='bbox 2479 4979 2712 5028; x_wconf 82' lang='lat' dir='ltr'><strong>mortem</strong></span> <span class='ocrx_word' id='word_1_797' title='bbox 2743 4978 2948 5025; x_wconf 67' lang='lat' dir='ltr'><strong>naturae</strong></span> <span class='ocrx_word' id='word_1_798' title='bbox 2973 4967 3291 5037; x_wconf 84' lang='lat' dir='ltr'><strong>&#39;suscipiens,</strong></span> <span class='ocrx_word' id='word_1_799' title='bbox 3317 4973 3371 5020; x_wconf 90' lang='lat' dir='ltr'><strong>et</strong></span> <span class='ocrx_word' id='word_1_800' title='bbox 3392 4980 3425 5021; x_wconf 88' lang='lat' dir='ltr'><strong>a</strong></span> 
     </span>
    </p>
   </div>
   <div class='ocr_carea' id='block_1_109' title="bbox 1828 5055 3418 5135">
    <p class='ocr_par' dir='ltr' id='par_1_109' title="bbox 1828 5055 3418 5135">
     <span class='ocr_line' id='line_1_109' title="bbox 1828 5055 3418 5135; baseline -0.008 -12"><span class='ocrx_word' id='word_1_801' title='bbox 1828 5068 2054 5123; x_wconf 88' lang='lat' dir='ltr'><strong>mortuis</strong></span> <span class='ocrx_word' id='word_1_802' title='bbox 2065 5079 2368 5135; x_wconf 82' lang='lat' dir='ltr'><strong>resurgens,</strong></span> <span class='ocrx_word' id='word_1_803' title='bbox 2383 5072 2630 5118; x_wconf 82' lang='lat' dir='ltr'><strong>naturam</strong></span> <span class='ocrx_word' id='word_1_804' title='bbox 2649 5055 2876 5117; x_wconf 80' lang='lat' dir='ltr'><strong>liberam</strong></span> <span class='ocrx_word' id='word_1_805' title='bbox 2889 5076 2922 5114; x_wconf 66' lang='lat' dir='ltr'><strong>a&#39;</strong></span> <span class='ocrx_word' id='word_1_806' title='bbox 2931 5067 3107 5114; x_wconf 85' lang='lat' dir='ltr'><strong>morte</strong></span> <span class='ocrx_word' id='word_1_807' title='bbox 3117 5055 3418 5128; x_wconf 84' lang='lat' dir='ltr'><strong>perliceret.</strong></span> 
     </span>
    </p>
   </div>
   <div class='ocr_carea' id='block_1_110' title="bbox 1899 5138 3436 5226">
    <p class='ocr_par' dir='ltr' id='par_1_110' title="bbox 1899 5138 3436 5226">
     <span class='ocr_line' id='line_1_110' title="bbox 1899 5138 3436 5226; baseline -0.008 -11"><span class='ocrx_word' id='word_1_808' title='bbox 1899 5159 1952 5215; x_wconf 92' lang='lat'><strong>9.</strong></span> <span class='ocrx_word' id='word_1_809' title='bbox 1994 5159 2063 5214; x_wconf 88' lang='lat' dir='ltr'><strong>Et</strong></span> <span class='ocrx_word' id='word_1_810' title='bbox 2081 5167 2319 5216; x_wconf 80' lang='lat' dir='ltr'><strong>mortem</strong></span> <span class='ocrx_word' id='word_1_811' title='bbox 2362 5156 2580 5226; x_wconf 88' lang='lat' dir='ltr'><strong>quidem</strong></span> <span class='ocrx_word' id='word_1_812' title='bbox 2609 5143 2901 5226; x_wconf 83' lang='lat' dir='ltr'><strong>propterea</strong></span> <span class='ocrx_word' id='word_1_813' title='bbox 2931 5151 3198 5223; x_wconf 89' lang='lat' dir='ltr'><strong>suscepit,</strong></span> <span class='ocrx_word' id='word_1_814' title='bbox 3223 5138 3436 5220; x_wconf 31' lang='lat' dir='ltr'><strong>peccas</strong></span> 
     </span>
    </p>
   </div>
   <div class='ocr_carea' id='block_1_111' title="bbox 1826 5241 3423 5322">
    <p class='ocr_par' dir='ltr' id='par_1_111' title="bbox 1826 5241 3423 5322">
     <span class='ocr_line' id='line_1_111' title="bbox 1826 5241 3423 5322; baseline -0.009 -13"><span class='ocrx_word' id='word_1_815' title='bbox 1826 5263 1941 5310; x_wconf 91' lang='lat' dir='ltr'><strong>tum</strong></span> <span class='ocrx_word' id='word_1_816' title='bbox 1970 5269 2098 5309; x_wconf 92' lang='lat' dir='ltr'><strong>vero</strong></span> <span class='ocrx_word' id='word_1_817' title='bbox 2121 5265 2490 5322; x_wconf 89' lang='lat' dir='ltr'><strong>nequaquam;</strong></span> <span class='ocrx_word' id='word_1_818' title='bbox 2515 5249 2608 5305; x_wconf 89' lang='lat' dir='ltr'><strong>sed</strong></span> <span class='ocrx_word' id='word_1_819' title='bbox 2635 5248 2830 5320; x_wconf 10' lang='lat' dir='ltr'><strong>abqltoc</strong></span> <span class='ocrx_word' id='word_1_820' title='bbox 2858 5243 3109 5301; x_wconf 90' lang='lat' dir='ltr'><strong>immunis</strong></span> <span class='ocrx_word' id='word_1_821' title='bbox 3127 5241 3423 5314; x_wconf 87' lang='lat' dir='ltr'><strong>permansit</strong></span> 
     </span>
    </p>
   </div>
   <div class='ocr_carea' id='block_1_112' title="bbox 1829 5337 3418 5414">
    <p class='ocr_par' dir='ltr' id='par_1_112' title="bbox 1829 5337 3418 5414">
     <span class='ocr_line' id='line_1_112' title="bbox 1829 5337 3418 5414; baseline -0.009 -12"><span class='ocrx_word' id='word_1_822' title='bbox 1829 5344 2048 5403; x_wconf 85' lang='lat' dir='ltr'><strong>omnino</strong></span> <span class='ocrx_word' id='word_1_823' title='bbox 2076 5364 2087 5398; x_wconf 93' lang='lat'><strong>:</strong></span> <span class='ocrx_word' id='word_1_824' title='bbox 2120 5344 2265 5414; x_wconf 91' lang='lat' dir='ltr'><strong>quod</strong></span> <span class='ocrx_word' id='word_1_825' title='bbox 2305 5342 2450 5398; x_wconf 86' lang='lat' dir='ltr'><strong>enim</strong></span> <span class='ocrx_word' id='word_1_826' title='bbox 2492 5349 2609 5396; x_wconf 89' lang='lat' dir='ltr'><strong>erat</strong></span> <span class='ocrx_word' id='word_1_827' title='bbox 2655 5347 2893 5404; x_wconf 66' lang='lat' dir='ltr'><strong>natura),</strong></span> <span class='ocrx_word' id='word_1_828' title='bbox 2942 5337 2993 5392; x_wconf 93' lang='lat' dir='ltr'><strong>id</strong></span> <span class='ocrx_word' id='word_1_829' title='bbox 3025 5345 3134 5402; x_wconf 89' lang='lat' dir='ltr'><strong>est,</strong></span> <span class='ocrx_word' id='word_1_830' title='bbox 3167 5341 3418 5400; x_wconf 87' lang='lat' dir='ltr'><strong>mortem,</strong></span> 
     </span>
    </p>
   </div>
   <div class='ocr_carea' id='block_1_113' title="bbox 1828 5423 3423 5504">
    <p class='ocr_par' dir='ltr' id='par_1_113' title="bbox 1828 5423 3423 5504">
     <span class='ocr_line' id='line_1_113' title="bbox 1828 5423 3423 5504; baseline -0.006 -11"><span class='ocrx_word' id='word_1_831' title='bbox 1828 5437 2193 5492; x_wconf 81' lang='lat' dir='ltr'><strong>indubitanter</strong></span> <span class='ocrx_word' id='word_1_832' title='bbox 2237 5434 2556 5504; x_wconf 88' lang='lat' dir='ltr'><strong>assumpsit;</strong></span> <span class='ocrx_word' id='word_1_833' title='bbox 2601 5441 2886 5504; x_wconf 88' lang='lat' dir='ltr'><strong>peccatum</strong></span> <span class='ocrx_word' id='word_1_834' title='bbox 2933 5445 3083 5494; x_wconf 90' lang='lat' dir='ltr'><strong>vero,</strong></span> <span class='ocrx_word' id='word_1_835' title='bbox 3131 5423 3273 5499; x_wconf 73' lang='lat' dir='ltr'><strong>quad</strong></span> <span class='ocrx_word' id='word_1_836' title='bbox 3312 5441 3423 5483; x_wconf 92' lang='lat' dir='ltr'><strong>non</strong></span> 
     </span>
    </p>
   </div>
   <div class='ocr_carea' id='block_1_114' title="bbox 1829 5518 3418 5591">
    <p class='ocr_par' dir='ltr' id='par_1_114' title="bbox 1829 5518 3418 5591">
     <span class='ocr_line' id='line_1_114' title="bbox 1829 5518 3418 5591; baseline -0.008 -7"><span class='ocrx_word' id='word_1_837' title='bbox 1829 5537 1945 5585; x_wconf 90' lang='lat' dir='ltr'><strong>erat</strong></span> <span class='ocrx_word' id='word_1_838' title='bbox 1989 5536 2214 5590; x_wconf 76' lang='lat' dir='ltr'><strong>naturae,</strong></span> <span class='ocrx_word' id='word_1_839' title='bbox 2262 5525 2357 5581; x_wconf 89' lang='lat' dir='ltr'><strong>sed</strong></span> <span class='ocrx_word' id='word_1_840' title='bbox 2405 5525 2719 5588; x_wconf 88' lang='lat' dir='ltr'><strong>voluntatis,</strong></span> <span class='ocrx_word' id='word_1_841' title='bbox 2768 5523 2914 5576; x_wconf 89' lang='lat' dir='ltr'><strong>nullo</strong></span> <span class='ocrx_word' id='word_1_842' title='bbox 2959 5527 3118 5591; x_wconf 86' lang='lat' dir='ltr'><strong>pacto</strong></span> <span class='ocrx_word' id='word_1_843' title='bbox 3165 5518 3418 5589; x_wconf 90' lang='lat' dir='ltr'><strong>suscepit.</strong></span> 
     </span>
    </p>
   </div>
   <div class='ocr_carea' id='block_1_115' title="bbox 1831 5611 3460 5689">
    <p class='ocr_par' dir='ltr' id='par_1_115' title="bbox 1831 5611 3460 5689">
     <span class='ocr_line' id='line_1_115' title="bbox 1831 5611 3460 5689; baseline -0.007 -12"><span class='ocrx_word' id='word_1_844' title='bbox 1831 5621 1984 5689; x_wconf 85' lang='lat' dir='ltr'><strong>Quod</strong></span> <span class='ocrx_word' id='word_1_845' title='bbox 2007 5621 2051 5675; x_wconf 90' lang='lat' dir='ltr'><strong>si</strong></span> <span class='ocrx_word' id='word_1_846' title='bbox 2081 5619 2267 5675; x_wconf 85' lang='lat' dir='ltr'><strong>fuisset</strong></span> <span class='ocrx_word' id='word_1_847' title='bbox 2297 5619 2351 5674; x_wconf 91' lang='lat' dir='ltr'><strong>in</strong></span> <span class='ocrx_word' id='word_1_848' title='bbox 2388 5627 2580 5673; x_wconf 86' lang='lat' dir='ltr'><strong>natura</strong></span> <span class='ocrx_word' id='word_1_849' title='bbox 2612 5625 2893 5688; x_wconf 85' lang='lat' dir='ltr'><strong>peccatum</strong></span> <span class='ocrx_word' id='word_1_850' title='bbox 2913 5655 2927 5681; x_wconf 86' lang='lat'><strong>,</strong></span> <span class='ocrx_word' id='word_1_851' title='bbox 2957 5614 3109 5685; x_wconf 87' lang='lat' dir='ltr'><strong>juxta</strong></span> <span class='ocrx_word' id='word_1_852' title='bbox 3137 5611 3422 5683; x_wconf 78' lang='lat' dir='ltr'><strong>sapientis—</strong></span> <span class='ocrx_word' id='word_1_853' title='bbox 3457 5647 3460 5649; x_wconf 51' lang='grc' dir='ltr'>λ</span> 
     </span>
    </p>
   </div>
   <div class='ocr_carea' id='block_1_116' title="bbox 1829 5707 3422 5782">
    <p class='ocr_par' dir='ltr' id='par_1_116' title="bbox 1829 5707 3422 5782">
     <span class='ocr_line' id='line_1_116' title="bbox 1829 5707 3422 5782; baseline -0.006 -13"><span class='ocrx_word' id='word_1_854' title='bbox 1829 5714 1948 5772; x_wconf 90' lang='lat' dir='ltr'><strong>simi</strong></span> <span class='ocrx_word' id='word_1_855' title='bbox 1989 5709 2147 5782; x_wconf 86' lang='lat' dir='ltr'><strong>hujus</strong></span> <span class='ocrx_word' id='word_1_856' title='bbox 2194 5711 2488 5782; x_wconf 90' lang='lat' dir='ltr'><strong>eloquium,</strong></span> <span class='ocrx_word' id='word_1_857' title='bbox 2531 5716 2815 5780; x_wconf 89' lang='lat' dir='ltr'><strong>peccatum</strong></span> <span class='ocrx_word' id='word_1_858' title='bbox 2866 5707 2918 5762; x_wconf 91' lang='lat' dir='ltr'><strong>in</strong></span> <span class='ocrx_word' id='word_1_859' title='bbox 2963 5713 3154 5762; x_wconf 85' lang='lat' dir='ltr'><strong>natura</strong></span> <span class='ocrx_word' id='word_1_860' title='bbox 3201 5715 3422 5777; x_wconf 80' lang='lat' dir='ltr'><strong>prorsus</strong></span> 
     </span>
    </p>
   </div>
   <div class='ocr_carea' id='block_1_117' title="bbox 1830 5802 2769 5876">
    <p class='ocr_par' dir='ltr' id='par_1_117' title="bbox 1830 5802 2769 5876">
     <span class='ocr_line' id='line_1_117' title="bbox 1830 5802 2769 5876; baseline -0.01 -10"><span class='ocrx_word' id='word_1_861' title='bbox 1830 5809 2067 5866; x_wconf 79' lang='lat' dir='ltr'><strong>existens</strong></span> <span class='ocrx_word' id='word_1_862' title='bbox 2088 5805 2397 5864; x_wconf 86' lang='lat' dir='ltr'><strong>necessario</strong></span> <span class='ocrx_word' id='word_1_863' title='bbox 2425 5802 2769 5876; x_wconf 87' lang='lat' dir='ltr'><strong>suscepisset.</strong></span> 
     </span>
    </p>
   </div>
  </div>
