3982 6278
527 379 666 444 1055

919 497 1340 554 EXCERPTUM
1379 493 1706 552 TERTIUM.

518 612 768 687 Ejusdem
811 611 1171 687 'l'heodori__de
1196 610 1372 687 codice
1410 608 1634 665 secundo
1666 625 1732 663 ea:
1771 605 1901 663 libro
1925 607 2096 673 tertio,

1016 682 1142 753 folio
1171 682 1368 736 decimo
1399 691 1595 736 octavo.

587 817 640 872 l.
681 817 760 883 Si,
803 816 994 886 inquit,
1042 822 1391 886 peccaturum
1418 815 1562 870 Deus
1589 812 1862 870 nesciebat
1887 811 2094 886 [Balatu

513 925 643 967 vere
671 908 894 981 sciebat]
934 908 1121 975 Adam,
1151 909 1221 964 sit
1247 909 1440 965 horum
1479 907 1687 980 [Baluz.
1728 905 1852 960 add.
1884 905 2100 975 sapien-

515 999 612 1071 tia]
635 999 1155 1069 sapientissimorum
1176 1007 1232 1055 et
1258 999 1360 1054 ista
1387 997 1686 1068 responsio,
1710 995 1855 1067 quod
1883 996 1986 1051 hoc
2014 995 2097 1051 in-

513 1091 854 1148 sanissimum
883 1099 966 1146 est
992 1091 1076 1146 vel
1106 1092 1161 1146 in
1209 1091 1535 1162 cogitatione
1581 1090 1893 1160 percipere;
1923 1087 2098 1143 mani-

511 1182 707 1238 festum
753 1191 834 1243 est
880 1182 1025 1252 quod
1073 1189 1128 1238 et
1172 1190 1518 1252 peccaturum
1563 1195 1687 1235 eum
1735 1186 1990 1245 noverat,
2040 1187 2097 1233 et

508 1281 732 1344 prepter
757 1274 859 1330 hoc
883 1273 1068 1344 procul
1097 1273 1259 1329 dubio
1284 1274 1623 1328 moriturum.
1656 1270 1938 1339 Quomodo
1965 1285 2097 1342 ergo

509 1379 618 1419 non
656 1372 739 1420 est
781 1373 1039 1420 extremae
1079 1364 1364 1420 dementiae
1407 1363 1628 1419 credere
1661 1361 1807 1433 quod
1849 1361 2098 1432 primitus

509 1470 632 1510 eum
659 1455 1016 1510 immortalem
1041 1453 1250 1528 [Balua
1279 1451 1584 1524 mortalem]
1628 1454 1682 1507 in
1711 1468 1806 1508 sex
1836 1452 1996 1508 horas
2014 1451 2096 1508 le-

509 1546 643 1604 cerit
674 1545 818 1617 (nam
849 1553 1014 1600 tantae
1039 1543 1255 1600 fuerunt
1280 1561 1310 1598 a
1339 1543 1649 1600 conditione
1687 1543 1804 1612 ejus
1832 1557 2001 1612 usque
2029 1541 2099 1598 ad

509 1638 976 1703 commissionem,
1027 1635 1461 1705 quandoquidem
1505 1642 1664 1702 sexto
1705 1633 1792 1688 die
1838 1631 2012 1688 factus
2065 1646 2098 1688 e

510 1735 674 1794 terra,
721 1737 777 1784 et
823 1727 1118 1783 comedens
1161 1735 1352 1782 contra
1395 1725 1632 1780 divinum
1679 1722 1989 1778 mandatum
2031 1722 2100 1779 de

1029 381 1223 440 MAR]!
1262 377 1702 438 MERCATORIS
1740 366 2310 435 TRANSLATIONES
2350 347 2706 432 VARIORUM
2746 370 3276 432 OPUSCULORUM.

2124 475 2180 535 Α

2583 465 3006 524 EXCERPTUM
3044 463 3404 534 QUARTUM.

2205 560 2453 636 Ejusdem
2500 561 2772 636 Theodori
2797 559 3123 636 desecundo
3156 559 3331 636 codice
3356 574 3424 614 ea:
3460 557 3592 615 libro
3621 561 3799 628 tertio,

2680 631 2806 704 folio
2835 631 3079 704 vigesimo
3103 631 3299 702 quinto.

2272 727 2324 782 l.
2366 726 2484 783 Non
2514 726 2676 793 enim,
2714 724 2910 796 inquit,
2940 724 3024 781 his
3061 723 3154 794 qui
3191 724 3260 781 ab
3297 723 3470 780 Adam
3509 739 3683 795 usque
3724 723 3799 780 ad

2201 818 2492 875 adventum
2515 815 2716 874 Christi
2742 816 2960 894 Domini.
2974 815 3029 872 in
3050 816 3216 872 tantis
3249 815 3467 872 fuerunt
3496 816 3800 886 impietati-

2200 911 2303 969 bus
2332 920 2388 966 et
2423 909 2819 980 iniquitatibus,
2863 917 3095 980 quantas
3119 908 3312 966 beatus
3337 907 3537 964 Paulus
3561 909 3802 980 propriis

2201 1002 2379 1058 verbis
2403 1001 2701 1073 expressit,
2733 1012 2794 1057 ut
2829 1001 2886 1056 in
2913 999 3282 1071 superioribus
3306 1016 3376 1057 ex
3407 1000 3528 1070 ejus
3551 1000 3802 1056 declara-

2200 1102 2315 1149 tum
2335 1093 2576 1160 vocibus,
2603 1100 2876 1163 tamquam
2899 1106 3151 1162 magnum
3172 1091 3423 1161 quiddam
3446 1092 3804 1148 resurrectio-

2201 1185 2284 1240 nis
2304 1184 2600 1240 collaturus
2627 1191 2712 1239 est
2739 1183 3046 1254 praemium,
3076 1183 3134 1258 si.
3151 1198 3247 1239 eos
3269 1182 3548 1254 suppliciis
3570 1182 3802 1260 quibus-

2199 1274 2323 1332 dam
2349 1274 2465 1329 sine
2493 1272 2599 1328 ﬁne
2625 1281 2682 1329 et
2708 1273 2825 1330 sine
2853 1274 3193 1330 correctione
3211 1271 3511 1328 tradiderit.
3547 1270 3688 1326 Nam
3708 1271 3803 1326 ubi

2193 1367 2308 1438 jam
2337 1367 2458 1423 loco
2481 1365 2722 1422 muneris
2749 1365 3075 1422 resurrectio
3096 1364 3390 1436 putabitur,
3413 1363 3461 1419 si
3488 1378 3654 1434 ptena
3682 1361 3804 1418 sine

2199 1459 2536 1516 correctione
2559 1458 2965 1528 resurgentibus
2991 1456 3294 1512 inferatur?

2732 1548 2804 1603 Et
2828 1557 2944 1619 post
2968 1547 3253 1619 paululum.

2269 1638 2324 1694 2.
2363 1637 2512 1706 Quis,
2565 1639 2757 1709 inquit,
2813 1639 2887 1694 ita
2937 1638 3180 1703 demens,
3223 1644 3284 1692 ut
3330 1644 3543 1692 tantum
3589 1636 3801 1694 bonum

2200 1731 2388 1788 credat
2417 1732 2700 1787 materiam
2730 1731 2847 1788 ﬁeri
2868 1730 3274 1800 resurgentibus
3298 1728 3494 1784 inﬁniti
3513 1729 3802 1800 supplicii?

509 1821 759 1893 paradiso
792 1821 978 1892 pulsus
1023 1819 1162 1892 est);
1202 1818 1488 1875 mortalem
1509 1833 1637 1873 vero
1664 1823 1789 1888 post
1816 1824 2099 1888 peccatum
2128 1857 2180 1918 Β
2203 1822 2408 1890 Quibus
2436 1824 2621 1879 utilius
2647 1833 2766 1881 erat
2809 1824 3030 1880 omnino
3060 1839 3167 1878 non
3196 1836 3435 1893 surgere,
3464 1838 3626 1892 quam
3673 1831 3800 1877 tan-

510 1911 916 1966 monstraverit.

579 2002 632 2057 2.
674 2001 894 2057 Certum
923 2011 1008 2057 est
1035 2001 1179 2058 enim
1207 2002 1352 2071 quod
1379 2001 1424 2056 si
1452 2015 1577 2056 eum
1615 1998 1974 2055 immortalem
2000 2015 2101 2055 vo-

513 2090 733 2162 luisset,
788 2111 888 2151 nec
927 2094 1264 2150 intercedens
1307 2100 1588 2165 peccatum
1635 2092 1732 2148 Dei
1778 2093 2103 2148 sententiam

509 2195 910 2255 commutasset,
941 2189 1067 2257 quia
1107 2202 1208 2243 nec
1235 2186 1508 2242 diabolum
1545 2185 1672 2240 fecit
1697 2201 1768 2240 ex
1808 2185 2103 2241 immortali

510 2282 816 2346 mortalem,
834 2290 889 2337 et
907 2280 1124 2350 quidem
1145 2288 1461 2337 cunctorum
1488 2279 1753 2336 malorum
1780 2279 2100 2336 existentem

509 2375 846 2447 principium.

2205 1925 2385 1972 torum
2413 1926 2468 1972 et
2507 1918 2693 1973 talium
2731 1917 2996 1972 malorum
3036 1923 3158 1986 post
3198 1917 3651 1971 resurrectionem
3697 1915 3804 1970 sub

2207 2009 2430 2066 inﬁnitis
2455 2011 2630 2082 panis
2659 2010 3045 2080 experientiam
3077 2009 3361 2066 sustinere.

2587 2098 3010 2155 EXCERPTUM
3051 2097 3382 2166 QUINTUM.

2209 2190 2459 2264 Ejusdem
2485 2189 2739 2264 Theodori
2764 2199 2884 2264 ent}
2903 2189 3017 2264 alio
3047 2191 3287 2264 quopiam
3318 2186 3466 2264 libro
3495 2187 3522 2227 δ
3553 2189 3806 2264 adversus.

2263 2258 2545 2316 Dominum
2580 2260 2761 2315 Iesum
2791 2258 3070 2326 Christum,
3097 2258 3155 2313 et'
3170 2260 3281 2330 ejus
3312 2261 3744 2314 incarnationem.

2279 2377 2332 2433 1.
2367 2388 2389 2418 ε
2418 2376 2528 2434 Nec
2552 2377 2716 2442 enim,
2751 2376 2942 2446 inquit,
2972 2376 3018 2432 si
3055 2375 3190 2432 duas
3227 2374 3457 2430 dicimus
3493 2374 3551 2430 in
3579 2373 3805 2454 Christo

1685 2483 2223 2546 CASTIGATIONES
2262 2489 2350 2546 ET
2387 2489 2614 2546 ΝΟΤιΕ.

587 2589 612 2619 ι
641 2577 851 2633 Inﬁnita
900 2591 1090 2648 prope,
1117 2576 1331 2646 scripsit
1373 2574 1730 2648 Theodorus,
1764 2583 1842 2648 qut
1881 2591 1951 2630 ex
1992 2575 2096 2648 Fa-

507 2649 702 2715 cundo,
750 2645 1018 2713 Leontio;
1045 2645 1273 2716 aliisque
1319 2646 1612 2710 veteribus,
1635 2653 1714 2716 Aet
1762 2645 1880 2716 ipso
1931 2647 2094 2702 etiam

507 2713 793 2774 Theodoro
815 2719 1068 2773 discimus
1093 2735 1104 2770 :
1130 2713 1201 2772 ex
1221 2717 1390 2772 tribus
1417 2724 1595 2770 tamen
1622 2713 1888 2774 Oneribus
1906 2732 2095 2771 excer-

507 2789 613 2858 psit
643 2787 907 2858 Mercator
934 2803 1053 2858 quac
1098 2803 1241 2858 nunc
1270 2786 1519 2858 exhibet,
1541 2801 1619 2858 ex
1645 2785 1796 2858 libris
1840 2786 2093 2858 nimirum

505 2855 596 2928 qui
625 2857 882 2928 adversus
909 2855 1280 2928 Augustinum,
1311 2857 1449 2928 libro
1478 2855 1559 2928 Ad
1588 2855 1910 2928 baptizatos,
1941 2865 2002 2928 et
2024 2857 2091 2928 lie

505 2921 614 2984 bris
665 2930 758 2998 qui
814 2921 880 2984 de
933 2921 1308 2998 Incarnatione
1360 2921 1744 2998 inscribuntur.
1791 2926 1877 2998 ‘De
1924 2927 2094 2996 priori

507 2995 699 3070 opere,
723 2999 849 3067 quia
876 2999 1110 3070 pertinet
1139 2997 1206 3070 ad
1233 3012 1349 3052 rem
1373 2995 1748 3070 Pelagianam,
1777 2995 1982 3052 dictum
2008 3006 2094 3052 est

507 3064 575 3124 ad
613 3064 840 3140 primam
880 3064 1097 3140 partem,
1129 3065 1363 3138 Operam
1410 3064 1765 3140 Mercatoris:
1796 3075 2092 3140 rursus_ta-

505 3135 633 3194 meri
652 3139 738 3194 hic
767 3135 1032 3195 edendum
1052 3135 1224 3195 visum
1244 3145 1345 3203 est,
1371 3143 1431 3191 ut
1451 3137 1618 3192 series
1637 3136 1925 3191 verborum
1953 3135 2092 3192 Mer-

504 3208 705 3280 catoris
731 3211 969 3280 apertius
999 3216 1291 3265 constaret.
1326 3208 1404 3263 De
1449 3207 1698 3280 secundo
1734 3207 1868 3262 nihil
1913 3207 2095 3280 a_d_mo-

503 3279 631 3334 dum
671 3276 870 3346 scit'ur;
921 3279 990 3335 de
1032 3287 1307 3346 postremo
1349 3292 1491 3332 nunc
1531 3277 1812 3345 agendum.
1839 3308 1914 3318 —
1940 3276 2093 3334 Hunc

503 3296 631 3334 cum
671 3296 870 3346 scnur;
921 3296 990 3335 ae
1071 3296 1307 3335 osuemo
1349 3296 1491 3332 nunc
1531 3296 1812 3345 agendum.
1839 3308 1914 3318 —
1940 3296 2088 3334 nunc

503 3347 752 3404 Baluzius
781 3351 993 3406 titulum
1032 3296 1201 3404 habet
1246 3348 1403 3403 aliter
1453 3347 1802 3418 exscriptum,
1848 3347 2088 3403 scilicet:

505 3418 759 3491 Ejusdem
792 3420 1046 3491 Theodori
1071 3435 1136 3475 ea:
1163 3428 1340 3474 octavo
1369 3434 1602 3473 sermone
1637 3418 1938 3491 catacismi,
1966 3418 2093 3491 folio

505 3486 722 3561 neptuno
749 3529 764 3552 ,
820 3490 1104 3561 subditque
1169 3497 1327 3544 notas
1391 3496 1744 3561 sequentes;
1780 3507 1797 3540 ι
1841 3486 2095 3561 Ejusdem

509 3507 722 3610 septimo
749 3529 764 3552 ,
820 3507 1104 3561 summque
1169 3507 1327 3544 natas
1391 3507 1679 3557 sequentes
1718 3507 1730 3542 :
1780 3507 1797 3540 ι
1841 3507 2088 3611 δίαεαειπ

509 3557 552 3628 Τ
571 3560 791 3628 teodori.
821 3559 1111 3628 Sequentia
1142 3575 1250 3614 non
1291 3565 1508 3614 exstant
1538 3559 1591 3612 in
1620 3558 1857 3628 editione
1911 3558 2088 3614 talica.

506 3626 732 3683 Additus
769 3636 852 3684 est
899 3626 1078 3684 autem
1123 3629 1310 3684 titulus
1347 3629 1449 3682 iste
1485 3643 1553 3682 ex
1587 3627 1772 3683 codice
1808 3626 2092 3695 Vaticano,

506 3713 629 3752 cum
662 3715 769 3755 non
797 3698 1060 3754 habeatur
1087 3700 1141 3753 in
1161 3697 1550 3754 Bellovacensi.
1582 3697 1650 3750 Et
1670 3705 1851 3752 tamen
1882 3696 2092 3754 Garne-

508 3768 621 3823 rius
645 3769 789 3826 hunc
832 3769 1046 3840 titulum
1084 3768 1265 3840 po_suit
1294 3775 1566 3840 tamquam
1585 3776 1834 3840 exstaret
1871 3767 1924 3840 in
1953 3769 2093 3823 anti-

504 3839 624 3911 quis
653 3839 1050 3911 exemplaribus
1086 3837 1384 3911 E_Ejusdem
1420 3837 1675 3911 Theodori
1722 3853 1787 3911 ea:
1835 3837 1939 3893 alio
1967 3856 2094 3911 quo-

503 3906 646 3991 piam
673 3906 1072 3991 libro—advensus
1102 3906 1384 3991 Dominum
1406 3906 1584 3991 desum
1612 3906 1871 3991 Christum
1894 3906 2091 3991 et‘ejus

503 3977 933 4036 incarnationem.
965 3979 1033 4034 Et
1059 3994 1186 4036 mox
1206 3985 1429 4035 annotat
1449 3977 1613 4033 libros
1634 3979 1766 4034 istos
1787 3977 2092 4048 postremos

504 4049 839 4128 inscripsisse
861 4049 1204 4128 Theodornm
1229 4055 1347 4128 Περὶ
1369 4051 1791 4128 ἔγαωρωπήσεῳς
1810 4056 2091 4128 τοῦ-Μονο-

503 4119 697 4192 quasi,
739 4121 834 4177 sed
872 4121 996 4192 quia
1043 4121 1094 4174 in
1120 4121 1209 4192 his
1238 4119 1376 4192 verte
1401 4119 1786 4192 incarnationis
1811 4119 1951 4174 ratio
1976 4132 2090 4192 non

503 4189 812 4260 exponitur,
837 4189 932 4246 sed
959 4191 1240 4255 evertitur,
1262 4189 1516 4244 maluisse
1537 4189 1889 4245 Mercatorem
1916 4189 2093 4260 adver-

503 4259 592 4315 sus
626 4261 905 4316 Dominum
953 4270 1004 4314 et
1042 4262 1152 4332 ejus
1197 4261 1627 4332 incarnationem
1656 4260 1912 4332 scribere.
1943 4259 2090 4332 Istud

503 4345 636 4385 vero
665 4348 850 4387 verum
877 4346 987 4386 non
1015 4330 1134 4387 esse
1168 4332 1364 4387 evincit
1403 4344 1564 4385 verus
1592 4330 1780 4384 titulus
1815 4330 2089 4387 sequentis

505 4398 788 4468 fragmenti
816 4409 1001 4457 erutus
1022 4416 1091 4456 ex
1127 4401 1311 4457 codice
1345 4399 1629 4456 Vaticano.
1669 4418 1688 4451 ι
1718 4431 1792 4442 -
1823 4418 1841 4450 ‹
1878 4398 2086 4454 Cataci-

505 4473 625 4523 smi.
656 4469 780 4526 Sive
808 4471 1118 4526 catechismi
1138 4512 1153 4537 ,
1180 4480 1240 4526 ut
1274 4477 1426 4537 patet
1465 4485 1533 4525 ex
1572 4468 1843 4534 Facundo,
1877 4469 1970 4537 qui
1991 4469 2082 4524 lib.

506 4555 578 4612 ut,
609 4555 725 4611 cap.
758 4541 812 4612 5,
838 4541 1038 4612 primas
1079 4541 1247 4596 lineas
1277 4539 1448 4612 hujus
1485 4539 1791 4612 [ragmenti‘
1816 4539 1980 4612 refert
2019 4555 2086 4594 ex

506 4608 901 4681 aliavérsion'e,
943 4620 1000 4666 et
1027 4620 1266 4681 sumptas
1293 4608 1372 4664 ait
1395 4626 1462 4665 ex
1485 4609 1640 4665 Libro
1673 4610 1742 4663 ad
1773 4608 2080 4681 baptizatos.

432 4713 444 4726 ι
504 4679 574 4734 At
615 4680 669 4735 in
697 4682 987 4737 collatione
1029 4679 1221 4752 quarta
1257 4681 1472 4752 concilii
1499 4697 1533 4752 v
1560 4679 1873 4752 constanter
1899 4680 2091 4752 scribi-

504 4758 593 4824 tur
617 4752 702 4805 Ad
735 4749 1094 4824 baptizandos,
1126 4767 1233 4824 non
1280 4751 1454 4824 solum
1503 4751 1558 4824 in
1602 4749 1946 4824 editionihus,
1995 4751 2090 4824 sed

503 4822 666 4894 etiam
690 4825 743 4878 in
767 4820 1000 4894 antiquis
1021 4821 1418 4894 e_xemplaribus
1438 4822 1646 4877 calamo
1667 4820 1921 4888 exaratis,
1946 4821 2091 4892 quod

502 4892 695 4948 melius
722 4891 950 4950 videtur.
987 4912 1005 4946 ι
1041 4891 1197 4948 Enni

577 4961 604 5001 ιι
624 4961 832 5038 ΑΙιὶιποδ
860 4965 992 5020 istos
1017 4972 1321 5034 postremos
1343 4962 1612 5038 inscripsit
1631 4961 1948 5038 Theodorus
1973 4965 2091 5038 Περὶ

503 5035 925 5111 ξνανθρωπίήσξως
954 5033 1044 5111 τρῧ
1080 5043 1424 5111 Μονοσγινοῦςξ
1467 5033 1563 5090 sed
1588 5033 1712 5111 quia
1756 5033 1924 5111 inibis
1950 5033 2090 5088 vera:

504 5103 886 5177 incarnationis
915 5107 1051 5161 ratio
1081 5122 1190 5161 non
1219 5103 1526 5177 exponitur,
1555 5103 1954 5177 sedevertitur,
1980 5117 2090 5177 ma-

504 5171 602 5228 luit
631 5173 896 5232 Mercator
924 5177 1164 5231 adversus
1206 5171 1487 5232 Dominum
1530 5185 1581 5229 et
1612 5174 1724 5246 ejus
1765 5174 2088 5228 incarnatio-

503 5261 618 5299 nem
647 5248 901 5303 scribere.

573 5315 696 5401 li‘uit
725 5333 1030 5401 veromopus
1053 5317 1184 5401 illud
1221 5317 1561 5401 spissum__ac
1586 5315 1808 5386 grande,
1854 5321 1915 5401 ut
1941 5312 2089 5401 quod

501 5387 806 5456 quindecim
847 5385 994 5444 libris
1017 5385 1324 5459 quindecim
1353 5387 1518 5442 millia
1558 5385 1811 5459 versuum
1849 5385 2087 5459 comple-

501 5455 754 5512 cteretur.
790 5460 865 5516 De
894 5455 1118 5516 numero
1162 5460 1423 5514 librorum
1449 5457 1599 5514 testis
1628 5464 1711 5513 est
1751 5455 2032 5512 Facundos
2071 5473 2083 5508 :

502 5526 570 5612 de
611 5531 854 5612 versibus
881 5530 1196 5612 Theodorus
1226 5531 1424 5612 ipsein
1454 5528 1771 5612 praefatione
1800 5525 2085 5612 ορςξζίβρβ

503 5595 832 5677 ᾼρριιὶηδγίρ
854 5610 918 5677 et
934 5601 1048 5677 ejus
1071 5595 1262 5677 haeresi
1284 5600 1423 5677 (Lib.
1447 5595 1521 5665 fx,
1549 5617 1670 5677 cqp.
1692 5599 1769 5668 5),
1800 5595 1888 5677 ubi
1916 5603 2083 5650 totam

503 5666 726 5736 hujusce
757 5666 1169 5727 elucubrationis
1199 5666 1476 5726 historiam
1515 5666 1708 5735 refert,
1729 5666 2084 5736 queriturque

505 5737 574 5814 ab
598 5738 1248 5814 advers_ariis__corruptam
1277 5759 1424 5814 esse,
1451 5741 1664 5814 insertis
1703 5753 1822 5814 qna:
1850 5737 1918 5814 de
1945 5737 2084 5814 dno-

505 5811 606 5875 bus
632 5807 752 5865 ﬁliis
781 5811 1030 5868 invidiam
1060 5806 1318 5869 facerent.
1346 5806 1476 5866 Ante
1502 5812 1587 5877 50,
1622 5808 1814 5882 inquit,
1835 5807 1952 5883 jam
1991 5806 2084 5866 hos

2197 2596 2364 2635 annos
2387 2580 2450 2634 de
2474 2581 2837 2634 incarnatione
2873 2579 3084 2636 Domini
3112 2580 3338 2634 codicem
3370 2570 3797 2649 conscripsimus,

2196 2667 2353 2722 usque
2393 2651 2463 2704 ad
2489 2651 2777 2722 quindecim
2823 2651 2988 2722 millia
3024 2667 3257 2722 uersuum
3302 2652 3803 2722 pertingentem,i1s

2197 2719 2296 2792 quo
2326 2722 2439 2792 Arii
2478 2719 2526 2774 et
2555 2719 2799 2774 Eunomii
2839 2721 2903 2774 de
2929 2722 3026 2776 hac
3055 2738 3110 2776 re
3148 2719 3357 2786 delicta,
3389 2719 3589 2774 necnon
3633 2721 3799 2792 etiam

2196 2790 2508 2861 Apollinarii
2555 2807 2738 2845 vanam
2783 2793 3263 2862 prtesumptioncm,
3315 2807 3406 2862 per
3456 2799 3613 2844 totum
3659 2790 3799 2862 illud

2198 2859 2324 2931 opus
2363 2859 2820 2916 examinaoimus':
2846 2871 2902 2914 ut
2948 2859 3111 2923 nihil,
3143 2863 3276 2915 sicut
3303 2859 3545 2931 meajert
3589 2859 3796 2930 opinio,

2199 2933 2512 3004 prteterirem
2539 2947 2604 2985 ex
2644 2931 2721 3004 his
2755 2949 2869 3004 qua:
2895 2941 2945 2985 et
2972 2933 3042 3004 ad
3070 2932 3377 3004 firmitatem
3406 2931 3803 3004 Ecclesiasticc

2200 3000 2521 3056 orthodoxia:
2540 3000 2870 3070 pertinerent,
2894 3011 2944 3054 et
2965 3003 3036 3055 ad
3062 3000 3462 3056 convincendum
3488 3017 3665 3054 eorum
3693 3001 3801 3054 ins-

2200 3071 2459 3141 pietatem.
2491 3070 2599 3125 Sed
2626 3071 2677 3125 hi
2717 3074 2801 3144 qui
2847 3073 3022 3144 omnia
3068 3071 3316 3144 facillime
3363 3079 3800 3144 prtcsumunt,_et

2199 3139 2450 3213 prwterea
2497 3157 2700 3194 rursum
2728 3139 2804 3194 'ab
2845 3139 3186 3213 Apollinario,
3231 3142 3315 3212 qui
3354 3139 3592 3212 princeps
3633 3139 3795 3213 hujns

2199 3211 2410 3283 heresis
2441 3213 2628 3283 fuerat,
2659 3210 2901 3274 instituti,
2928 3210 3159 3283 omnibus
3201 3210 3326 3282 opus
3355 3210 3586 3283 nostrum
3613 3210 3796 3283 mani-

2198 3281 2386 3354 festum
2416 3280 2663 3354 fecerunt,
2694 3284 2738 3336 si
2767 3283 3018 3354 quomodo
3051 3280 3799 3354 aliqua'invenirentAualentia

2198 3347 2269 3405 ad
2295 3347 2692 3424 conuincendum
2723 3347 2790 3405 ea
2809 3368 2922 3424 qua:
2957 3354 3012 3406 in
3039 3367 3097 3404 eo
3127 3347 3247 3424 sunt
3283 3353 3498 3424 scripta.
3529 3347 3796 3414 Quoniam

2195 3437 2312 3476 vero
2339 3422 2507 3476 nullus
2549 3431 2728 3475 contra
2767 3422 3025 3476 certamen
3053 3422 3257 3491 scriptis
3295 3422 3550 3490 suscipere
3580 3437 3796 3491 prtesu-

2196 3491 2382 3563 mebat,
2407 3493 2593 3546 imitati
2635 3500 2756 3546 sunt
2799 3493 3036 3562 infirmos
3075 3492 3297 3546 athletas
3336 3500 3386 3544 et
3427 3491 3665 3563 callidos,
3697 3493 3793 3563 qui

2197 3561 2318 3617 dum
2346 3578 2449 3635 non
2490 3573 2702 3635 possunt
2739 3561 2919 3635 contra
2947 3564 3187 3635 fortiores
3216 3571 3442 3625 certare,
3474 3561 3679 3615 insidiis
3699 3561 3794 3618 eos

2195 3641 2246 3704 e_t
2272 3633 2717 3693 machinamentis,
2746 3633 2926 3704 quibus
2948 3633 3210 3704 possunt.
3243 3640 3496 3704 conantur
3537 3640 3786 3704 euertere.

2197 3700 2530 3774 Scripserunt
2567 3705 2703 3774 enim
2742 3700 2840 3774 ipsi
2869 3700 3005 3758 inter
3033 3719 3087 3757 se
3123 3700 3501 3774 proculdubio
3546 3700 3793 3774 qun-dam

2193 3769 2388 3846 inepta,
2419 3789 2533 3846 qua:
2560 3769 2771 3846 auobis
2786 3790 3028 3846 umquam
3048 3769 3260 3826 minime
3279 3769 3588 3846 dicerentuif.
3619 3769 3790 3826 Deni-

2194 3859 2290 3913 que
2316 3843 2569 3913 hazc’ipsa
2598 3843 2652 3895 in
2679 3843 2846 3897 medio
2886 3843 3182 3898 nostrorum
3211 3843 3520 3913 scriptorum
3553 3843 3609 3913 in
3650 3857 3791 3912 qua-

2195 3909 2315 3966 dam
2338 3909 2485 3984 parte
2513 3913 2941 3984 interposuerunt,
2975 3923 3024 3967 et
3057 3913 3165 3966 suis
3195 3909 3539 3984 familiaribus

2194 3982 2506 4045 straverunt,
2549 3982 2830 4054 aliquando
2855 3993 3028 4037 autem
3056 3992 3106 4036 et
3133 3983 3346 4054 nostris,
3380 3983 3465 4054 qui
3504 3999 3595 4052 per
3577 3982 3792 4054 λαιῆιὶ-

2195 4061 2350 4107 tatem
2395 4069 2543 4107 suam
2571 4051 2743 4107 omnia
2782 4055 2956 4124 pronis
2996 4053 3184 4124 animis
3224 4051 3518 4124 audiebant.
3568 4051 3638 4124 Et
3687 4052 3791 4106 hoc

2191 4125 2339 4194 quasi
2367 4124 2744 4194 documentum,
2777 4122 2909 4177 sicut
2937 4122 3208 4194 putabant,
3253 4129 3448 4194 nostra:
3475 4123 3784 4194 impietatis,

2191 4191 2474 4264 ridentibus
2499 4193 2829 4264 prtebebant;
2859 4191 3017 4247 unum
3046 4202 3217 4246 autem
3236 4207 3300 4244 ea:
3330 4191 3409 4244 his
3437 4191 3639 4264 scriptis
3667 4201 3790 4246 erat

2194 4263 2324 4318 duos
2359 4262 2506 4333 ﬁlios
2523 4264 2709 4318 dicere.
2737 4262 2965 4319 Necesse
2984 4272 3096 4318 erat
3120 4279 3240 4334 ergo
3263 4278 3364 4315 non
3393 4263 3556 4316 solum
3581 4262 3785 4386 ἱηεειᾶω,

3617 4348 3642 4385 s

2267 4477 2288 4506 ο
2312 4465 2594 4521 Facundus
2628 4466 2787 4522 docet
2813 4465 2910 4535 qui
2942 4466 3101 4520 fuerit
3129 4465 3276 4535 liber
3291 4464 3380 4535 ille
3403 4479 3471 4519 ex
3497 4479 3606 4535 quo
3633 4463 3788 4521 Mer-

2189 4546 2340 4593 cator
2359 4537 2627 4606 excerpsit
2657 4536 2800 4606 quod
2823 4534 2892 4590 ex
2918 4535 3205 4606 Theodoro
3225 4534 3406 4606 affert;
3433 4534 3674 4606 siic’enim
3705 4537 3790 4591 ait

2191 4606 2330 4679 (Lib.
2357 4624 2428 4672 ix,
2447 4604 2562 4678 cap.
2588 4608 2643 4675 5)
2665 4604 2927 4662 {Noverat
2945 4608 3042 4679 iste
3059 4605 3420 4679 (Theodorus)
3443 4605 3707 4660 Christum
3727 4608 3788 4679 in

2119 4682 2172 4744 D
2198 4679 2369 4733 carnis
2397 4679 2818 4749 manifgstatione
2845 4678 3126 4749 venientem
3157 4678 3404 4749 [notorem
3438 4691 3548 4730 esse
3571 4678 3781 4741 mundi,

2193 4757 2244 4820 et
2270 4745 2870 4820 proprMmDominunti
2899 4764 2990 4800 nec
3030 4745 3243 4820 dicendo
3265 4747 3394 4820 duas
3421 4761 3532 4800 esse
3559 4756 3787 4820 natnras

2195 4816 2406 4883 Christi,
2422 4818 2550 4872 duos
2572 4816 2771 4871 dicebat
2794 4818 2951 4887 ﬁlios,
2983 4824 3073 4887 aut
3093 4816 3222 4870 duos
3241 4817 3499 4887 dominos,
3524 4826 3612 4869 aut
3642 4817 3785 4870 duos

2195 4891 2434 4950 christos,
2472 4889 2602 4942 sicut
2636 4886 2950 4941 mentiuntur
2968 4886 3213 4957 heretici.
3258 4886 3400 4941 Nam
3421 4889 3496 4940 sic
3522 4896 3701 4957 aperte
3721 4888 3782 4940 ist

2193 4959 2322 5013 libro
2344 4958 2423 5012 Ad
2443 4957 2729 5029 baptizatos
2751 4957 2945 5029 locutus
2975 4966 3070 5011 est.
3095 4956 3276 5029 Neque
3297 4959 3440 5012 enim
3454 4957 3499 5029 si
3518 4956 3650 5029 duas
3676 4971 3782 5012 na-

2195 5037 2344 5084 turas
2372 5027 2632 5091 dicamus,
2679 5028 2969 5083 necessitas
3014 5042 3113 5082 nos
3153 5027 3260 5082 ulla
3294 5027 3628 5097 constringit,
3680 5036 3782 5081 aut

2195 5099 2330 5155 duos
2352 5098 2529 5154 dicere
2569 5097 2726 5163 ﬁlios,
2759 5107 2850 5153 aut
2877 5098 3014 5153 duos
3040 5098 3306 5162 dominos,
3338 5106 3431 5151 aut
3457 5096 3594 5152 duos
3628 5097 3784 5153 chri-

2193 5178 2328 5234 stos,
2353 5168 2610 5238 quoniam
2641 5168 2745 5224 hoc
2766 5177 2959 5238 putare
2984 5177 3238 5224 extremas
3259 5175 3340 5224 est
3358 5169 3624 5238 amentiae.

2263 5237 2666 5295 Observandum
2693 5237 3235 5308 porroWMercatorem
3255 5237 3490 5307 vestigiis
3517 5237 3788 5295 Theodo-

2192 5311 2238 5366 ri
2268 5311 2526 5366 inhtcrere
2555 5326 2568 5376 ;
2602 5317 2660 5363 ut
2687 5307 2831 5362 enim
2860 5307 3172 5364 Theodorus
3201 5309 3340 5363 idem
3370 5310 3479 5378 agit
3500 5310 3602 5363 hoc
3631 5309 3690 5364 in
3714 5311 3790 5365 li-

2188 5383 2288 5439 bro
2317 5379 2461 5461 quod
2489 5380 2552 5461 in
2571 5378 2846 5461 symbolo,
2877 5379 2961 5461 ita.
2985 5378 3333 5461 etMe‘rcator
3351 5395 3496 5461 nunc
3525 5378 3582 5461 id
3590 5380 3786 5461 ipsum

2231 5447 2350 5507 uod'
2370 5451 2425 5505 in
2463 5447 2790 5506 refutatione
2822 5447 3076 5521 symboli.
3119 5449 3464 5521 pemonstrat
3507 5447 3724 5506 scilicet
3752 5469 3788 5509 ι

2237 5521 2477 5578 heodoro
2496 5521 2633 5576 duos
2665 5517 2945 5592 introduci
2960 5517 3098 5573 ﬁlios
3118 5519 3232 5592 Dei,
3255 5536 3416 5575 unum
3446 5528 3656 5586 natura,
3681 5524 3788 5592 qui

2190 5603 2461 5658 aeternus;
2500 5592 2727 5662 alterum
2768 5589 3076 5662 adoptione,
3107 5589 3565 5662 quitempgralis;
3611 5589 3790 5662 atque

2191 5665 2265 5719 ita
2293 5663 2485 5718 Filium
2515 5661 2764 5730 Virginis,
2791 5659 2885 5716 seu
2913 5659 3246 5724 Emmanuel,
3278 5659 3345 5715 ac
3360 5659 3634 5716 Christum
3655 5659 3789 5722 esse

2191 5750 2384 5811 punim
2411 5733 2588 5811 reipsa
2632 5732 2924 5811 hominem,
2956 5731 3070 5788 sola
3096 5733 3287 5804 σχέσιι
3324 5732 3534 5789 unitum
3571 5731 3789 5811 Verbo,

2192 5801 2254 5866 ut
2277 5801 2388 5863 Deo
2412 5801 2582 5864 sancti
2607 5811 2663 5860 et
2683 5803 2978 5878 prophetae.
