3924 6282
138 364 277 422 ΙΟὸἸ

1099 356 1472 417 EXCERPTA
1510 359 1857 418 TllEODOIll
1899 359 2399 420 MOPSUESTENI.

3268 378 3405 438 1058

134 490 379 545 naturas,
410 477 714 534 necessario
740 473 833 531 ﬁet
858 481 917 530 ut
938 473 1074 530 duos
1095 473 1232 530 ﬁlios
1259 483 1351 530 aut
1379 475 1513 531 duos
1544 474 1717 531 domi-
1745 481 1798 540 Α
1823 477 1916 546 vn)
1950 494 1962 528 :
1999 493 2199 542 ursum,
2226 476 2474 548 pardum,
2500 470 2729 546 leonem,
2760 490 2814 537 ct
2836 483 3014 551 aliam,
3047 502 3166 558 quae
3188 492 3283 548 has
3313 494 3402 552 im-

131 588 239 632 nos
265 586 582 635 asseramus,
615 569 741 639 quia
778 568 883 624 hoc
914 568 1162 623 arbitrari
1184 576 1438 624 extrema:
1462 568 1721 640 probatur

131 666 441 725 dementiae.
471 661 661 719 Omnia
682 662 826 718 enim
844 676 1192 732 quaecumque
1212 661 1501 717 secundum
1522 662 1720 733 aliquid

131 759 245 815 duo
272 765 416 820 sunt,
446 762 500 811 et
528 753 819 812 secundum
839 752 1038 824 aliquid
1063 769 1248 819 unum,
1277 768 1384 809 non
1406 754 1719 810 interimunt

128 868 234 924 per
286 849 547 905 unitatem
598 846 877 916 utriusque
927 844 1243 900 divisionem
1277 862 1289 897 :
1323 842 1436 916 Ego
1485 845 1621 899 enim
1670 853 1721 898 et

128 946 298 1001 Pater
339 958 497 997 unum
543 956 715 995 sumus
766 938 941 1009 (Joan.
998 955 1062 1003 x,
1113 938 1225 1009 50).
1276 937 1382 993 Sed
1432 953 1538 993 non
1590 938 1717 1007 quia

127 1053 300 1093 unum
318 1076 333 1101 ,
366 1033 605 1105 neganda
634 1040 715 1089 est
745 1033 1019 1102 utriusque
1045 1030 1367 1102 proprietas.
1393 1026 1461 1083 Et
1489 1030 1617 1085 alibi
1646 1029 1713 1085 de

128 1122 251 1184 viro
281 1135 336 1183 et
362 1141 528 1181 uxore
556 1125 907 1195 pronuntians
931 1124 1006 1179 ait
1029 1142 1040 1177 :
1060 1122 1180 1178 Jam
1208 1141 1312 1179 non
1331 1131 1449 1179 sunt
1472 1123 1593 1189 duo,
1621 1124 1714 1178 sed

128 1236 240 1273 una
271 1236 391 1274 caro
420 1216 631 1291 (Matth.
662 1233 783 1282 xxx,
814 1216 890 1287 6).
920 1214 1028 1272 Sed
1056 1233 1162 1272 non
1190 1216 1315 1285 quia
1346 1230 1451 1270 una
1477 1230 1604 1271 caro
1633 1215 1715 1270 vir

129 1318 189 1366 et
216 1326 372 1377 uxor,
395 1308 509 1378 jam
539 1325 645 1364 non
671 1314 795 1363 sunt
832 1306 938 1362 duo
968 1306 1175 1380 [Baluz.
1207 1305 1332 1360 add.
1363 1305 1458 1361 sed
1483 1321 1588 1361 una
1624 1321 1714 1361 ca-

127 1401 253 1475 ro];
304 1408 523 1457 manent
569 1401 712 1457 enim
762 1399 888 1465 duo,
931 1400 1085 1470 juxta
1139 1398 1283 1469 quod
1327 1398 1434 1454 duo
1475 1408 1630 1466 sunt;
1663 1407 1720 1455 et

127 1509 323 1559 unum,
346 1492 497 1562 juxta
542 1491 686 1562 quod
728 1507 911 1547 unum.
945 1490 1251 1547 Secundum
1291 1491 1434 1547 hunc
1476 1490 1717 1557 modum,

128 1592 190 1640 et
218 1585 306 1639 hic
333 1583 440 1639 duo
468 1590 592 1639 sunt
618 1590 829 1649 natura,
859 1582 951 1638 sed
973 1599 1139 1638 unum
1165 1583 1585 1653 conjunctione:
1611 1582 1718 1639 duo

127 1686 345 1742 natura,
375 1678 499 1747 quia
528 1677 817 1732 multorum
847 1675 995 1750 [Leg.
1030 1675 1365 1748 naturarum]
1407 1676 1715 1743 diversitas;

126 1770 227 1827 sed
249 1785 410 1825 unum
438 1767 832 1838 conjunctione,
861 1768 985 1838 quia
1010 1767 1289 1824 indivisam
1314 1770 1717 1824 venerationem

1823 566 2082 622 manitate
2108 568 2396 638 praecellat,
2428 577 2482 624 et
2511 568 2632 626 ideo
2661 581 2786 627 sunt
2813 584 3062 644 quatuor,
3104 582 3244 651 quod
3274 600 3407 639 una-

1820 671 2046 728 quaeque
2090 658 2265 714 bestia
2315 660 2447 714 nihil
2492 661 2670 717 minus
2711 663 2866 733 juxta
2896 668 3248 727 substantiam
3280 676 3406 730 reli—

1819 750 1940 819 quis
1966 749 2152 806 bestiis
2192 752 2577 822 comprobatur
2605 754 2838 811 existere
2870 775 2883 810 :
2915 757 3170 828 Duorum,
3213 764 3405 835 inquit,

1821 842 2081 897 hominum
2110 844 2454 898 testimonium
2475 862 2644 899 verum
2673 856 2748 900 est
2783 847 2961 919 (Joan.
2990 868 3100 917 \‘lll,
3136 853 3249 925 17),
3281 857 3407 926 quia

1819 937 1923 993 hoc
1949 944 2173 1007 uterque
2196 945 2385 992 natura
2408 936 2553 1009 quod
2582 938 2718 995 alter
2745 949 2847 996 est.
2880 942 2969 998 Sic
2998 952 3051 999 et
3083 946 3211 1001 illud
3243 965 3254 999 :
3288 947 3404 1005 Ne-

1818 1046 1901 1084 mo
1929 1038 2093 1102 potest
2113 1029 2311 1084 duobus
2339 1031 2560 1085 dominis
2584 1035 2774 1089 servire
2796 1034 3011 1107 (Matth.
3044 1055 3115 1106 v1,
3148 1040 3259 1113 24),
3286 1044 3409 1112 quia

1818 1120 2109 1193 prtebentis
2153 1121 2431 1177 servitium
2473 1130 2749 1194 tamquam
2791 1126 3030 1193 domino,
3070 1131 3199 1185 nihil
3234 1133 3410 1189 minus

1819 1221 2045 1282 uterque
2073 1220 2156 1268 est
2183 1212 2457 1279 dominus;
2486 1212 2557 1270 ita
2579 1224 2635 1272 et
2654 1217 2760 1285 hic,
2790 1219 2833 1273 si
2863 1227 3089 1291 uterque
3117 1224 3408 1280 secundum

1819 1305 2175 1361 substantiam
2214 1314 2357 1362 esset
2398 1306 2537 1364 ﬁlius
2576 1317 2632 1364 et
2662 1308 2927 1378 dominus,
2970 1324 3191 1383 possent
3224 1316 3407 1385 aliquo

1818 1399 1981 1456 modo
2007 1398 2114 1455 duo
2143 1397 2236 1453 lilii
2256 1406 2308 1454 et
2336 1388 2538 1455 domini
2558 1404 2875 1473 nuncupari,
2899 1405 3191 1461 secundum
3221 1423 3408 1464 nume-

1818 1510 1937 1551 rum
1973 1508 2346 1565 personarnm.
2390 1492 2655 1559 Quoniam
2682 1510 2814 1551 vero
2852 1496 2940 1552 hic
2967 1497 3182 1565 quidem
3212 1514 3407 1554 secun-

1819 1586 1945 1643 dum
1975 1585 2326 1641 substantiam
2362 1584 2500 1639 ﬁlius
2528 1585 2712 1640 existit
2736 1594 2791 1640 et
2815 1587 3081 1653 dominus,
3112 1590 3198 1646 hic
3226 1598 3406 1646 autem

1820 1678 2114 1735 secundum
2143 1679 2430 1733 essentiam
2460 1692 2562 1733 nec
2602 1675 2762 1742 ﬁlius,
2807 1694 2906 1735 nec
2928 1680 3175 1737 dominus
3202 1698 3403 1753 appro-

1820 1772 2008 1838 batur;
2040 1770 2421 1840 conjunctione
2458 1785 2587 1827 vero
2618 1787 2737 1841 qua:
2780 1771 2855 1827 illi
2884 1771 3023 1828 facta
3053 1790 3174 1829 cum
3203 1775 3295 1831 illo
3324 1785 3408 1832 est

127 1862 279 1933 quod
306 1870 611 1933 susceptum
645 1870 744 1927 est,
776 1878 898 1917 cum
924 1862 1249 1933 suscipiente
1283 1862 1507 1918 sortitur
1524 1902 1539 1928 ,
1568 1862 1716 1918 velut
1745 1871 1795 1933 Β
1820 1864 2005 1919 iisdem
2021 1863 2366 1934 participasse
2385 1864 2746 1932 cognoscitur,
2762 1863 2960 1920 idcirco
2982 1882 3144 1920 unum
3166 1865 3329 1922 lilium
3349 1876 3406 1923 et

126 1956 390 2021 templum
419 1953 534 2023 ejus
557 1953 886 2008 individuum
913 1969 1281 2024 perseverans.

202 2044 257 2099 ‘2.
293 2055 317 2081 κ
350 2044 537 2099 Omnia
579 2045 720 2099 enim
758 2059 1115 2115 quaecumque
1142 2045 1249 2101 duo
1288 2044 1555 2110 dicuntur,
1590 2053 1715 2101 tunc

124 2138 361 2195 duorum
423 2137 701 2192 continent
748 2152 901 2190 usum
931 2178 945 2203 ,
1008 2136 1223 2206 quando
1285 2136 1513 2191 alterum
1560 2136 1717 2191 alteri

126 2229 444 2286 indiderens
515 2228 786 2293 creditur,
839 2227 991 2297 juxta
1047 2228 1191 2297 quod
1262 2227 1490 2283 duorum
1556 2243 1717 2284 voca-

123 2322 318 2377 bulum
345 2321 988 2393 connumerationemque
1035 2322 1261 2377 sortitur
1285 2340 1297 2376 :
1325 2322 1474 2377 verbi
1504 2323 1675 2391 gratia
1700 2362 1714 2389 ,

120 2422 365 2483 quatuor
400 2414 596 2472 bestias
622 2413 799 2473 divina
839 2413 1114 2485 Scriptura
1140 2422 1529 2471 commemorat
1553 2413 1717 2486 (Dan.

1817 1954 2091 2009 dominum
2119 1953 2361 2009 dicimus.
2395 1952 2769 2025 Principaliter
2795 1954 3012 2024 quidem
3037 1955 3394 2026 intelligentes

1813 2061 1937 2101 eum
1989 2044 2153 2099 ﬁlium
2199 2052 2254 2099 et
2299 2044 2602 2111 dominum,
2656 2045 2749 2114 qui
2804 2046 3096 2101 secundum
3148 2048 3398 2104 substan-

1818 2140 1946 2193 tiam
1976 2144 2260 2206 utrumque
2284 2142 2555 2193 vere'esse
2584 2138 2820 2194 creditur
2844 2147 2898 2194 et
2925 2141 3184 2210 probatur
3208 2160 3221 2207 ;
3253 2158 3406 2198 com-

1818 2229 2115 2301 plectentes
2142 2237 2321 2284 autem
2344 2229 2672 2298 cogitatione
2701 2236 2755 2283 et
2786 2229 2932 2284 illum
2962 2231 3051 2299 qui
3084 2230 3409 2303 inseparabi-

1821 2322 1943 2377 liter
1973 2322 2023 2377 ci
2046 2320 2404 2390 conjungitur,
2437 2327 2492 2375 et
2518 2334 2618 2391 per
2646 2318 2967 2377 inell‘abilem
2997 2337 3115 2376 cum
3138 2336 3204 2378 eo
3232 2338 3404 2395 copu-

1821 2413 1927 2468 lam
1950 2421 2005 2469 et
2025 2410 2335 2484 ﬁlii[Baluz.
2360 2411 2453 2465 tllii
2473 2410 2547 2483 et]
2569 2410 2774 2466 domini
2793 2412 3064 2483 particeps
3084 2414 3400 2471 aestimatur.

1292 2570 1835 2629 CASTlGATlONES
1873 2571 1961 2628 ET
1998 2569 2230 2627 NOTAE.

116 2688 224 2741 sed
251 2688 405 2742 etiam
434 2673 641 2757 inﬁn'na
688 2685 779 2739 illa
820 2686 1011 2757 scripta
1050 2683 1372 2738 audientibus
1417 2701 1707 2756 apparere:

113 2760 373 2829 quoniam
420 2773 575 2829 neque
613 2757 765 2829 ﬁrma
813 2758 1031 2829 ratione,
1044 2771 1220 2829 (neque
1257 2757 1574 2829 convenienti
1614 2757 1709 2810 hoc

114 2825 373 2897 possibile
399 2825 509 2881 erat
539 2825 768 2892 ostendi;
799 2836 849 2879 et
874 2825 936 2879 ab
975 2826 1080 2880 illis
1112 2825 1306 2880 idcirco
1346 2826 1572 2895 inﬁmis
1600 2835 1711 2879 erat

115 2900 495 2967 conscriptum,
525 2906 773 2967 quatenus
814 2897 902 2949 ille
929 2898 1013 2966 qui
1054 2897 1329 2965 scripserat
1358 2897 1561 2966 [acilius
1590 2897 1711 2951 inde

114 2966 360 3021 convinci
390 2966 655 3034 potuisset.
692 2966 835 3021 Unus
856 2984 975 3037 ergo
1004 2983 1068 3019 ea:
1094 2967 1286 3037 nostris
1304 3006 1323 3037 ,γ
1341 2976 1547 3037 propter
1572 2968 1709 3020 mul-

118 3046 236 3091 tam
265 3037 583 3107 facilitatem,
622 3037 742 3107 hau:
782 3035 982 3107 nostrai
1007 3053 1118 3089 esse
1147 3035 1365 3107 credidit
1409 3035 1620 3106 scripta,
1662 3046 1713 3091 et

116 3104 283 3187 hujus
304 3109 376 3161 rei
396 3109 568 3178 gratia
597 3106 779 3187 dignus
800 3107 905 3187 ﬁde
932 3104 994 3187 tib
1022 3107 1125 3159 illis
1149 3106 1370 3187 creditus
1392 3116 1485 3171 est,
1510 3104 1601 3187 qui
1614 3109 1716 3162 ista

117 3177 425 3249 perlegeret,
457 3188 505 3230 et
529 3177 835 3249 renuntiavit
873 3177 1019 3249 nobis
1046 3194 1107 3229 ea
1134 3178 1475 3249 qumfuerant
1500 3177 1710 3247 scripta.
1762 3222 1765 3225 μ

117 3246 403 3319 Εηηιένθο
434 3248 767 3311 audissemus,
801 3248 1113 3319 culpavimus
1132 3246 1343 3319 (quidem
1372 3247 1537 3319 illum,
1580 3246 1715 3319 quod

116 3328 313 3373 contra
341 3316 447 3372 'nos
488 3320 641 3372 dictis
668 3317 987 3371 sermonibus
1017 3316 1318 3371 credidisset
1347 3316 1408 3370 de
1448 3318 1525 3371 his
1564 3316 1712 3375 rebus

116 3406 259 3463 quas
294 3391 487 3463 satpins
526 3390 667 3463 etin
714 3387 945 3463 Ecclesid
981 3397 1029 3463 et
1068 3388 1307 3459 privatim
1355 3387 1591 3463 dicentes_
1619 3407 1712 3463 nos

116 3459 345 3522 audivit,
376 3459 491 3513 eum
519 3460 804 3529 fideliorem
845 3460 1051 3529 scriptis
1093 3466 1322 3511 nostram
1352 3474 1522 3511 vocem
1561 3459 1711 3529 judi-

117 3547 262 3609 care
279 3528 527 3609 debuerit,
554 3528 622 3582 ad
643 3528 999 3582 documentum
1021 3537 1213 3581 nostra:
1233 3529 1521 3592 sententiw,
1552 3528 1717 3609 [quam
1740 3546 1787 3609 (ς
1820 3534 1873 3609 et
1899 3528 2164 3609 36lannos
2192 3532 2357 3609 sedit;
2382 3531 2477 3587 sed
2500 3528 2663 3586 etiam
2691 3528 2816 3609 ante
2856 3547 3053 3586 annum

1815 2682 2321 2757 doro_A_ntiochenae
2340 2679 2594 2757 Ecclesia:
2630 2685 2966 2757 presbytero,
2997 2685 3149 2755 cujus
3184 2685 3403 2757 Genna-

1816 2754 1936 2810 dius
1956 2753 2288 2822 Photiusque
2307 2752 2687 2819 meminerunt,
2714 2752 2835 2810 esse
2864 2752 3153 2812 diversum.
3182 2755 3403 2815 Certum

1817 2826 1959 2906 enim
1980 2831 2064 2906 est
2083 2840 2113 2877 a
2140 2822 2520 2906 Mopsuesteno
2548 2826 3029 2906 conscriptosesse
3067 2826 3235 2906 libros
3265 2843 3404 2897 quos

1818 2894 2155 2967 Antiocheno
2182 2894 2419 2950 tribuunt
2444 2894 2830 2967 Gennadiuset
2858 2894 3098 2967 Photius.
3122 2894 3232 2951 Cur
3250 2894 3402 2967 ergo,

1818 2965 2059 3036 inquies,
2109 2973 2332 3019 vocatur
2385 2966 2733 3023 Antiocheam
2780 2964 3032 3021 Ecclesia:
3079 2964 3404 3036 presbyter?

1818 3034 1969 3106 More
2009 3043 2270 3091 consueto
2317 3036 2476 3105 hujus
2522 3036 2798 3106 temporis,
2849 3050 2956 3105 quo
3008 3034 3403 3095 inscribebatur

1819 3105 1968 3161 libris
1995 3105 2192 3175 gradus
2218 3112 2499 3162 auctorum
2517 3147 2533 3173 ,
2560 3108 2614 3163 in
2638 3105 2751 3177 quo
2779 3107 2938 3178 positi
2968 3106 3135 3164 libros
3162 3107 3401 3169 conscri-

1816 3185 2056 3247 pserant.

1890 3246 1968 3302 Ex
1987 3249 2079 3321 his
2107 3257 2287 3321 autem
2311 3250 2608 3306 observatis
2628 3250 2821 3318 colligo
2841 3251 3090 3321 primum,
3122 3250 3399 3320 scripsisse

1820 3316 2161 3391 Theodorum
2188 3320 2352 3376 libros
2379 3321 2446 3377 de
2473 3316 2862 3387 lncarnatione,
2894 3336 3001 3376 non
3026 3321 3197 3376 solum
3225 3316 3402 3391 prius-

1816 3401 1976 3456 quam
2004 3387 2155 3461 ﬁcret
2184 3391 2491 3461 episcopus,
2528 3400 2691 3460 atque
2719 3391 2854 3446 adeo
2884 3400 3008 3446 ante
3046 3387 3245 3446 annum
3274 3390 3397 3459 594,

1816 3471 1923 3526 quo
1964 3460 2195 3529 primum
2222 3460 2425 3543 sedere
2449 3463 2643 3543 cmpit,
2674 3461 2889 3530 scripsit
2926 3462 3067 3516 enim
3081 3462 3399 3587 2presbyter,

1820 3534 1873 3582 et
1899 3529 1966 3582 36
1994 3546 2164 3586 annos
2192 3532 2357 3587 sedit:
2382 3531 2477 3587 sed
2500 3540 2663 3586 etiam
2691 3539 2816 3585 ante
2856 3547 3053 3586 annum
3116 3532 3201 3587 90.
3234 3546 3399 3587 SIQUI-

3188 3573 3201 3597 ,
3234 3546 3402 3599 anut-

115 3601 184 3671 ig
227 3600 549 3671 dogmatibus
596 3609 1042 3671 votum__nostrum
1092 3608 1168 3652 est
1206 3614 1506 3651 conservare
1545 3598 1717 3671 (Apud
1746 3598 1787 3609 “”
1821 3598 1943 3671 dem
1983 3600 2124 3656 hunc
2151 3602 2393 3657 codicem
2429 3602 2795 3671 composuisse
2823 3617 2882 3657 se
2931 3610 3158 3657 testatur
3183 3598 3401 3671 triginta

116 3668 461 3735 Facundum,
488 3669 575 3724 lib.
610 3686 661 3734 χ,
690 3686 735 3722 c.
771 3668 843 3739 1).

179 3740 355 3826 Atilue
369 3741 489 3799 inde
506 3737 1287 3826 iitiiel‘ligiiitifquot'i‘b}entiadius
1302 3740 1508 3826 (Libye
1519 3739 1710 3826 Script.

118 3808 331 3881 Ecclés.
365 3827 476 3881 cap.
518 3809 599 3879 l2)
627 3810 843 3864 tradidit
863 3810 929 3863 dc
946 3808 1229 3865 Theodoro
1247 3808 1593 3865 Antiocheam
1615 3808 1716 3867 Ec-

117 3880 307 3961 clesiie
331 3880 647 3961 presbytero
664 3920 693 3961 ,.
706 3881 795 3949 qui
818 3880 1022 3961 scripsit
1042 3880 1284 3961 adversus
1315 3881 1713 3961 {ipollinarist‘as

117 3960 181 4004 et
209 3948 559 4022 Eunomian'os
590 3950 651 4003 de
680 3948 1033 4003 incarnatione
1072 3950 1281 4005 Domini
1312 3948 1466 4005 libros
1496 3952 1712 4022 quinde-

118 4022 248 4085 cim,
274 4021 341 4075 ad
360 4022 647 4093 quindecim
677 4022 837 4073 millia
853 4038 1083 4093 versuum
1100 4024 1438 4093 continentes,
1462 4020 1516 4074 in
1536 4020 1712 4090 quibus

117 4094 336 4162 ratique
361 4090 654 4162 purissima,
679 4101 729 4145 et
756 4092 1054 4162 testimoniis
1087 4090 1496 4162 Scripturarum,
1539 4100 1711 4143 osten—

119 4162 207 4215 dit
242 4159 521 4218 Dominum
556 4159 754 4225 Iesum,
786 4162 916 4214 sicut
944 4159 1313 4230 plenitudinem
1354 4159 1606 4223 Deitatis,
1638 4162 1711 4213 ita

116 4232 497 4303 plenitudinem
523 4230 1143 4303 [inmanitatishabuisse.
1182 4230 1345 4303 Docet
1381 4240 1431 4284 et
1458 4231 1713 4303 hominem

117 4301 325 4356 duabus
366 4310 564 4355 tantum
602 4301 901 4355 substantiis
936 4311 1202 4361 constare,
1241 4301 1298 4355 id
1324 4309 1429 4364 est,
1460 4302 1635 4353 anima
1663 4310 1714 4355 et

117 4389 708 4444 corpore;_sensumque
744 4380 792 4424 et
815 4372 1050 4444 spiritum
1080 4388 1185 4424 non
1227 4371 1443 4444 alterum
1472 4369 1712 4444 substan-

118 4439 276 4514 tiam,
308 4442 397 4498 sed
435 4444 600 4514 ofﬁcia
624 4439 748 4497 esse
787 4439 977 4514 animae
1018 4442 1269 4514 ingenita,
1314 4439 1493 4514 quibus
1523 4442 1708 4512 spirat,

196 4512 306 4567 ibus
351 4509 619 4568 rationalis
665 4521 771 4574 est,
822 4509 1000 4583 quibus
1047 4509 1286 4565 sensibile
1319 4509 1457 4633 [urit
1504 4509 1705 4581 carpus.

196 4593 381 4633 tortum
408 4585 660 4633 decimum
694 4592 864 4633 autem
892 4582 1042 4633 huius
1071 4583 1239 4633 oneris
1278 4582 1313 4633 li
1352 4598 1463 4633 rum
1505 4582 1705 4633 nronrie

196 4530 306 4567 wus
351 4530 619 4568 ranonaus
665 4530 771 4574 est,
822 4530 1000 4583 quibus
1047 4530 1286 4565 sensume
1355 4530 1457 4563 acu
1504 4530 1705 4581 corpus.

115 4530 381 4649 Bitartum
408 4585 660 4639 decimum
694 4592 864 4636 autem
892 4582 1042 4653 hujus
1071 4583 1239 4653 operis
1278 4530 1463 4635 librum
1503 4582 1711 4651 proprie

117 4656 190 4710 de
235 4657 466 4709 increata
513 4662 562 4708 et
608 4654 720 4708 sola
765 4655 1087 4723 incorporea,
1134 4653 1441 4723 dominoque
1482 4653 1709 4723 omnium

116 4736 319 4781 sancta:
342 4725 612 4780 Trinitatis
630 4732 836 4786 natura,
860 4731 909 4775 et
930 4722 991 4775 de
1012 4721 1367 4776 creaturarum
1385 4723 1588 4775 ratione
1609 4721 1711 4777 dis-

115 4813 318 4860 serens,
352 4797 436 4866 pio
461 4811 633 4859 sensu,
657 4811 779 4866 cum
807 4794 1112 4866 auctoritate
1144 4802 1441 4866 sanctarum
1464 4791 1706 4863 Scriptu-

115 4884 319 4931 rarum,
350 4862 614 4937 explicuit.
642 4863 832 4937 Quinto
870 4862 1064 4937 decimo
1080 4879 1213 4937 _vero
1255 4863 1507 4937 volumine
1548 4870 1708 4937 togam

1820 3670 1976 3742 annis
2008 3680 2295 3740 antequam
2321 3674 2388 3726 de
2416 3670 2747 3741 Apollinario
2789 3681 2843 3727 et
2884 3672 3000 3742 ejus
3026 3672 3216 3728 haeresi
3263 3670 3399 3727 Scri-

1818 3737 2006 3814 heret,
2064 3737 2208 3814 quod
2260 3757 2397 3812 opus
2444 3737 2776 3814 elucubravn
2816 3737 3044 3814 aliquoL
3069 3743 3221 3814 annis
3274 3749 3401 3797 ante

1819 3809 2023 3879 obitum
2050 3809 2225 3866 {obiit
2251 3809 2383 3868 vero
2412 3828 2539 3867 ann.
2570 3812 2694 3879 428,
2727 3823 2786 3867 ut
2816 3809 2976 3867 tradit
3006 3811 3394 3867 Theodoretus.

1887 3878 2095 3953 (lolligo
2120 3921 2135 3947 ,
2177 3882 2371 3953 deinde
2394 3925 2408 3948 ,
2459 3882 2852 3937 emendandum
2880 3898 3023 3953 (esse
3058 3882 3397 3953 illesychium

1816 3950 2734 4023 presbyteruni_Hierosolymorum
2780 3952 2855 4023 in‘
2878 3952 3102 4023 historia
3147 3950 3398 4023 ecclesia-

1816 4016 2154 4092 stica_,__'cujus
2193 4016 2859 4092 fragmentuinprofertur‘
2878 4022 2931 4075 in
2956 4039 2990 4077 v
3016 4021 3221 4092 synodo
3253 4020 3398 4092 (Col-

1818 4089 1907 4162 lat.
1943 4088 2027 4159 5);
2061 4090 2135 4143 ait
2163 4088 2306 4144 enim
2336 4092 2485 4162 (Cap.
2517 4088 2638 4159 ult.)
2673 4109 2685 4143 ε
2722 4090 2991 4145 Senectute
3003 4088 3118 4161 jam
3147 4088 3279 4145 cana
3308 4091 3398 4146 de-

1816 4158 2065 4225 bilitatus,
2097 4162 2300 4231 pietatis
2338 4158 2583 4227 scintilla,
2615 4158 2660 4215 si
2688 4178 2797 4283 (qua
2832 4163 2964 4232 forte
3004 4158 3063 4215 in
3102 4162 3392 4283 eo£uisset,

1816 4230 2112 4283 inveterata.
2146 4229 2301 4283 libros
2331 4248 2633 4283 componere
2653 4248 2683 4283 a
2723 4248 2894 4283 versus
2935 4231 3143 4283 Domini
3223 4233 3269 4283 ei
3298 4249 3392 4283 an-

1813 4229 2112 4302 inveterata,
2146 4229 2301 4285 libros
2331 4248 2633 4301 componere
2653 4229 2894 4302 adversus
2935 4231 3143 4286 Domini
3172 4229 3269 4285 Dei
3298 4249 3395 4302 ap-

1795 4301 2122 4373 paritionem
2144 4304 2491 4372 praesumpsit,
2523 4318 2739 4373 quorum
2770 4301 3146 4373 multitudinem
3176 4301 3393 4373 prester-

1814 4370 2066 4424 mittentes
2098 4374 2212 4441 (nec
2241 4370 2376 4425 enim
2397 4374 2478 4442 fas
2506 4370 2583 4425 est
2609 4373 2796 4442 impios
2817 4372 3068 4427 revolvere
3088 4370 3391 4497 sernwnetg,

1814 4441 1966 4493 unius
1996 4442 2048 4495 in
2090 4443 2335 4497 orazsenti
2360 4444 2657 4496 memoriam
2703 4444 2973 4497 faciamus.
3010 4443 3135 4497 Aait
3169 4458 3299 4497 vero
3365 4459 3391 4497 e

1812 4441 1966 4513 unius
1996 4442 2048 4495 in
2089 4443 2335 4513 prazsenti
2360 4441 2689 4513 memoriam;
2700 4444 2973 4513 faciamus.
3010 4443 3135 4513 Agit
3169 4441 3398 4513 verorde

1814 4508 1917 4590 hoc
1946 4511 2063 4580 ipso
2089 4508 2284 4635 egere,
2330 4512 2595 4580 siquidem
2643 4508 2911 4568 Theodori
2949 4508 3202 4583 quiddam
3230 4512 3397 4569 refert

1814 4595 1867 4633 in
1897 4583 2133 4635 sermoni
2172 4598 2236 4635 us
2272 4583 2510 4635 mvsticis
2540 4600 2552 4635 :
2586 4590 2641 4635 at
2665 4597 2941 4635 sermones
2969 4583 3177 4635 mvstici
3211 4584 3397 4635 procul

1814 4583 1867 4653 i_n
1887 4583 2236 4653 sermonibus
2272 4583 2510 4653 mysticis
2540 4600 2552 4636 :
2586 4590 2641 4636 at
2665 4597 2941 4639 sermones
2969 4583 3177 4653 mystici
3211 4584 3397 4653 procul

1813 4649 1976 4705 dubio
2006 4667 2037 4705 a
2075 4652 2259 4707 codice
2298 4649 2366 4708 de
2394 4652 2767 4708 lncarnatione
2818 4670 2926 4710 non
2957 4649 3229 4715 dill‘erunt;
3272 4669 3394 4708 cum

1811 4718 2094 4795 Facundos
2115 4738 2183 4777 ex
2211 4722 2357 4795 libro
2377 4722 2455 4795 ἰᾷ
2472 4724 2686 4795 mystico
2725 4723 2923 4779 referat
2947 4724 3092 4795 quod
3118 4723 3171 4777 in
3201 4722 3292 4777 lib.
3326 4722 3394 4778 de

1811 4789 2185 4849 lncarnatione
2204 4791 2303 4848 fuit
2328 4794 2397 4849 de
2426 4789 2592 4849 Paulo
2622 4789 2996 4849 Samosateno.

1885 4870 1910 4898 η
1940 4861 2194 4918 Callidius
2222 4864 2355 4919 nihil
2393 4863 2463 4919 ad
2502 4864 2838 4920 dialecticam
2878 4864 2983 4919 dici
3012 4862 3205 4933 potuit.
3226 4932 3232 4933 ί
3255 4860 3391 4917 Tra-

116 4929 635 5006 operis'sui'corpus,
678 4936 847 4988 citatis
886 4936 1041 4987 etiam
1071 4932 1290 4986 Patrum
1320 4931 1703 5001 traditionibus,
1734 4930 1785 4991 D
1810 4929 1944 4987 dunt
1971 4934 2275 5006 enimartis
2300 4935 2441 4990 illius
2467 4936 2728 5006 magistri,
2752 4949 2861 5006 non
2886 4929 3205 5006 coalescere
3221 4932 3274 4986 in
3298 4949 3391 4987 nu-

116 5007 444 5062 confirmavit
470 5016 519 5061 et
546 5006 891 5061 communivit.

242 5091 376 5147 eque
396 5077 541 5132 enim
567 5076 743 5147 potuit
768 5074 1110 5147 dgalioAsive
1135 5088 1319 5144 opere,
1349 5073 1460 5147 sive
1486 5080 1707 5128 auctore

116 5143 307 5219 loqui;
338 5164 498 5219 quam
542 5143 609 5219 de
660 5143 1317 5219 quod'i‘hcodorus,’cum
1364 5143 1707 5219 characteres

116 5214 304 5288 operis
324 5214 461 5288 quos
488 5215 652 5273 refert
678 5214 904 5288 miriﬁce
944 5222 1242 5288 congruant
1270 5214 1529 5288 cum‘illis
1566 5228 1704 5284 quos

165 5275 406 5345 acundus
430 5302 671 5359 quosque
699 5285 1014 5341 Theodorus
1038 5275 1157 5359 ipse
1186 5284 1459 5359 exprimit.
1584 5275 1601 5284 ’
1686 5275 1738 5359 _/

191 5360 394 5416 Verum
441 5354 725 5430 ergo—non
760 5364 868 5430 est,
911 5354 1073 5430 quod
1099 5354 1340 5430 nonnuili
1386 5354 1535 5430 aiunt
1562 5355 1704 5430 apud

118 5430 381 5497 Mil-tcum,
412 5430 467 5485 id
506 5424 685 5500 epcris
707 5424 1055 5500 tribuendum
1081 5440 1200 5481 esse
1240 5424 1535 5500 Theodor_0_
1576 5424 1703 5500 R_ai-_

118 5493 377 5567 thuensij
398 5493 712 5556 vixit-enim
744 5497 1087 5551 Raithuensis
1126 5495 1457 5567 temporibus
1485 5493 1703 5567 Maximi

120 5565 393 5639 martyris,
426 5571 477 5626 id
506 5579 614 5631 est.
656 5570 885 5639 septimo
912 5568 1127 5631 saeculo,
1155 5565 1700 5639 Gennadiusqninto,

120 5590 265 5627 mart
287 5590 393 5633 'l'lS,
426 5590 477 5626 ια
506 5590 614 5631 εει,
656 5590 885 5639 septimo
912 5590 1127 5631 5356010,
1155 5590 1464 5622 ucxtuuurus
1491 5590 1695 5635 ψιιιιιυ,

119 5645 223 5697 sub
267 5590 456 5706 bnem,
494 5652 656 5711 atque
698 5640 772 5694 ita
804 5639 941 5694 inter
970 5648 1255 5707 utrumque
1295 5638 1421 5691 anui
1452 5636 1564 5690 fere
1596 5636 1695 5691 168

119 5713 533 5769 interﬂuxerint.

115 5808 123 5836 τ
192 5784 377 5853 Neque
405 5784 567 5838 etiam
606 5797 810 5853 verum,
840 5779 984 5849 quod
1013 5778 1233 5853 eruditis
1270 5777 1588 5853 quibusdam
1619 5778 1697 5832 vi-

121 5847 308 5923 detur,
330 5854 669 5911 Theodorum
690 5847 1121 5923 Mopsuestcnum
1148 5847 1455 5923 episcopum
1478 5866 1505 5903 ει
1530 5847 1699 5905 Theo-

1811 5017 2038 5086 merum,
2080 5004 2181 5059 nisi
2210 5020 2330 5086 qua:
2357 5013 2483 5086 sunt
2510 5002 2748 5086 ejusdem
2769 5002 3257 5086 .denominationis,
3290 5018 3392 5086 nec

1812 5072 2051 5144 ejusdem
2080 5089 2199 5129 esse
2226 5072 2697 5138 denominationis,
2730 5074 2831 5129 nisi
2860 5088 2979 5144 qua:
3007 5073 3199 5144 eodem
3227 5072 3390 5127 modo

1809 5143 2052 5199 eamdem
2102 5146 2327 5201 formam
2372 5146 2633 5210 habeant;
2672 5159 2831 5213 quam
2879 5143 3195 5199 Aristoteles
3232 5150 3393 5198 vocat

1809 5214 1979 5285 ρύσίαν
2000 5218 2128 5271 κατὰ
2150 5219 2387 5285 τούνομα.
2422 5214 2539 5285 Quo
2568 5231 2634 5270 ex
2664 5214 2928 5285 principio
2955 5213 3269 5285 Theodorus
3313 5213 3388 5267 in-

1807 5282 1910 5337 fert
1957 5302 1968 5337 :
2026 5300 2153 5355 ergo
2190 5282 2316 5341 licet
2370 5284 2605 5340 Verbum
2651 5282 2707 5339 et
2763 5282 2943 5355 hoino,
2974 5300 3083 5339 non
3135 5284 3389 5355 uniantur

1807 5356 1914 5427 ηαθν
1935 5354 2239 5427 ὑπόστασιν,
2269 5355 2381 5427 sed?
2410 5357 2596 5427 σχέσει
2639 5362 2879 5421 tantum;
2916 5354 3039 5427 duo,
3060 5362 3237 5409 tamen
3268 5354 3384 5427 lilii,

1810 5423 2024 5497 duoque
2053 5426 2253 5497 domini
2282 5425 2386 5482 dici
2427 5423 2535 5481 non
2559 5432 2782 5497 possunt
2823 5442 2835 5477 :
2878 5426 3143 5497 quoniam
3179 5426 3279 5480 etsi
3320 5424 3388 5477 ti-

1812 5493 2008 5551 lietatis
2033 5513 2097 5551 ac
2122 5493 2576 5555 denominationis
2614 5498 2839 5552 fortnam
2868 5493 3110 5550 eamdem
3133 5496 3385 5562 habeant,

1810 5581 1918 5620 non
1955 5575 2133 5623 tamen
2171 5566 2362 5623 eodem
2404 5567 2567 5623 modo
2595 5568 2812 5632 habent,
2844 5566 3077 5620 Verbum
3124 5567 3385 5634 siquidem

1809 5645 2019 5706 natura,
2043 5638 2203 5692 homo
2244 5638 2357 5693 sola
2399 5636 2778 5706 conjunctione
2815 5656 2827 5689 :
2862 5636 3001 5691 unde
3045 5637 3224 5692 audita
3256 5655 3387 5694 voce

1807 5705 1925 5760 Filii
1973 5707 2086 5771 Dei,
2145 5705 2752 5777 omniumque'domini,
2806 5707 3038 5763 Verbum
3088 5723 3185 5777 per
3221 5724 3280 5763 se
3333 5719 3389 5763 et

1807 5780 1987 5863 κυρίατς
2016 5785 2177 5863 atque
2206 5775 2518 5852 simpliciter
2540 5778 2867 5850 intelligitur,
2893 5780 3053 5835 homo
3076 5775 3205 5847 τέοιτᾴ
3226 5802 3275 5837 τι
3306 5775 3409 5841 at.‘

1806 5864 1908 5916 que
1940 5852 2229 5919 ὁμωνύμως.
