3924 6282
134 318 263 377 1061

1082 311 1454 372 EXCERPTA
1493 311 1842 370 THEODOlll
1879 305 2412 368 MOPSUESTENSI.

3243 299 3382 360 {062

131 435 289 504 igitur
315 446 423 487 non
447 431 678 503 proﬁcit,
707 443 808 486 nec
847 429 990 486 enim
1035 429 1377 500 imperfectus
1416 435 1518 492 est,
1548 434 1605 484 ut
1634 426 1700 484 ad
1726 429 1776 496 Α
1803 425 1964 479 homo
2009 423 2131 478 hinc
2168 430 2248 476 esl
2278 439 2289 473 :
2334 418 2498 474 Maria
2539 432 2648 473 non
2692 414 2902 488 peperit
2924 413 3193 504 Verbum,
3226 412 3253 452 ιι
3284 430 3385 476 nec

132 524 514 598 perfectionem
537 522 880 578 incrementis
903 521 1154 589 indigeat.
1171 529 1196 558 α
1212 519 1329 578 Non
1343 520 1486 578 enim
1510 519 1559 576 ei
1576 533 1701 578 mox

131 619 358 674 formato
385 616 470 672 vel
514 616 660 671 edito
688 630 903 671 omnem
934 614 1212 684 propriam
1235 611 1554 683 sapientiam
1581 609 1703 668 Dei-

131 720 213 768 tas
232 710 458 767 contulit
479 728 492 777 ;
525 709 619 765 sed
642 710 780 765 hanc
798 708 1157 780 particulatim
1178 706 1394 777 corpori
1416 704 1698 762 tribuebat.

199 802 250 856 5.
281 801 310 842 ιι
339 801 542 876 Dicite,
559 801 748 872 inquit,
777 801 851 855 eis
879 817 897 854 :
927 799 1241 871 Prophetam
1270 795 1410 855 vobis
1434 792 1700 853 suscitabit

129 893 382 948 Dominus
409 892 550 947 Deus
574 901 735 947 vester
761 907 825 946 ea:
853 890 1098 962 fratribus
1123 890 1300 946 vestris
1328 897 1590 959 tamquam
1619 901 1699 946 me

131 983 306 1056 (Deut.
336 1000 481 1049 xvm,
511 981 619 1052 15).
643 981 724 1037 Ex
754 981 1002 1038 fratribus
1026 995 1135 1038 non
1155 985 1238 1037 est
1259 979 1400 1038 Deus
1428 976 1663 1040 Verbum
1690 994 1702 1029 ‘-

129 1077 392 1148 propheta
419 1090 652 1144 namque
677 1074 870 1144 estqui
895 1073 1118 1142 gratiam
1146 1071 1377 1142 Spiritus
1407 1069 1619 1139 accipit,
1650 1075 1706 1122 et

128 1166 303 1222 futura
335 1165 591 1236 pnedicit,
612 1165 917 1219 ministrans
936 1161 1178 1233 Spiritui.
1203 1160 1271 1215 ad
1298 1157 1708 1230 przenuntianda

131 1255 336 1328 [Baluz.
385 1250 802 1326 pronuntianda]
845 1269 909 1316 ea
955 1266 1073 1322 qua“:
1113 1257 1337 1306 ventura
1383 1257 1525 1304 sunt.
1567 1248 1708 1304 Deus

131 1348 290 1418 igitur
317 1347 566 1414 Verbum,
601 1347 690 1402 cui
732 1344 1090 1412 ministerium
1135 1343 1382 1414 praebuit,
1431 1350 1523 1397 aut
1551 1340 1706 1411 cujus

129 1439 391 1509 propheta
433 1445 764 1493 monstratus
810 1438 938 1492 est?
981 1435 1142 1491 Vides
1183 1447 1312 1503 ergo
1360 1433 1484 1504 quia
1527 1432 1710 1487 divina

129 1530 403 1600 Scriptura
433 1538 590 1586 caute
618 1529 950 1600 pronuntiat.

198 1623 253 1676 6.
286 1620 486 1678 Precor
528 1621 721 1690 inquit,
772 1618 1050 1679 attendite.
1099 1617 1296 1674 Dicunt
1339 1616 1407 1672 ad
1447 1620 1555 1672 nos
1589 1634 1601 1669 :
1643 1614 1713 1672 Ut

129 1713 254 1784 quid
283 1711 545 1782 separatis
572 1711 744 1779 ergo?
773 1710 881 1766 Vos
909 1708 1252 1779 respondete,
1281 1709 1374 1779 qui
1412 1723 1519 1762 non
1557 1722 1712 1777 sepa-

1807 516 1950 576 enim
1996 515 2162 570 Maria
2196 521 2312 569 erat
2336 512 2476 566 Deus
2503 509 2708 582 [Datim
2737 525 2839 563 om.
2863 503 3061 578 Deus];
3093 505 3188 561 sed
3208 505 3387 560 homio

1807 625 1929 670 nem
1958 609 2110 664 nobis
2136 607 2364 664 similem
2387 604 2588 674 genuit,
2615 602 2893 658 meliorem
2915 616 3041 657 vero
3062 615 3160 672 per
3184 599 3386 664 omnia,

1806 701 1931 770 quia
1960 701 2026 756 de
2053 700 2254 770 Spiritu
2281 705 2489 753 sancto.
3393 741 3402 748 .

1883 794 1936 848 8.
1982 804 2004 832 ε
2036 793 2118 847 Ad
2153 793 2380 864 diligens
2425 797 2755 858 cautumque
2799 787 3108 858 dogmatum
3135 801 3235 842 vos
3259 799 3390 840 exa-

1811 902 1936 942 men
1955 887 2230 942 evehimus
2265 904 2278 939 :
2315 885 2333 926 ί
2367 885 2672 946 laboramus
2705 890 2928 953 propter
2957 897 3071 950 vos,
3116 894 3186 935 ne
3224 878 3393 934 ratio-

1810 994 1934 1034 nem
1963 977 2189 1032 Domino
2210 976 2493 1032 reddamus
2516 990 2614 1046 pro
2636 979 2820 1029 nostro
2840 974 3073 1030 silentio.
3117 971 3393 1028 Perfectus

1811 1079 1936 1127 ante
1964 1069 2158 1125 stecula
2186 1069 2350 1123 Filius
2378 1067 2674 1138 perfectum
2703 1081 2824 1121 eum
2853 1065 2944 1135 qui
2971 1079 3040 1120 ex
3070 1063 3236 1118 David
3265 1078 3394 1134 pro-

1812 1165 1972 1228 batur
1997 1164 2299 1234 assumpsit,
2333 1163 2497 1217 Filius
2524 1162 2620 1217 Dei
2649 1160 2812 1214 filium
2841 1159 3029 1214 David.
3079 1158 3234 1213 Dices
3261 1171 3392 1225 ergo

1812 1257 1941 1314 mihi
1969 1275 1980 1310 :
2014 1257 2158 1312 Duos
2180 1255 2316 1310 ﬁlios
2344 1253 2619 1324 praedicas.
2665 1252 2781 1312 Non
2811 1251 2932 1312 dico
2954 1251 3091 1313 duos
3117 1249 3255 1312 filios
3283 1248 3392 1304 Dav

1813 1349 1902 1404 vid
1925 1389 1938 1412 ,
1971 1347 2227 1416 numquid
2273 1346 2442 1401 Deum
2487 1345 2723 1399 Verbum
2753 1344 2918 1398 tilium
2942 1342 3107 1398 David
3147 1340 3396 1398 asserui?

1815 1439 1921 1500 Sed
1951 1453 2049 1493 nec
2071 1437 2205 1493 duos
2234 1435 2369 1491 ﬁlios
2398 1435 2492 1490 Dei
2531 1434 2821 1490 secundum
2851 1433 3201 1488 substantiam
3230 1431 3350 1488 (lico
3377 1446 3390 1486 :

1819 1539 1844 1586 δ
1877 1528 2136 1599 numquid
2153 1528 2295 1584 enim
2324 1527 2460 1584 duos
2500 1525 2636 1588 tilios.
2673 1541 2856 1592 3.856.1‘0
2881 1525 2948 1582 de
2975 1525 3068 1580 Dei
3098 1523 3398 1588 substantia

1816 1605 2036 1692 genitos
2073 1629 2196 1676 ante
2235 1619 2460 1675 saecula?
2489 1618 2618 1673 Dico
2645 1624 2822 1672 autem
2849 1616 2946 1671 Dei
2972 1617 3210 1680 Verbum
3238 1615 3396 1670 habi'

1819 1721 1964 1769 tasse
1990 1713 2040 1766 in
2070 1727 2135 1768 eo
2161 1711 2305 1782 quod
2333 1726 2397 1766 ex
2427 1707 2593 1764 David
2617 1707 2821 1764 semine
2850 1707 3248 1777 comprobatur.

130 1803 277 1857 ratis.
312 1801 575 1872 Numquid
614 1801 754 1856 Deus
782 1799 1017 1856 Verbum
1049 1798 1102 1853 in
1126 1798 1432 1854 novissimis
1456 1807 1538 1852 est
1566 1806 1705 1852 tcm-
1738 1809 1786 1869 Β
1882 1802 1934 1857 9.
1976 1804 2092 1858 Non
2121 1804 2225 1868 sic,
2272 1803 2474 1874 inquit,
2503 1800 2557 1856 in
2587 1815 2652 1856 eo
2684 1798 2835 1868 quod
2851 1806 2934 1858 est
2961 1814 3028 1858 ex
3056 1799 3260 1864 semine
3288 1798 3396 1860 Da-

130 1896 393 1968 poribus?
429 1893 565 1964 Quid
594 1894 785 1949 aiunt?
822 1891 1076 1957 Putasne,
1106 1892 1210 1947 hoc
1236 1891 1462 1948 dicunt?
1500 1890 1712 1960 Nequa-

131 2003 310 2058 quam,
359 1986 454 2053 sed
501 1994 627 2052 ante
654 1984 847 2046 saecula
876 1991 976 2040 est.
1020 1981 1088 2036 Et
1135 1983 1180 2037 si
1211 1989 1336 2044 ante
1382 1981 1576 2038 saecula
1605 1990 1708 2044 est,

130 2081 276 2150 quod
315 2089 397 2136 est
437 2095 504 2134 ex
533 2079 737 2134 semine
771 2077 956 2144 David,
989 2076 1160 2131 multo
1183 2075 1351 2144 magis
1379 2074 1491 2144 ipse
1523 2073 1708 2137 David,

131 2184 198 2224 ex
227 2186 334 2240 quo
362 2178 446 2224 est
487 2184 710 2233 semen;
743 2167 838 2222 sed
864 2183 973 2222 non
1020 2173 1105 2220 est
1133 2164 1299 2220 David
1338 2172 1462 2218 ante
1497 2164 1709 2228 saecula,

129 2276 258 2328 nam
293 2261 472 2316 multis
516 2258 824 2326 hominibus
863 2257 1123 2328 probatur
1168 2272 1286 2312 esse
1323 2255 1607 2326 posterior,
1657 2263 1714 2310 et

131 2361 256 2423 post
282 2352 464 2422 viginti
495 2359 618 2408 octo
657 2350 1035 2419 generationes
1073 2365 1104 2402 a
1131 2347 1318 2411 David,
1353 2346 1404 2401 id
1446 2346 1592 2416 quod
1631 2353 1714 2400 est

131 2461 199 2501 ex
229 2448 431 2501 semine
461 2445 646 2500 David.
678 2444 736 2500 Si
783 2451 963 2498 autem
994 2452 1118 2498 ante
1157 2441 1350 2497 sazcula
1380 2450 1462 2496 est
1489 2441 1631 2509 quod
1661 2441 1716 2500 in

129 2539 292 2593 vulva
322 2538 610 2593 formatum
637 2544 738 2602 est,
772 2551 880 2590 non
912 2550 978 2589 ex
999 2534 1202 2590 semine
1236 2531 1422 2596 David,
1455 2540 1509 2587 et
1536 2531 1720 2588 divina

127 2630 412 2701 Scriptura
434 2628 711 2684 mentitur.

206 2722 258 2773 7.
311 2731 334 2759 ο
363 2719 536 2774 Homo
558 2718 773 2788 ungitur
798 2716 953 2772 Jesus
979 2716 1235 2772 Dominus
1257 2723 1458 2781 noster,
1482 2715 1716 2771 Verbum

133 2828 245 2865 non
294 2811 546 2880 ungitur:
595 2809 830 2865 Verbum
860 2823 1093 2877 namque
1143 2807 1314 2877 majus
1356 2816 1437 2864 est
1478 2806 1717 2876 Christo,

133 2904 262 2971 quia
298 2901 543 2958 Christus
587 2916 684 2972 per
728 2899 1047 2970 sapientiam
1095 2913 1318 2968 magnus
1364 2898 1587 2954 effectus
1612 2908 1711 2954 est.

135 2993 374 3048 Verbum
423 2992 565 3048 enim
607 2991 886 3046 desursum
932 2998 1050 3054 est,
1090 2988 1244 3044 Jesus
1271 2996 1448 3044 autem
1473 2987 1718 3054 Christus

1814 1894 1923 1960 vid,
1954 1895 2093 1952 sicut
2133 1895 2186 1948 in
2229 1893 2524 1963 prophetis,
2567 1891 2827 1952 habitavit
2858 1889 3000 1946 Deus
3019 1888 3275 1946 Verbum.
3317 1891 3398 1946 Illi

1813 1987 1955 2040 enim
1987 1984 2292 2055 particulari
2332 1983 2561 2052 quadam
2593 1990 2648 2036 et
2680 1981 2888 2053 modica
2911 1980 3118 2053 [Batus
3154 1982 3396 2048 modica-

1815 2077 1902 2148 ιθ]
1934 2077 2232 2146 quantitate
2270 2075 2442 2131 sancti
2487 2075 2716 2144 Spiritus
2740 2073 2909 2149 gratia
2939 2073 3283 2146 fruebantur;
3312 2076 3400 2140 hic

1814 2179 1993 2226 autem
2033 2169 2086 2223 in
2116 2168 2228 2235 bis,
2274 2168 2328 2222 in
2357 2168 2552 2237 quibus
2580 2165 2849 2228 interdum
2875 2173 3029 2226 erant
3056 2166 3164 2231 illi,
3199 2166 3400 2236 jugiter

1818 2261 2201 2332 permanebat,
2226 2267 2282 2314 et
2307 2259 2476 2327 gloria
2506 2257 2666 2312 Verbi
2695 2272 2760 2312 ac
2782 2256 3041 2328 sapientia
3071 2257 3393 2326 rapiebatur.

1819 2354 1966 2410 Alter
1996 2352 2370 2421 intelligendus
2399 2350 2588 2420 procul
2614 2349 2773 2404 dubio
2803 2357 2997 2419 pneter
3023 2364 3166 2416 eum,
3198 2358 3251 2404 et
3270 2350 3400 2405 sub-

1817 2445 2010 2498 sistens
2033 2444 2048 2514 [
2069 2442 2249 2496 Baluz.
2284 2439 2593 2511 sustinens]
2638 2439 2856 2511 proprie
2883 2437 3019 2494 (ilius
3043 2456 3106 2494 ac
3132 2456 3398 2508 seorsum;

1819 2551 1928 2594 non
1957 2535 2100 2590 enim
2131 2533 2366 2588 Verbum
2407 2530 2754 2600 semetipsum
2784 2529 3048 2599 sapientia
3078 2530 3320 2599 replebat
3346 2538 3404 2586 et

1819 2627 2009 2696 gloria,
2038 2625 2132 2680 sed
2160 2623 2311 2679 alteri
2350 2623 2529 2694 potius
2573 2622 2687 2676 Ι]ωο
2714 2635 2832 2691 qua:
2860 2628 2984 2676 sunt
3017 2620 3242 2691 insignia
3272 2637 3404 2684 con-

1825 2718 2050 2774 ferebat.

1898 2811 1981 2864 10.
2023 2809 2322 2872 Adoramus
2350 2820 2641 2877 purpuram
2661 2810 2882 2876 propter
2902 2801 3166 2870 indutum,
3195 2812 3252 2859 et
3277 2811 3409 2860 tem-

1824 2903 1971 2973 plum
2018 2909 2238 2971 propter
2283 2899 2671 2962 habitatorem;
2723 2897 2948 2950 formam
2995 2895 3136 2949 servi
3183 2886 3409 2968 propter

1824 2992 2050 3048 formam
2071 2992 2194 3058 Dei;
2219 2991 2246 3029 ιι
2268 3005 2463 3061 agnum
2486 2997 2705 3060 propter
2727 2984 3051 3058 pontiﬁcem,
3075 2997 3407 3061 assumptum

1323 3100 1860 3166 CASTIGATIONES
1899 3106 1986 3161 ET
2022 3106 2252 3162 ΝΟΤιΕ.

211 3204 240 3268 “_
274 3192 530 3268 Videntur
575 3192 762 3268 deesse
784 3191 906 3268 haec
947 3190 1106 3268 verba
1148 3201 1240 3245 aut
1267 3192 1460 3268 similia
1494 3211 1506 3245 :
1548 3193 1727 3265 Proﬁ-
1756 3205 1802 3268 ί]
1831 3197 2172 3268 substantiam
2203 3197 2349 3268 dico;
2399 3213 2497 3268 nec
2533 3197 2669 3268 enim
2710 3196 2824 3251 dico
2868 3197 2994 3252 duos
3033 3213 3096 3268 ea:
3119 3195 3409 3268 substantia

147 3261 310 3332 ciebat
336 3261 508 3325 Jesus;
532 3262 625 3323 vel,
657 3260 974 3332 Proﬁciebat
996 3263 1147 3315 homo
1171 3279 1187 3314 :
1211 3279 1314 3317 non
1335 3265 1490 3328 enim,
1518 3273 1623 3320 etc.

219 3333 246 3372 δ
287 3331 542 3401 Suspicor
569 3332 621 3385 id
648 3331 918 3402 sumptum
949 3348 1015 3386 ex
1047 3332 1182 3386 libro
1206 3349 1271 3387 xv
1294 3333 1360 3388 de
1389 3333 1716 3390 lncarnatio-

147 3420 241 3466 ne,
273 3417 380 3471 quo
420 3401 955 3457 concluditur’totum
985 3418 1152 3472 Opus,
1173 3412 1254 3472 fut
1289 3405 1364 3458 ait
1403 3404 1713 3461 Facundos:

142 3484 193 3528 et
231 3473 302 3527 ita
343 3471 558 3540 quidem
582 3510 596 3534 ,
643 3479 699 3525 ut
739 3472 885 3540 quod
911 3471 1124 3541 scripsit
1151 3471 1459 3528 Gennadius
1482 3516 1495 3539 ,
1540 3478 1717 3532 citatis

143 3542 358 3616 Patrum
392 3541 768 3616 traditionibus
805 3544 1198 3616 contaminatur
1234 3553 1289 3616 et
1316 3541 1724 3616 corroboretur,

142 3613 322 3678 immo,
353 3621 412 3666 ut
438 3612 709 3684 colligitur
734 3613 949 3684 ex'aliis
976 3613 1304 3682 fragmentis,
1340 3612 1717 3684 interrogatio-'-

141 3684 293 3738 nibus
325 3683 643 3754 quibusdam
681 3681 796 3737 fieri
832 3683 1005 3738 solitis
1042 3681 1318 3754 responsio
1347 3681 1618 3740 afferatur.
1660 3687 1717 3741 Id

142 3768 238 3822 ego
265 3754 463 3825 colligo
488 3768 556 3807 ex
579 3753 876 3821 fragmento
901 3754 1047 3822 quod
1072 3753 1179 3825 inv
1199 3755 1405 3825 synodo
1429 3757 1713 3825 reperitur,

143 3824 408 3894 appellato
449 3839 614 3893 opere
657 3825 772 3876 sine
809 3839 1032 3878 numero
1067 3824 1340 3894 libgiised
1370 3824 1507 3894 apud
1541 3825 1716 3881 Leon-

145 3893 270 3949 tium
299 3894 439 3948 hanc
464 3895 628 3948 habet
665 3894 1096 3962 inscriptionem,
1130 3893 1380 3962 Ejusdem
1407 3893 1476 3948 ex
1507 3895 1596 3949 lib.
1627 3913 1711 3950 xv.

142 3965 226 4020 Sic
252 3973 435 4020 autem
464 3979 524 4018 se
554 3964 750 4019 habet:
785 3964 954 4017 Nemo
989 3965 1212 4033 artificio
1257 3966 1718 4034 interrogationum

143 4035 442 4106 decipiatur,
477 4037 789 4106 ﬂagitiosum
824 4036 970 4106 enim
986 4045 1061 4087 est
1093 4034 1344 4106 deponere
1369 4035 1571 4106 quidem
1603 4046 1718 4088 tan-

146 4104 255 4160 tum
278 4107 484 4160 testium
526 4104 740 4169 nubem,
780 4105 1230 4175 secundumquod
1258 4105 1532 4174 Apostolus
1565 4106 1714 4171 dixit,

144 4179 322 4232 astulis
350 4188 518 4230 autem
540 4173 1026 4245 interrogationibus
1047 4173 1280 4245 deceptos
1306 4173 1718 4229 adversariorum

143 4249 273 4315 parti
308 4247 572 4318 conjungi.
617 4243 752 4308 Quoi
773 4261 915 4318 vero
931 4255 1050 4318 sunt
1076 4243 1190 4316 qua:
1218 4260 1331 4318 cum
1357 4253 1470 4318 arte
1495 4247 1720 4318 interro-

144 4313 295 4384 gent?
327 4313 569 4370 ﬂoniinis
597 4316 821 4385 genitrix
863 4313 1068 4385 Maria,
1089 4313 1177 4368 ’an
1209 4314 1305 4368 Dei
1343 4316 1604 4384 geniti-ix?
1650 4315 1720 4368 Et

143 4383 222 4456 qui
248 4388 528 4457 cruciﬁxus
552 4383 654 4450 est,
682 4395 857 4457 utrum
889 4383 1022 4439 Deus
1057 4403 1122 4438 an
1153 4386 1303 4440 homo
1325 4383 1356 4438 ?’
1376 4385 1482 4439 Sed
1502 4387 1717 4440 istorum

145 4455 338 4526 quidem
370 4455 505 4510 certa
533 4465 608 4509 est
635 4455 906 4520 absolutio,
940 4465 1042 4511 etc.

214 4540 234 4566 ε
274 4527 448 4596 Hujus
476 4526 690 4596 quidem
722 4526 1001 4593 fragmenti
1034 4535 1237 4595 partem
1261 4567 1274 4591 ,
1300 4541 1418 4596 qua:
1442 4527 1507 4581 ad
1539 4526 1714 4596 Virgi-

1831 3267 1948 3333 Dei,
1976 3284 2088 3322 cum
2120 3268 2232 3321 dico
2254 3267 2418 3322 Deum
2456 3265 2674 3320 Verbum
2697 3275 2817 3320 ante
2849 3267 3036 3322 sarcula
3065 3267 3321 3324 habitasse
3350 3270 3408 3328 in.

1818 3339 1990 3410 genito
2011 3355 2075 3392 ea:
2100 3341 2290 3392 semine
2321 3336 2508 3410 David.
2543 3337 2924 3410 Animadverte
2947 3353 3012 3410 ea
3036 3353 3154 3407 qua:
3185 3339 3293 3410 inv
3319 3354 3407 3410 sy-

1820 3407 1982 3471 nodo,
2014 3410 2302 3463 collatione
2325 3407 2376 3480 5,
2404 3409 2574 3480 primo
2604 3416 2658 3463 et
2689 3408 2923 3480 secundo
2953 3409 3092 3474 loco,
3125 3407 3408 3480 proferun-

1821 3488 1927 3552 tur,
1956 3496 2023 3552 es
2053 3477 2416 3552 librisCyrilli
2438 3477 2694 3532 adversus
2720 3477 3092 3552 Theodorum1
3116 3477 3146 3534 a
3165 3478 3404 3552 Leontio

1820 3548 2115 3618 adjutlicari
2159 3545 2425 3613 Diodoro;
2475 3556 2530 3602 et
2576 3564 2705 3602 vero
2752 3563 2887 3616 opus
2925 3547 3028 3604 hoc
3053 3545 3283 3620 Cyrillus
3313 3549 3408 3620 ad-

1818 3616 2007 3688 versus
2045 3629 2329 3688 utrumque
2359 3619 2690 3688 composuit,
2726 3625 2784 3672 ut
2818 3627 3029 3674 constat
3058 3616 3123 3674 ei
3153 3616 3405 3674 Facundo

1822 3687 1959 3759 (Lib.
1993 3705 2066 3752 Ill,
2100 3707 2145 3743 c.
2174 3686 2306 3754 δίει
2327 3686 2498 3759 (ΛΞΜ).
2538 3687 2732 3746 Mirare
2757 3703 2884 3759 vero
2920 3689 3198 3759 stropham
3230 3689 3405 3744 homi-

1821 3757 1903 3812 nis
1931 3759 2230 3823 abutentis,
2270 3767 2325 3813 et
2352 3757 2676 3826 sua'ingenii
2709 3757 3001 3814 subtilitate
3021 3757 3120 3821 [et
3145 3757 3406 3814 lectorum

1819 3830 2078 3951 patientia
2109 3848 2119 3882 :
2155 3829 2280 3884 hinc
2325 3830 2487 3882 etiam
2529 3828 2802 3897 perpende
2846 3843 2951 3896 qua
2993 3828 3202 3882 ratione
3242 3844 3407 3884 unum

1867 3899 2010 3951 ilium
2035 3901 2292 3951 fateretur
2315 3897 2581 3951 Theodori
2605 3898 2858 3951 niaaister
2880 3897 3166 3951 Diodorus.
3187 3897 3406 3951 inseque

1867 3899 2010 3951 ilium
2035 3901 2292 3954 fateretur
2315 3897 2581 3953 Theodori
2605 3898 2858 3964 magister
2880 3897 3166 3966 Diodorus,
3187 3897 3406 3966 ipseque

1820 3969 2171 4032 Theodorus,
2225 3983 2346 4022 cum
2402 3968 2513 4020 suis
2570 3967 2819 4035 posteris.
2881 3965 3113 4022 Attende
3162 3965 3408 4023 similiter

1820 4051 1980 4160 gnam
2011 4037 2172 4092 Verbi
2204 4054 2327 4092 cum
2368 4036 2584 4091 Christo
2624 4036 3060 4104 conjunctionem
3098 4037 3409 4093 admitteret

1869 4107 2121 4160 iodorus.
2170 4108 2343 4160 unalis
2393 4122 2584 4160 nemne
2631 4115 2714 4160 est
2762 4105 2922 4160 Verbi
2949 4122 3070 4160 cum
3101 4107 3402 4160 nronhetis.

1869 4107 2121 4173 iodorus,
2170 4108 2343 4176 qualis
2393 4122 2584 4176 nempe
2631 4115 2714 4176 est
2762 4105 2922 4176 Verbi
2949 4122 3070 4162 cum
3101 4107 3402 4176 prophetis,

1821 4193 1919 4246 per
1946 4175 2221 4253 ἐνέργειαν,
2257 4177 2449 4253 triplici
2477 4175 2656 4232 tamen
2679 4175 3012 4253 discrimine,
3037 4175 3189 4253 quod.
3207 4175 3407 4253 perpe-

1822 4245 1913 4300 tua
1945 4245 2082 4302 for'ei
2110 4264 2232 4301 eum
2265 4245 2508 4312 Christo,
2550 4246 2694 4315 quod
2736 4245 2802 4300 ad
2851 4245 3069 4314 majora
3103 4245 3277 4302 oﬂicia
3310 4245 3408 4304 ob-

1822 4317 1993 4388 eunda
2020 4358 2033 4382 ,
2065 4318 2208 4388 quod
2249 4317 2469 4388 majoris
2498 4317 2610 4388 sive
2646 4316 2868 4370 honoris
2895 4317 3404 4388 communicatione,

1822 4387 1936 4442 sive
1985 4386 2195 4444 virtutis
2236 4387 2524 4442 atlluentia.
2567 4387 2792 4455 Satagat
2836 4402 2978 4441 nunc
3024 4386 3306 4448 Facundos
3349 4397 3409 4445 ut

1821 4457 2054 4513 hominis
2094 4466 2202 4512 tam
2241 4458 2482 4526 improbe
2523 4458 2667 4512 cauti
2698 4457 2968 4528 impieque
3006 4459 3218 4513 subtilis
3247 4458 3407 4514 disci-

1860 4529 2006 4586 ulum
2029 4571 2044 4595 ,
2090 4543 2321 4598 eumque
2367 4528 2608 4598 magistri
2655 4528 2904 4598 apprime
2937 4543 3222 4597 sequacem
3247 4568 3262 4593 ,
3311 4531 3407 4585 de-

145 4609 260 4652 nem
274 4576 567 4668 “astans:
578 4576 1714 4668 ’ἐιῖεὲῦἰῧξῶίιὶίιὶέῐἰιῖὂιὶιέξίᾷιῖὧιέ,“εᾜά
1745 4576 1793 4636 Ι)
1819 4576 2020 4652 rem.

146 4667 310 4736 totum
342 4667 595 4723 Leontius
617 4675 981 4736 reprazsentat,
1005 4682 1193 4721 verum
1215 4676 1439 4736 uterque
1459 4683 1526 4722 ex
1549 4667 1714 4724 Paulo

147 4735 494 4793 Samosateno
519 4757 530 4790 :
562 4735 837 4805 quomodo
866 4737 1025 4804 igitur
1053 4737 1225 4806 ipsum
1255 4735 1520 4792 Mercator
1549 4738 1718 4794 Theo«

149 4808 270 4864 doro
298 4809 523 4863 tribuit?
561 4809 640 4860 An
665 4807 801 4861 forte
829 4807 1142 4862 Theodorus
1177 4823 1207 4862 e
1234 4807 1588 4862 Samosateno
1618 4809 1714 4864 de-

148 4880 385 4961 scripsit?
407 4878 538 4961 Nam
569 4877 809 4961 solertiae
845 4877 1057 4961 videtur
1095 4877 1320 4961 hujusce
1346 4877 1593 4961 factionis
1615 4880 1716 4932 ho-

149 4947 372 5004 minibus
400 4990 414 5013 ,
447 4950 580 5004 alios
605 4949 672 5002 ab
697 4947 815 5006 aliis
845 4963 964 5016 qua:
982 4948 1222 5002 dicerent
1247 4949 1500 5002 mutuari.

212 5018 237 5057 ά
272 5020 564 5076 Garnerius
601 5019 796 5088 videns
820 5033 1035 5088 sensum
1065 5034 1184 5073 esse
1211 5019 1606 5088 imperfectum,
1643 5017 1716 5071 ita

151 5091 442 5160 supplevit:
475 5106 566 5143 nec
605 5090 739 5142 enim
779 5087 952 5141 Maria
989 5097 1099 5160 erat
1130 5087 1512 5160 DeusQMelius
1537 5087 1713 5143 Leon-

150 5159 280 5215 trusi:
313 5178 406 5214 nec
427 5163 562 5214 enim
596 5169 707 5212 erat
735 5169 854 5212 ante
872 5159 1063 5212 saccata
1095 5159 1288 5213 Maria.
1323 5159 1518 5213 BALUZ.

220 5242 240 5268 ε
279 5232 392 5286 lloc
430 5231 782 5299 fragmentum
824 5245 854 5282 a
898 5228 1123 5284 Leontio
1175 5230 1426 5285 tribuitur
1475 5228 1718 5299 Diodoro.

153 5298 408 5366 Tarsensi,
437 5298 1073 5370 dicitm-‘que_excerptum
1103 5316 1170 5355 ex
1193 5301 1329 5355 libro
1359 5317 1374 5353 l
1403 5309 1592 5370 contra
1612 5298 1712 5370 Sy-

155 5373 422 5440 nusinstas,
452 5387 520 5425 ex
547 5367 697 5440 cujus
720 5367 905 5423 Gnaeo
926 5367 1084 5424 textu
1115 5371 1186 5424 ita
1215 5371 1376 5425 vertit
1395 5367 1711 5436 Franciscus

153 5438 434 5500 Turrianus
459 5461 470 5494 :
505 5438 701 5496 ﬂortor
721 5457 804 5511 vos
828 5449 882 5493 ut
912 5443 1110 5511 muniti
1129 5442 1240 5495 sitis
1261 5452 1310 5495 et
1329 5440 1468 5511 ﬁrmi
1495 5442 1565 5495 ad
1592 5441 1712 5494 dili-

154 5523 339 5584 gentem
359 5514 700 5584 cognitionem
729 5510 1061 5584 dogmatunt.
1083 5510 1350 5583 Perfectus
1379 5523 1498 5584 ante
1518 5513 1708 5584 scecuta

155 5581 338 5656 Filius;
361 5579 640 5656 perfectum
660 5581 875 5656 quodex
897 5579 1064 5656 David
1081 5579 1378 5656 assumpsit,
1407 5582 1572 5656 Filius
1599 5581 1708 5645 Dei,

156 5654 282 5725 [ilius
307 5651 491 5708 David.
537 5651 685 5706 Dices
713 5652 834 5725 nti/ti
863 5668 877 5703 :
907 5651 1048 5706 Duos
1075 5655 1228 5725 igitur
1259 5651 1715 5725 ﬁliosiprwdicas?

156 5721 286 5793 Duos
314 5729 446 5793 filios
474 5725 637 5780 David
657 5741 758 5776 non
781 5722 927 5783 dico;
955 5741 1058 5776 non
1077 5721 1210 5777 enim
1233 5725 1360 5785 dimi,
1394 5721 1555 5777 Deum
1589 5723 1712 5776 Ver-

156 5791 261 5850 bum
289 5791 452 5864 ﬁlium
472 5795 657 5854 David.
704 5792 808 5848 Sed
837 5809 994 5863 neque
1015 5794 1137 5848 duos
1160 5795 1296 5862 ﬁlios
1319 5793 1414 5848 Dei
1435 5794 1710 5850 secundum

1895 4669 1913 4708 ί
1958 4668 2072 4740 [loc
2093 4669 2390 4724 membrum
2407 4668 2564 4740 deest
2583 4669 2633 4722 in
2657 4678 2917 4740 excerpta
2943 4668 3173 4740 Leontii.
3200 4668 3397 4723 BALUZ.

1893 4749 1918 4786 tt
1960 4737 2064 4792 Pro
2094 4740 2176 4793 his
2206 4740 2305 4793 ista
2336 4739 2495 4793 habet
2525 4735 2781 4796 Leontius
2807 4735 2944 4793 {nec
2967 4741 3103 4792 enim
3130 4739 3245 4792 dico
3275 4740 3404 4793 duos

1816 4826 1882 4863 ex
1905 4809 2193 4864 substantia
2221 4809 2335 4880 Dei,
2362 4826 2474 4862 cum
2497 4810 2610 4863 dico
2628 4809 2790 4864 Deum
2817 4807 3043 4880 Verbum
3072 4818 3193 4862 ante
3211 4810 3404 4864 stecula

1817 4881 2079 4951 habitasse
2106 4881 2162 4934 in
2182 4878 2350 4951 genito
2377 4895 2442 4936 ea;
2471 4881 2664 4942 semine
2693 4878 2885 4951 David.
2913 4878 3092 4951 BALUZ

1889 4948 1920 4988 δ
1957 4948 2216 5019 Suspecta
2247 4950 2374 5003 mihi
2406 4958 2488 5004 est
2515 4966 2620 5004 vox
2645 4950 2910 5020 pontiﬁcis
2933 4989 2948 5012 ,
2993 4950 3157 5020 immo
3195 4964 3404 5020 expun-

1816 5020 1990 5088 genda
2017 5059 2032 5083 ,
2084 5020 2306 5089 ejusque
2353 5020 2470 5074 loco
2501 5035 2602 5073 vox
2647 5019 2871 5089 pastoris
2901 5019 3224 5089 scribenda”
3267 5019 3401 5076 Nam

1817 5103 1986 5157 agnus
2025 5098 2080 5144 et
2119 5088 2323 5144 nomen
2372 5090 2456 5144 cui
2488 5088 2730 5158 jungitur
2758 5088 2982 5158 perinde
3004 5089 3403 5158 distinguuntur

1818 5175 1882 5214 ac
1904 5176 2137 5229 purpura
2167 5170 2222 5215 et
2250 5160 2500 5222 indutus,
2534 5169 2838 5229 assumptus
2870 5168 2925 5214 et
2952 5175 3259 5225 assumens,
3293 5159 3406 5216 for-

1819 5239 1996 5294 matus
2032 5231 2085 5286 in
2125 5239 2278 5285 utero
2318 5229 2560 5297 virginali
2600 5237 2656 5284 et
2684 5231 2925 5285 omnium
2955 5239 3186 5295 creator,
3217 5230 3267 5285 id
3297 5240 3398 5297 est,

1821 5300 1982 5355 homo
2005 5310 2059 5356 et
2086 5300 2338 5370 Verbum.
2381 5299 2541 5368 Atqui
2573 5299 2926 5356 Nestorianus
2952 5300 3178 5370 quisque
3211 5301 3402 5356 horre-

1818 5371 1910 5426 bat
1938 5371 2116 5425 dicere
2135 5412 2149 5436 ,
2191 5369 2416 5441 Verbum.
2439 5371 2768 5441 pontiﬁcem,
2803 5379 2876 5433 ut
2901 5369 3142 5436 constat,
3194 5380 3308 5428 tum
3334 5388 3403 5432 ex

1819 5441 2069 5516 Nestorio
2089 5435 2338 5516 sermone
2367 5435 2477 5516 let
2502 5439 2564 5516 6_,
2583 5435 2724 5516 ’tum
2756 5435 2824 5516 es
2852 5435 3273 5516 reprelienSione
3301 5442 3398 5499 de-

1821 5512 1946 5567 cimi
1987 5511 2456 5577 anathematismi,
2505 5511 2617 5566 sive
2663 5513 2730 5568 ab
2779 5511 2995 5570 Andrea
3022 5512 3400 5580 Samosateno,

1821 5583 1934 5637 sive
1974 5598 2002 5634 a
2041 5581 2401 5636 Theodoreto.
2447 5581 2753 5640 Abhorrere
2783 5598 2940 5642 nemo
2971 5581 3218 5640 factionis
3246 5585 3400 5640 istius

1819 5661 2034 5724 poterat
2083 5668 2118 5724 a_
2160 5651 2334 5724 Verbo
2382 5666 2598 5721 agnum,
2632 5653 2681 5714 id
2708 5663 2822 5715 est,
2856 5654 3132 5710 hominem
3172 5655 3395 5718 ferente,

1819 5722 1941 5778 eum
1970 5738 2028 5776 se
2058 5722 2282 5795 adorare
2315 5723 2580 5795 jactarent
2620 5734 2890 5795 portatum
2933 5735 3154 5795 propter
3183 5736 3402 5795 portan-

1819 5741 2028 5778 cumse
2058 5741 2282 5777 anorare
2315 5741 2580 5791 jactarent
2620 5741 2890 5792 portatum
2933 5741 3154 5795 propter
3219 5741 3402 5780 ortan-

1817 5803 1948 5859 tem,
1975 5801 2076 5850 etc.
2121 5793 2268 5848 Adde
2305 5793 2446 5862 quod
2486 5795 2711 5864 quzestio
2761 5795 2823 5849 de
2863 5794 2972 5851 Deo
3020 5741 3259 5867 ponti/8w
3289 5811 3402 5852 non
