3982 6278
441 330 583 392 1063

935 331 1128 390 MAR"
1166 329 1604 390 MERCATORIS
1640 327 2212 392 TRANSLATIONES
2249 329 2614 391 VABIORUM
2648 316 3175 386 OPUSCULORUM.

3575 304 3721 364 ωσι

441 456 666 520 propter
710 458 1097 514 assumentem;
1150 447 1436 504 formatum
1485 448 1538 502 in
1576 456 1732 502 utero
1773 447 2020 517 virginali
2045 458 2100 518 Α
2127 449 2305 517 Deus;
2350 445 2496 519 quod
2542 445 2688 502 enim
2739 443 2854 513 ipse
2891 439 3064 494 factus
3111 437 3222 496 est,
3249 440 3350 500 θεο
3378 425 3553 482 “eius
3574 437 3722 489 sumi

443 546 665 610 propter
709 540 947 594 omnium
987 537 1341 595 conditorem.
1406 538 1501 595 His
1535 538 1792 596 confessis
1837 539 2016 606 rebus,

445 645 608 686 unam
633 630 768 687 offer
793 631 1195 687 venerationem
1211 671 1228 698 ,
1258 646 1368 688 non
1393 630 1609 688 nocebit
1630 630 1872 688 adoratio
1895 648 2022 700 una,

445 723 490 779 si
519 739 606 779 res
634 722 797 779 fueris
831 731 957 780 ante
982 723 1276 780 confessus.
1807 711 1810 714 ’

517 815 603 870 Η.
645 814 817 871 Unam
831 815 963 870 dicis
983 815 1405 881 venerationem,
1435 813 1530 870 sed
1552 828 1650 886 per
1673 829 1833 870 unam
1858 827 2025 870 vene-

443 909 712 965 rationem
741 908 1034 965 introducis
1061 907 1477 980 blasphemiam,
1504 915 1563 963 ut
1589 907 1634 963 si
1664 923 1770 964 una
1797 908 1870 965 sit
1895 906 2025 964 ado-

447 1001 610 1066 ratio,
639 1000 710 1056 sit
735 1006 790 1071 et
817 1015 923 1056 una
952 1001 1273 1057 substantia.

517 1090 606 1146 i2.
647 1101 674 1129 ι
693 1088 813 1148 Non
839 1091 1050 1148 invideo
1073 1130 1089 1158 ,
1120 1091 1292 1162 inquit
1313 1133 1328 1160 ,
1359 1089 1573 1148 Christo
1598 1105 1720 1148 cum
1747 1090 1921 1148 factus
1947 1099 2032 1148 est

2131 541 2257 612 quia
2283 554 2418 596 mea:
2444 547 2650 595 natura:
2670 543 2772 592 est.

2206 632 2294 688 15.
2335 630 2365 671 δ
2393 629 2567 686 Hodie
2609 626 2767 682 Jesus
2794 622 2968 678 factus
2991 625 3076 674 est
3116 609 3463 674 immortalis;
3504 605 3730 676 quando

2135 724 2205 781 ad
2223 738 2350 780 eum
2369 720 2595 778 accessit
2619 716 2786 772 Maria
2815 720 2940 785 post
2969 703 3440 765 resurrectionem,
3471 697 3604 753 dicit
3633 695 3726 750 ei:

2141 815 2271 874 Noli
2299 833 2381 873 me
2415 825 2657 886 tangere;
2696 787 2999 865 aestimabat
3034 799 3181 857 enim
3215 797 3307 852 illa
3335 794 3509 865 ipsum
3540 787 3732 844 Domi-

2139 925 2270 968 num
2300 923 2421 965 esse
2452 905 2547 976 qui
2565 902 2768 967 fuerat;
2798 905 2854 953 et
2881 892 3158 952 nesciebat
3181 887 3307 958 quia
3337 891 3461 959 post
3486 891 3733 938 resurre-

2139 1004 2376 1063 ctionem
2405 997 2677 1074 perfectus
2706 995 2883 1057 fuerat
2910 989 3097 1050 factus.

1634 1183 2177 1266 CASTlGATlONES
2217 1209 2304 1266 ετ
2337 1209 2568 1268 nom.

446 1300 692 1356 videatur
710 1306 858 1354 mota
885 1306 1010 1353 ante
1042 1296 1240 1353 dictam
1264 1311 1296 1351 a
1327 1294 1521 1368 Proelo
1549 1295 1754 1368 Virgini
1783 1295 2027 1368 Deipam

447 1369 828 1442 panegyricam
869 1368 1168 1442 orationem
1192 1383 1319 1442 ann.
1353 1367 1494 1442 429.Δ
1518 1365 1900 1442 Animadverte
1927 1383 2027 1424 au-

451 1437 561 1510 tem
591 1437 731 1494 unde
759 1437 1062 1510 profecerat
1085 1437 1381 1510 Nest_0rius_,
1405 1438 1498 1506 qui
1536 1437 1725 1510 multa,
1747 1438 1942 1510 partim
1962 1454 2032 1510 ex

449 1507 853 1578 Chrysostomo,
887 1509 1080 1578 partim
1104 1523 1169 1563 ex
1192 1507 1478 1563 Theodoro
1498 1508 1728 1562 mutuari
1752 1507 1911 1578 solet;
1935 1509 2032 1564 sed

449 1596 517 1638 ex
537 1576 922 1651 Chrysostomo
962 1580 1105 1634 bona
1133 1592 1253 1648 quae
1280 1585 1623 1649 corrumpat,
1653 1592 1722 1632 ex
1749 1576 2034 1635 Theodoro

452 1652 741 1722 malaqna:
767 1657 982 1722 augeat.

525 1731 552 1793 ε
594 1719 759 1791 lmpia
801 1720 922 1793 lucc
964 1720 1260 1793 sententia,
1292 1735 1400 1775 non
1427 1719 1632 1793 eodeni
1644 1724 1842 1793 ubique
1868 1721 2030 1779 modo

453 1791 654 1864 legitur
673 1789 754 1846 ac
798 1791 872 1864 ini
903 1791 1206 1864 prtesen_ti.__
1231 1793 1289 1864 In
1331 1790 1561 1864 concilio
1591 1789 1774 1864 Tyrio;
1805 1793 2025 1864 interlo-

453 1860 742 1932 quentibus
789 1860 1055 1932 episcopis
1096 1861 1383 1932 judicibus,
1432 1860 1502 1914 ita
1518 1860 1818 1932 exponitur
1844 1862 1910 1917 ab
1937 1878 2029 1918 ac-

453 1929 792 2004 éusatoribus
817 1929 922 1985 Iba:
947 1929 1242 2004 Edesseni:
1274 1929 1398 2004 Non
1424 1929 1624 1986 invideo
1652 1932 1856 1988 Christo
1886 1935 2028 2004 facta

453 2001 588 2068 Deo,
636 2004 692 2056 in
735 2010 981 2074 quantum
1023 2003 1160 2055 enim
1201 2003 1311 2072 ipse
1339 2003 1506 2072 factus
1533 2013 1638 2065 est,
1670 2015 1720 2058 et
1740 2021 1832 2074 ego
1862 2001 2030 2074 factus

455 2090 588 2151 “et”:
621 2074 709 2151 φτ)-
731 2073 884 2145 φθονῶ
913 2079 994 2151 τῷ
1013 2080 1218 2151 Χριστῷ
1244 2073 1490 2151 vetares
1512 2082 1640 2151 βιῷ·
1675 2073 1894 2151 stam
1930 2080 2030 2151 γάρ

457 2145 611 2216 ἐὺς-ὸς
632 2141 1007 2216 ἕγένὶτοηκᾲγῶ
1037 2141 1294 2216 ﬁnitivi.
1331 2141 1487 2216 At‘iu
1521 2141 1870 2216 instructione
1901 2141 2033 2216 (ﬁeri

457 2211 717 2269 Edesseni
742 2214 818 2268 sic
845 2211 1078 2284 habeturf
1099 2230 1111 2266 :
1139 2211 1263 2266 Non
1279 2211 1480 2284 invideo
1509 2212 1714 2269 Christo
1741 2217 1878 2284 facto
1898 2213 2030 2279 Deo,

457 2285 700 2356 quoniam
723 2293 771 2337 et
789 2299 902 2354 ego,
926 2285 970 2337 si
997 2283 1131 2349 volo,
1156 2299 1364 2356 possum
1383 2283 1520 2356 ﬁeri,
1543 2283 1822 2356 secundum
1841 2286 2030 2356 ipsum.

456 2353 530 2437 ρύ
555 2353 1038 2437 φθονῶὶτῷίΧριστεῷ
1062 2353 1436 2437 γιχὸνότέρεῷ,
1460 2353 1635 2437 ἐπειδὴ
1664 2358 1822 2437 adq-oh,
1847 2353 1890 2409 ri
1909 2355 2035 2437 Quu-

454 2412 609 2500 loytitt
627 2467 641 2489 ,
675 2412 885 2500 γίνοξιιςειιΙ
905 2412 1020 2482 κατέ
1036 2412 1208 2480 αὖτ’ὁν.
1256 2412 1443 2500 Ρτίοξό
1472 2422 1592 2500 1900
1621 2412 2034 2500 ascribi'tur'lba:

457 2493 731 2550 Edesseiio
752 2493 1006 2564 episcopo
1032 2511 1063 2549 a
1095 2502 1328 2564 quatuor
1355 2493 1598 2562 ejusdem
1627 2493 1880 2550 Ecclesia:
1907 2510 2032 2564 pre-

455 2566 706 2636 sbyteris.
748 2564 805 2619 In
833 2565 1132 2634 posteriore
1171 2565 1606 2636 presbyterorum
1647 2566 2032 2636 accusatiote-

454 2634 708 2705 stimonio
728 2636 964 2705 quinque
1005 2644 1061 2705 et
1087 2634 1365 2704 sexaginta
1399 2634 1767 2690 ministrorum
1795 2635 2035 2704 ejusdem

456 2704 708 2761 Ecclesia:
747 2704 984 2760 diluitur.
1025 2704 1243 2760 Crimen
1282 2720 1446 2774 porro
1482 2713 1590 2758 tam
1629 2706 1890 2760 nefarium
1916 2705 2035 2760 ibas

455 2783 755 2841 commoto,
788 2784 845 2829 ut
871 2791 968 2845 par
1007 2784 1155 2839 erat,
1207 2775 1386 2831 animo
1436 2775 1508 2828 ita
1564 2777 1812 2845 purgavit
1846 2794 1858 2828 :
1891 2775 2035 2828 Ana-

456 2847 627 2901 thema
665 2848 713 2900 ei
745 2847 832 2917 qui
860 2845 1021 2911 dixit,
1061 2847 1176 2899 etei
1213 2847 1299 2916 qui
1327 2845 1674 2917 calumniatus
1709 2856 1812 2912 est;
1864 2846 2036 2917 decies

455 2919 639 2988 millies
679 2915 772 2987 ego
817 2918 1003 2988 secari
1021 2917 1220 2986 patior,
1276 2932 1430 2988 quam
1466 2915 1636 2988 dicere
1656 2916 1752 2971 hoc
1798 2916 2032 2988 uerbum,

456 2986 590 3040 absit
618 2985 765 3041 hoc'a
786 3003 896 3052 me,
928 2987 1004 3040 vel
1024 2985 1298 3057 cogitare,
1327 2993 1432 3040 etc.
1474 2985 1855 3057 Hujuscemodi
1884 2987 2034 3041 voci-

456 3058 556 3128 bus
583 3072 690 3112 non
720 3072 858 3128 unus
886 3056 1096 3110 tantum
1145 3071 1334 3112 sensus
1354 3125 1366 3128 _
1385 3056 1780 3128 accommodari
1825 3065 2033 3128 potest,

2132 1298 2285 1382 beat,
2311 1307 2367 1354 et
2485 1314 2657 1382 voces.
2669 1305 2846 1355 tamen
2864 1337 2880 1363 ,
2912 1299 3262 1382 ubiprlmum
3311 1303 3536 1371 prolati:
3561 1309 3692 1356 sunt
3710 1337 3726 1360 τ

2133 1370 2470 1424 exhorruerit
2496 1369 2614 1424 ibas
2643 1371 2758 1440 ipse
2805 1385 2928 1425 cum
2955 1369 3106 1434 aliis,
3138 1385 3298 1426 verus
3315 1369 3444 1425 esse
3474 1385 3582 1440 non
3615 1385 3726 1439 po-

2135 1447 2243 1510 test
2273 1456 2287 1492 :
2319 1455 2486 1510 quare
2514 1439 2729 1510 oportet
2756 1441 3016 1495 alterutro
3045 1441 3152 1496 alio
3194 1455 3357 1496 voces
3412 1439 3727 1494 intellectas

2135 1508 2298 1580 fuisse
2318 1508 2352 1574 ;'
2366 1508 2593 1580 utroque
2617 1527 2774 1576 vero,
2806 1511 3129 1566 horrendam
3161 1511 3492 1580 impietatem
3520 1525 3728 1580 super-

2134 1579 2386 1650 biamque
2414 1582 2726 1648 continent;
2765 1588 2820 1636 et
2849 1581 3029 1650 priore
3057 1579 3728 1650 quidemWSamosate’nam

2136 1665 2201 1723 ae
2253 1648 2626 1723 Pelagianam,
2700 1648 3003 1723 posteriore
3074 1648 3726 1723 'verohTheodoria‘nam.

2137 1716 2356 1776 Hancne
2383 1716 2670 1791 aliquando
2703 1716 2941 1791 'impiam
2993 1736 3181 1791 vocem
3223 1720 3343 1791 ibas
3396 1721 3728 1791 protulerit,

2133 1790 2396 1846 incertum
2449 1789 2532 1848 est
2561 1810 2574 1845 :
2600 1808 2722 1847 nam
2781 1789 2967 1846 Patres
3019 1789 3481 1846 Chalcedonenses
3533 1790 3730 1845 oblata

2132 1861 2488 1934 lbgecrimina
2516 1879 2624 1934 non
2646 1862 2777 1934 satis
2805 1862 3032 1934 probata
3077 1853 3240 1934 fuisse
3295 1861 3608 1934 edixerunt,
3671 1865 3732 1915 et

2133 1931 2265 1986 nihil
2285 1931 2550 2003 ejusmodi
2571 1930 2842 2003 objectum
2865 1940 2946 1988 est
2968 1932 3072 1987 lbae
3101 1931 3154 1985 in
3183 1948 3215 2003 v
3266 1931 3503 2003 synodo,
3536 1930 3588 1984 in
3611 1944 3732 2000 qua

2133 1990 2732 2059 tamen'damnatus'est
2751 2018 2874 2058 cum
2900 2017 2996 2057 sua
3025 2002 3272 2072 epistola.
3293 1990 3512 2072 Certum
3542 1990 3734 2072 tanien

2134 2087 2292 2142 reor,
2323 2073 2370 2128 si
2397 2073 2611 2141 quando
2641 2073 2958 2144 protulerit,
3011 2071 3117 2144 non
3171 2071 3225 2125 id
3248 2071 3441 2144 fecisse
3487 2071 3736 2140 primum

2135 2158 2243 2214 quo
2273 2151 2514 2214 tempore
2564 2141 2906 2199 accusatores
2960 2143 3269 2214 presbyteri
3282 2141 3526 2214 aiebant,
3576 2156 3736 2214 αξιηο

2137 2213 2339 2268 scilicet
2367 2211 2497 2279 445,
2521 2230 2646 2267 nam
2671 2211 2988 2279 opusculum
3036 2211 3174 2267 istud
3223 2211 3422 2266 Marius
3463 2217 3589 2267 ante
3613 2211 3735 2268 hoc

2137 2230 2339 2268 semeet
2367 2230 2497 2279 Ino,
2521 2230 2646 2267 nam
2671 2230 2704 2267 ο
2745 2230 2988 2268 uscumm
3036 2230 3174 2267 istuu
3223 2230 3422 2266 manus
3463 2230 3589 2267 ante
3616 2230 3735 2268 nec

2137 2291 2349 2354 tempus
2394 2284 2626 2354 scripsit.
2685 2230 2862 2350 (guarc
2890 2283 3172 2354 Mercatori
3219 2281 3544 2354 credendum
3589 2292 3735 2353 puto

2139 2351 2422 2425 iribuenti,
2489 2351 2573 2408 vel
2620 2354 2904 2409 Theodoro
2932 2353 3358 2425 _Mopsuesteno,
3416 2351 3500 2408 vel
3544 2351 3737 2425 potius

2139 2423 2306 2478 Paulo
2326 2423 2684 2499 _S_amosateno
2698 2466 2712 2490 ,
2745 2425 2904 2499 cujus
2917 2422 3058 2499 duas
3072 2432 3230 2478 antea
3252 2425 3536 2499 περικοπὰς
3557 2422 3738 2478 addu-

2137 2502 2310 2548 xerat.
2326 2494 2386 2549 1d
2403 2509 2536 2565 vero
2558 2510 2654 2565 cur
2676 2493 2854 2565 potius
2874 2493 2941 2550 de
2961 2493 3538 2564 Samosateno'putem,
3561 2508 3737 2551 causa

2138 2571 2246 2628 est,
2275 2564 2420 2633 quod
2461 2563 2775 2619 Theodorus
2802 2565 2872 2620 ob
2899 2565 3092 2620 merita
3130 2563 3352 2632 negaret
3391 2571 3737 2633 assumptum

2138 2632 2431 2699 hominem,
2463 2635 2559 2690 sed
2581 2635 2836 2703 singulari
2866 2635 3066 2704 gratia;
3097 2650 3220 2689 cum
3241 2635 3471 2704 primum
3494 2632 3739 2701 Virginis

2139 2705 2193 2759 in
2223 2712 2381 2760 utero
2401 2705 2744 2771 formaretur,
2773 2704 2826 2759 id
2853 2721 2982 2760 vero
3009 2705 3392 2759 Samosatenus
3421 2712 3732 2769 assereret;

2139 2776 2390 2844 quodque
2437 2775 2790 2841 Theodorus,
2823 2775 2947 2830 licet
2994 2776 3170 2844 reipsa
3216 2773 3486 2828 Christum
3526 2772 3734 2844 Filium

2140 2842 2234 2900 Dei
2263 2842 2574 2915 adoptivum
2593 2845 2831 2911 doceret,
2856 2842 3205 2900 contenderet
3254 2853 3434 2898 tamen
3463 2842 3742 2915 eandignio

2141 2923 2253 2971 tate
2280 2913 2547 2981 ornatum,
2580 2931 2755 2984 eoque
2783 2917 2989 2970 honore
3014 2923 3280 2980 evectum,
3313 2929 3422 2983 quo
3445 2913 3585 2968 nulla
3606 2929 3742 2982 pos-

2141 2986 2211 3040 sit
2233 2995 2478 3042 creatura
2507 2986 2832 3054 pertingere,
2865 2986 3209 3054 quantumvis
3231 2985 3450 3039 nitatur.
3477 3013 3548 3023 —-
3570 2984 3741 3054 Apud

2142 3001 2211 3040 δη
2233 3001 2478 3042 creatura
2543 3001 2682 3040 erun
2721 3002 2832 3049 ere,
2865 3001 3209 3054 quantunms
3231 3001 3450 3039 nitatur.
3477 3013 3548 3023 —-
3570 3001 3614 3037 ιι
3661 3001 3741 3038 ua

2142 3055 2418 3111 Baluzium
2446 3001 3050 3125 ha‘iieturiragmentum
3073 3055 3213 3119 istud
3244 3055 3342 3109 sub
3372 3054 3588 3110 nomine
3617 3001 3743 3110 ἳὸω

455 3127 549 3184 sed
576 3134 686 3182 tam
714 3127 1023 3198 multiplex,
1054 3141 1230 3198 quam
1260 3125 1459 3198 multis,
1488 3125 1795 3198 referuntur
1822 3125 2034 3198 fmodis.
2064 3131 2113 3196 ο
2144 3125 2525 3198 Edessenoram
2562 3128 2786 3198 episcopi
2806 3166 2827 3198 ,Α
2863 3141 2984 3198 cum
3030 3126 3131 3180 hac
3169 3125 3527 3198 _an_no_tat_ione
3553 3142 3567 3177 :
3621 3145 3642 3176 ‹
3670 3125 3743 3182 Et

455 3198 511 3254 Si
535 3198 780 3279 legantur
806 3196 966 3268 prout
992 3197 1189 3279 suntin
1217 3196 1572 3279 instructione
1595 3197 1726 3279 cieri
1757 3196 2035 3279 Edesseni,

456 3285 563 3325 non
591 3267 912 3336 incongruus
939 3276 1023 3322 est
1045 3282 1206 3336 quem
1235 3267 1519 3336 attulimus
1537 3267 1590 3320 in
1611 3267 1987 3325 dissertatione
2009 3268 2040 3320 7

457 3355 510 3395 in
539 3335 772 3410 priorem
801 3347 1007 3409 partem
1025 3379 1039 3402 ,
1064 3335 1172 3410 iste
1200 3337 1403 3393 scilicet
1435 3355 1446 3390 :
1478 3335 1596 3410 Non
1645 3339 1858 3410 invideo
1880 3337 2040 3410 Chri-y

455 3406 708 3479 sto'quod
735 3406 1096 3479 Deusufactus
1123 3407 1232 3479 sit;
1255 3423 1471 3479 possum
1509 3407 1653 3463 enim
1691 3409 1895 3479 pariter
1923 3406 2040 3463 fieri

456 3477 599 3535 Deus
625 3479 671 3532 si
697 3479 838 3534 volo.
881 3477 1015 3532 Nam
1044 3479 1156 3533 suis
1185 3477 1273 3532 ille
1301 3477 1554 3547 operibus
1572 3519 1586 3544 ,
1639 3477 1857 3548 suisque
1885 3479 2040 3534 liberi

458 3549 666 3604 arbitrii
692 3549 888 3606 nativis
915 3549 1118 3603 viribus
1167 3548 1492 3618 promeritus
1537 3557 1619 3604 est
1667 3549 2036 3615 divinitatem,

458 3634 578 3688 qua:
605 3625 662 3672 et
686 3633 790 3689 ego
819 3633 1010 3689 opera,
1043 3627 1102 3671 ut
1127 3634 1244 3672 sum
1273 3618 1512 3689 ejusdem
1532 3619 1842 3689 communis
1883 3625 2041 3673 natu-

459 3685 530 3743 rte
559 3685 828 3758 particeps
844 3685 872 3760 ,ί
891 3696 1155 3760 pnesutre
1176 3685 1410 3757 possum.
1443 3685 1548 3760 Sed
1599 3689 1644 3743 si
1696 3689 2042 3760 presbytero-

458 3757 576 3813 rum
603 3757 970 3813 accusantium
991 3757 1355 3826 intelligantur
1399 3757 1564 3813 verba
1608 3757 1831 3828 perinde
1862 3757 2042 3828 atque

457 3834 684 3893 sonant,
739 3843 926 3884 sensus
973 3828 1074 3882 iste
1130 3843 1258 3882 mox
1315 3836 1614 3882 occurret:
1655 3828 1774 3883 Non
1827 3828 2040 3885 invideo

458 3899 702 3964 Christo,
733 3897 876 3968 quod
904 3899 1045 3953 Deus
1073 3897 1243 3953 factus
1266 3897 1365 3963 sit;
1419 3908 1652 3967 quantus
1677 3900 1822 3954 enim
1869 3899 2041 3956 factus

457 3977 543 4041 est
566 3984 664 4041 per
683 3970 1104 4039 assumptionem
1121 4007 1147 4041 ,ξ
1158 3976 1353 4041 tantus
1365 3975 1430 4041 et
1455 3982 1561 4041 ego
1601 3969 1774 4041 factus
1799 3986 1917 4025 sum
1937 3986 2041 4041 per

458 4038 800 4110 baptismum,
819 4038 1280 4110 uterquescilieet
1304 4038 1443 4110 filius
1472 4039 1566 4110 Dei
1596 4039 1894 4110 adoptivus.
1935 4038 2039 4096 Ve-

460 4109 576 4164 rum
597 4125 757 4180 voces
772 4125 800 4163 a
815 4109 983 4165 Mario
997 4109 1194 4180 relatas
1206 4109 1484 4180 benignius
1499 4109 1842 4180 interpretari
1859 4119 2041 4180 posset

459 4179 722 4304 quispiam
750 4181 893 4234 hunc
913 4179 966 4234 in
987 4179 1204 4234 modum
1231 4197 1242 4232 :
1269 4178 1385 4260 Non
1416 4179 1628 4262 invideo
1645 4178 1876 4235 Christo
1895 4181 2041 4250 quod

481 4259 631 4304 actus
682 4258 765 4304 est
816 4250 1011 4304 homo:
1055 4249 1201 4304 quod
1256 4265 1400 4304 enim
1449 4251 1622 4304 factus
1647 4258 1758 4304 est.
1791 4251 1962 4304 factus
1985 4258 2041 4304 et

481 4249 631 4306 'actus
682 4258 765 4305 est
816 4250 1011 4314 homo;
1055 4249 1201 4319 quod
1256 4249 1400 4304 enim
1449 4251 1622 4306 factus
1647 4258 1758 4316 est,
1791 4249 1962 4306 factus
1985 4258 2041 4306 et

461 4333 562 4387 ego
589 4321 821 4390 pariter,
853 4319 1059 4375 honore
1111 4328 1260 4374 tanto
1311 4319 1519 4390 scilicet
1546 4337 1627 4390 ex,
1655 4321 1771 4390 ipso
1819 4321 1873 4376 in
1919 4336 2036 4388 me,

463 4389 681 4459 propter
707 4390 1136 4445 communionem
1166 4398 1398 4456 naturae,
1429 4389 1780 4446 redundante.
1808 4391 2038 4446 Verum-

465 4467 643 4514 tamen
671 4459 860 4514 tertius
888 4459 976 4514 ille
1002 4475 1189 4516 sensus
1208 4499 1222 4525 ,
1245 4476 1366 4516 cum
1413 4459 1626 4531 pietatis
1679 4461 1906 4516 multum
1943 4462 2042 4516 ba-

2143 3197 2286 3252 hunc
2313 3212 2529 3266 quoque
2559 3194 2772 3250 titulum
2798 3195 3056 3266 debemus
3074 3195 3255 3266 codici
3286 3194 3576 3266 Vaticano,
3607 3211 3743 3251 cum

2143 3263 2356 3322 deesset
2385 3263 2857 3322 in'Bellovacensi.
2897 3265 3015 3332 Quo
3063 3265 3259 3321 factum
3303 3273 3386 3320 est
3423 3272 3482 3318 ut
3521 3263 3744 3322 Carne-

2142 3337 2284 3402 rius,
2330 3353 2452 3393 cum
2495 3337 2702 3392 videret
2748 3337 2896 3391 Ibam
2932 3350 3155 3404 negasse
3194 3352 3253 3390 se
3281 3351 3345 3389 ea
3373 3335 3571 3390 dixisse
3610 3351 3747 3403 qum

2143 3423 2271 3478 mox
2300 3409 2622 3478 referuntur,
2655 3416 2710 3462 et
2737 3415 2951 3478 putaret
2979 3423 3008 3460 a
3037 3406 3205 3478 Mario
3232 3405 3545 3478 Mercatore
3568 3406 3745 3478 tribui

2151 3477 2435 3533 Theodoro
2465 3476 2863 3546 blopsuesteno,
2890 3477 2940 3531 ei
2968 3476 3290 3531 credendum
3306 3476 3593 3546 putaverit,
3624 3476 3748 3532 huc

2143 3556 2323 3604 tamen
2351 3548 2507 3603 valde
2544 3545 2806 3602 inclinans
2843 3555 2902 3601 ut
2931 3546 3140 3602 facilius
3175 3547 3398 3600 sentiret
3425 3561 3544 3600 esse
3573 3545 3741 3602 Pauli

2143 3618 2501 3674 Samosateni.
2547 3617 2624 3672 Re
2650 3626 2829 3673 autem
2859 3632 2984 3671 vera
3017 3625 3142 3671 sunt
3166 3616 3270 3670 [hae
3298 3616 3536 3685 episcopi
3563 3615 3748 3672 Edes-

2141 3690 2277 3754 seni,
2296 3697 2355 3742 ut
2378 3697 2606 3743 testatur
2635 3687 2830 3742 Marius
2860 3686 3141 3742 Mercator.
3166 3686 3300 3740 Vide
3326 3686 3572 3740 ultimum
3600 3702 3749 3744 eon-

2142 3758 2386 3840 stitutum
2414 3774 2566 3840 papa:
2598 3759 2769 3840 Vigiiii
2799 3775 2828 3812 a
2864 3757 3021 3813 nobis
3048 3757 3250 3812 editum
3277 3757 3332 3811 in
3362 3773 3501 3812 nova
3534 3757 3748 3814 Conci-

2146 3828 2339 3884 liorum
2371 3828 2625 3884 editione.
2652 3849 2670 3879 ι
2692 3828 2846 3884 Ευιτ.

2216 3898 2242 3937 δ
2283 3899 2417 3954 Huic
2445 3914 2659 3968 quoque
2690 3899 2988 3968 fragmento
3008 3898 3337 3968 praeponitur
3356 3897 3546 3952 titulus
3579 3916 3590 3950 :
3621 3913 3747 3968 quo

2142 3971 2222 4027 sic
2234 3985 2298 4040 se
2319 3967 2843 4040 habente.’Ejusdem
2860 3967 2970 4040 liba:
2988 3985 3104 4022 cum
3125 3967 3369 4040 populant
3388 3967 3748 4040 alloqueretur

2141 4043 2197 4095 in
2221 4039 2446 4094 Pascha.
2479 4059 2497 4092 ί
2521 4039 2675 4107 Hinc,
2700 4039 3148 4108 inquitBaluzius,
3173 4048 3323 4109 patet
3342 4039 3446 4093 hoc
3472 4039 3746 4108 fragmen-

2142 4121 2257 4166 tum
2285 4110 2536 4178 conjungi
2578 4127 2735 4180 posse
2773 4126 2895 4164 cum
2921 4108 3220 4180 superiore.
3261 4108 3339 4163 Ex
3375 4109 3558 4164 libello
3583 4111 3739 4164 enim

2141 4179 2593 4252 presbyterorum
2621 4179 3019 4252 Edessenorum
3066 4189 3254 4252 contra
3296 4180 3442 4252 Ibam
3492 4190 3747 4252 impar-et

2143 4248 2268 4307 eum
2295 4248 2575 4320 superiora
2604 4249 2672 4305 de
2698 4250 2912 4321 Christo
2942 4251 3230 4321 protulisse
3258 4266 3380 4304 cum
3406 4249 3464 4321 in
3491 4248 3746 4321 Ecclesia

2143 4317 2437 4378 secundum
2482 4317 3027 4376 consuetudinem-in
3055 4321 3144 4376 die
3179 4327 3370 4375 sancto
3401 4317 3621 4376 Pascha:
3654 4320 3744 4374 fa-

2144 4400 2292 4448 ceret
2327 4406 2651 4448 sermonem.
2694 4391 2844 4447 Dicta
2886 4401 3065 4445 autem
3091 4393 3159 4446 ab
3187 4407 3254 4446 eo
3283 4405 3404 4446 esse
3423 4399 3479 4445 et
3506 4391 3614 4444 alia
3645 4400 3738 4446 te-

2142 4471 2354 4518 stantur
2378 4461 2539 4518 iidem
2562 4462 2880 4533 presbyteri.
2905 4482 2924 4513 »
2957 4459 3112 4516 Ean.

2049 4731 2163 4804 ΙΙ.

1066 4906 2221 5022 THEODORETUS
2351 4915 2859 5021 CYREN
2871 4913 3015 5022 SI
3031 4913 3160 5022 S.

1635 5129 2569 5158 -—-——————————_

1736 5289 2447 5374 ADMONITIO.

537 5441 638 5508 Qui
667 5439 826 5498 fuerit
851 5440 1230 5520 Theodoretus
1248 5442 1713 5520 Cyri‘episcopus,
1743 5461 2013 5518 quamque
2039 5449 2351 5520 praecellens
2377 5449 2645 5518 doctrina,
2677 5465 2837 5507 nemo
2866 5451 3064 5517 nescit;
3107 5458 3295 5506 notum
3325 5451 3532 5518 pariter
3558 5452 3746 5508 omni-

469 5511 587 5573 bus,
611 5519 869 5593 quantum
895 5513 1160 5593 studuerit
1188 5511 1460 5593 Nestorio,
1479 5511 2090 5593 antequam—,vexatiorie
2115 5527 2346 5593 coactus
2361 5520 2432 5593 ad
2463 5511 2743 5578 meliorem
2765 5531 3000 5578 mentem
3030 5511 3268 5577 redierit.
3303 5511 3379 5576 Ea
3408 5521 3481 5593 de
3507 5521 3746 5593 redixi-

385 5591 388 5594 ‘
471 5584 756 5666 mus‘satis,
787 5584 964 5653 quoad
991 5600 1227 5666 prmsens
1256 5589 1549 5666 negotium,
1575 5584 1645 5666 in:
1657 5588 1970 5666 prmfatione
2002 5591 2289 5666 hiStorica;
2319 5591 2560 5666 dicemus
2588 5593 2745 5666 longe
2774 5594 3048 5666 copiosius
3069 5595 3120 5649 in
3143 5595 3384 5649 auctario
3406 5590 3750 5651 Theodoreti

471 5651 970 5733 quodapparamus,
994 5651 1094 5733 ubi
1131 5651 1547 5733 dc,vite:ipsius,
1569 5651 1682 5733 iide
1710 5671 1765 5733 et
1793 5657 2057 5733 Operibus
2083 5651 2352 5733 curiosius
2372 5651 2805 5720 dissertationem
2833 5651 3191 5720 instituemus.

538 5719 760 5812 Edimius
789 5719 1628 5812 nouocollectanea‘Mei‘cauoris,
1655 5719 1951 5812 cujusniodi
1978 5731 2318 5812 reperiuntur
2344 5732 2398 5789 in
2421 5719 2799 5812 manuscriptis
2825 5719 3120 5812 codicibus,
3151 5735 3392 5812 auctiora
3421 5736 3601 5792 daturi
3629 5751 3746 5812 suo

473 5793 616 5855 loco,
645 5807 752 5850 non
780 5808 849 5848 ex
876 5793 1192 5863 Mercatore,
1207 5797 1300 5853 scd
1329 5797 1542 5855 aliunde
1567 5793 1886 5888 conquisita,
1921 5793 2173 5862 non'sine
2203 5802 2406 5860 labore.
2438 5802 2599 5864 Hisce
2619 5793 2751 5862 vero
2779 5793 3125 5866 collectaneis
3152 5807 3499 5865 continentur
3539 5814 3602 5864 ut
3629 5793 3743 5869 ira?
