3924 6282
531 302 668 364 1071

1029 284 1227 355 ΠΑΒΙΙ
1261 290 1699 352 MERCATORIS
1741 268 2306 346 TRANSLATIONES
2355 277 2715 341 VARIORUM
2752 276 3284 338 OPUSCULORUH.

3713 270 3868 330 1072

528 430 760 502 gustaret
785 428 1017 480 mortem.
1056 419 1213 476 Hunc
1247 416 1449 475 etenim
1474 421 1530 472 et
1554 412 1896 487 paulominus
1922 408 1992 464 ab
2019 422 2117 462 an-
2142 408 2199 471 Δ.
2219 411 2532 502 sanctorum
2577 401 2798 502 Patrum
2851 400 2945 502 qui
2996 398 3138 502 apud
3181 396 3490 502 .
3512 391 3866 502 Nestorium

528 484 661 590 gelis
682 517 876 575 asserit
901 516 1258 581 minoratum;
1306 484 1774 567 Verbum—autem
1819 503 1963 560 Deus
2009 517 2121 558 non
2223 497 2615 555 damnaverunt
2640 496 2740 590 sub
2765 494 3156 590 exclamatione
3178 490 3407 590 protulit
3436 488 3651 590 dicens
3667 484 3714 559 :]

530 615 707 671 minor
733 610 956 683 angelis,
997 608 1093 666 sed
1133 614 1347 665 creator
1385 612 1469 662 est
1496 603 1837 674 angelorum,
1869 605 1926 655 et
1951 597 2121 653 virtu-

530 714 664 774 tum,
692 712 749 762 et
774 702 1221 767 dominationum,
1252 704 1311 757 et
1337 697 1512 756 omnis
1540 693 1819 752 invisibilis
1854 698 1911 748 et
1936 688 2120 747 visibi-

531 796 596 854 lis
614 806 894 855 creaturae.

1090 885 1177 942 Ea:
1203 884 1382 942 eodem
1406 882 1558 939 libro.

595 1033 629 1065 ἰ
670 1024 846 1081 Unum
870 1022 955 1079 his
974 1021 1224 1079 omnibus
1267 1018 1525 1089 adjiciens
1568 1012 1960 1076 testimonium,
2009 1020 2119 1063 ser-

532 1116 679 1172 moni
706 1115 994 1171 terminum
1018 1112 1158 1170 dabo
1190 1129 1203 1164 :
1234 1109 1261 1150 1³
1290 1108 1443 1165 Iesus
1463 1106 1697 1162 Christus
1726 1104 1835 1158 heri
1866 1110 1917 1156 et
1947 1100 2119 1166 hodie,

532 1213 639 1282 ipse
657 1218 707 1265 et
733 1212 788 1264 in
808 1208 1019 1265 saecula.
1045 1204 1329 1275 Quomodo
1357 1202 1518 1272 igitur
1544 1201 1688 1274 (hoc,
1713 1192 2116 1268 sapientissimi,

532 1304 787 1361 debemus
812 1300 1137 1374 advertere),
1167 1297 1441 1369 quomodo
1477 1296 1591 1367 ipse
1631 1294 1773 1349 idem
1800 1294 1916 1348 her:
1944 1298 2001 1347 et
2026 1289 2127 1344 ho-

531 1396 618 1453 die
646 1405 702 1453 et
730 1396 785 1451 in
811 1394 1026 1461 saecula,
1050 1400 1106 1449 et
1133 1389 1449 1462 temporalis
1474 1395 1531 1444 et
1556 1394 1809 1451 aeternus,
1836 1385 1967 1440 etin
1990 1391 2127 1441 tem-

533 1505 669 1561 pore
694 1497 750 1546 et
777 1505 938 1561 super
973 1486 1265 1558 tempora?
1293 1483 1428 1538 Nam
1470 1482 1518 1537 si
1557 1487 1792 1537 internus
1829 1485 1945 1543 est,
1992 1485 2130 1534 tem-
2166 1484 2171 1490 ·

533 1581 734 1653 poralis
763 1597 872 1638 non
899 1588 1015 1647 est;
1045 1586 1102 1634 et
1127 1578 1174 1633 si
1203 1577 1261 1633 in
1288 1583 1535 1646 tempore
1562 1579 1679 1638 est,
1716 1586 1881 1643 super
1912 1578 2129 1641 tempus

537 1688 645 1729 non
676 1679 777 1729 BSt.

920 1764 972 1837 [ο
1022 1760 1191 1817 Verba
1218 1759 1381 1815 Marii
1409 1758 1739 1813 Mercatoris.

607 1898 742 1971 Item
782 1897 1021 1969 ejusdem
1069 1912 1138 1953 ex
1184 1896 1322 1952 libro
1363 1901 1558 1965 quarto
1583 1935 1597 1960 ,
1648 1901 1773 1964 post
1818 1891 2130 1948 testimonia

537 1999 846 2049 sanctorum
883 1990 1103 2046 Patrum
1139 2004 1259 2060 quae
1295 1988 1555 2044 scelestus
1579 1994 1635 2042 et
1662 1986 1857 2057 impius
1882 1986 1951 2041 ad
1978 2000 2135 2041 suum

538 2085 801 2141 nefarium
827 2100 1045 2141 sensum
1072 2092 1389 2153 retorquere
1411 2080 1711 2146 contendit,
1741 2076 1769 2117 ά
1798 2086 1923 2150 post
1956 2094 2134 2135 asser-

537 2178 742 2234 tionem
766 2178 818 2233 ei
845 2178 900 2231 in
929 2176 1310 2232 nonnullorum
1341 2175 1719 2230 haereticorum
1752 2171 1901 2247 (nam
1928 2172 2050 2228 dico
2079 2180 2136 2228 et

537 2268 830 2340 Theodori)
859 2284 969 2325 non
996 2268 1176 2323 timuit
1194 2267 1372 2324 facere
1393 2266 1728 2322 mentionem
1746 2280 1885 2336 quos
1907 2264 2134 2321 summis

537 2376 753 2433 quoque
779 2362 1027 2418 laudibus
1054 2360 1247 2418 eﬂ'erre
1272 2360 1489 2417 molitus
1516 2366 1618 2426 est,
1662 2358 1777 2413 haec
1798 2357 1854 2412 in
1882 2356 2135 2426 injuriam

2301 600 2324 630 ο
2345 589 2560 657 Audite,
2583 588 2752 656 surdi,
2781 588 2995 652 etcieci,
3013 586 3289 658 respicite.
3312 582 3382 638 Et
3398 582 3531 653 quis
3556 588 3659 636 est
3682 593 3864 635 caecus

2225 692 2282 743 et
2304 683 2516 750 surdus,
2548 682 2652 739 nisi
2678 682 2773 753 qui
2796 688 2980 737 mente
3007 687 3198 751 captus
3224 686 3325 745 est,
3359 691 3466 733 nec
3496 674 3640 730 vult
3690 672 3863 729 inten-

2223 780 2353 837 dere
2377 777 2613 845 veritati,
2647 776 2836 833 oculos
2863 791 2994 832 suos
3041 772 3301 831 claudens
3348 770 3548 836 radiis,
3587 774 3657 824 et
3698 782 3762 822 se
3783 766 3860 820 luo

2226 872 2459 928 minibus
2483 870 2738 942 privans?
2756 866 3069 938 Magistrum
3091 881 3223 937 ergo
3243 864 3490 921 veritatis
3510 858 3723 917 audite
3738 858 3858 928 jure

2226 964 2628 1037 praecipientem
2646 1006 2661 1030 ,
2708 976 2883 1021 voces.
2916 959 3255 1030 evangelicas
3283 954 3753 1029 apostolicasque
3779 952 3854 1007 di-

2226 1058 2428 1126 videre,
2452 1064 2508 1113 et
2529 1055 2727 1111 Deitati
2753 1053 2972 1126 quidem
2998 1052 3257 1109 sublimes
3277 1051 3591 1113 ascribere,
3619 1044 3851 1100 humiles

2228 1158 2409 1206 autem
2426 1146 2750 1204 humanitati
2776 1146 3056 1217 deputare.
3082 1142 3433 1213 Tandemque
3456 1137 3716 1196 desinite
3735 1136 3849 1191 huic

2228 1242 2331 1314 pize
2358 1239 2608 1296 divisioni
2636 1239 2919 1306 resistere;
2965 1253 3067 1294 nec
3094 1244 3242 1292 metu
3268 1231 3656 1289 anathematis
3687 1245 3847 1300 paro-

2228 1351 2344 1391 rem
2371 1333 2787 1405 simplicioribus
2817 1330 3078 1387 inferatis.
3108 1328 3220 1385 Nos
3238 1327 3379 1383 enim
3402 1334 3713 1393 tamquam
3730 1338 3846 1392 pur-

2229 1435 2514 1499 gamenta,
2555 1442 2674 1497 quae
2712 1442 2743 1480 a
2778 1424 2936 1481 vobis
2963 1421 3315 1479 formidolosa
3338 1417 3736 1491 proferuntur,
3767 1423 3845 1469 at-

2230 1524 2502 1581 tendimus
2524 1565 2540 1592 ,
2579 1529 2997 1591 sanctorumque
3032 1518 3256 1574 Palmm
3300 1512 3634 1585 magisteria
3674 1519 3839 1566 euac-

2231 1616 2425 1673 (limus.

2680 1682 2848 1740 Verba
2868 1682 3032 1739 Harii
3052 1682 3383 1738 Hercatoris.

2166 1803 2216 1866 Β
2312 1799 2409 1860 His
2427 1799 2607 1856 verbis
2626 1796 2885 1871 profanus
2913 1797 3036 1861 iste,
3084 1804 3196 1852 tam
3239 1797 3291 1853 in
3318 1796 3643 1853 Nestorium
3690 1812 3838 1869 qm

2239 1898 2292 1953 in
2318 1896 2525 1972 [Baluz.
2554 1894 2679 1950 add.
2705 1892 2845 1967 ejus]
2871 1893 3073 1949 similes
3100 1900 3249 1949 recte
3276 1892 3446 1947 latam
3485 1892 3593 1947 sub
3623 1894 3839 1949 anathe-

2235 1991 2396 2047 matis
2423 1990 2836 2062 interpositione
2863 1989 3206 2057 sententiam,
3258 1996 3319 2044 ut
3363 1988 3613 2044 aestimat
3634 2030 3652 2056 ,
3699 1994 3840 2053 atte-n;

2237 2101 2406 2141 nuare
2433 2084 2749 2152 contendit,
2799 2099 2868 2140 ne
2908 2091 3204 2140 sectatores
3255 2090 3312 2139 et
3358 2083 3665 2155 complices
3698 2093 3837 2140 metu

2236 2180 2518 2251 puesentis
2543 2188 2599 2235 et
2627 2180 2818 2234 futura:
2857 2194 3051 2249 preme,
3099 2178 3354 2248 dogmata
3394 2180 3689 2251 pravitatis
3708 2179 3838 2250 abji-

2236 2271 2399 2338 ciant,
2428 2280 2485 2327 et
2511 2270 2578 2326 ad
2608 2271 2829 2326 unitatis
2855 2270 3129 2325 tramitem
3160 2254 3351 2325 venire
3384 2270 3657 2327 nitantur.
3684 2271 3841 2327 Deni-

2237 2376 2344 2433 que
2369 2370 2427 2419 ut
2451 2362 2693 2433 nequitia
2714 2361 2893 2418 cordis
2920 2361 3039 2433 ejus
3065 2361 3349 2419 evidenter
3373 2371 3659 2435 apparat,
3683 2364 3747 2420 in
3766 2364 3842 2420 ul—

1721 2536 2271 2597 CASTIGATIONES
2311 2538 2400 2596 ET
2438 2537 2671 2596 NOTAE.

538 2702 682 2770 Heli,
696 2701 1187 2767 lammasabactani,
1211 2699 1351 2755 Deus
1373 2698 1513 2753 Deus
1534 2714 1698 2770 meus,
1714 2710 1965 2770 quareme
1984 2697 2131 2753 dere-

536 2769 769 2848 liquisti?
800 2772 1110 2848 Ex_q_uibus
1138 2772 1240 2848 tria
1269 2770 1534 2848 coniicio:
1567 2769 1799 2848 primum
1823 2807 1838 2833 ,
1880 2769 2132 2848 opinatos

537 2839 703 2902 fuisse
746 2846 847 2900 hos
895 2839 1163 2914 Hispanos
1192 2840 1425 2897 Verbum
1454 2842 1535 2914 ab
1570 2839 1791 2895 homine
1819 2840 2127 2914 recessisse,

539 2916 854 2971 imminente
880 2911 1073 2969 morte.
1122 2914 1382 2978 Alterum,
1413 2911 1663 2967 vitiosam
1696 2926 1816 2966 esse
1854 2912 2132 2981 vulgarem

539 2986 829 3042 lectionem
852 3024 866 3048 ,
908 2985 1053 3055 quod
1098 2985 1230 3040 satis
1259 2982 2127 3055 ‘ostendit_discoh;erens_oratio,

539 3051 979 3128 comprehensum.
1010 3055 1170 3128 Aiunt
1191 3072 1214 3128 _:
1251 3052 1478 3108 Recessit
1505 3052 1748 3128 Deusab
1795 3069 1876 3108 eo.
1904 3051 2129 3128 _Postre—

540 3122 710 3193 mum,
741 3141 845 3194 qua
870 3126 1080 3181 ratione
1108 3126 1297 3180 vitium
1327 3123 1603 3179 emendari
1639 3124 1854 3178 debeat.
1886 3122 2136 3192 Arguunt

541 3199 684 3253 enim
722 3195 910 3251 Vilalis
952 3204 1008 3251 et
1050 3194 1398 3250 Constantius
1445 3210 1686 3250 errorem
1731 3210 1830 3249 suo
1868 3194 2129 3264 pejorem,

541 3283 730 3323 eorum
751 3267 956 3322 scilicet
976 3267 1066 3337 qui
1096 3283 1205 3321 non
1234 3266 1411 3321 solum
1437 3266 1491 3320 in
1524 3280 1715 3330 cruce,
1747 3265 1841 3320 sed
1871 3273 1987 3320 toto
2017 3281 2135 3336 pas-

2240 2706 2535 2766 comperta.
2570 2696 2643 2755 Ut
2667 2696 2804 2754 alios
2833 2703 3148 2755 omittamus
3172 2740 3188 2766 ,
3230 2699 3290 2754 S.
3322 2698 3655 2758 Ambrosius
3686 2704 3771 2759 lib.
3802 2721 3837 2763 ιι
3922 2748 3924 2751 .

2239 2769 2308 2846 de
2330 2768 2489 2846 Fide,
2514 2786 2563 2826 c.
2588 2769 2654 2846 8_,_
2674 2770 2791 2831 haec
2817 2770 3014 2846 habet:
3045 2788 3064 2823 ι
3092 2770 3429 2846 Quambene
3457 2781 3651 2829 autem
3672 2778 3835 2846 posuit

2239 2840 2535 2914 Apostolus
2557 2839 2675 2914 :_Ut
2718 2841 2989 2914 suvqu
3016 2859 3111 2914 pro
3141 2842 3378 2897 omnibus
3423 2839 3835 2914 gustarefuter-
3922 2880 3924 2891 ι

2242 2921 2370 2977 tem;
2400 2926 2471 2967 ne
2489 2912 2785 2983 divinitatis
2813 2911 2961 2966 illam
2982 2911 3285 2983 passionem
3308 2911 3643 2983 putaremus
3666 2916 3829 2982 ftﬁsse,
3922 2928 3924 2983 τ

2239 2976 2357 3037 non
2378 2984 2571 3038 carnis.
2603 3003 2620 3034 ι
2641 2980 2708 3035 Ει
2731 2983 2927 3037 iterum
2957 2976 3109 3050 ibid.,
3138 2984 3230 3038 lib.
3262 2976 3323 3050 νζ
3345 3000 3398 3040 c.
3427 2984 3463 3039 8
3498 3004 3513 3038 ε
3553 3006 3574 3037 ‹
3601 2976 3832 3043 lucina;
3922 2976 3924 2995 '

2240 3054 2403 3126 tionis
2430 3054 2527 3109 Dei
2547 3054 2861 3126 mysterium
2889 3055 3152 3126 universa:
3174 3055 3319 3110 salus
3346 3063 3437 3110 est
3463 3067 3746 3123 creatum,
3765 3075 3835 3114 se-

2242 3123 2474 3179 cundum
2494 3123 2637 3195 quod
2657 3124 2916 3199 scriptum
2939 3134 3021 3181 est
3047 3144 3058 3179 :
3089 3125 3159 3181 Ut
3183 3141 3299 3181 δίκε
3328 3126 3451 3183 Deo
3479 3146 3586 3199 pro
3620 3133 3830 3184 omnibus

2240 3206 2472 3266 gustaret
2499 3194 2828 3267 mortemiid
2873 3204 2957 3251 est
2980 3239 2995 3263 ,
3041 3199 3186 3267 quod
3213 3194 3706 3267 cueatma’omnis,
3731 3203 3833 3257 sine

2241 3267 2492 3339 passione
2520 3267 2697 3336 aliqua
2725 3266 3018 3339 divinitatis
3040 3266 3069 3335 ,⁷
3102 3267 3369 3324 Dominici
3399 3266 3831 3339 sanguinisredi-

539 3340 710 3414 sionis
733 3332 1180 3414 tempore—atque
1201 3338 1274 3414 ita
1294 3338 1362 3401 ab
1385 3338 1500 3414 ipsa
1522 3332 2138 3414 comprehen_sior_1e,de—
2161 3332 2208 3397 C
2239 3332 2430 3414 inenda
2452 3338 2522 3414 sit
2549 3332 2765 3414 pretio.
2784 3357 2803 3388 ι
2840 3332 3089 3394 Attamen
3131 3340 3479 3414 retinendam
3507 3332 3642 3399 Esse
3667 3346 3832 3414 vulga-

540 3411 777 3481 positum
806 3406 1040 3481 a'Verbo
1070 3409 1340 3481 hominem
1368 3406 1629 3464 dicerent.
1651 3406 1834 3481 Quare
1854 3408 1929 3461 ita
1951 3407 2135 3481 legen-

540 3479 666 3536 dum
698 3488 827 3550 puto
858 3497 870 3531 :
905 3479 1013 3534 Sed
1044 3489 1094 3532 et
1122 3479 1380 3533 hominem
1405 3495 1591 3551 purum
1625 3479 1802 3551 dicunt
1834 3479 2137 3551 pependisse

540 3551 597 3604 in
611 3547 790 3614 cruce;
816 3559 928 3619 post
950 3551 1366 3620 comprehensum
1381 3547 1536 3616 enim,
1557 3551 1734 3603 aiunt:
1751 3547 1980 3603 Recessit
1993 3548 2135 3604 Deus

544 3620 717 3691 ab_eo,
740 3628 867 3684 etc.,
901 3620 952 3673 id
981 3628 1080 3691 est,
1112 3628 1236 3691 post
1260 3621 1818 3691 comprehensionem.

614 3689 784 3746 Porro
814 3698 995 3744 autem
1025 3688 1214 3744 Vitalis
1235 3699 1290 3744 et
1313 3688 1661 3746 Constantius
1680 3706 1747 3746 eo
1766 3689 2032 3745 venialius
2055 3706 2137 3747 er-

538 3762 763 3827 rabant,
798 3760 952 3832 quod
994 3774 1191 3832 magno
1232 3759 1370 3832 forte
1415 3762 1921 3832 exemplordecepti
1958 3772 2130 3830 erant,

540 3831 811 3887 Ambrosii
839 3829 1071 3897 scilicet,
1103 3830 1255 3901 cujus
1284 3831 1396 3888 hcec
1431 3840 1557 3887 sunt
1576 3829 1747 3887 verba
1780 3850 1791 3884 :
1825 3829 1957 3886 Haec
1985 3829 2136 3887 beata

541 3905 747 3975 anima,
771 3918 886 3975 qua:
921 3904 978 3956 in
1015 3918 1164 3956 cruce
1187 3902 1257 3955 ad
1296 3902 1612 3975 diuinitatem
1650 3902 1890 3958 clamavit
1918 3902 2091 3958 dicens
2112 3921 2131 3959 :

540 3972 680 4047 Deus
709 3972 850 4047 Deus
870 3990 1031 4038 meus,
1061 3988 1216 4047 quare
1235 3989 1317 4027 me
1344 3973 1696 4047 dereliquistil’
1722 3974 1963 4047 clamayit
1982 3975 2132 4031 homo

539 4044 839 4115 Divinitatis
878 4046 1207 4115 separatione
1230 4044 1527 4099 moriturus;
1563 4044 1706 4100 Nam
1732 4062 1845 4099 cum
1873 4044 2131 4102 Divinitas

537 4118 720 4171 mortis
749 4113 910 4187 libera
934 4113 1033 4180 sit,
1071 4116 1246 4187 utique
1278 4131 1417 4187 mors
1453 4132 1567 4171 esse
1592 4133 1699 4171 non
1740 4125 1977 4186 poterat,
2029 4119 2131 4173 nisi

538 4188 644 4260 uita
662 4186 969 4260 discederet,
993 4186 1113 4258 quia
1141 4184 1246 4260 vita
1274 4184 1534 4241 Divinitas
1558 4196 1658 4253 est,
1701 4184 1814 4259 quae
1851 4204 2133 4260 numquam

538 4254 735 4326 patitur
754 4258 833 4312 vel
857 4254 1097 4322 mortem,
1123 4257 1202 4311 vel
1222 4259 1619 4328 corruptionem,
1655 4254 1963 4312 inimortalis
1988 4254 2131 4313 enim

535 4344 749 4401 semper,
764 4338 815 4381 et
832 4327 1381 4401 incorruptibilisest.’
1402 4327 1540 4384 Deus
1574 4339 1764 4401 autem,
1794 4331 1878 4401 qui
1908 4328 2130 4384 Verbum

536 4405 586 4449 et
607 4396 835 4469 Spiritus
846 4408 941 4459 est,
965 4396 1061 4470 qui
1077 4396 1162 4451 ubi
1173 4399 1278 4472 vult
1292 4400 1477 4472 spirat,
1495 4416 1703 4454 carnem
1714 4396 1994 4454 humanam
2015 4402 2132 4455 ani-

538 4484 775 4543 mamque
794 4477 1083 4543 susceptam
1103 4485 1222 4543 non
1237 4470 1678 4543 deseruitinvitus,
1691 4472 1789 4543 sed
1809 4472 1927 4543 quia
1949 4472 2126 4537 voluit,

535 4537 622 4593 ubi
643 4537 830 4614 voluit,
860 4537 1114 4614 quomodo
1144 4540 1301 4594 voluit
1320 4548 1369 4594 et
1388 4543 1596 4614 quando
1617 4542 1776 4614 ualuit
1796 4537 2127 4614 {relinquens

538 4611 870 4683 posuitieam,
902 4620 951 4664 et
977 4612 1162 4664 iterum
1182 4611 1461 4682 assumpsit
1487 4629 1618 4666 eam.
1650 4611 1774 4667 Non
1806 4628 1927 4683 ergo
1956 4611 2130 4683 cujus-

538 4682 681 4751 piam
700 4682 823 4752 jure
850 4696 911 4733 ac
939 4689 1190 4752 potestate
1216 4691 1397 4736 exutus
1427 4692 1502 4737 est
1530 4699 1736 4737 carnem
1754 4722 1768 4748 ,
1813 4682 1904 4736 sed
1936 4682 2047 4752 ipse
2073 4700 2129 4738 se

536 4749 863 4824 exuitINam
877 4749 961 4824 qui
977 4754 1119 4822 potui
1125 4761 1142 4804 t
1156 4768 1257 4805 non
1278 4754 1429 4824 mo_ri,
1446 4756 1489 4807 si
1505 4754 1771 4818 noluisset,
1787 4749 2129 4824 proculdubio

535 4824 656 4888 quia
698 4822 897 4886 uoluit,
937 4831 1165 4894 mortuus
1203 4832 1296 4877 est.
1339 4822 1488 4888 Quod
1528 4826 1603 4878 ita
1642 4841 1753 4879 esse
1788 4822 2129 4894 comprobans

533 4893 810 4965 Apostolus
832 4895 946 4966 ait:
977 4892 1222 4966 Spolians
1263 4911 1317 4948 se
1345 4911 1528 4960 carne,
1558 4896 1875 4966 principatus
1903 4892 1953 4948 et
1986 4905 2129 4965 pote-

533 4972 691 5019 states
712 4964 1039 5036 exspoliavit,
1068 4966 1395 5035 triumphans
1416 4965 1536 5036 illos
1556 4964 1851 5036 semetipso.
1877 4982 1969 5036 per
1987 4964 2128 5020 mar-

534 5042 635 5105 tem
662 5035 853 5090 scilicet
882 5036 1105 5089 hominis
1132 5038 1374 5105 suscepti.
1398 5068 1472 5078 --
1492 5035 1620 5090 Sine
1638 5036 1769 5089 Deo.
1799 5035 1958 5091 Hebr.
1988 5053 2043 5101 ιι,
2069 5037 2119 5089 9.

532 5104 735 5183 [cintus
759 5121 878 5183 cum
910 5105 1062 5183 Vulg.
1084 5147 1098 5170 ,
1132 5104 1479 5183 xapatemg
1492 5149 1506 5171 ,
1539 5115 1711 5183 gratia
1735 5105 1854 5183 Dei.
1890 5105 2127 5183 Legebat

536 5174 1091 5253 Theodoritusxaiplc
1119 5174 1265 5239 Θὶοῧ,
1296 5179 1409 5231 sine
1437 5174 1566 5253 Ded.
1585 5176 1737 5253 βίης
1773 5174 2040 5253 Mercator
2068 5180 2124 5253 in

534 5246 879 5318 inscriptione
902 5246 1027 5302 huic
1053 5256 1309 5317 excerpto
1338 5248 1552 5318 praeﬁxa
1582 5248 1732 5303 illum
1760 5249 1950 5318 carpit,
1975 5248 2124 5317 quod

531 5317 739 5372 textum
769 5317 1051 5373 Paulinum
1086 5317 1404 5388 corruperit.
1441 5319 1547 5375 Sed
1575 5317 1865 5375 immerito.
1893 5317 2123 5376 Sanctus

532 5390 677 5461 cnim
724 5389 1233 5461 Hieronymnssub
1264 5390 1474 5444 initium
1522 5390 1612 5445 lib.
1648 5389 2024 5445 n'Commcnt.
2066 5392 2120 5446 in

533 5456 703 5532 Epist.
729 5461 800 5532 ad
827 5456 945 5515 Gali
971 5476 1047 5532 ut,
1076 5459 1166 5532 710,
1206 5459 1275 5514 do
1302 5469 1530 5531 utraque
1555 5461 1859 5532 hujusmodi
1888 5462 2120 5518 lectione

532 5530 613 5605 sic
636 5531 858 5605 scribit;
920 5551 938 5583 ι
968 5530 1242 5605 Scriptura
1268 5537 1421 5605 testis
1446 5530 1547 5599 est,
1577 5530 1700 5605 quia
1727 5530 1970 5605 Christus
1997 5550 2122 5605 gra-

538 5599 611 5653 tia
636 5599 735 5655 Dei
756 5643 793 5676 ,_
816 5602 929 5658 sive
968 5610 1027 5657 ut
1053 5599 1107 5656 in
1130 5602 1445 5676 quibusdam
1473 5599 1866 5676 exemplaribus
1905 5599 2117 5675 legitur,

535 5684 733 5747 usque
759 5672 897 5747 _Dso_,-
925 5690 1019 5744 pro
1038 5671 1279 5747 omnibus
1291 5685 1522 5747 mortuus
1544 5671 1651 5747 est:
1671 5696 1689 5727 ι
1726 5674 1849 5731 Ητθο
1867 5671 1999 5747 εειηρ
2021 5691 2120 5747 po-

535 5741 734 5816 sterior
759 5741 1049 5816 lectiognon
1068 5744 1225 5816 latuit
1244 5744 1528 5816 Qrigencm
1553 5747 1606 5801 in
1627 5746 1845 5816 Exeget.
1870 5746 1937 5803 ad
1957 5741 2111 5802 Jo’an.

535 5828 573 5880 l,
607 5811 656 5878 1,
688 5820 745 5869 et
768 5828 841 5881 ιι,
874 5812 958 5867 49.
993 5813 1131 5879 Quin
1161 5822 1211 5867 cl
1242 5811 1443 5871 Latinis
1474 5816 1717 5871 Palrilms
1744 5811 1887 5872 haud
1914 5818 2112 5872 l‘uitin-

2240 3416 2350 3463 tam
2374 3410 2668 3482 lectionem
2695 3412 2881 3482 χάριτι
2907 3417 3063 3482 9:06,
3094 3412 3268 3482 gratia
3293 3409 3429 3478 Dei,
3461 3426 3539 3467 ex
3580 3409 3828 3469 censeam

2239 3480 2479 3552 omnium
2513 3495 2648 3552 mss.
2696 3479 2852 3552 codd.
2897 3479 3229 3552 Gr.‘et’_l_.at.
3271 3482 3526 3552 pluribus
3571 3487 3830 3541 contendit

2238 3548 2433 3605 Millius
2462 3550 2530 3604 ad
2557 3551 2689 3606 Nov.
2717 3550 2951 3607 Testam.
2973 3549 3067 3607 Gr.
3092 3550 3226 3606 Heb.
3256 3548 3313 3618 ri,
3341 3550 3396 3606 9.
3432 3553 3515 3608 De
3535 3555 3646 3611 hoc
3667 3564 3825 3611 autem

2238 3620 2359 3691 loco
2404 3629 2532 3691 post
2559 3620 2782 3676 Millium
2821 3621 2937 3677 fuse
2977 3622 3312 3678 Wetstenius
3354 3625 3412 3679 in
3460 3640 3570 3680 suo
3623 3626 3825 3681 Testem.

2239 3688 2643 3770 Grec.:tom.ll_,
2672 3706 2796 3770 pag.
2830 3692 2964 3770 ’592Σ
2999 3693 3155 3761 Quod
3182 3695 3402 3770 quidem
3434 3699 3675 3770 spissum
3712 3713 3831 3770 opus

2237 3762 2592 3835 improhoque
2617 3763 2805 3820 labore
2832 3762 3158 3831 confectum,
3188 3762 3248 3821 ut
3276 3766 3431 3835 plura
3461 3762 3715 3824 continet
3746 3762 3832 3824 uti-

2235 3832 2327 3910 lia,
2357 3833 2565 3910 erudita
2591 3836 2811 3910 et_scitu
2838 3836 2999 3904 digna
3021 3876 3037 3901 ,
3065 3836 3145 3910 sic
3189 3832 3395 3910 absona
3439 3837 3570 3910 lidei
3615 3842 3759 3910 plura
3783 3850 3832 3895 et

2235 3904 2467 3959 absurda
2493 3905 2899 3976 complectitur,
2947 3922 3067 3976 quae
3110 3908 3398 3963 immodica
3449 3904 3675 3965 licentia
3719 3928 3832 3967 usus

2234 3976 2575 4060 partiumque
2603 3976 2780 4060 studio
2809 3978 3066 4060 abreptus
3091 3987 3284 4060 auctgr
3308 3980 3413 4034 sibi
3441 3983 3711 4051 permisit,
3740 3984 3830 4038 ali-

2233 4048 2449 4115 quando
2478 4047 2591 4103 Deo
2616 4049 2834 4119 auspice
2859 4047 3186 4117 castiganda.
3213 4047 3495 4107 ϐΑιιΑΝἱ).

2239 4195 2248 4200 Α
2307 4126 2332 4155 ⁸
2371 4117 2505 4200 Illud
2546 4119 2719 4200 ipsum
2742 4117 3035 4200 Gregorius
3064 4120 3285 4200 totidem
3322 4123 3508 4200 verbis
3534 4125 3615 4200 _i_n
3653 4125 3831 4200 prmia:

2233 4195 2343 4262 t_a_m
2372 4190 2657 4262 epistolam
2685 4191 2977 4259 transtulit,
3011 4192 3243 4262 indeque
3282 4194 3491 4248 erroris
3532 4190 3829 4252 Nestoriani

2235 4258 2635 4333 Theodoretum
2662 4263 2910 4317 convinci
2936 4277 3099 4333 posse
3117 4258 3367 4333 credidit.

2303 4329 2334 4411 ιζ
2369 4329 2526 4386 Hunc
2552 4332 2732 4411 locum
2769 4329 2955 4411 relert"
2973 4335 3241 4404 integrum
3282 4332 3542 4406 Pelagius
3568 4337 3613 4392 ll
3644 4339 3699 4394 in
3726 4341 3832 4411 epi-

2231 4400 2370 4456 stola
2399 4417 2527 4457 mox
2553 4401 2790 4459 laudata.
2822 4404 3025 4460 BALUZ.

2307 4482 2330 4546 ξι
2369 4470 2749 4546 _Supp_levimus
2786 4476 3055 4546 integrum
3105 4477 3250 4532 hunc
3287 4476 3471 4532 locum
3501 4495 3577 4534 ex
3604 4480 3833 4545 Baluzio,

2230 4542 2323 4611 qui
2350 4542 2638 4613 descripsit
2676 4560 2799 4601 eum
2841 4542 2925 4601 ex'
2948 4546 3210 4603 Vaticano
3256 4548 3470 4605 codice.
3504 4549 3630 4606 Non
3672 4542 3839 4607 exstat

2230 4613 2374 4735 ἓηίηι
2394 4612 2544 4684 apud
2556 4612 2896 4685 Garnerium,
2913 4618 3007 4688 qui
3027 4617 3473 4675 Bellovacensem
3495 4633 3722 4678 secutus
3741 4631 3832 4679 est.

2279 4700 2385 4735 Dl'l'.

2279 4700 2385 4738 ΜΤ.

2158 4730 2208 4790 Ῑ)
2304 4753 2332 4791 ἀ
2370 4754 2430 4809 In
2457 4756 2652 4812 mendo
2691 4758 2805 4815 haec
2840 4759 3007 4816 verba
3041 4759 3242 4816 cubare
3278 4772 3593 4819 noscuntur
3632 4768 3839 4821 nonnisi

2232 4840 2499 4898 mss._ope
2526 4830 2783 4884 sananda.
2816 4827 3091 4887 GALLAND.

2308 4906 2331 4934 ε
2368 4896 2603 4976 lntendit
2623 4901 2866 4976 animum
2890 4903 2950 4976 in
2988 4909 3241 4976 quartum
3285 4902 3481 4976 Cyrilli
3522 4909 3843 4964 anathema-

2232 4967 2471 5046 tismum,
2500 4970 2924 5046 qui‘bujusmodi
2953 4967 3075 5046 est:
3111 4973 3173 5046 Si
3202 4967 3608 5046 quis-personis
3648 4980 3843 5033 duabus
3922 5018 3924 5021 -

2228 5040 2335 5122 sive
2362 5038 2664 5095 substantiis
2695 5038 3065 5167 siin-onmem)
3093 5038 3370 5116 dispertiat
3398 5064 3552 5102 voces
3581 5068 3701 5123 qua:
3728 5062 3843 5104 sunt

2228 5126 2285 5163 in
2305 5110 2615 5167 evauaelicis
2645 5129 2701 5167 ve
2747 5118 3048 5167 apostolicis
3079 5114 3389 5167 Scripturis.
3424 5136 3648 5167 alumnae
3678 5123 3758 5167 ml
3787 5122 3843 5167 de

2228 5110 2615 5192 ilnleuaugelicis
2645 5110 2720 5192 vel
2747 5110 3055 5192 apostolicis
3079 5110 3389 5192 Scripturis,
3424 5110 3648 5192 quaeque
3678 5123 3758 5176 uel
3787 5122 3844 5175 de

2229 5178 2511 5264 Chi-isto'la
2540 5186 2737 5264 sanctis
2778 5178 3051 5264 dicuntur,
3086 5186 3165 5240 uel
3194 5178 3407 5264 alLipso
3436 5178 3505 5244 de
3532 5178 3754 5264 seipse;
3798 5201 3843 5247 et

2230 5251 2338 5330 has
2354 5251 2557 5324 quidem
2578 5263 2642 5330 ‘ut
2666 5256 2881 5323 homini,
2908 5260 2994 5330 qui
3023 5251 3214 5328 prater
3243 5251 3471 5330 Verbum
3499 5251 3841 5318 seorsus'in-

2232 5323 2527 5401 telligatur;
2568 5323 2663 5401 has
2694 5342 2811 5401 vero
2842 5338 2899 5380 ut
2919 5323 3125 5401 divinas
3143 5367 3159 5393 ,
3186 5330 3285 5401 soli
3317 5328 3430 5385 Deo
3473 5331 3683 5401 Verba;
3714 5352 3845 5389 ana-

2228 5393 2402 5475 thema
2454 5396 2561 5475 sit._
2595 5393 2831 5475 Consule
2881 5399 3362 5475 reprehensionem
3405 5393 3752 5475 Theodoneti
3779 5404 3843 5459 ad

2225 5465 2389 5519 istum
2418 5465 2962 5541 anathematismum;
2981 5478 3037 5525 et
3054 5484 3179 5527 cum
3207 5471 3324 5527 istis
3352 5473 3549 5530 confer
3574 5491 3737 5541 eam,
3761 5485 3842 5530 at-

2263 5550 2332 5614 με
2353 5550 2423 5614 εξ
2442 5538 2766 5614 cognatione
2793 5541 3075 5611 utriusque
3097 5542 3366 5612 intelliges
3384 5555 3661 5614 quantum
3683 5538 3845 5604 fuerit

2273 5606 2554 5662 heodoreti
2587 5608 2641 5663 in
2668 5626 2857 5665 omnes
2889 5606 3419 5677 anathematismos;
3458 5619 3561 5672 sed
3593 5618 3650 5673 in
3681 5620 3843 5674 istum

2223 5678 2494 5751 maxime,
2537 5679 2740 5735 odium.
2787 5679 2940 5741 Unde
2981 5699 3091 5740 non
3133 5685 3405 5742 immerito
3434 5686 3723 5746 Mercator
3756 5703 3856 5751 se-.

2223 5749 2441 5818 quentia
2469 5751 2632 5820 paulo
2658 5754 2984 5810 commotius
3012 5755 3248 5826 scripsit.
