3924 6282
80 354 222 411 1075

890 344 1266 402 EXCERPTA
1305 344 1402 401 EX
1442 344 1659 403 LlBlllS
1699 347 2007 417 QUlNQUlS
2048 347 2513 404 TllEODORETl.

3235 353 3373 415 1074

81 474 214 526 tima
270 475 422 539 parte
472 466 650 534 quarti
708 464 827 520 libri
885 460 1231 518 Theodorum
1286 462 1673 535 Mopsuestena:
1780 463 1983 537 [Baluz.
2032 464 2224 537 livore]
2269 466 2478 536 potius,
2527 466 2673 520 illam
2702 468 2990 538 protulisse
3030 472 3387 538 sententiam,

82 563 285 638 [Batuz.
319 557 732 630 Mamsuestinze]
763 557 996 615 civitatis
1024 557 1356 629 episcopum,
1381 572 1542 627 quem
1562 572 1671 613 om-

78 671 176 710 nes
202 654 313 710 tere
341 652 593 709 catholici
636 651 948 707 haereticum
989 665 1109 707 esse
1155 656 1519 722 cognoscunt,
1562 648 1671 705 suis

76 747 361 822 prmconiis
388 746 463 801 ita
488 745 849 801 concelebrat.

462 836 887 893 EXCERPTUM
925 834 1288 905 QUARTUM.

253 932 339 988 Ea:
370 933 553 988 ultima
587 940 735 1003 parte
762 930 879 985 libri
915 938 941 966 ει
964 930 1135 1003 quarti
1163 926 1488 982 Theodoreti.

145 1024 373 1089 Idcirco,
396 1024 578 1095 inquit,
612 1035 861 1089 magnum
895 1018 1270 1084 Theodorum,
1313 1025 1675 1089 propugnato-

75 1133 193 1173 rem
219 1115 453 1189 pietatis,
484 1122 538 1168 et
562 1112 993 1182 evangelicorum
1016 1110 1353 1167 defensorem
1376 1110 1677 1181 przeconio-

75 1226 195 1267 rum
219 1251 234 1275 ,
282 1210 338 1263 in
377 1206 611 1262 medium
652 1221 762 1261 non
789 1204 1016 1268 deduxi,
1049 1205 1173 1274 quia
1205 1212 1260 1259 et
1288 1205 1420 1274 ipse,
1454 1210 1678 1274 propter

75 1302 262 1357 nescio
285 1316 424 1370 quae,
454 1299 733 1355 nobiscum
762 1298 1107 1369 impugnatur
1150 1312 1180 1351 a
1227 1297 1407 1359 vobis;
1453 1303 1508 1351 et
1553 1303 1678 1365 post

75 1394 303 1451 sudores
322 1392 748 1463 quamplurimos
782 1398 837 1445 et
865 1390 1078 1445 labores
1107 1390 1439 1461 conquisitos
1468 1386 1673 1461 [Baluz.

74 1490 196 1546 loco
229 1486 561 1560 requisitos],
594 1494 716 1557 post
743 1493 824 1540 tot
851 1485 1144 1539 certamina
1186 1490 1240 1537 et
1278 1482 1452 1537 studia
1483 1496 1675 1535 nume-

74 1598 225 1651 rosa,
254 1598 362 1638 non
392 1589 761 1645 externomm,
787 1578 883 1635 sed
905 1592 1122 1633 suorum
1144 1576 1525 1644 sociorumque
1555 1572 1677 1629 ﬁdei

75 1679 365 1734 calumniis
390 1677 695 1748 appetitur;
727 1674 1012 1744 oportebat
1033 1672 1195 1737 enim,
1221 1687 1344 1726 eum
1365 1686 1487 1725 cum
1508 1667 1677 1724 Paulo

72 1778 201 1842 post
233 1769 529 1839 gentilium,
563 1776 618 1822 et
638 1767 929 1829 latronum,
962 1765 1125 1821 etiam
1165 1762 1421 1819 falsorum
1451 1762 1677 1817 fratrum

1775 562 2044 625 quatenus
2070 557 2397 628 Apollinaris
2443 557 2572 612 olim
2619 559 2827 630 sepulta
2873 560 3095 631 perﬁdia
3142 577 3239 633 per
3280 577 3375 619 eos

1775 657 2036 703 renovata
2076 664 2196 706 esse
2236 649 2510 717 videatur;
2569 650 2709 707 hanc
2756 661 2936 708 autem
2990 656 3375 712 contumeliam

1775 739 1829 795 in
1880 747 2097 796 sanctos
2145 740 2243 798 Dei
2280 740 2561 814 pontiﬁces
2597 744 2681 800 his
2718 745 2955 817 perlidus
2992 747 3171 820 verbis
3208 764 3375 820 exag-

1774 842 2041 961 geratis:
2069 905 2199 963 libro
2226 911 2406 981 quinto
2437 909 2746 966 Theodoreti
2773 930 2867 983 pro
2899 911 3190 969 Theodoro.

1846 997 1877 1038 ιι
1916 998 2150 1055 Tantum
2180 1002 2346 1057 valuit
2382 1003 2582 1058 invidia
2606 1046 2620 1071 ,
2667 1004 2754 1059 cui
2784 1020 2882 1061 vos
2908 1006 3287 1077 mancipastis,
3322 1016 3382 1063 ut

1777 1108 1897 1163 quae
1926 1092 2055 1148 olim
2076 1108 2175 1164 per
2204 1110 2366 1148 unum
2397 1104 2490 1150 aut
2517 1094 2671 1161 duos,
2704 1104 2759 1150 et
2797 1096 2896 1151 hos
2936 1096 3187 1165 latentes,
3223 1100 3383 1170 Apol-

1777 1190 1961 1245 linaris
2008 1190 2368 1260 loquebatur,
2420 1191 2535 1247 haec
2580 1208 2722 1247 nunc
2766 1206 2863 1262 per
2890 1191 3090 1247 multos
3124 1191 3381 1248 Ecclesia:

1778 1283 2034 1353 praesules
2061 1283 2564 1352 congregationibus
2611 1283 2972 1340 Ecclesiarum
3016 1285 3199 1347 sacris
3227 1285 3381 1340 exhi-

1778 1376 1934 1442 beat,
1966 1384 2022 1431 et
2052 1376 2187 1429 tales
2222 1374 2429 1448 [Batuz.
2462 1375 2709 1448 lethales]
2756 1377 2940 1433 herbae
2987 1393 3085 1447 per
3133 1389 3381 1449 pastores

1779 1469 2031 1537 gregibus
2058 1468 2384 1531 offerantur,
2419 1468 2773 1539 luporumque
2816 1486 3030 1525 morsus
3053 1510 3068 1535 ,
3102 1479 3380 1526 rectorum

1779 1561 2100 1627 ministerio,
2130 1560 2485 1616 rationalibus
2512 1561 2702 1616 ovibus
2738 1560 3075 1631 inlligantur;
3109 1571 3164 1617 et
3203 1563 3293 1631 qui
3323 1563 3378 1618 in

1780 1652 1989 1708 duabus
2055 1661 2149 1708 aut
2215 1654 2269 1707 in
2318 1653 2490 1708 tribus
2536 1653 2843 1708 civitatibus
2897 1661 3051 1709 extra
3096 1670 3377 1711 murorum

1781 1752 1955 1814 septa,
1986 1760 2190 1816 paucos
2218 1744 2611 1814 alloquebatur,
2642 1760 2780 1815 quos
2808 1746 2973 1800 etiam
3000 1747 3165 1802 variis
3205 1748 3378 1803 canti-

76 1836 142 1932 lll
164 1836 290 1918 Cor.
324 1879 396 1928 χι,
426 1859 549 1933 26),
582 1859 698 1929 ejus
725 1858 957 1928 denique
985 1858 1199 1928 generis
1227 1872 1549 1913 enumerare
1576 1873 1664 1929 pe-
1704 1866 1752 1927 Β
1783 1838 1862 1933 ei?
1881 1836 2194 1933 ξθάυοθίξίην
2227 1852 2370 1933 Ψηο
2394 1836 2620 1933 ίδίθ-Ρθτ
2640 1851 2761 1933 ’νοδ
2790 1837 2843 1890 in
2885 1836 3074 1893 mediis
3121 1838 3378 1908 ῑΐίριιάίδε

74 1955 270 2010 ricula.
300 1954 470 2024 Hujus
496 1954 573 2009 rei
594 1952 765 2023 gratia
795 1958 1004 2007 tantum
1029 1951 1203 2006 virum
1225 1958 1418 2021 sponte
1446 1958 1671 2020 practer-

74 2051 154 2106 ire
183 2049 475 2106 voluimus.

473 2136 898 2195 EXCERPTUM
939 2135 1274 2204 QUINTUM.

186 2234 321 2289 Item
356 2236 410 2289 in
438 2236 615 2307 quinto
643 2233 801 2297 libro,
823 2232 925 2303 Tqui
952 2238 1028 2285 est
1058 2230 1212 2285 totius
1248 2229 1360 2301 ejus
1398 2231 1565 2301 operis

734 2312 1012 2357 extremus.

515 2396 681 2451 Verba
722 2394 883 2450 Marii
913 2393 1240 2449 Mercatoris.

144 2510 301 2566 Hanc
330 2510 652 2565 calumniam
697 2516 897 2565 sanctae
945 2508 1153 2579 synodo
1201 2522 1321 2576 quae
1366 2505 1675 2561 Nestorium

60 2604 195 2674 jure
225 2603 474 2674 perculit,
500 2600 859 2656 exsecrandus
887 2600 989 2654 iste
1014 2606 1223 2653 struere
1247 2598 1451 2663 nititur,
1481 2606 1539 2651 ut
1579 2612 1676 2651 au-

64 2697 206 2752 deat
234 2696 441 2761 dicere,
473 2696 663 2751 beatos
692 2693 881 2749 Patres
926 2693 1018 2763 qui
1063 2692 1205 2763 apud
1244 2690 1514 2761 Ephesum
1544 2706 1675 2747 con-

64 2798 368 2855 venerunt,
406 2805 512 2846 non
540 2788 673 2844 recti
712 2786 977 2857 dogmatis
1005 2786 1323 2853 intentione,
1355 2784 1450 2840 sed
1478 2786 1674 2841 timore

1780 1930 2032 1997 urbibus;
2060 1929 2177 2000 ejus
2206 1930 2349 1984 enim
2377 1929 2681 2000 prtedicatis
2709 1944 2923 1984 errores
2940 1972 2955 1996 ,
2980 1936 3034 1984 et
3056 1944 3247 1986 vocum
3277 1946 3378 1986 no-

1780 2024 2035 2079 vitatibus
2071 2022 2424 2088 decoramini,
2465 2030 2780 2092 reparantes
2808 2020 2925 2091 ejus
2965 2020 3372 2093 blasphemiam,

1779 2132 1899 2187 quae
1923 2117 2036 2187 jam
2054 2116 2230 2174 fuerat
2259 2125 2578 2187 consumpta
2605 2116 2962 2187 temporibus.

2214 2229 2384 2286 Verba
2416 2229 2578 2285 Marii
2607 2229 2940 2285 Mercatoris.

1854 2324 2079 2391 Qualem
2095 2323 2358 2378 unitatem
2374 2322 2601 2377 Deitatis
2614 2330 2669 2377 et
2683 2321 3033 2377 humanitatis
3047 2320 3191 2377 idem
3206 2320 3377 2377 Theo-

1784 2416 2003 2470 doretus
2031 2414 2310 2479 fateretur,
2343 2429 2442 2484 per
2465 2429 2586 2483 quae
2614 2414 2828 2485 scripsit
2861 2413 3170 2471 necessario
3192 2412 3373 2471 decla-

1785 2515 1936 2562 ratur
1963 2508 2047 2563 his
2074 2508 2271 2562 verbis.

2196 2597 2620 2655 EXCERPTUM
2662 2596 2965 2656 SEXTUM.

2302 2692 2391 2749 Ea:
2416 2692 2595 2747 eodem
2628 2691 2781 2748 libro.

1858 2795 1882 2824 ο
1913 2783 2099 2852 Quod,
2127 2787 2323 2859 inquit,
2364 2784 2626 2842 Dominus
2651 2785 2720 2841 de
2740 2785 2860 2843 viro
2897 2793 2955 2842 et
2993 2800 3163 2844 uxore
3191 2786 3286 2855 ait,
3313 2793 3373 2842 ut

1255 2920 1801 2979 CASTIGATIONES
1840 2922 1930 2978 ET
1971 2924 2203 2980 NOTAE.

145 3051 174 3079 α
218 3038 302 3095 Ad
338 3039 486 3094 hunc
510 3036 705 3091 librum
732 3035 904 3091 videri
930 3043 1109 3106 potest
1145 3043 1392 3105 spectare
1422 3034 1672 3091 Theodo-

71 3122 247 3177 retus,
279 3126 400 3165 cum
422 3108 626 3163 Irenaeo
655 3107 911 3176 episcopo
931 3107 1175 3177 arguenti
1200 3107 1345 3174 quod
1375 3106 1668 3162 Diodorum

72 3192 128 3238 et
159 3175 507 3249 Theodorum
531 3175 963 3247 praetermisisset
1000 3179 1051 3231 in
1079 3175 1354 3239 Eranista,
1383 3179 1675 3249 respondet

74 3254 275 3325 (Epist.
314 3250 399 3321 16)
430 3269 441 3302 :
478 3248 756 3325 Quoqcultu
788 3252 923 3305 viros
956 3258 1125 3325 tantos
1165 3248 1479 3325 prosequar,
1532 3252 1675 3325 testis

72 3320 158 3379 est
180 3324 313 3378 liber
332 3320 479 3394 quem
505 3320 566 3373 dc
586 3321 1000 3394 illiscomposui,
1024 3320 1079 3372 in
1109 3337 1207 3391 quo
1237 3321 1515 3391 conﬂatam
1538 3322 1589 3394 in
1611 3322 1677 3375 il-

72 3397 149 3450 los
173 3392 559 3448 accusationem
588 3392 853 3455 diluimus,
878 3407 971 3462 nec
998 3399 1360 3445 accusatorum
1392 3392 1677 3462 potentiam

71 3482 165 3519 nec
209 3474 430 3518 structas
469 3472 647 3516 contra
680 3479 775 3516 nos
800 3461 1022 3515 insidias
1056 3462 1474 3532 reformidantes.
1518 3462 1680 3517 Liber

72 3536 225 3591 enim
246 3533 546 3601 Pentalogii
577 3534 645 3587 ab
676 3532 1026 3602 Apologetico
1047 3531 1147 3602 pro
1168 3531 1402 3587 Diodoro
1424 3540 1479 3587 et
1500 3532 1679 3588 Theo-

72 3607 211 3661 doro
246 3622 351 3661 non
381 3605 588 3669 dillert;
622 3604 673 3657 id
706 3602 989 3658 manifeste
1017 3603 1419 3658 demonstratur
1446 3618 1515 3659 ex
1542 3620 1677 3659 con-

70 3677 429 3746 sequentibus
454 3673 628 3746 Merca
638 3675 766 3746 toris
779 3675 988 3746 verbis.

142 3744 411 3801 Eranistae
430 3745 643 3813 dialogo
666 3745 688 3797 1
720 3745 947 3815 idipsum
968 3745 1132 3799 habet
1156 3764 1168 3798 :
1192 3744 1489 3817 Proferrem
1522 3748 1679 3801 etiam

76 3819 162 3873 tibi
194 3819 603 3890 fortissimorum
641 3817 877 3890 veritatis
900 3815 1341 3890 propugnatorum
1372 3815 1589 3871 Diodori
1628 3828 1679 3871 et

76 3887 341 3944 Theodori
366 3889 751 3945 enarrationes.
778 3888 878 3941 nisi
907 3887 1243 3958 videremvos
1271 3890 1476 3958 infenso
1506 3890 1559 3941 in
1583 3890 1675 3943 hos

74 3963 259 4015 animo
285 3977 416 4023 esse,
446 3959 943 4029 Apollinarisquein
968 3974 1054 4011 eos
1079 3957 1197 4012 odio
1226 3968 1275 4011 et
1304 3957 1679 4013 malevolentia:

76 4032 405 4085 successisse.
445 4028 674 4083 Vidisses
696 4030 833 4083 enim
861 4028 953 4082 Iros
977 4030 1131 4081 etiam
1153 4031 1351 4082 cazteris
1380 4046 1676 4083 consonan-

84 4104 151 4157 tia
183 4103 459 4172 scripsisse
483 4141 497 4166 ,
531 4109 581 4153 et
607 4116 672 4153 ea:
703 4099 885 4172 divino,
906 4101 1047 4169 fonte
1074 4098 1265 4172 ﬂuenta
1294 4098 1528 4172 hausisse
1546 4141 1559 4164 ,
1601 4100 1676 4172 ri-

81 4190 273 4245 vosque
297 4170 346 4225 et
365 4174 502 4245 ipsos
532 4186 727 4242 quoque
759 4170 969 4245 spiritus
998 4170 1409 4245 exstitisseilsed
1446 4170 1538 4245 Itos
1567 4170 1680 4239 qui-

80 4236 194 4299 deni
242 4236 653 4314 prwtermittam,
695 4236 814 4313 quia
842 4236 1167 4312 implacabile
1208 4239 1394 4294 bellum
1435 4236 1677 4294 adversus

79 4331 165 4385 eos
190 4315 511 4385 suscepistis.

148 4384 177 4424 ι)
222 4379 423 4439 Eadem
454 4399 596 4438 nunc
625 4382 847 4453 eil‘undit
892 4382 945 4435 in
991 4390 1207 4437 sanctos
1236 4382 1331 4453 Dei
1372 4379 1677 4453 pontiﬁces,

81 4473 199 4526 qua:
223 4465 349 4511 ante
374 4456 662 4525 scripserat
689 4456 743 4508 in
782 4452 1039 4577 Cyrillum
1059 4496 1072 4519 ,
1106 4468 1226 4507 cum
1266 4451 1461 4508 Joanni
1491 4453 1679 4508 Antio-

81 4528 260 4577 elieno
287 4528 525 4577 mitteret
552 4542 675 4577 suas
705 4534 831 4577 anat
851 4525 1273 4577 tematismorum
1302 4525 1676 4577 reprehensio-

1855 3049 1877 3077 ο
1917 3039 1975 3093 In
2005 3040 2087 3093 his
2116 3038 2422 3093 continetur
2448 3036 2637 3093 dolosa
2670 3036 3113 3094 Nestorianorum
3162 3041 3370 3096 subtili-

1778 3118 1893 3176 tas,
1941 3110 2031 3179 qui
2077 3110 2297 3164 nomine
2340 3123 2588 3178 personre
2629 3108 2943 3175 abutentes,
2985 3109 3216 3167 confessi
3246 3122 3371 3168 sunt

1780 3182 1997 3251 quidem
2028 3197 2187 3235 unam
2228 3189 2351 3250 post
2368 3179 2678 3251 unitionem
2717 3188 3030 3236 naturarum
3074 3183 3125 3236 in
3155 3181 3368 3238 Christo

1780 3249 2069 3323 personam
2088 3295 2101 3317 ,
2134 3252 2228 3307 sed
2258 3249 2431 3323 qualis
2462 3250 2561 3304 viri
2601 3258 2683 3305 est
2713 3266 2777 3305 ac
2806 3252 2990 3323 uxoris
3028 3261 3151 3322 post
3178 3253 3367 3323 conju-

1779 3322 1945 3393 gium,
1988 3326 2139 3396 χέσει
2182 3322 2452 3396 nimirum,
2482 3338 2589 3396 non
2613 3324 2782 3392 φύσει,
2800 3322 2921 3396 _vel,
2955 3332 3013 3377 ut
3054 3324 3223 3396 aiunt,
3256 3322 3363 3379 non

1781 3391 1887 3450 una
1916 3391 2221 3465 pliysiceget
2249 3391 2690 3465 substantialiter,
2710 3392 2816 3465 sed
2836 3410 2940 3447 una
2972 3395 3268 3459 moraliter,
3311 3405 3366 3451 et

1775 3466 1897 3536 jure
1918 3462 2095 3520 terius.
2127 3463 2426 3536 Gnediderit
2451 3462 2590 3517 forte
2612 3464 2919 3536 quispiam,
2950 3475 3042 3536 aut
3071 3466 3159 3519 hic
3188 3465 3365 3520 Theo-

1780 3532 2025 3593 doretum
2076 3552 2143 3591 ex
2184 3534 2471 3588 Theodoro
2500 3532 2829 3602 profecisse,
2881 3534 3031 3603 cujus
3076 3536 3363 3604 aliquando

1780 3608 2076 3663 sententias
2115 3607 2351 3673 integras
2378 3604 2659 3668 exscribit;
2704 3614 2794 3659 aut
2833 3604 3056 3660 Marium
3091 3605 3359 3662 Mercato-

1780 3696 1895 3734 rem
1918 3678 2194 3733 nominum
2217 3674 2476 3729 afﬁnitate
2497 3675 2783 3745 deceptum
2805 3691 2955 3742 esse;
2984 3687 3076 3731 aut
3096 3677 3201 3731 alio
3230 3679 3362 3734 vitio

1780 3751 2087 3817 contigisse,
2131 3748 2245 3802 sive
2273 3746 2690 3817 exscribentium
2729 3762 2846 3815 quae
2874 3747 3025 3801 Marii
3063 3757 3207 3813 sunt,
3250 3749 3363 3804 sive

1779 3815 2184 3891 execr—pentium
2213 3834 2333 3886 quae
2361 3815 2631 3871 Theodori
2663 3818 2713 3871 in
2742 3836 2772 3871 v
2800 3817 3007 3940 synodo
3035 3820 3362 3886 referuntur,

1780 3902 1839 3940 ut
1868 3893 1919 3940 in
1950 3892 2069 3940 aliis
2097 3897 2376 3940 neccatum
2422 3898 2504 3940 est
2539 3904 2645 3940 non
2676 3904 2822 3940 seme
2848 3928 2859 3940 .
2901 3888 3031 3940 Nam
3062 3889 3114 3940 in
3144 3889 3362 3940 Drmfala

1780 3902 1839 3947 ut
1868 3893 1919 3946 in
1945 3888 2069 3945 aliis
2097 3897 2384 3959 peccatum
2422 3898 2504 3941 est
2539 3904 2645 3942 non
2676 3888 2859 3959 semel.
2901 3888 3031 3941 Nam
3062 3889 3114 3942 in
3144 3889 3365 3958 prmfata

1780 3962 1985 4033 synodo
2023 3956 2313 4033 collatione
2360 3956 2394 4009 4
2417 3997 2430 4021 ,
2480 3965 2543 4033 et_
2563 3958 2704 4026 apud
2735 3957 3057 4033 Leontiunr2
3106 3956 3219 4013 hinc
3247 3960 3363 4027 ipsa

1781 4028 2090 4085 tribuuntur
2124 4029 2431 4090 Theodoro,
2462 4028 2609 4081 velut
2637 4037 2888 4096 excerpta
2910 4044 2977 4083 ex
3007 4028 3143 4083 libro
3169 4036 3362 4085 octavo

1780 4102 1847 4156 de
1874 4100 2268 4156 lncarnatione.
2321 4097 2376 4167 ln
2407 4113 2526 4150 eam
2574 4112 2673 4166 ego
2721 4100 3041 4152 sententiam
3088 4101 3360 4167 venirem,

1780 4172 1883 4245 nisi
1912 4187 1999 4245 me
2026 4172 2284 4245 retineret
2308 4166 2602 4245 Gregorius
2631 4168 2884 4245 Magnus,
2916 4177 3167 4245 πρξκοπςὴν
3206 4166 3365 4225 istam

1782 4241 2123 4297 Theodoreto
2151 4241 2410 4303 tribuens,
2442 4239 2570 4293 etin
2598 4254 2661 4293 ea
2688 4240 2905 4307 quidem
2928 4239 3175 4309 epistola,
3200 4256 3365 4309 quam

1781 4312 1995 4381 scripsit
2023 4312 2242 4366 nomine
2266 4310 2459 4365 summi
2495 4308 2763 4381 pontiﬁcis
2792 4310 2858 4365 ad
2894 4308 3231 4367 Theodoreti
3251 4322 3366 4367 stu-

1781 4380 1963 4440 diosos
1987 4425 2001 4449 ,
2052 4383 2145 4453 qui
2182 4382 2503 4438 calumniam
2546 4380 2890 4437 Theodoreto
2941 4383 3175 4437 inustam
3211 4385 3367 4453 queri

1782 4464 2022 4526 possent,
2053 4455 2099 4509 si
2121 4455 2282 4526 mod_o
2314 4453 2413 4526 ipsi
2444 4454 2684 4521 spurium
2714 4453 2915 4526 ali_quid
2937 4464 3362 4526 "supponeretur.

81 4523 260 4583 cheno
287 4523 525 4581 mitteret
552 4542 675 4580 suas
705 4523 1273 4598 anathematismorum
1302 4525 1676 4598 reprehensio-
1702 4538 1757 4598 ι)
1781 4523 1959 4593 Quare
1988 4523 2731 4598 epinior_'l‘heodorctum_ex
2764 4523 3369 4597 Tlieodoro'sumpsisse

84 4615 195 4653 nes.
242 4598 405 4654 Valde
427 4598 604 4678 dolui,
629 4597 841 4678 inquit,
873 4612 985 4648 cum
1019 4596 1475 4677 quat/tematisrnos
1523 4596 1677 4678 legis-

84 4686 212 4741 sem,
238 4688 363 4741 quos
403 4669 660 4741 direxisti,
692 4667 836 4741 nobis
892 4667 1194 4735 prwcipiens
1253 4676 1309 4719 ut
1348 4684 1444 4741 eos
1483 4667 1675 4735 scripto

85 4738 484 4803 destruerernus,
508 4748 555 4791 ct
581 4739 873 4791 luereticum
899 4754 1073 4790 eorum
1103 4754 1307 4791 sensum
1338 4738 1531 4791 nudum
1561 4755 1675 4791 0m-

85 4810 237 4865 nibus
265 4813 638 4865 intimaremus.
665 4807 821 4864 Dolui
851 4816 1021 4860 autem
1047 4807 1181 4879 quod
1202 4810 1277 4861 vir
1297 4808 1541 4878 pascendi
1564 4826 1677 4863 sor-

88 4883 208 4953 titus
238 4883 474 4953 oﬂicium,
505 4890 552 4933 et
581 4881 660 4933 cui
690 4896 817 4949 grex
848 4886 1017 4931 tantus
1046 4878 1271 4953 creditus
1318 4888 1433 4943 est,
1464 4889 1525 4953 et
1561 4897 1675 4933 oves

84 4949 324 5021 inﬁrmas
346 4968 529 5005 curare
557 4960 858 5021 prwcepﬁlus,
892 4965 997 5021 non
1020 4949 1186 5003 solum
1216 4950 1427 5019 languet
1456 4951 1583 5018 ipse,
1628 4960 1678 5003 et

85 5020 286 5092 quidem
308 5024 643 5085 vehementer,
676 5020 763 5073 sed
808 5020 988 5092 nititur
1023 5022 1178 5073 etiam
1222 5038 1337 5074 oves
1372 5020 1677 5091 aegritudine

84 5091 315 5163 implere,
344 5103 392 5147 et
393 5095 545 5217 [feris
587 5092 759 5145 bestiis
792 5091 975 5144 swvius
1020 5108 1082 5143 ea
1125 5108 1237 5163 qua:
1266 5100 1387 5145 sunt
1413 5091 1675 5161 pascenda

87 5165 347 5217 discernit.
426 5164 510 5217 lla:
533 5179 750 5217 namque
769 5178 829 5214 ea
851 5177 965 5217 autc
986 5170 1105 5214 sunt
1128 5162 1362 5217 dispersa
1390 5171 1437 5214 et
1466 5180 1498 5214 a
1526 5180 1675 5217 areae

87 5162 347 5234 discerpit.
393 5162 510 5217 Illa:
533 5179 750 5233 namque
769 5178 829 5214 ea
851 5177 968 5234 quia
986 5170 1105 5214 sunt
1128 5162 1362 5229 dispersa
1390 5171 1437 5234 et
1466 5180 1498 5214 a
1525 5180 1677 5232 grege

88 5230 532 5306 divisa'rapientes
557 5230 871 5286 dilacerant.
900 5230 1002 5284 Hic
1030 5242 1200 5285 autem
1225 5234 1277 5306 in
1302 5232 1472 5286 medio
1506 5230 1675 5304 gregis

85 5304 343 5370 existens,
364 5314 412 5359 et
432 5314 661 5359 servator
683 5312 946 5372 reputatus
973 5312 1023 5355 et
1048 5313 1237 5372 custos,
1263 5304 1503 5356 latentem
1532 5321 1675 5358 erro-

86 5394 193 5431 rem
222 5378 275 5429 in
304 5392 391 5431 eos
412 5378 497 5447 qui
524 5376 599 5447 illi
630 5371 812 5447 parent
838 5372 1139 5447 introducit.
1170 5371 1319 5447 Quod
1342 5376 1477 5447 enim
1499 5384 1677 5445 aperte

87 5457 373 5529 Oppugnat,
482 5444 758 5529 observare
780 5445 932 5526 facile
961 5452 1067 5529 est;
1091 5444 1227 5515 quod
1247 5462 1361 5529 vero
1392 5445 1482 5497 sub
1510 5444 1676 5516 specie

86 5516 330 5572 amicitia:
356 5516 576 5571 insidias
605 5525 776 5586 parat,
820 5517 1012 5587 invenit
1040 5532 1155 5587 eum
1180 5525 1363 5569 contra
1402 5534 1549 5587 quem
1589 5534 1677 5585 pu-

86 5598 211 5658 gnat
242 5589 532 5653 incautum,
570 5585 713 5658 eique
742 5586 915 5658 facile!
936 5585 1199 5658 laesionem
1238 5585 1423 5657 infert.
1453 5585 1569 5640 Hoc
1598 5604 1676 5641 me

87 5655 245 5731 multo
276 5661 437 5731 magis
459 5655 754 5731 contristat,
779 5656 915 5731 quod
944 5655 1034 5731 sub
1057 5657 1261 5731 pietatis
1289 5655 1496 5731 nomine
1527 5668 1677 5731 atque

86 5730 275 5800 ﬁgura,
299 5742 346 5785 et
361 5726 427 5785 'in
451 5730 676 5801 pastoris
705 5726 969 5801 dignitate,
998 5728 1051 5779 in
1080 5726 1347 5801 luereticas
1370 5736 1417 5801 et
1439 5726 1676 5801 blasphee

86 5798 201 5855 mas
231 5819 374 5857 voces
415 5798 652 5871 erumpit,
687 5808 736 5852 et
776 5798 967 5871 dudum
1010 5800 1317 5850 exstinctam
1364 5798 1675 5868 Apollinarii

88 5874 292 5928 inanem
314 5875 465 5928 sintut
495 5880 543 5927 et
564 5870 782 5943 impiam
804 5870 1093 5926 doctrinam
1120 5877 1349 5943 renovat,
1374 5878 1477 5927 etc.

1784 4614 1849 4652 ex
1878 4595 2038 4668 parte
2061 4612 2180 4669 quae
2210 4595 2475 4669 Mercator
2513 4595 2749 4669 exhibet,
2782 4612 2891 4669 non
2928 4607 3106 4652 tamen
3136 4595 3214 4653 ita
3237 4599 3369 4669 quin

1782 4665 2147 4723 ἱιιηῂυῑίιγθνίι
2166 4666 2409 4736 qumdam
2432 4665 2574 4720 unde
2603 4668 2773 4736 possit
2794 4667 3078 4723 discrimen
3103 4665 3323 4736 agnosci
3350 4686 3365 4721 :

1781 4740 1925 4809 quod
1956 4748 2014 4793 ut
2048 4746 2257 4794 constet
2282 4777 2295 4801 ,
2338 4744 2392 4791 et
2420 4753 2513 4791 sua
2539 4738 2697 4791 simul
2740 4738 3025 4809 Mercatori
3058 4736 3190 4793 ﬁdes
3218 4740 3369 4793 salva

1780 4808 1869 4875 sit,
1898 4810 2051 4879 juvat
2089 4811 2377 4875 exhibere,
2409 4810 2521 4863 sive
2565 4826 2685 4879 quae
2726 4810 2865 4879 apud
2906 4808 3222 4879 Leontium,
3253 4811 3369 4865 sive

1780 4877 1977 4950 quaein
2000 4900 2031 4937 v
2053 4881 2260 4951 synodo
2281 4880 2587 4949 eLepistola
2620 4878 2819 4951 Pelagii
2848 4878 2887 4951 2
2911 4896 2941 4933 a
2970 4877 3233 4948 Gregorio
3255 4880 3387 4934 Μει-⁴

1780 4949 1885 5020 gno
1927 4949 2232 5021 conscripta
2263 4951 2624 5019 reperiuntur.
2670 4949 2824 5019 Apud
2868 4949 3152 5005 Leontium
3184 4952 3363 5019 igitur.

1779 5022 1867 5075 Ex
1905 5025 2043 5076 omni
2073 5032 2219 5092 parte
2245 5024 2575 5091 manifestum
2610 5031 2682 5073 est
2718 5036 3153 5090 supervacaneam
3180 5039 3290 5077 esse
3318 5029 3369 5075 et

1779 5094 2075 5147 indecoram
2100 5102 2248 5164 atque
2277 5092 2651 5164 discrepantem
2680 5094 3056 5164 confusionem,
3088 5110 3203 5164 cum
3231 5109 3367 5145 una-

1779 5181 1988 5236 qquue
2028 5161 2217 5217 natura
2254 5165 2309 5215 in
2346 5178 2400 5215 se
2433 5161 2857 5216 indissolubiliter
2894 5174 3121 5217 maneat.
3169 5163 3368 5217 Rursus

1778 5237 2110 5304 manifestum
2140 5244 2215 5287 est
2256 5242 2431 5302 aptam
2472 5243 2521 5285 et
2559 5246 2921 5303 congruentem
2958 5250 3068 5288 esse
3095 5236 3368 5299 unionem;

1780 5324 1869 5377 per
1908 5306 2042 5358 hanc
2069 5306 2205 5358 enim
2233 5312 2436 5356 natura:
2456 5304 2925 5377 Acopulatwntnam
2966 5322 3371 5377 personamqse-

1779 5372 2002 5431 cundum
2031 5375 2691 5447 unionemconstituerunt.
2729 5372 2902 5439 Quare
2938 5372 3073 5447 quod
3111 5375 3369 5447 Dominus

1777 5449 1831 5501 itt
1862 5450 1967 5502 viro
1989 5456 2037 5500 et
2056 5462 2218 5518 uxore
2240 5446 2331 5509 ait,
2356 5443 2685 5515 quamobrem
2714 5462 2817 5500 non
2841 5443 2960 5518 jam
2983 5457 3104 5500 sunt
3133 5448 3253 5509 duo,
3272 5446 3372 5518 sed

1778 5536 1883 5571 una
1915 5536 2057 5583 caro,
2092 5517 2258 5569 dicere
2288 5527 2751 5587 nosconsentanee
2779 5516 3047 5587 possumus
3086 5516 3371 5573 secundum

1780 5592 2033 5643 rationem
2062 5587 2266 5640 unionis
2299 5603 2315 5638 :
2349 5583 2472 5639 Non
2501 5597 2621 5640 sunt
2656 5583 2787 5655 jam'
2811 5588 2929 5644 dua:
2968 5606 3234 5658 persona,
3279 5587 3371 5640 sed

1778 5678 1902 5723 una,
1936 5659 2130 5711 scilicet
2170 5658 2370 5711 naturis
2414 5657 2666 5711 discretis.
2714 5658 2781 5713 Ut
2820 5657 2973 5714 enim
2996 5662 3105 5715 illic
3128 5703 3142 5724 ,
3173 5661 3229 5713 in
3259 5660 3369 5712 viro

1780 5730 1973 5784 scilicet
2001 5739 2050 5781 et
2085 5745 2283 5792 uxore,
2334 5746 2435 5782 non
2485 5728 2623 5781 ltt’dit
2665 5748 2932 5786 numerum
2971 5732 3190 5787 duorum
3228 5729 3371 5800 quod

1778 5817 1883 5877 una
1914 5816 2034 5853 caro
2071 5800 2299 5877 dicatur_,
2333 5800 2664 5877 manifestum
2689 5812 2772 5877 est
2799 5805 2943 5877 enim
2984 5814 3235 5877 quatenus
3262 5816 3373 5853 una

1784 5872 2020 5925 dicuntur
2050 5887 2200 5937 caro;
2237 5872 2312 5925 sic
2343 5871 2424 5925 hic
2453 5886 2556 5928 non
2597 5870 2741 5929 ludit
2774 5870 3123 5946 differentiam
3152 5882 3371 5929 natura-
