3924 6282
515 346 650 401 l079

1031 335 1220 392 MAllll
1261 330 1697 388 MERCATORIS
1737 327 2303 386 TRANSLATIONES
2345 327 2696 385 VARIOBUM
2733 328 3260 386 OPUSCULORUM.

3665 332 3800 385 sese

514 462 606 515 lim
624 454 929 517 destinavit,
953 451 1008 506 in
1035 466 1140 520 qua
1159 448 1286 504 dicit
1306 445 1449 516 quod
1477 444 1609 499 duas
1628 443 1844 513 quidem
1869 449 2089 496 naturas
2114 447 2170 506 Α
2193 452 2389 497 utentes
2410 443 2521 514 ejus
2541 444 2842 508 assertione,
2866 446 2952 517 qui
2975 461 3070 514 pro
3094 446 3307 498 veritate
3347 445 3478 500 bella
3515 450 3794 504 sustinuit.

513 559 571 607 et
585 556 777 605 caetera
805 542 1022 616 pietatis
1042 539 1292 609 dogmata
1319 536 1696 600 conﬁteretur,
1729 541 1788 588 ut
1816 531 2089 604 Egyptii;

513 643 582 699 de
609 640 889 710 iniquitate
917 652 1065 702 vero,
1087 650 1206 705 quae
1231 635 1286 688 in
1322 631 1631 690 Nestorium
1673 628 1960 686 commissa
1990 634 2092 693 est,

513 735 659 791 nulla
679 733 747 789 sit
767 729 1036 800 correptio
1063 728 1369 784 subsecuta.

513 860 540 890 ⁸
582 847 885 905 Theodoreti
907 844 974 898 ad
992 838 1593 966 ‘indrea‘rzniti‘ignachum
1625 833 2095 906 ConstantinOpoli-

585 1010 652 1064 Et
679 1018 794 1080 post
822 1009 948 1062 alia.

583 1099 778 1154 Fidelis
831 1108 1001 1152 autem
1047 1097 1214 1163 Deus,
1245 1097 1330 1167 qui
1378 1109 1482 1148 non
1529 1093 1771 1163 patietur,
1810 1106 1970 1162 neque
1996 1105 2094 1144 nos

512 1210 670 1264 neque
698 1209 782 1246 vos
830 1191 1017 1245 tentari
1042 1205 1199 1260 supra
1244 1188 1298 1241 id
1325 1186 1459 1258 quod
1485 1200 1787 1256 possumus;
1817 1183 1908 1237 sed
1937 1183 2093 1254 faciet

509 1300 624 1337 cum
641 1284 920 1338 tentatione
940 1283 1096 1335 etiam
1115 1281 1307 1334 exitum
1326 1276 1510 1349 (lCor.
1531 1292 1641 1341 xm,
1661 1274 1767 1344 10),
1786 1283 1843 1329 ιιι
1860 1275 2092 1330 tolerare

511 1378 798 1448 possimus,
824 1383 878 1430 et
898 1373 1230 1428 mendacium
1259 1371 1474 1442 quidem
1498 1369 1783 1438 redarguet
1810 1387 1822 1421 :
1849 1368 2092 1448 quamvis

512 1445 566 1524 et
613 1484 753 1523 nunc
800 1467 1026 1522 assertio
1065 1465 1324 1536 probetur
1369 1461 1636 1518 mendacii
1685 1458 1992 1526 confutata,
2030 1445 2093 1516 et

512 1561 753 1616 veritatis
781 1567 995 1614 ostensa
1025 1557 1285 1628 potentia.

586 1651 613 1689 ι)
653 1650 792 1706 Ecce
813 1649 955 1706 enim
979 1649 1071 1718 qui
1110 1646 1404 1702 Salvatoris
1427 1643 1622 1699 Christi
1665 1652 1886 1699 naturas
1928 1644 2093 1715 impia

509 1745 919 1800 ratiocinatione
947 1739 1332 1803 confuderant,
1372 1747 1427 1795 et
1473 1752 1635 1792 unam
1683 1745 1929 1792 naturam
1975 1739 2092 1793 ausi

2200 532 2306 588 Pro
2336 549 2441 588 una
2473 549 2702 604 namque
2727 542 2919 589 natura
2948 534 3082 590 duas
3106 536 3588 606 imprzesentiarum
3623 540 3798 595 conﬁ-

2199 631 2380 680 tentur
2425 626 2978 697 (anathematizantes
2997 642 3091 683 eos
3117 629 3210 698 qui
3238 630 3666 700 permixtionem
3711 644 3797 689 aut

2198 717 2568 774 confusionem
2599 720 2892 789 prtedicant
2913 719 2952 790 ),
2983 728 3040 775 et
3067 721 3330 777 Deitatem
3357 721 3558 779 Christi
3589 727 3796 796 impas-

2198 811 2407 868 sibilem
2437 811 2642 884 [Baluz.
2676 814 2729 867 in
2752 813 3126 887 passibilitate]
3146 825 3472 872 venerantur
3491 859 3505 883 ,
3531 827 3585 872 et
3611 821 3794 875 carnis

2199 917 2318 957 esse
2339 902 2643 978 edisserunt
2655 903 2952 974 passiones,
2979 912 3034 960 et
3053 907 3391 974 evangelicas
3417 909 3673 965 dividunt
3703 928 3792 966 vo-

2197 1009 2310 1059 ces,
2349 1002 2405 1050 et
2430 995 2626 1050 Deitati
2653 996 2870 1064 quidem
2898 997 3172 1064 sublimes,
3205 1007 3260 1054 et
3283 999 3395 1056 Deo
3416 1000 3604 1070 dignas
3627 1005 3791 1057 ascri-

2196 1087 2351 1155 bunt,
2381 1088 2610 1147 humiles
2625 1096 2805 1144 autem
2821 1090 3092 1159 assignant
3112 1091 3465 1160 humanitati;
3495 1094 3626 1148 talia
3650 1111 3790 1149 nam-

2196 1195 2302 1252 que
2330 1197 2471 1237 nunc
2497 1182 2565 1238 ab
2587 1181 2820 1254 Egypto
2840 1183 3037 1253 scripta
3060 1183 3236 1239 delata
3259 1194 3402 1239 sunt.

2646 1274 2811 1330 Verba
2831 1275 2992 1331 Marii
3021 1276 3075 1330 Μ
3080 1280 3349 1333 ercatoris.

2268 1367 2439 1422 Aliam
2469 1382 2684 1438 quoque
2725 1369 2940 1437 scripsit
2967 1367 3035 1422 ad
3078 1367 3345 1424 Andream
3375 1370 3783 1430 Samosatenum

2196 1462 2530 1532 episcopum,
2561 1461 2714 1517 lectis
2733 1463 2907 1516 sancti
2935 1460 3118 1534 Cyrilli
3145 1463 3418 1534 pontiﬁcis
3439 1466 3783 1526 Alexandrini

2195 1554 2388 1608 litteris
2415 1551 2441 1590 ά
2465 1568 2496 1607 a
2519 1552 2690 1608 Beroa
2711 1553 2949 1608 directis.

2247 1647 2549 1704 Theodoreti
2580 1657 2603 1684 ο
2629 1647 2694 1701 ad
2715 1646 2976 1701 Andream
2998 1648 3399 1705 Samosatenum
3425 1653 3738 1723 episcopum.

2267 1737 2577 1808 Magniﬁcus
2607 1739 2686 1794 vir
2706 1739 3008 1795 Aristolaus
3027 1741 3095 1796 ab
3125 1741 3362 1813 Egypto
3383 1745 3781 1812 magistri-mum

509 1839 721 1892 fuerant
751 1835 1058 1906 praedicare,
1090 1849 1154 1888 ac
1192 1832 1388 1888 Deitati
1427 1832 1706 1902 passiones
1751 1829 2041 1899 adjungere
2075 1849 2088 1884 :
2122 1845 2168 1905 Β
2198 1833 2402 1908 [Βαιιιι.
2436 1832 2891 1905 Magisterianum]
2917 1850 3039 1890 cum
3068 1835 3260 1890 litteris
3278 1835 3461 1908 Cyrilli
3481 1838 3776 1906 destinavit,

510 1939 796 2002 propterea
818 1930 979 1983 etiam
1009 1927 1347 1982 sanctissimo
1366 1935 1422 1981 et
1448 1924 1750 1981 venerando
1778 1925 1971 1979 summi
2000 1923 2097 1980 Dei

513 2022 754 2094 pontifici
799 2020 1046 2076 Nestorio
1094 2019 1411 2074 insultarant
1453 2017 1674 2090 [Balus.
1707 2015 2092 2088 resultarunt],

515 2127 536 2152 ε
555 2113 700 2172 velut
721 2111 954 2182 quodam
975 2112 1166 2167 chamo
1185 2119 1240 2165 et
1258 2110 1410 2166 freno
1433 2109 1603 2182 (Psal.
1634 2127 1782 2175 xxxi,
1800 2108 1876 2180 9),
1901 2123 2096 2165 secun-

511 2208 638 2263 dum
657 2206 994 2276 prophetam,
1019 2204 1250 2258 maxillis
1269 2203 1488 2259 omnino
1503 2201 1810 2268 confractis,
1833 2210 1889 2258 et
1917 2217 1944 2256 a
1975 2216 2100 2271 pra-

511 2300 592 2356 vis
616 2299 683 2354 ad
710 2306 855 2354 recta
883 2297 1172 2369 perductis,
1190 2297 1474 2352 veritatem
1494 2297 1688 2352 iterum
1708 2295 2097 2379 addidicerunt,

2199 1925 2393 1996 quibus
2422 1925 2837 1980 anathematizat
2875 1926 3091 1992 Arium,
3140 1925 3484 1994 Eunominm,
3515 1929 3781 1999 Apollina-

2200 2033 2335 2085 rem,
2366 2033 2566 2087 eosque
2603 2017 2695 2088 qui
2722 2017 2989 2073 Deitatem
3016 2014 3216 2074 Christi
3245 2019 3552 2088 passibilem
3581 2020 3774 2087 dicunt,

2201 2120 2256 2164 et
2274 2111 2366 2180 qui
2386 2109 2757 2166 confusionem
2783 2120 2943 2181 atque
2969 2113 3382 2183 permixtionem
3402 2114 3628 2169 duarum
3641 2131 3777 2170 asse-

2204 2210 2328 2258 runt
2350 2212 2692 2270 naturarum;
2727 2210 2784 2257 et
2809 2219 2973 2274 super
3011 2204 3114 2260 hoc
3137 2204 3355 2274 quidem
3378 2207 3550 2276 gavisi
3572 2223 3773 2277 sumus,

2203 2299 2448 2368 quamvis
2478 2299 2496 2336 ί
2531 2297 2956 2368 propositionem
2990 2306 3231 2354 nostram
3261 2299 3350 2354 ille
3378 2298 3670 2367 dilfugeret.

1685 2407 2228 2467 CASTIGATIONES
2265 2410 2353 2466 ET
2390 2409 2618 2465 NOTAE.

511 2512 734 2566 Litteras
758 2509 944 2573 redde,
994 2516 1142 2562 erunt
1170 2509 1308 2562 enim
1337 2507 1418 2560 ha:
1439 2521 1638 2571 rursus,
1678 2507 1724 2560 si
1764 2503 1876 2560 Deo
1903 2506 2093 2576 placet,
2117 2574 2126 2579 ί

511 2583 580 2636 ad
598 2582 900 2635 charitatem
919 2580 1271 2633 incitamenta.

497 2705 502 2708 .
579 2653 731 2707 Circa
769 2651 902 2706 duas
937 2650 1087 2714 istas,
1129 2663 1264 2718 quas
1306 2647 1665 2718 contulimus,
1696 2646 1970 2718 epistolas,
2002 2646 2097 2701 ob-

509 2739 665 2780 serva
693 2721 924 2792 primum
955 2735 1075 2792 eam
1108 2715 1316 2792 quanio
1346 2715 1961 2792 collectioneSirmondi
1992 2725 2092 2780 est,

507 2810 618 2850 non
640 2788 835 2857 alieno,
867 2790 1011 2858 quod
1029 2788 1348 2858 quibusdam
1363 2789 1536 2842 visum
1557 2797 1639 2843 est
1661 2788 1781 2843 loco
1792 2788 1923 2858 poni
1943 2805 1957 2851 ;
1982 2803 2099 2857 per-

509 2810 618 2850 non
640 2807 835 2857 aneno,
906 2807 1011 2845 uoa
1029 2807 1348 2858 quinusuam
1363 2807 1536 2842 Visum
1557 2807 1639 2843 est
1661 2807 1781 2843 lOCO
1798 2807 1923 2856 pom
1943 2807 1957 2851 ;
1982 2807 2098 2857 per-

509 2866 646 2919 tinet
673 2864 815 2918 enim
841 2807 906 2915 ad
951 2861 1247 2930 posteriora
1279 2868 1540 2930 tempora,
1572 2859 1766 2930 quibus
1787 2857 2098 2930 Theodore-

509 2944 597 2988 tus
633 2934 850 2989 haeresis
879 2928 1159 2987 accusatus
1188 2938 1290 2993 est,
1322 2928 1485 2984 immo
1513 2937 1569 2983 et
1605 2929 1885 2984 damnatus
1913 2944 1942 2981 a
1973 2928 2099 2982 Dio-

513 3021 672 3061 scoro
709 3005 761 3057 in
803 3002 1099 3056 latrocinali
1130 3000 1359 3055 concilio
1389 2999 1695 3069 Ephesino;
1728 3015 1834 3054 non
1865 2999 1992 3053 item
2032 2998 2099 3053 ad

509 3075 806 3146 prioraista
836 3073 1028 3146 quibus
1049 3071 1279 3146 Nestorii
1291 3071 1466 3146 turba:
1487 3071 1723 3125 nondum
1740 3070 2095 3146 quievissent,

508 3138 653 3215 quod
681 3138 876 3199 docent
904 3143 1211 3215 ista_verba
1236 3159 1248 3194 :
1281 3139 1464 3215 Facile
1510 3139 1873 3215 estpervidere
1911 3138 2099 3215 Patres

509 3211 734 3280 nostros,
765 3215 960 3268 lumina
999 3211 1382 3276 Ecclesiarum,
1407 3212 1542 3265 hanc
1582 3213 1746 3282 ipsum
1789 3229 1821 3263 a
1871 3212 2098 3264 veritatis

508 3284 736 3342 hostibus
779 3285 1190 3338 criminationem
1219 3299 1398 3354 passos
1417 3322 1432 3346 ,
1458 3281 1610 3354 quam
1634 3298 1725 3336 nos
1753 3281 1846 3335 hoc
1877 3289 2102 3354 tempore

508 3358 574 3410 ab
600 3358 804 3434 optimis
826 3369 969 3434 nocte
1001 3352 1224 3434 hteresis'
1247 3352 1598 3434 defensoribus
1627 3355 1955 3434 sustinemus.
1988 3352 2098 3434 0b-

509 3422 664 3482 scrva
711 3427 902 3481 deinde
944 3440 1011 3478 ex
1037 3425 1204 3478 altera
1234 3422 1482 3492 epistola,
1514 3439 1676 3492 quam
1717 3423 1980 3492 Mercator
2007 3422 2103 3477 de-

511 3497 739 3561 tloravit,
791 3495 1064 3565 quomodo
1093 3491 1465 3549 Theodoretus
1487 3491 1814 3565 palinodiam
1834 3508 1868 3565 a
1897 3491 2100 3565 Cyrillo

511 3561 841 3623 recantatam
867 3582 970 3620 non
1002 3565 1288 3619 crediderit
1309 3561 1503 3629 modo;
1521 3565 1617 3618 sed
1645 3564 1806 3618 etiam
1825 3561 2104 3630 iactabun-

510 3639 610 3693 dus
634 3637 773 3692 hanc
795 3637 896 3690 sibi
925 3635 1204 3689 victoriam
1234 3635 1530 3702 gratulatus
1558 3635 1646 3699 sit,
1677 3641 1897 3703 propter
1926 3648 2104 3702 repre-

509 3709 708 3762 hensos
750 3707 1244 3767 anathematismos,
1275 3714 1653 3772 coactamque,
1700 3712 1758 3756 ut
1779 3703 1974 3769 aiebat,
2002 3719 2102 3758 au‘

511 3786 716 3832 ctorem
742 3778 793 3830 in
821 3776 1141 3830 sententiam
1171 3774 1401 3828 Nestorii
1431 3775 1632 3828 venire.

583 3859 610 3886 ι
649 3847 852 3901 Baluz.:
879 3845 1128 3915 Ejusdem
1161 3843 1463 3915 Theodoreti
1493 3861 1556 3898 ea:
1584 3843 1803 3915 epistola
1826 3860 1980 3915 quam
2008 3861 2101 3912 pro

583 3863 610 3886 ι
649 3863 852 3901 ωηιῑά
879 3863 1128 3968 liviusaem
1163 3863 1185 3897 ι
1204 3863 1463 3899 neoaoreu
1493 3863 1556 3898 ea:
1584 3863 1803 3915 episwta
1826 3863 1980 3915 quam
2008 3863 2101 3912 pro

512 3919 865 3974 consolatione
943 3919 1321 3970 estorianorum
1342 3914 1845 3985 Constantinopolim
1874 3913 2103 3968 destina-

511 3992 598 4054 vit,
631 3991 684 4042 in
711 4005 812 4060 qua
851 3987 972 4041 dicit
1018 3986 1152 4058 quod
1167 3985 1308 4060 duas
1347 3986 1549 4060 quidem
1593 3995 1809 4060 naturas
1835 3995 2103 4060 et_ca.’_tera

512 4055 733 4122 pietatis
768 4057 1008 4128 doyinata
1030 4055 1394 4126 conﬁteantur
1440 4055 1716 4128 zEgyptii,
1743 4055 2102 4128 deiniquitate

508 4129 626 4184 vero
648 4145 761 4200 quis
781 4125 851 4182 in'
865 4125 1167 4182 Nestorium
1193 4128 1468 4200 commissa
1487 4125 1593 4190 est,
1606 4125 1754 4200 nulla
1771 4125 1838 4200 sit
1849 4127 2100 4200 correctio

508 4193 800 4262 subsecuta,
832 4207 946 4268 post
979 4199 1114 4261 alia;
1155 4207 1210 4252 et
1239 4197 1290 4251 in
1338 4206 1466 4268 nota
1494 4215 1506 4249 :
1548 4216 1565 4246 ι
1606 4193 1896 4268 Carnerius
1925 4195 2011 4248 hic
2035 4212 2103 4268 est

511 4266 1057 4336 conjecturaeensuit
1086 4269 1224 4322 hanc
1274 4267 1557 4336 epistolam
1597 4267 1848 4336 scriptam
1890 4281 2007 4319 esse
2036 4266 2102 4320 ad

513 4336 781 4394 Andream
810 4339 1134 4393 monachum
1153 4336 1831 4400 Constantinopolimnum,
1851 4336 1904 4389 in
1919 4344 2104 4390 aucta-

511 4411 593 4464 rio
630 4425 760 4464 vero
789 4425 1011 4478 operum
1041 4408 1365 4463 Theodoreti
1390 4424 1441 4477 p.
1470 4405 1559 4471 96,
1592 4407 1733 4461 istud
1754 4407 1933 4476 posuit
1957 4413 2097 4478 tam:

513 4495 674 4548 quam
705 4476 1068 4533 rem'certam.
1101 4478 1234 4532 lllud
1263 4476 1467 4533 certum
1490 4486 1590 4542 est,
1615 4478 1867 4546 scriptam
1896 4491 2015 4530 esse
2036 4476 2105 4530 ad

511 4547 1138 4619 Constantinopolitanos
1150 4565 1245 4619 pro
1261 4547 1628 4619 consolatione
1641 4548 2100 4619 Nes‘torianorum,

512 4623 651 4676 sicut
680 4637 778 4690 pro
806 4617 1119 4675 earumdem
1151 4617 1521 4690 consolatione
1549 4617 1667 4672 illas
1693 4617 1949 4690 ad__ipso_s
1970 4617 2104 4690 scri-_

2201 2506 2345 2572 data,
2388 2522 2511 2560 cum
2555 2505 2624 2560 sit
2659 2504 2726 2559 ad
2750 2504 3014 2560 Domuum
3041 2503 3262 2561 Joannis
3289 2522 3666 2562 successorem.
3699 2509 3776 2566 Ex

2114 2575 2129 2613 ἓ
2202 2577 2490 2632 collatione
2512 2576 2774 2650 intelliges
2801 2591 2908 2631 non
2934 2591 3182 2650 magnam
3203 2575 3542 2650 fuisse‘Binio
3563 2580 3776 2650 aliisque

2201 2663 2418 2719 causam
2439 2663 2535 2719 cur
2561 2647 2701 2702 hanc
2725 2647 2894 2719 ipsam
2919 2647 2984 2719 ad
3002 2647 3272 2719 Domuum
3301 2647 3583 2717 epistolam
3601 2647 3775 2719 rejieec

2202 2727 2323 2772 rent
2336 2718 2501 2788 veluti
2521 2715 2934 2788 supposititiam.
2961 2715 3019 2772 ld
3039 2727 3223 2786 aperte
3245 2715 3577 2774 ostendimus
3598 2715 3775 2776 incen-

2201 2804 2328 2844 sura
2355 2786 2602 2859 Operunf
2619 2786 2944 2859 Theodoreti
2973 2789 3213 2843 auctario
3246 2790 3533 2858 praeposita
3558 2831 3575 2856 ,
3604 2791 3774 2847 adver-

2202 2875 2292 2913 sus
2315 2857 2601 2914 nonnullos
2629 2857 2790 2912 etiam
2810 2867 3040 2914 veteres.

2272 2928 2298 2966 ά
2329 2929 2455 3003 Non
2501 2931 2729 3003 obscure
2777 2929 2900 3003 inde
2953 2929 3238 2986 conﬁcitur
3290 2933 3558 3002 synodum
3595 2949 3771 3003 quas

2199 2999 2408 3073 Joanne
2431 2999 2786 3073 Antiocheno,
2819 3000 2946 3073 dum
2975 3008 3298 3073 tractaretur
3320 2999 3601 3070 negotium
3614 2999 3768 3073 pacis,

2203 3071 2385 3126 habita
2433 3071 2681 3126 scribitur
2721 3071 2862 3139 apud
2911 3070 3184 3137 Acacium,
3231 3070 3418 3127 Beroa:
3464 3070 3772 3129 celebratam

2202 3139 2383 3207 fuisse,
2416 3149 2470 3196 et
2498 3157 2604 3196 non
2653 3139 2978 3212 Antiochiae,
3015 3142 3158 3210 quod
3204 3142 3500 3212 Opinantur
3523 3143 3768 3199 Concilio-

2202 3227 2322 3265 rum
2349 3212 2614 3283 editores,
2631 3211 2842 3283 aliique
2869 3213 3228 3267 communiter
3247 3211 3466 3283 plures.
3511 3213 3771 3283 Colligitur

2205 3283 2388 3344 etiam,
2420 3282 2564 3351 quod
2594 3282 2808 3336 aliunde
2855 3290 3060 3337 certum
3100 3291 3200 3348 est,
3230 3282 3636 3340 Theodoretum
3661 3282 3772 3340 non

2129 3327 2174 3391 Ο
2206 3327 2522 3426 interfiiigse
2538 3353 2907 3426 hujuscemodi
2936 3352 3160 3426 synodo,
3185 3327 3298 3408 sive

2206 3432 2288 3504 ter
2309 3422 2472 3504 ferret
2479 3423 2560 3504 de
2587 3438 2721 3504 pace
2743 3422 2976 3504 agi,‘l.ioc
2998 3432 3098 3490 est,
3123 3424 3191 3479 de
3210 3422 3664 3504 condemnatique
3687 3425 3774 3480 Ne-

2203 3494 2357 3548 storii
2394 3501 2449 3564 et
2475 3492 2659 3564 Cyrilli
2689 3495 3030 3564 receptione,
3057 3510 3287 3564 quorum
3310 3495 3467 3550 alteri
3504 3498 3774 3551 vehemen-

2205 3573 2288 3619 ter
2315 3563 2584 3647 studebat,
2615 3563 2773 3647 alteri
2802 3563 3047 3647 infensus
3055 3563 3187 3647 erat
3206 3581 3367 3635 supra
3391 3566 3612 3621 modum
3635 3610 3648 3632 ,
3679 3568 3774 3622 sive

2204 3650 2312 3704 quo
2339 3635 2444 3689 alio
2474 3634 2860 3704 impedimento
2895 3636 3214 3704 prohibitus.
3274 3634 3284 3635 ί

2279 3715 2302 3743 ε
2327 3703 2703 3778 Epistolahmc
2726 3705 2832 3778 i_n_v
2855 3706 3061 3778 synodo
3089 3705 3284 3778 dicitur
3301 3707 3523 3778 scripta,
3555 3718 3675 3778 post
3696 3725 3775 3778 pa-

2205 3790 2323 3830 cem
2367 3775 2618 3831 Ecclesiis
2655 3775 2936 3830 redditam.
2981 3775 3101 3830 Alia
3142 3777 3336 3843 legitur
3365 3775 3775 3833 Theodoreti—ad

2205 3846 2472 3908 eumdem,
2497 3845 2621 3900 data
2651 3843 2868 3914 Ephesi,
2899 3861 3006 3915 quo
3036 3862 3142 3900 non
3171 3857 3503 3902 convenerat
3553 3848 3776 3904 Andreas

2204 3917 2396 3988 morbo
2429 3915 2748 3988 impeditus,
2769 3987 2775 3988 ί
2799 3925 2920 3986 post
2963 3915 3220 3988 Cyrillum
3259 3926 3316 3972 et
3339 3919 3685 3974 Memnonem
3719 3920 3775 3973 ab

2205 3982 2566 4060 Orientalibus
2594 3982 2968 4060 depositos,et
2998 3982 3029 4042 εἰ
3055 4003 3207 4060 saera
3245 3989 3453 4060 synodo
3484 3991 3775 4054 restitutos.

2209 4056 2260 4109 id
2289 4065 2390 4119 est,
2424 4058 2566 4112 circa
2598 4053 2756 4111 ﬁnem
2781 4056 2906 4112 Julii
2935 4073 3061 4112 ann.
3093 4057 3216 4112 451.

2283 4126 2301 4162 ί
2316 4127 2506 4201 Quam
2533 4143 2665 4201 vero
2711 4128 3168 4201 propositionem?
3193 4128 3326 4184 Eam
3370 4147 3568 4201 nempe
3595 4131 3662 4185 de
3683 4145 3777 4199 qua

2205 4196 2435 4267 Cyrillus
2481 4197 2549 4252 ad
2595 4196 2848 4252 Acacium
2898 4198 3300 4255 Melitenensem
3327 4219 3339 4253 :
3368 4196 3601 4256 Cancilio
3622 4196 3778 4254 nescio

2205 4284 2302 4340 quo
2333 4268 2472 4339 apud
2498 4269 2879 4342 sanctissimum
2907 4271 3292 4342 piissimumque
3330 4270 3640 4327 Beroensem
3686 4273 3780 4342 epi-

2205 4339 2414 4408 scopum
2436 4339 2678 4410 Acacium
2702 4341 2961 4410 congressi
2994 4339 3237 4394 curarunt
3259 4342 3328 4394 ad
3370 4359 3453 4397 me
3488 4343 3645 4396 scribi
3673 4339 3782 4395 con-

2206 4410 2455 4482 ventionis
2477 4409 2700 4482 modum,
2719 4409 2774 4482 id
2794 4409 2886 4475 est,
2911 4420 3210 4482 sanctarum
3228 4411 3580 4466 Ecclesiarum
3595 4429 3780 4482 pacem,

2207 4480 2387 4553 nisieo
2409 4480 2560 4534 modo
2581 4496 2726 4552 quem
2753 4481 2851 4550 ipsi
2880 4481 3287 4553 praescriberent,
3313 4484 3428 4553 fieri
3457 4500 3564 4538 non
3592 4480 3778 4536 debere.

2216 4547 2657 4624 Volebantautem
2679 4567 2738 4602 ea
2759 4547 2934 4624 omnia
2963 4551 3155 4604 aboleri
3175 4570 3290 4623 qua:
3313 4547 3392 4607 rel
3432 4554 3687 4624 epistolis,
3702 4554 3782 4624 _i_-el

2213 4621 2378 4696 tomis,
2398 4621 2486 4696 pel
2533 4618 3089 4696 libris__evulgaveram,
3135 4618 3198 4696 et
3227 4625 3324 4696 sol_i
3352 4618 3476 4693 fidei
3505 4641 3667 4696 quam

509 4692 617 4761 psit
641 4686 760 4764 qua:
789 4698 1004 4764 eastant
1032 4691 1086 4743 in
1128 4690 1386 4761 synodico
1420 4688 1541 4742 adv.
1574 4686 1890 4756 tragoediam
1917 4686 2104 4744 [renati
2129 4698 2181 4758 ι)
2207 4691 2363 4764 caeni
2388 4689 2575 4764 Paulis
2621 4686 3389 4764 edideruntconsentire._Eg'o
3431 4686 3550 4764 vero
3597 4695 3669 4746 ad
3697 4695 3785 4746 ista

509 4760 628 4832 cap.
661 4763 747 4827 40,
780 4761 868 4816 47.
899 4781 917 4812 ι
953 4760 1107 4816 Em'r.

582 4827 608 4872 Β
640 4833 775 4887 Hinc
801 4832 1086 4900 colligitur,
1105 4831 1283 4900 datam
1305 4845 1424 4885 esse
1439 4827 1724 4900 epistolam
1741 4837 1864 4900 post
1882 4829 2102 4900 missam

510 4920 542 4959 a
569 4904 769 4976 Cyrille
796 4898 1185 4976 professionem
1225 4899 1359 4976 ﬁdei
1386 4899 1454 4954 ad
1477 4898 1760 4976 ’annnem
1807 4899 2102 4976 Antioche:

509 4968 658 5040 num,
695 4974 746 5028 id
773 4968 856 5028 est
894 4989 1017 5028 ann.
1051 4972 1172 5036 452,
1199 4972 1299 5026 sub
1331 4969 1510 5038 ﬁnem.
1539 4968 1772 5040 Cyrillus
1801 4986 1981 5040 porro,
2014 4971 2101 5026 vel

507 5039 776 5114 geminam
789 5045 950 5107 misit,
970 5058 1128 5098 unam
1144 5050 1268 5114 ante
1289 5039 1626 5114 exhibitama
1650 5039 1818 5114 Paulo
1834 5041 2100 5114 Emeseno

509 5110 730 5172 Joannis
757 5115 943 5179 ﬁdem;
968 5115 1191 5168 alteram
1213 5113 1268 5167 in
1289 5114 1533 5183 epistola,
1547 5110 1740 5184 Joanni
1757 5111 2099 5184 postmodum

509 5187 722 5252 datam;
747 5186 829 5240 vel
859 5185 1100 5240 eamdem
1117 5184 1252 5248 aliis,
1275 5182 1386 5238 sive
1408 5182 1898 5255 temporibus,‘sive
1919 5183 2099 5237 verbis
2137 5241 2145 5255 ,

509 5259 740 5328 scripsit.
762 5257 1096 5328 Quamquam
1119 5256 1350 5328 primum
1377 5269 1408 5308 e
1433 5253 1642 5328 duobus
1663 5253 1971 5308 credibilius
1982 5262 2093 5328 est;

510 5324 651 5384 unde
695 5327 952 5399 Cyrillum
1008 5324 1224 5399 quidam
1266 5324 1650 5399 imprudentia:
1681 5338 1937 5399 accusare
1979 5325 2095 5399 ausi

509 5408 664 5465 sunt,
694 5394 840 5468 quod
871 5394 1441 5468 prior‘professionem
1473 5394 1592 5468 ﬁdei
1622 5395 2017 5468 miseritmuasi
2042 5395 2096 5450 id

511 5472 581 5525 sit
623 5465 728 5524 rei'
749 5465 997 5532 hominis,
1031 5465 1450 5523 satisfactionem
1474 5465 1622 5535 prius
1649 5465 1904 5520 exhibere
1931 5479 2094 5534 quam

512 5542 792 5609 accipere;
823 5546 985 5608 atque
1011 5539 1136 5592 hinc
1174 5545 1298 5591 nata
1333 5545 1415 5590 est
1442 5537 1747 5609 insultantis
1767 5535 2093 5609 Theodoreti

509 5606 649 5666 vana
694 5606 993 5675 calumnia,
1034 5623 1155 5678 quae
1199 5607 1649 5676 consequentibus
1699 5607 1876 5663 verbis
1922 5606 2094 5661 conti-

511 5689 844 5806 nethonfer
864 5751 1008 5807 hunc
1033 5750 1213 5806 locum
1240 5764 1363 5805 cum
1404 5749 1576 5804 altero
1599 5748 1758 5802 simili
1788 5747 2092 5818 ingepistola

511 5837 631 5896 qua
659 5821 712 5880 in
733 5822 914 5893 quinta
961 5821 1166 5894 synodo
1195 5835 1479 5894 perperam
1521 5819 1715 5876 dicitur
1745 5817 1810 5872 ad
1832 5816 2092 5874 Joannem

2206 4761 2468 4834 rescripsi.
2493 4759 2821 4834 Expositioni
2843 4761 2986 4831 ﬁdei,
3019 4780 3173 4834 quam
3218 4759 3426 4818 Nicieni
3467 4763 3658 4818 Patres
3687 4764 3786 4816 edi-

2205 4831 2408 4906 derunt,
2441 4831 2764 4906 adhazremus
2788 4848 2980 4906 omnes,
3013 4831 3141 4887 nihil
3182 4851 3392 4904 prorsus
3411 4852 3590 4889 eorum
3605 4851 3721 4906 quae
3740 4836 3787 4887 in

2183 4901 2320 4971 ipsa
2349 4903 2670 4956 continentur
2693 4901 3096 4972 labefactantes;
3120 4901 3240 4958 sunt
3268 4907 3404 4958 enim
3425 4923 3488 4958 ea
3511 4901 3686 4960 omnia
3712 4921 3786 4956 re-

2203 4972 2661 5046 cteainculpateque
2691 4973 2902 5046 tradita,
2948 4989 3108 5046 neque
3158 4984 3320 5028 tutum
3362 4986 3456 5040 est,
3505 4987 3622 5046 post
3650 4974 3790 5028 illam

2203 5042 2328 5114 ﬁdei
2374 5042 2666 5108 editionem,
2703 5044 2980 5114 quidquam
3027 5042 3198 5098 adhuc
3236 5042 3514 5100 curiosius'
3549 5057 3784 5100 tractare.

2204 5111 2332 5176 Qua:
2352 5129 2468 5167 vero
2490 5124 2622 5186 recte
2643 5111 2820 5167 contra
2841 5111 3077 5186 'Niestorii
3099 5114 3440 5185 blasphemias
3469 5119 3786 5186 scripsimus,

2203 5201 2265 5258 ea
2293 5183 2544 5254 ejusmodi
2564 5200 2693 5258 esse,
2717 5195 2772 5237 ut
2793 5183 2936 5237 nulla
2959 5185 3106 5239 nobis
3130 5183 3331 5240 ratione
3354 5183 3658 5258 persuaderi
3679 5203 3791 5257 pos-

2202 5255 2270 5308 sit
2289 5264 2344 5306 ut
2366 5264 2498 5308 recte
2517 5257 2852 5327 scripturesse
2896 5270 3168 5327 negemus;
3200 5273 3326 5326 opus
3354 5255 3592 5327 proinde
3632 5255 3789 5327 magis

2201 5341 2312 5398 esse
2331 5334 2386 5376 ut
2400 5327 2500 5398 ipsi
2509 5326 2664 5396 juxta
2685 5326 2990 5398 pientissimi
3012 5325 3301 5398 Christique
3321 5325 3548 5382 amantis
3571 5325 3790 5396 impera~

2202 5397 2327 5449 toris
2358 5395 2644 5468 decretum
2685 5397 2839 5450 immo
2891 5412 3006 5450 vero
3053 5395 3249 5468 sancta:
3286 5399 3470 5468 synodi
3515 5395 3790 5468 Ephesium

2199 5466 2536 5538 sanctionem,
2587 5466 2732 5520 illum
2776 5469 2862 5538 qui
2901 5475 3079 5521 contra
3134 5466 3424 5533 Saluatoris
3455 5466 3652 5522 Christi
3682 5469 3789 5538 glo-

2199 5537 2348 5610 riam
2375 5539 2638 5608 pugnavit,
2682 5537 2942 5608 ejicerent,
2974 5538 3267 5610 impiasque
3285 5539 3422 5592 illius
3444 5537 3788 5609 blasphemia.»

2201 5607 2528 5680 anathemate
2553 5610 2927 5680 insectarentur
2942 5647 2957 5669 ,
2984 5607 3195 5680 ejusque
3234 5607 3544 5680 depositioni
3562 5607 3792 5662 consen-

2204 5678 2373 5750 tirent,
2405 5695 2466 5732 ac
2485 5681 2800 5750 sanctissimi
2840 5678 3156 5750 piissimique
3201 5678 3426 5750 episcopi
3475 5679 3789 5735 laximiani

2201 5748 2579 5804 ordinationem
2607 5747 2970 5822 approbarent.
