3924 6282
261 357 394 416 1081

1178 356 1543 412 EXCERPTA
1585 309 1690 409 EX,
1714 353 2057 410 EPISTULIS
2095 351 2551 407 THEODORE'I‘I.

3373 343 3511 401 i089.

331 468 510 540 Exigit
533 473 714 523 autem
730 464 1175 536 wbscriptionem
1203 472 1356 526 facta:
1389 469 1584 526 dudum
1615 469 1836 523 damna-
1859 473 1915 533 Α
1938 468 2108 523 cimus
2135 467 2424 531 sanctitati,
2467 463 2650 535 quodf
2685 464 2835 518 lectis
2863 477 2930 517 ex
2960 461 3194 532 Egypto
3214 460 3404 518 litteris
3425 461 3517 517 de—

260 565 444 632 tionis,
473 569 531 619 et
553 566 618 620 ut
652 561 1132 622 anathematizetur
1167 565 1340 621 sancti
1381 564 1619 635 episcopi
1646 563 1838 630 dogma

262 657 511 716 Nestorii.
563 652 684 713 Scit
732 671 913 720 autem
961 670 1138 717 vestra
1183 659 1436 715 sanctitas
1469 657 1613 731 quod
1644 658 1690 712 si
1724 655 1843 725 quis

267 763 294 790 ι
311 749 598 812 indiscrete
617 757 917 812 doctrinam
938 753 1347 810 anathematizet
1367 752 1605 822 ejusdem
1619 750 1845 806 sanctis-

267 844 389 906 simi
431 855 487 904 et
511 847 836 904 venerabilis
861 846 1119 917 episcopi,
1142 844 1282 900 idem
1308 850 1390 898 est
1429 858 1492 898 ac
1519 843 1564 897 si
1593 842 1847 912 pietatem

271 940 723 997 anathematizare
744 938 1010 994 videatur.
1328 928 1335 934 ’

339 1030 564 1103 Oportet
584 1044 740 1101 ergo,
770 1031 817 1086 si
846 1030 1062 1085 omnino
1084 1028 1470 1099 compellimur,
1506 1041 1601 1082 eos
1629 1026 1850 1081 anathe-

271 1127 528 1181 matizare
563 1125 656 1194 qui
685 1137 879 1195 purum
925 1122 1107 1177 dicunt
1136 1121 1403 1175 hominem
1429 1118 1720 1184 Christum,
1761 1126 1854 1174 aut

274 1217 366 1287 qui
411 1217 466 1271 in
513 1214 648 1270 duos
698 1212 834 1269 ﬁlios
861 1228 1026 1268 unum
1071 1212 1353 1267 Dominum
1391 1219 1633 1266 nostrum
1669 1209 1853 1266 Jesum

275 1308 548 1364 Christum
600 1306 875 1373 dividunt,
929 1313 985 1361 et
1028 1305 1121 1375 qui
1174 1304 1292 1376 ejus
1351 1305 1620 1374 abnegant
1677 1303 1856 1359 Deita-

277 1408 405 1467 tem,
434 1407 539 1454 etc.

346 1491 375 1531 ι)
413 1490 673 1546 Existimo
701 1505 812 1560 prae
857 1488 1106 1544 omnibus
1124 1487 1358 1543 maxime
1382 1485 1712 1543 satisfactum
1739 1502 1860 1543 esse

277 1584 495 1641 domino
525 1598 647 1638 meo
674 1580 1011 1638 sanctissimo
1031 1587 1087 1634 et
1098 1579 1404 1635 venerando
1431 1578 1626 1634 Joanni
1653 1580 1861 1648 episco-

278 1692 369 1748 po,
401 1674 546 1746 quod
576 1673 878 1729 nullatenus
903 1671 1241 1742 acquiescam
1272 1672 1323 1726 in
1345 1670 1743 1726 damnationem
1764 1669 1861 1724 do—

280 1770 410 1824 mini
437 1770 543 1824 mei
571 1765 891 1824 sanctissimi
935 1771 990 1820 et
1036 1763 1328 1819 venerandi
1370 1763 1600 1819 Nestorii
1623 1763 1862 1833 episcopi

1942 560 2154 615 stinatis
2175 600 2189 627 ,
2222 566 2277 614 et
2305 558 2454 629 apud-
2473 573 2571 612 nos
2617 571 2758 626 saepe
2797 554 3067 620 discussis,
3092 551 3390 608 invenimus
3427 568 3520 611 eas

1943 652 2199 708 doctrinae
2227 652 2441 722 quidem
2488 657 2844 718 congruentes
2880 645 3158 712 Ecclesiae;
3186 654 3211 693 ε
3239 643 3521 700 duodecim

1944 757 2074 798 vero
2100 743 2348 813 capitulis
2368 741 2664 798 contrarias
2684 754 2802 795 esse
2821 737 3185 809 probavimus,
3211 750 3331 806 quae
3354 749 3525 805 usque

1947 834 2421 905 impraesentiarum
2442 829 2792 904 impugnarell
2819 829 3164 902 perstitimus.

2026 925 2448 996 iPlacuitigitur
2469 925 2642 988 nobis,
2666 932 2726 978 ut
2745 924 2789 978 si
2819 923 3129 978 sanctitates
3158 926 3348 975 vestrae
3373 933 3524 975 rece-

1947 1019 2128 1091 perint
2175 1017 2442 1073 Ecclesias
2484 1016 2737 1071 divinitus
2773 1015 2873 1070 sibi
2899 1013 3230 1078 commissas,
3262 1009 3529 1082 Egyptiis

1951 1120 2006 1166 et
2051 1108 2661 1180 Constantinopolitanis
2709 1108 3124 1170 communicare,
3157 1104 3383 1173 aliisque
3435 1101 3530 1172 qui

1952 1211 2140 1259 contra
2162 1218 2260 1258 nos
2280 1217 2400 1257 cum
2416 1203 2493 1257 eis
2520 1202 2777 1256 militasse
2803 1205 3114 1264 noscuntur,
3138 1197 3264 1267 quia
3291 1202 3530 1250 nostram

1955 1295 2133 1359 ﬁdem,
2167 1295 2334 1364 magis
2361 1303 2542 1350 autem
2570 1294 2960 1365 apostolorum,
2991 1307 3048 1346 se
3076 1291 3274 1345 habere
3302 1287 3532 1360 professi

1955 1397 2112 1456 sunt;
2140 1389 2471 1444 damnationi
2501 1403 2628 1443 vero
2667 1384 2959 1443 venerandi
2985 1392 3040 1440 et
3077 1382 3397 1438 sanctissimi
3424 1380 3532 1435 Ne-

1955 1484 2126 1548 storii,
2184 1498 2301 1552 quae
2355 1481 2495 1536 facta
2534 1481 2744 1546 dicitur,
2779 1495 2886 1533 non
2914 1477 3152 1549 praebere
3189 1488 3527 1531 consensum.

1957 1575 2199 1644 Iniquum
2247 1587 2476 1642 namque
2511 1587 2639 1626 vere
2687 1579 2752 1625 et,
2785 1570 3005 1640 impium
3028 1567 3458 1638 comprobamus,
3489 1564 3536 1619 si

1961 1667 2148 1723 iisdem
2176 1665 2486 1721 criminibus
2507 1663 2700 1732 quibus
2728 1669 2782 1716 et
2809 1661 2988 1716 socius
3016 1659 3132 1729 ejus
3158 1675 3283 1714 reus
3313 1658 3534 1712 exstite-

1962 1768 2063 1826 rat,
2096 1759 2170 1812 illi
2221 1757 2436 1827 quidem
2465 1755 2675 1811 veniam
2726 1753 2925 1822 largiri,
2956 1752 3082 1807 huic
3121 1759 3300 1806 autem
3340 1750 3535 1805 ostium

284 1875 308 1903 ο
337 1863 575 1935 praebere
586 1873 1041 1926 consensum,nec
1052 1857 1254 1912 violare
1273 1873 1610 1912 communem
1639 1856 1867 1927 promis-
1895 1855 1943 1914 B
1967 1851 2294 1925 poenitentiae
2322 1848 2600 1914 claudere;
2629 1845 2799 1900 multo
2826 1844 2986 1912 igitur
3021 1843 3190 1911 magis
3225 1841 3540 1912 iniquumet

282 1956 487 2010 sionem
511 1950 539 1990 ά
573 1967 692 2021 quae
720 1951 774 2005 in
801 1949 988 2015 Tarso,
1013 1956 1070 2003 et
1084 1945 1443 2014 Chalcedone,
1465 1956 1520 2002 et
1543 1947 1758 2018 Epheso
1785 1946 1862 2001 l‘a-

284 2053 370 2101 cta
387 2053 470 2100 est
495 2063 508 2096 :
541 2042 788 2097 meminit
807 2040 950 2094 enim
965 2046 1020 2094 et
1046 2054 1230 2093 eorum
1253 2053 1371 2107 quae
1399 2054 1570 2108 nuper
1597 2037 1737 2108 apud
1764 2038 1868 2092 An-

284 2135 539 2191 tiochiam
574 2141 698 2204 post
716 2140 960 2187 nostrum
1001 2144 1306 2199 regressum
1338 2145 1368 2184 a
1405 2131 1562 2185 nobis
1599 2145 1740 2200 saepe
1766 2131 1864 2185 de-

284 2234 530 2298 prompta
545 2231 687 2279 sunt.
707 2221 893 2278 Nullus
912 2223 1071 2290 igitur
1090 2231 1234 2276 tuam
1256 2221 1488 2291 decipiat
1505 2222 1862 2289 sanctitatem,

285 2319 430 2390 quod
456 2333 556 2387 ego
587 2316 927 2385 acquiescam
953 2314 1056 2368 hoc
1076 2313 1362 2382 aliquando
1380 2313 1578 2379 facere,
1610 2313 1724 2369 Deo
1750 2329 1870 2384 pro-

287 2410 371 2466 cul
390 2409 552 2466 dubio
571 2407 704 2462 mihi
728 2413 1075 2476 cooperante,
1104 2414 1160 2459 et
1177 2419 1265 2458 me
1291 2403 1647 2460 confortante.

424 2518 765 2574 Theodoreti°
795 2514 1013 2587 epistola
1042 2515 1112 2566 ad
1133 2513 1420 2587 Himerium
1448 2517 1737 2586 episcopum

910 2583 1248 2638 Nicomediae.

365 2679 509 2733 Inter
535 2685 739 2732 caetera.
773 2675 1130 2730 lntentionem
1163 2681 1403 2729 nostram
1423 2684 1628 2730 certam
1657 2684 1762 2732 tuae
1788 2677 1868 2733 fa~

1964 1945 2133 2014 magis
2163 1944 2401 2014 impium,
2434 1942 2775 1996 innocentem
2803 1936 2963 1992 morti
2991 1934 3219 1990 tradere.

2037 2037 2183 2093 Sciat
2202 2037 2362 2105 igitur
2375 2035 2630 2090 sanctitas
2651 2039 2823 2088 vestra
2844 2028 2987 2100 quod
3007 2043 3114 2082 non
3139 2026 3287 2098 prius
3299 2026 3377 2081 eis
3395 2039 3545 2080 com-

1967 2130 2342 2187 municandum
2389 2143 2508 2183 esse
2535 2141 2832 2191 censemus,
2856 2137 3016 2193 quam
3047 2128 3250 2176 vestras
3276 2117 3545 2189 recipiatis

1969 2224 2254 2281 Ecclesias.
2279 2223 2402 2278 Haec
2421 2230 2600 2276 autem
2623 2237 2730 2276 non
2757 2218 2904 2274 solus
2931 2229 3054 2285 ego,
3085 2213 3181 2269 sed
3209 2226 3395 2268 omnes
3418 2225 3546 2265 san-

1971 2316 2191 2372 ctissimi
2213 2323 2410 2370 nostrae
2435 2312 2669 2382 regionis
2697 2308 2954 2380 episcopi,
2983 2305 3167 2360 habito
3194 2300 3550 2365 concilio,de-

1970 2413 2276 2462 creverunt.
2306 2407 2319 2454 l
2358 2403 2426 2458 Et
2454 2412 2578 2457 ante
2601 2402 2714 2471 jam
2742 2408 2843 2454 tuae
2865 2397 3134 2454 sanctitati
3161 2393 3401 2465 praedixi,
3426 2391 3551 2460 quia

1972 2500 2019 2553 si
2047 2498 2251 2553 domini
2278 2497 2384 2552 mei
2412 2494 2734 2551 venerabilis
2762 2500 2816 2548 et
2837 2489 3159 2546 sanctissimi
3186 2485 3422 2558 episcopi
3448 2483 3553 2538 Ne-

1973 2592 2127 2646 storii
2157 2591 2318 2645 fuerit
2363 2589 2555 2656 dogma
2595 2586 2926 2651 damnatum,
2973 2598 3074 2638 nec
3101 2595 3201 2650 ego
3228 2579 3312 2634 his
3338 2578 3429 2646 qui
3449 2577 3552 2631 hoc

1974 2681 2173 2738 faciunt
2201 2680 2628 2737 communicabo.
2653 2677 2808 2745 Quod
2835 2677 2881 2732 si
2918 2684 3021 2730 tua:
3048 2672 3317 2730 sanctitati
3339 2671 3555 2742 placue-

1459 2791 1995 2853 CASTIGATIONES
2034 2798 2124 2852 ET
2162 2795 2385 2851 NOT/E.

366 2895 392 2922 ει
425 2887 482 2941 ld
508 2895 616 2952 est,
652 2886 798 2940 nulla
830 2883 1167 2939 restrictione
1195 2882 1355 2954 facta,
1383 2891 1437 2936 et
1459 2884 1576 2954 sine
1604 2885 1711 2938 ulla
1735 2885 1870 2954 dog-

294 2958 453 3012 matis
500 2965 556 3012 et
604 2951 851 3026 persona;
892 2954 1236 3026 discretione.
1268 2951 1440 3021 Atque
1479 2953 1605 3008 hinc
1634 2951 1872 3026 intellige

295 3024 639 3101 quam_vet_us
665 3025 754 3101 _sit
798 3024 928 3078 illud
953 3025 1314 3101 κρησφήγετᾳν,
1345 3038 1452 3101 quo
1507 3025 1753 3101 nomiulli
1772 3027 1871 3080 ali-

294 3093 507 3166 quando
529 3096 838 3166 abusisunt,
863 3102 918 3166 et
946 3093 1116 3166 n'uper
1140 3093 1341 3166 i'mpius
1356 3093 1444 3147 ille
1472 3095 1563 3166 qui
1592 3093 1868 3165 Cyrillum,

295 3162 665 3236 synodumque
712 3162 1036 3234 Ephesinam
1063 3164 1281 3236 haeresis
1302 3162 1652 3236 Eutychianac'
1675 3168 1875 3236 scripto

296 3234 432 3292 libro
480 3251 734 3291 accusare
779 3251 940 3290 ausus
980 3242 1078 3289 est.
1112 3234 1311 3289 Verum
1351 3234 1452 3288 hac
1475 3234 1544 3304 de
1578 3251 1637 3289 re
1667 3234 1876 3304 plenius

1980 2905 2104 2945 suas
2125 2889 2345 2955 singulis
2374 2887 2617 2942 civitates
2639 2883 3003 2938 redeuntibus.

2056 2970 2080 2997 ο
2133 2947 2341 3028 Scripta
2386 2957 2573 3027 procul
2628 2954 2791 3028 dubio
2814 2960 2914 3028 Aest
2961 2967 3096 3028 q_uo_
3129 2947 3557 3028 tempore_Pau-

1982 3031 2066 3084 lus
2113 3020 2428 3092 Emesenus,
2479 3042 2509 3081 a
2555 3023 2762 3097 synodo
2805 3021 3038 3078 Orientis
3084 3022 3309 3097 legatus,
3335 3020 3560 3097 alexan-

1983 3100 2111 3154 driae
2143 3089 2425 3168 negotium
2447 3089 2602 3165 pacis
2621 3095 2967 3168 gerebat,_et,
2999 3090 3446 3168 quemadmodum
3464 3089 3559 3143 ha-

1984 3171 2147 3225 bebat
2170 3159 2535 3232 invnianda'tis,
2568 3159 2965 3220 conditionibus
3007 3159 3168 3232 quam
3202 3159 3560 3232 honoriﬁcen-

1986 3241 2206 3295 tissimis
2234 3256 2347 3293 rem
2377 3252 2634 3308 peragere
2663 3235 3001 3308 moliebatur,
3025 3231 3099 3287 iis
3127 3247 3340 3302 nempe,
3363 3231 3560 3308 ut_sola

297 3308 449 3372 alias,
472 3322 592 3362 cum
613 3307 681 3361 de
709 3305 1189 3374 subscriptionibus
1215 3305 1269 3358 in
1285 3319 1444 3360 causa
1466 3301 1876 3374 Pelagianorum
1900 3302 1946 3364 C
1982 3311 2036 3364 in
2076 3310 2234 3365 ﬁdem
2276 3301 2544 3363 Nica'enam
2590 3306 2876 3360 consensio
2918 3305 3224 3374 exigeretur
3255 3301 3268 3374 ξ
3293 3317 3406 3374 non
3433 3301 3562 3374 item

296 3378 725 3434 dissertationem
746 3376 1094 3431 instituimus.

368 3449 394 3488 ι)
424 3448 678 3502 Baluzius
699 3463 727 3500 a
745 3446 1171 3516 praecedentibus
1183 3452 1428 3513 segregat
1452 3447 1728 3513 sequentia
1758 3464 1878 3503 cum

297 3519 403 3588 hoc
441 3518 596 3572 titulo
633 3536 644 3570 :
678 3515 809 3588 Item
836 3517 1065 3588 ejusdem
1103 3515 1406 3588 heodoreti
1430 3516 1498 3569 ad
1527 3516 1880 3572 Alexandrum

299 3587 748 3659 Hierapolitanum
763 3586 936 3659 Syjim
950 3586 1238 3659 praesulem,
1253 3589 1590 3640 asseverantis
1606 3605 1882 3659 numquam

298 3674 353 3713 se
378 3660 433 3712 in
459 3655 791 3728 damnatione
811 3655 1050 3711 Nestor-ii
1066 3657 1294 3728 praebere
1308 3673 1637 3722 consensum;
1662 3655 1882 3726 remque

299 3729 378 3784 sic
395 3729 621 3798 probat:
663 3749 680 3780 ι
714 3727 866 3782 Hunc
893 3727 1100 3798 titulum
1123 3727 1424 3798 addidimus
1450 3742 1516 3798 ex
1554 3728 1745 3798 codice
1769 3729 1879 3782 Va-

298 3794 497 3864 ticano,
529 3815 650 3854 cum
679 3798 892 3852 deesset
914 3798 968 3851 in
997 3797 1232 3852 editione
1260 3794 1525 3850 Garnerii.
1554 3796 1743 3852 Exstat
1763 3801 1881 3867 qui-

299 3869 421 3924 dem
443 3871 494 3924 in
516 3868 878 3924 Bellovacensi
903 3907 917 3932 ,
952 3867 1045 3922 sed
1074 3867 1309 3931 mutilus,
1334 3867 1566 3935 ideoque
1595 3870 1824 3924 omissus
1848 3886 1880 3924 a

300 3938 581 3995 Garnerio.
607 3939 854 4006 Pelagius
880 3937 926 3992 ll
952 3938 1002 3990 in
1033 3938 1261 4006 epistola
1289 3937 1440 4005 cujus
1463 3939 1622 4006 paulo
1653 3947 1775 3992 ante
1802 3940 1878 3994 le-

300 4009 470 4065 cimus
507 4009 836 4065 mentionem
875 4027 887 4060 :
920 4007 1001 4060 Ad
1040 4006 1395 4077 Alexandrum
1423 4024 1538 4060 vero
1570 4007 1740 4077 Syriae
1768 4008 1880 4060 Pa-

303 4081 621 4135 lwstinorum
641 4079 912 4148 praesulem
936 4075 1163 4148 scribens
1183 4079 1288 4148 ait:
1306 4075 1579 4148 Existimo,
1613 4075 1716 4132 etc.
1750 4077 1881 4146 Epi-

300 4150 436 4206 stola
453 4157 630 4205 autem
641 4145 747 4204 ista
767 4147 1091 4203 Theodoreti
1102 4145 1168 4198 ad
1180 4145 1538 4200 Alexandrum
1556 4154 1728 4200 exstat
1745 4145 1884 4202 inte-

338 4221 466 4274 rain
477 4221 733 4292 synodico
747 4233 907 4289 supra
922 4216 1159 4292 laudato,
1171 4231 1226 4292 c._
1237 4215 1463 4292 66.371
1475 4215 1748 4292 Existimo.
1767 4217 1883 4274 Hoc

327 4286 662 4360 ragmentum
692 4306 800 4345 non
815 4286 912 4344 'est
941 4303 1009 4360 eri
1037 4286 1263 4360 epistola
1284 4287 1349 4340 ad
1377 4286 1642 4360 Andream
1688 4287 1880 4360 samo;

303 4355 548 4416 saténum
571 4402 585 4426 ,
628 4369 680 4415 ut
720 4360 928 4426 putavit
971 4355 1294 4419 Carnerius,
1335 4357 1428 4411 sed
1457 4372 1524 4411 ex
1561 4357 1784 4426 epistola
1815 4358 1885 4412 ad

306 4376 548 4416 satenum
571 4402 585 4426 ,
628 4376 680 4415 ιιι
760 4376 928 4414 ιιιθνιι
971 4376 1294 4419 numerius,
1335 4376 1428 4411 seu
1457 4376 1524 4411 8X
1561 4376 1784 4426 eplswla
1815 4376 1876 4412 au

306 4431 668 4500 Alexandrum
694 4376 1174 4500 l-lierapolitanum,
1216 4429 1322 4500 uti
1337 4426 1446 4500 jam
1477 4436 1749 4500 ostensum
1777 4438 1876 4482 est.

306 4499 484 4568 Quare
533 4502 586 4556 in
624 4497 873 4556 auctario'
905 4498 1228 4553 Theodoreti
1275 4497 1680 4567 disjungendum
1714 4507 1796 4555 est
1815 4501 1882 4555 ab

308 4573 532 4643 epistola
561 4572 629 4643 ad
658 4571 940 4626 Andream.
978 4569 1171 4622 Bawz.

383 4655 407 4682 ε
435 4642 675 4698 Praebere
701 4657 1003 4697 consensum
1032 4655 1147 4711 quae
1172 4640 1227 4692 in
1263 4638 1455 4711 Tarso.
1484 4638 1776 4697 Garnerius
1804 4640 1884 4693 vi-

311 4712 444 4769 dens
469 4715 611 4768 hunc
639 4712 814 4768 locum
843 4726 961 4766 esse
990 4709 1266 4770 mutilum,
1301 4710 1377 4780 sic
1406 4709 1553 4764 illum
1590 4711 1885 4780 interpola-

309 4783 390 4838 vit
415 4803 427 4836 :
460 4782 700 4840 Praebere
728 4797 1065 4844 consensum,
1098 4779 1402 4850 necApiolare
1430 4779 1746 4835 communem
1765 4799 1888 4850 pro-

308 4855 605 4926 missionem
625 4870 739 4926 que:
758 4855 812 4906 in
844 4848 1383 4926 Ta‘rso,_et.c.__Yeru_m
1408 4865 1476 4926 εξ
1505 4852 1664 4926 citata
1688 4848 1890 4926 Pelagii

313 4925 542 4994 epistola
573 4919 799 4994 apparet
819 4921 948 4975 nihil
979 4919 1121 4974 aliud
1152 4919 1259 4994 illic
1287 4919 1412 4972 olim
1449 4919 1614 4994 fuisse
1641 4922 1714 4994 in_
1743 4922 1891 4976 libris

366 4995 467 5064 arii
493 4991 804 5049 Mercatoris
822 5007 981 5061 quam
1010 4991 1449 5064 quae__etianmum
1477 4991 1684 5064 anobis
1703 4992 1890 5060 legun-

309 5061 416 5118 tur.
440 5063 658 5118 Certum
686 5079 816 5118 sane
838 5059 919 5116 est
941 5061 1194 5116 nonnulla
1219 5059 1413 5131 deesse,
1429 5060 1482 5114 in
1505 5061 1608 5115 hoc
1628 5061 1749 5131 Ideo
1767 5059 1893 5131 qum

311 5135 604 5204 supplenda
622 5143 676 5190 et
689 5131 1020 5189 emendanda
1033 5138 1234 5185 suntex
1250 5130 1509 5201 synodico
1521 5131 1592 5184 ita
1613 5150 1624 5183 :
1647 5130 1889 5204 [rabere

311 5200 634 5274 coniensum,
684 5207 806 5274 quia
834 5219 1028 5274 memor
1065 5211 1143 5255 est
1178 5200 1351 5274 eorum
1397 5218 1512 5272 quae
1552 5204 1608 5256 in
1647 5200 1810 5255 Tarso
1840 5212 1890 5256 et

313 5273 638 5344 Chalcedone
663 5270 713 5328 et
744 5272 951 5344 Epheso
982 5274 1121 5343 facta
1144 5279 1283 5324 sunt.
1317 5270 1514 5325 Bulvz.

384 5343 411 5382 ἀ
432 5343 735 5400 Orientales
761 5342 1062 5398 statuerant
1081 5356 1150 5412 se_
1159 5355 1450 5412 numquam
1467 5381 1481 5404 ,
1516 5342 1598 5395 vel
1630 5342 1684 5395 in
1723 5343 1890 5412 depo-

313 5415 563 5471 sitionem
590 5414 852 5479 Nestorii,
887 5413 969 5467 vel
1015 5412 1067 5465 in
1114 5409 1303 5482 Cyrilli
1336 5412 1731 5482 restitutionem
1756 5409 1890 5467 con-

313 5501 584 5552 sensuros,
613 5500 712 5540 nec
747 5484 799 5538 id
827 5483 1011 5546 semel,
1046 5481 1128 5536 vel
1161 5481 1266 5535 uno
1294 5481 1347 5534 in
1377 5481 1529 5546 loco;
1569 5482 1664 5537 sed
1692 5481 1891 5552 Ephesi

312 5557 566 5626 primum,
589 5571 710 5611 cum
749 5554 872 5609 inde
917 5553 1440 5626 Constantinopolim
1471 5552 1631 5626 legati
1653 5554 1889 5622 acceptis

314 5620 581 5682 mandatis
606 5626 1100 5696 proﬁciscerentur;
1151 5620 1342 5696 iterum
1372 5620 1888 5696 Chalcedone,_eum

317 5712 463 5752 exea
513 5693 930 5767 postulationem
990 5693 1302 5767 imperatori
1352 5693 1686 5767 obtulerunt;
1736 5694 1889 5767 Tarsi

316 5776 505 5840 postea
516 5760 638 5824 cum
649 5766 850 5840 dimissi
863 5760 1259 5821 reverterentur
1274 5764 1327 5818 in
1347 5760 1618 5840 Orientem
1637 5782 1650 5829 ;
1677 5765 1893 5840 tandem

321 5833 634 5907 Antiochiae,
669 5838 976 5910 priusquam
1005 5851 1034 5890 a
1074 5849 1133 5891 se
1172 5842 1358 5890 mutuo
1394 5833 1791 5902 divellerentur,
1825 5836 1892 5891 ad

1986 3381 2255 3450 depositio
2297 3378 2530 3434 Nestorii
2571 3377 3024 3450 subscriberetu_r_,
3057 3372 3562 3450 sed_solo_silen_ti_o

1983 3441 2098 3504 rata
2122 3451 2440 3510 haberetur;
2467 3456 2631 3517 utque
2656 3445 2893 3517 episcopi
2916 3461 2944 3498 a
2967 3443 3290 3517 Maximiano
3310 3441 3560 3512 depositi,

1982 3520 2270 3583 Himerius,
2316 3514 2609 3583 l-lelladius,
2659 3515 2979 3580 Eutherius,
3011 3524 3066 3568 et
3090 3514 3409 3579 Dorotheus,
3441 3527 3567 3568 suas
3656 3542 3664 3551 -

1982 3593 2139 3646 sedes
2168 3592 2488 3646 reciperent.
3649 3635 3656 3641 _

2063 3607 2139 3645 les
2168 3607 2276 3646 rec:
2295 3607 2488 3643 γει-θυι.

2061 3660 2079 3699 f
2112 3661 2190 3716 Eo
2217 3607 2358 3714 reler
2381 3659 2664 3728 epistolam
2685 3657 3010 3713 Theodoreti
3035 3656 3102 3711 ad
3128 3655 3423 3728 Joannem,
3446 3669 3566 3728 quae

1983 3739 2067 3812 est
2089 3732 2138 3785 in
2166 3749 2195 3784 v
2218 3726 2455 3811 synodo—-2
2480 3730 2648 3784 altera
2670 3729 2813 3783 enim
2835 3744 2904 3784 ex
2932 3729 3098 3783 altera
3120 3727 3294 3783 lucem
3315 3726 3563 3796 accipiet,

1985 3802 2150 3854 immo
2179 3810 2233 3855 et
2253 3802 2648 3856 auctoritatem.

2056 3881 2081 3918 Β
2110 3872 2222 3926 Hoc
2250 3879 2350 3936 est,
2375 3871 2518 3939 quod
2543 3870 2770 3924 Andreae
2786 3871 3052 3924 monacho
3069 3865 3562 3939 scribit,Cyrillur_n,

1984 3942 2204 4009 apravis
2234 3941 2299 3994 ad
2329 3935 2474 3996 recta
2504 3940 2841 4008 perductum,
2872 3940 3154 3993 veritatem
3178 3935 3394 4009 tandem
3416 3936 3566 4009 addi:-

1984 4007 2194 4132 dicipse.
2245 4009 2434 4079 Operae
2472 4007 2705 4079 pretium
2743 4018 2824 4064 est
2890 4011 3077 4064 ambas
3107 4007 3366 4079 epistolas
3405 4007 3564 4062 simul

1984 4097 2084 4132 con
2110 4095 2247 4132 erre.

1984 4095 2247 4134 conterre.

2056 4148 2084 4186 ιι
2114 4149 2286 4226 labris
2312 4151 2546 4226 quinque
2567 4155 2688 4226 περὶ
2707 4153 3151 4226 ῥνανθρωπήσεως,
3178 4147 3245 4202 de
3271 4148 3464 4226 quibus
3466 4163 3574 4226 nan-

1987 4227 2073 4274 tea
2103 4219 2302 4275 dictum
2330 4217 2434 4284 est,
2464 4217 2721 4275 immo'ad
2752 4217 2980 4275 mortem
3005 4234 3176 4287 usque
3204 4218 3435 4288 capitula
3460 4217 3568 4289 Cy-

1985 4290 2090 4343 rilli
2141 4306 2248 4343 non
2297 4291 2630 4360 impugnavit
2658 4291 2787 4360 ipse
2827 4300 3052 4355 tantum,
3096 4289 3187 4343 scd
3214 4289 3333 4360 aliis
3354 4303 3572 4360 quoque

1986 4360 2313 4415 exsecranda
2344 4359 2595 4414 traduxit.
2626 4359 2779 4415 Unde
2801 4360 3124 4425 Gennadius,
3151 4359 3380 4414 Anatolii
3407 4359 3457 4412 in
3482 4375 3570 4413 se-

1987 4431 2107 4485 dem
2120 4429 2767 4502 Constantinopolitanam
2781 4448 3080 4498 successor,
3093 4431 3254 4502 paulo
3262 4429 3574 4502 pos_t'-Theo-

1986 4501 2161 4573 doreti
2190 4509 2418 4557 mortem
2442 4497 2651 4571 [atque
2687 4502 2824 4557 adeo
2860 4512 2982 4573 post
3027 4497 3312 4573 concilium
3347 4497 3575 4556 Chalce-

1985 4572 2246 4644 donense,
2279 4573 2698 4644 damnatumque
2739 4572 2872 4628 cum
2901 4573 3200 4644 Eutychete
3238 4572 3571 4644 Dioscorum,

1913 4679 1966 4740 Β
1992 4641 2044 4740 i3
2054 4642 2186 4740 haec
2198 4643 2364 4740 verba
2395 4642 2649 4740 adper'Sds
2666 4641 3145 4740 anathemati‘smos
3158 4642 3340 4723 Cyrilli
3363 4642 3538 4722 erupit
3558 4660 3570 4695 :

2000 4711 2094 4766 Va:
2139 4713 2264 4766 mihi
2302 4730 2334 4765 a
2378 4713 2564 4767 malis!
2594 4713 2708 4766 Heu
2733 4714 2864 4768 heu!
2905 4715 3038 4768 unde
3064 4711 3491 4781 enim—quisquam
3522 4713 3576 4765 in

1994 4785 2231 4852 praesenti
2253 4783 2462 4837 aliunde
2482 4795 2651 4837 sumat
2674 4785 2979 4838 exordium?
3001 4783 3190 4846 Quales
3213 4780 3390 4852 Cyrilli
3406 4780 3479 4834 1E
3485 4799 3578 4852 gy-

1996 4800 2231 4852 praesenti
2253 4800 2462 4837 auunae
2482 4800 2651 4837 sumat
2674 4800 2939 4838 exoratum
2956 4800 2979 4837 ;'
3001 4800 3190 4846 quotes
3213 4800 3390 4852 Lyram
3406 4800 3472 4834 Λα
3518 4800 3574 4852 y-

1996 4854 2110 4925 ptii,
2141 4863 2189 4906 et
2217 4864 2433 4925 quantas
2456 4854 2799 4925 blaSphemigs
2827 4855 3059 4925 incurri?
3087 4862 3305 4925 quantas
3337 4800 3574 4925 blasplie-

1997 4921 2330 5000 naiasnuudivi
2349 4925 2498 5000 .’.etc.
2525 4921 2700 5000 (Apud
2726 4923 3051 5000 arandum,
3085 4921 3172 4977 lib.
3206 4939 3243 4986 ι,
3273 4939 3319 5000 c_.
3338 4921 3431 5000 β.)

2075 4993 2091 5030 ί
2118 4993 2349 5064 Cyrillus
2376 4994 2428 5047 in
2453 4993 2676 5063 epistola
2698 4993 2760 5047 ad
2793 4994 3057 5047 Donatum
3089 5000 3271 5046 narrat
3298 4993 3578 5048 historiam

2003 5064 2168 5120 totius
2193 5065 2333 5119 illius
2355 5065 2665 5125 molitionis,
2692 5079 2790 5133 pro
2818 5064 3160 5118 restituendis
3187 5071 3421 5132 quatuor
3459 5064 3575 5133 epi-

2000 5135 2196 5203 scopis,
2219 5134 2454 5188 Himerio
2476 5131 2887 5199 Nicomediensi,
2911 5133 3154 5188 Helladio
3177 5131 3445 5196 Tarsensi,
3469 5131 3579 5186 Eu-

1995 5203 2171 5275 therio
2204 5204 2496 5275 Tyanensi,
2521 5203 2876 5275 et_Dorotheo
2917 5203 3577 5275 Martianopolitano,dqui

1995 5289 2024 5343 a
2055 5271 2366 5327 Maximiani
2422 5273 2628 5343 synodo
2683 5275 3018 5328 exauctorati
3065 5271 3296 5328 fuerant.
3342 5271 3577 5343 CopiOse

1994 5341 2135 5412 hanc
2184 5345 2350 5412 ipsam
2386 5341 2661 5412 historiam
2699 5351 2988 5398 tractamus
3015 5345 3069 5399 in
3098 5341 3473 5399 dissertatione
3509 5345 3577 5400 de

1994 5410 2274 5486 Eutherio,
2326 5412 2477 5482 cujus
2505 5411 2677 5486 Opera
2710 5414 3031 5470 Theodoreti
3063 5415 3323 5482 auctario,
3356 5423 3576 5486 propter

1995 5484 2391 5550 cognationem,
2420 5483 2825 5553 conjungemus.

2071 5554 2084 5603 i
2125 5553 2279 5629 Apud
2309 5553 2580 5629 Baluzium
2603 5556 3023 5629 a_superiori_bdus
3041 5557 3248 5629 reliqua
3279 5572 3573 5629 secernun-

1992 5632 2083 5696 tur
2103 5639 2238 5696 cuni
2252 5624 2356 5696 hoc
2387 5625 2542 5696 titulo
2572 5643 2584 5677 :
2616 5624 2866 5696 Ejusdem
2902 5624 3203 5682 Theodoreti
3232 5627 3302 5681 ad
3340 5629 3573 5682 Alexan-

1996 5695 2145 5748 drum
2188 5692 2675 5769 Hierapolitanumf
2701 5696 2833 5752 Vide
2875 5697 3138 5767 integram
3179 5699 3463 5769 epistolam
3497 5714 3573 5769 ex

1994 5774 2459 5910 tum
2477 5766 2582 5824 hoc
2600 5776 2871 5840 sumptum
2886 5778 2967 5826 est
2987 5766 3040 5826 in
3053 5766 3332 5844 synodico.
3349 5785 3466 5845 cap.
3485 5768 3573 5838 99,
