3924 6282
417 377 556 437 108⁸⁸

950 375 1140 434 MAR"
1182 371 1617 432 MERCATORIS
1661 364 2227 426 TBARSuATlONES
2268 359 2620 420 VABIORUM
2657 356 3181 418 OPUSCULORUM.

3544 352 3676 411 1088

340 491 2467 629 -.Wm

571 670 682 732 Ea:
714 664 1009 729 Eutherii
1039 663 1406 726 Nestoriani
1432 678 1709 723 sermone
1736 657 2034 720 adversus
2062 655 2135 718 S.
2162 652 2506 732 Cyrillum,
2533 651 2870 728 interprete
2896 644 3113 707 Mario
3139 642 3519 705 Mercatore.

481 790 527 848 0
553 797 891 846 consmerata
931 786 1337 845 inconsideratae
1392 784 1671 855 sapientiae
1699 792 1725 820 ι
1756 778 1987 843 luxuria,

2103 813 2187 853 sus
2214 806 2316 864 est,
2348 806 2407 853 ut
2433 811 2531 867 per
2558 793 2738 850 omnia
2771 790 3061 846 similitudo
3087 797 3350 857 servetur,
3401 799 3493 845 aut
3538 803 3678 848 certe

408 890 464 941 et
490 882 769 954 disciplina
818 879 1084 936 :ediﬁcans
1116 879 1273 934 simul
1300 887 1355 933 et
1380 878 1680 940 destruens,
1713 875 1851 931 sicut
1898 874 1984 928 in-

406 974 582 1031 fantes
609 974 662 1029 in
691 988 851 1028 arena
876 970 1059 1027 ludere
1080 971 1437 1040 conspicimus
1461 987 1474 1022 :
1525 966 1725 1024 Psssus
1765 981 1861 1021 nsr
1892 981 1983 1020 ιιι-

409 1086 778 1128 mssmluren.
804 1067 1119 1139 Priusquam
1139 1068 1351 1123 audiam
1379 1065 1522 1138 quod
1552 1081 1739 1136 passus
1767 1073 1869 1127 est,
1902 1063 1986 1117 in-

409 1164 757 1233 telligentiam
786 1160 919 1231 fugit
938 1161 1082 1233 quod
1119 1176 1307 1232 passus
1350 1168 1469 1215 est:
1503 1159 1707 1214 illatum
1755 1172 1987 1226 namque

410 1256 827 1328 impassibiliter,
851 1270 959 1310 non
979 1254 1106 1309 sinit
1133 1269 1350 1309 manere
1376 1251 1521 1323 quod
1541 1268 1730 1323 passus
1750 1259 1832 1306 est
1853 1249 1985 1321 (Ba-

386 1346 516 1402 -luz.
549 1345 673 1401 add.
704 1342 1142 1417 impassibiliter].
1177 1344 1233 1400 Si
1258 1359 1447 1415 passus
1466 1352 1567 1408 est,
1593 1341 1863 1412 quomodo
1885 1341 1990 1394 im-
2034 1338 2039 1341 ⁷

407 1438 761 1510 passibiliter?
789 1436 846 1493 Si
867 1436 1280 1507 impassibiliter,
1330 1434 1601 1504 quomodo
1645 1448 1833 1504 passus
1872 1432 1992 1487 est?

409 1526 439 1567 δ
477 1527 801 1584 Fabulemur
827 1524 1184 1592 ineﬁ‘abiliter,
1203 1533 1257 1581 et
1273 1526 1567 1581 sentiamus
1588 1524 1987 1579 insensibiliter.

409 1619 540 1686 Quis
562 1633 811 1688 umquam
844 1617 972 1673 vidit
1000 1626 1245 1672 ruentem
1274 1617 1390 1672 sine
1418 1617 1592 1682 ruina,
1625 1623 1994 1684 resurgentem

410 1711 525 1766 sine
552 1710 968 1775 resurrectione,
1000 1709 1274 1764 dolentem
1303 1709 1420 1764 sine
1445 1707 1651 1773 dolore,
1693 1707 1991 1777 sapientem

410 1802 526 1856 sine
545 1801 828 1871 sapientia,
846 1799 1123 1869 juvantem
1145 1801 1262 1855 sine
1282 1799 1364 1869 adj
1374 1800 1567 1863 utorio,
1591 1799 1890 1853 solventem
1914 1797 1995 1851 in-

405 1893 742 1963 solubiliter?
764 1891 831 1946 Et
852 1892 1128 1947 admittam
1155 1910 1167 1944 :
1196 1892 1392 1947 Passus
1420 1900 1496 1946 est
1518 1890 1919 1963 impassibiliter.

484 1983 700 2050 Paulus,
745 1985 930 2056 inquit,
981 1985 1035 2038 in
1062 1984 1280 2039 tertium
1300 1983 1496 2039 coelum
1523 1983 1907 2047 conscendens,
1940 1988 1996 2038 et

412 2076 710 2158 ineﬁ‘abiles
754 2076 810 2131 in
838 2076 974 2132 caelo
1003 2075 1209 2150 [Baluz.
1253 2075 1523 2147 paradiso]
1572 2090 1846 2130 sermones
1895 2090 1994 2128 au-

2094 891 2185 946 alii
2222 895 2595 945 monstrentur
2634 882 3034 955 impassibiliter
3077 881 3242 953 passi,
3268 890 3327 935 ut
3354 881 3677 937 custodiatur

2062 1015 2066 1019 ~
2093 999 2283 1040 eorum
2302 980 2601 1039 similitudo
2628 993 2790 1049 quam
2809 975 2992 1046 gessit.

2161 1077 2346 1148 Itaque
2388 1082 2484 1132 aut
2527 1074 2864 1131 Salvatorem
2894 1086 3108 1143 passum
3131 1069 3399 1124 veraciter
3423 1066 3680 1123 conﬁten-

2091 1170 2221 1225 dum
2273 1177 2375 1235 est,
2409 1175 2504 1223 aut
2523 1166 2661 1221 alios
2687 1179 2933 1235 quosque
2954 1160 3163 1236 [Batuz.
3187 1155 3425 1230 quoque]
3454 1158 3678 1215 creden-

2092 1260 2218 1316 dum
2247 1258 2647 1330 impassibiliter
2665 1272 2872 1328 passos,
2898 1255 2965 1310 ad
2984 1269 3215 1323 quorum
3230 1259 3471 1309 tentatus
3497 1250 3680 1306 simili-

2091 1353 2333 1408 tudinem
2353 1351 2614 1407 Dominus
2640 1348 2978 1420 praedicatur.

2165 1444 2296 1512 Quae
2337 1452 2517 1498 autem
2565 1440 2839 1513 patientia:
2884 1440 2988 1494 erit
3032 1446 3289 1503 ostensno,
3315 1437 3360 1491 si
3380 1451 3574 1507 passus
3599 1444 3679 1491 est

2094 1534 2531 1607 impassibiliter?
2551 1530 2833 1599 Quomodo
2856 1528 3233 1601 prmdicabitur
3251 1527 3513 1598 patientia
3532 1524 3682 1580 Cbri~

2095 1627 2182 1693 sti,
2215 1627 2261 1682 si
2282 1623 2803 1709 dolorenrpatiendo
2830 1636 2940 1676 non
2967 1620 3166 1675 sensit?
3200 1617 3486 1687 Quomodo
3523 1619 3679 1673 etiam

2094 1715 2480 1773 monstrabitur
2500 1706 2786 1768 ineﬁabilis
2808 1718 2864 1765 et
2893 1709 3331 1779 incomparabilis
3351 1721 3481 1777 erga
3510 1706 3683 1762 homi-

2096 1825 2193 1865 nes
2219 1807 2436 1863 dilectio
2459 1804 2681 1868 Christi,
2707 1803 2753 1858 si
2783 1802 2961 1873 passio
2983 1801 3100 1871 ejus
3122 1802 3238 1855 sine
3258 1800 3451 1855 dolore
3471 1806 3683 1869 peracta

2096 1905 2214 1958 est?
2243 1900 2374 1969 Quis
2401 1915 2510 1956 non
2538 1898 2726 1967 diligat
2754 1896 2960 1970 [Baluz.
2990 1895 3175 1967 eligat]
3198 1897 3331 1965 pati,
3363 1908 3474 1948 non
3516 1894 3683 1947 solum

2096 2009 2197 2064 pro
2222 1992 2428 2059 amicis,
2451 1989 2549 2046 sed
2566 1989 2732 2045 etiam
2755 2004 2856 2061 pro
2885 1987 3135 2053 inimicis,
3158 1986 3205 2041 si
3232 1978 3345 2057 pati
3380 1983 3683 2055 impassibi-

2096 2087 2221 2142 liter
2247 2085 2450 2140 liceat?

412 2148 741 2235 diens,'nihil
771 2169 874 2224 tale
902 2146 1143 2240 protulit,
1176 2146 1400 2225 forsitan
1431 2146 1546 2225 istis
1598 2169 1990 2239 expositionem
2019 2162 2068 2224 Β
2166 2178 2275 2233 cur
2304 2166 2487 2232 autem
2532 2183 2589 2231 et
2617 2174 2878 2230 Dominus
2907 2146 3087 2228 aiebat
3123 2190 3136 2225 :
3169 2170 3399 2243 Spiritus
3427 2180 3684 2241 promptus

410 2258 840 2313 sublimissimam
864 2258 1194 2328 relinquens.
1220 2258 1319 2314 Hic
1344 2258 1488 2313 enim
1516 2275 1624 2314 non
1644 2258 1777 2313 dixit
1810 2278 1821 2311 :
1856 2257 1989 2313 Pas-

411 2367 500 2403 sus
519 2360 596 2405 est
622 2350 1028 2422 impassibiliter,
1053 2351 1147 2407 sed
1173 2370 1185 2405 :
1228 2350 1424 2406 Didicit
1452 2368 1516 2406 ea:
1542 2352 1623 2407 his
1657 2369 1771 2424 quae
1807 2370 1994 2424 passus

408 2450 485 2496 est
512 2441 875 2512 subjectiouem
907 2440 1064 2512 (Heb.
1092 2459 1145 2509 v,
1167 2441 1257 2510 8);
1288 2451 1344 2498 et
1367 2461 1378 2496 :
1415 2442 1663 2497 Teutalus
1702 2461 1792 2516 per
1820 2445 1993 2498 omnia

412 2531 559 2585 iuxta
587 2533 976 2587 similitudinem
1004 2533 1194 2605 absque
1220 2543 1428 2606 peccato
1457 2533 1614 2607 (Heb.
1649 2552 1718 2600 IV,
1753 2534 1875 2606 15);
1907 2544 1992 2590 at.-

414 2636 520 2690 que
544 2623 616 2676 ita
645 2623 835 2693 procul
861 2623 1081 2679 abstulit
1109 2625 1294 2679 talium
1313 2624 1663 2681 deliramenta
1684 2628 1989 2682 verborum.

413 2710 515 2779 Qui
543 2713 684 2768 enim
712 2731 803 2785 per
831 2716 1005 2770 omnia
1046 2724 1269 2770 tentatus
1293 2725 1371 2770 est
1400 2717 1560 2787 juxta
1588 2718 1994 2787 similitudinem,

411 2804 458 2859 si
485 2820 676 2876 passus
695 2815 795 2874 est,
818 2808 1143 2877 passibiliter
1184 2807 1390 2881 [Baluz.
1423 2808 1844 2884 impassibiliter]
1874 2831 1997 2885 pas-

2094 2278 2190 2335 est,
2222 2284 2344 2322 caro
2374 2278 2544 2322 autem
2582 2266 2798 2337 inﬁrma
2828 2263 3043 2334 (Matth.
3076 2278 3222 2328 xx“,
3252 2259 3367 2331 42),
3398 2260 3445 2315 si
3485 2262 3685 2331 passio-

2095 2378 2220 2419 nem
2272 2361 2563 2432 incipiebat
2589 2360 2706 2415 sine
2756 2359 2942 2414 dolore
2990 2355 3267 2427 perferre?
3295 2353 3473 2421 Quare
3518 2363 3574 2409 et
3618 2352 3681 2408 ad

2097 2452 2311 2507 Patrem
2355 2452 2659 2507 clamabat:
2695 2449 2871 2515 Pater,
2903 2449 2947 2503 si
2975 2445 3218 2520 possibile
3270 2454 3368 2511 est,
3395 2454 3618 2498 transeat
3641 2461 3674 2497 a

2098 2563 2179 2601 me
2208 2547 2348 2600 calix
2366 2546 2463 2599 iste
2493 2542 2680 2616 (Ibid.,
2704 2560 2750 2596 υ.
2778 2539 2888 2612 59).
2919 2539 3148 2610 Propter
3166 2537 3295 2608 quid
3324 2538 3481 2593 etiam
3506 2552 3676 2606 preces

2098 2636 2168 2690 ad
2218 2652 2333 2690 eum
2385 2635 2881 2707 supplicationesque
2940 2648 3056 2685 cum
3123 2630 3349 2683 clamore
3412 2627 3580 2683 ualido
3642 2637 3685 2683 et

2104 2728 2346 2798 lacrymis
2394 2725 2674 2795 offerebat,
2715 2726 2803 2798 qui
2839 2740 2955 2778 eum
2994 2723 3057 2777 de
3083 2730 3248 2777 morte
3289 2729 3463 2791 posset
3496 2721 3687 2790 eripere

2106 2819 2264 2891 (Heb.
2296 2836 2386 2885 vn,
2413 2819 2506 2889 7)?

1563 2900 2105 2969 CASTIGATIONES
2144 2912 2234 2967 ET
2272 2910 2506 2967 NOTAE.

483 2998 509 3027 ι
538 2990 757 3046 Lusoria
786 2992 1079 3063 disciplina.
1107 2991 1197 3047 Sic
1224 2995 1557 3048 restituimus
1585 3010 1651 3050 ex
1681 2997 1864 3055 codice
1890 3002 1997 3057 Va-

407 3063 586 3137 ticano
607 3076 704 3132 pro
725 3077 791 3137 eo
804 3062 1026 3137 quodex
1041 3062 1409 3137 Bellovacensi
1429 3064 1670 3120 ediderat
1682 3066 1993 3137 Garnerius,

412 3135 619 3207 luxuria
645 3141 695 3207 et
722 3132 1019 3207 disciplina.
1060 3132 1162 3207 Sic
1183 3133 1536 3207 alibiulusoria
1556 3137 1843 3207 aliquando
1864 3132 1999 3197 scri;

411 3212 562 3326 ptum
584 3202 761 3285 fuisse.
776 3202 877 3271 pro
899 3204 1106 3285 luxuria
1134 3204 1464 3261 ostendimus
1492 3206 1546 3261 in
1570 3202 1713 3264 notis
1733 3210 1796 3264 ad
1836 3221 1999 3283 caput

454 3271 764 3326 lLactantu
802 3272 869 3326 de
914 3273 1173 3326 Mortibus
1211 3284 1575 3326 peccatorum-
1632 3277 1800 3326 Pm-m
1842 3283 1996 3326 iniam

454 3271 764 3329 lLactantii
802 3272 869 3327 de
914 3273 1173 3330 Mortibus
1209 3284 1575 3344 peccatorum.
1631 3277 1800 3335 Porro
1839 3271 1998 3339 istam

408 3385 3270 3415 mw—

2104 3003 2535 3059 emendationem
2555 3001 2789 3071 probant
2806 2997 3185 3071 verba‘Graaca'
3197 2998 3353 3071 istius
3384 2996 3685 3071 fragmenti,

2102 3089 2223 3143 qua:
2244 3081 2458 3130 exstant
2479 3074 2533 3127 in
2557 3066 2713 3143 tomo
2733 3070 2777 3124 ιι
2796 3069 2943 3143 Opp.
2969 3068 3028 3143 S._
3059 3069 3337 3143 Athanasii
3350 3066 3601 3143 _p._505;
3640 3078 3686 3124 et

2103 3089 2223 3143 quae
2244 3086 2458 3130 exstant
2479 3088 2533 3127 ιιι
2565 3086 2713 3126 tomo
2734 3086 2777 3124 ιι
2796 3086 2849 3137 ,υ
2929 3110 2943 3123 .
2969 3086 3026 3124 S.
3059 3086 3337 3124 Atnanasu
3366 3086 3424 3138 p.
3459 3086 3601 3135 oua;

2103 3145 2228 3200 inde
2250 3145 2301 3199 in
2332 3143 2572 3201 auctario
2588 3138 2822 3213 Operum
2849 3086 3174 3197 llageodoreti
3194 3156 3249 3211 p.
3271 3138 3394 3194 701.
3420 3138 3625 3195 Bswz.

2174 3214 2202 3254 δ
2231 3214 2288 3271 ld
2314 3223 2415 3279 est,
2440 3211 2740 3285 loquamur.
2773 3211 2970 3267 Βλιιιῑ.

3281 3394 3667 3414 ——_

1735 3462 2352 3548 EPILOGUS.

484 3573 608 3629 Haec
635 3573 850 3629 interim
877 3575 1073 3631 cursim
1091 3616 1107 3641 ,
1140 3592 1209 3631 ne
1247 3576 1465 3632 modum
1517 3578 1637 3634 libri
1684 3578 1995 3649 supergredi
2018 3581 2066 3645 (ζ
2096 3581 2363 3648 videatur,
2396 3580 2558 3635 unum
2600 3579 2961 3649 eamdemque
2984 3577 3202 3645 Filium,
3230 3584 3459 3648 propter
3483 3582 3691 3629 utram-

411 3664 710 3730 videamur,
732 3667 1111 3736 expressimus,
1134 3668 1488 3737 plurimorum
1518 3669 1781 3724 virulenta
1809 3679 1998 3727 conta-

412 3755 497 3823 gia
527 3756 921 3825 simplicitatem
942 3756 1177 3812 ﬁdelium
1208 3757 1414 3831 [Βαίας.
1432 3759 1555 3814 add.
1587 3760 1815 3832 simplici
1837 3760 1995 3835 teste]

412 3845 727 3913 tallentium,
759 3862 1000 3918 congruo
1031 3857 1293 3919 tempore,
1340 3848 1556 3906 favente
1587 3850 1717 3919 Deo,
1752 3850 1997 3909 diffusius

396 3982 403 3987 .
416 3937 693 4005 prodituri.

484 4027 590 4083 Sed
617 4046 758 4086 nunc
780 4032 918 4088 hanc
948 4033 1116 4101 ipsam
1157 4032 1531 4089 Nestorianam
1561 4034 1840 4106 perﬁdiam
1867 4038 1996 4095 licet

394 4120 467 4175 'in
488 4121 647 4192 hujus
673 4125 847 4194 operis
872 4123 977 4180 ﬁne
1003 4127 1272 4182 nonnullis
1300 4129 1561 4200 exemplis
1591 4145 1838 4200 arguere.

483 4215 596 4280 Dic,
621 4232 655 4270 o
682 4216 900 4273 barresis
914 4217 1141 4287 ingrata,
1165 4218 1414 4287 crudelis,
1440 4228 1496 4276 et
1524 4221 1707 4292 impia,
1736 4222 1822 4277 cui
1842 4219 1997 4278 Chri-

408 4306 478 4360 sti
505 4305 718 4360 Domini
747 4308 918 4361 nostri
938 4309 1240 4363 voluntaria
1270 4324 1371 4379 pro
1398 4310 1554 4366 nobis
1579 4312 1876 4367 exinanitio
1897 4312 1994 4367 im-

407 4396 633 4466 probata
676 4397 881 4469 [Baluz.
912 4398 1195 4471 probrosa]
1225 4412 1327 4466 est,
1359 4411 1414 4459 et
1452 4404 1564 4459 visa
1604 4405 1877 4460 humilitas
1905 4405 1991 4460 di-

409 4486 546 4542 vinze
573 4486 893 4555 dignationis
923 4489 1137 4559 indigna
1165 4510 1177 4545 :
1202 4507 1322 4563 quae
1344 4510 1466 4549 cum
1492 4492 1690 4551 Judaeis
1731 4504 1784 4552 et
1813 4497 1989 4565 genti-

408 4576 548 4633 libus
574 4593 788 4634 crucem
809 4578 1008 4636 Christi
1037 4584 1348 4640 scandalum
1368 4594 1424 4641 et
1442 4586 1725 4642 stultitiam
1747 4595 1984 4658 reputas,

2099 3687 2204 3742 que
2234 3678 2501 3737 naturam,
2532 3685 2635 3742 pro
2662 3670 2819 3726 nobis
2840 3669 3241 3741 impassibiliter
3267 3666 3434 3721 fuisse
3461 3681 3688 3737 perpes-

2099 3763 2252 3817 sum?
2281 3760 2340 3817 Si
2380 3763 2494 3818 haec
2520 3762 2602 3817 vis
2622 3770 2879 3818 creaturae
2906 3769 3069 3831 atque
3096 3760 3339 3831 potentia
3366 3767 3481 3824 est,
3513 3774 3615 3813 cur
3639 3758 3691 3813 id

2099 3854 2272 3924 ipsum
2293 3852 2521 3909 Creator
2545 3853 2771 3923 implere
2796 3868 2903 3907 non
2924 3852 3120 3923 potuit,
3136 3852 3224 3923 qui
3242 3853 3421 3905 omnia
3438 3865 3692 3921 quam

2097 3963 2194 4019 que
2216 3945 2395 4013 voluit,
2427 3947 2566 4019 fecit,
2590 3947 2647 4000 in
2676 3944 2798 4000 calo
2818 3953 2868 3999 et
2892 3946 2945 3998 in
2977 3956 3134 4011 terra,
3161 3945 3217 3997 in
3245 3943 3401 4008 mari,
3423 3951 3478 3995 et
3500 3943 3556 3995 in
3578 3958 3688 3995 oen-

2097 4036 2245 4092 nibus
2274 4036 2475 4110 abyssis
2503 4034 2677 4109 (Psal.
2708 4051 2919 4101 cxxxrv,
2947 4033 3043 4104 6)?

2169 4129 2235 4203 [ι
2268 4127 2375 4185 Sed
2403 4143 2473 4184 ne
2507 4127 2665 4183 solita
2694 4127 2963 4183 calumnia
2988 4125 3231 4181 Nestorii
3277 4132 3585 4179 sectatores
3636 4133 3687 4178 et

2094 4219 2125 4260 ι)
2148 4219 2516 4292 Eutycbianos
2540 4218 2893 4274 criminentur
2901 4218 2992 4288 qui
3006 4231 3108 4271 suo
3120 4215 3360 4284 dogmati
3376 4212 3586 4269 nefario
3598 4228 3685 4268 re-

2096 4314 2387 4369 luctantur.
2409 4312 2505 4369 Est
2532 4314 2675 4369 enim
2704 4313 2810 4368 hoc
2832 4311 3125 4367 haeresibus
3152 4312 3433 4379 utriusque
3462 4323 3686 4364 concre-

2095 4414 2229 4472 tum,
2260 4414 2321 4460 ut
2347 4413 2537 4462 contra
2564 4404 2863 4475 quamlibet
2888 4419 3073 4459 earum
3098 4402 3401 4458 catholicus
3439 4401 3683 4471 disputa-

2094 4509 2182 4554 tor
2209 4505 2472 4566 assurgat,
2502 4498 2678 4553 neutri
2703 4498 2907 4553 crimen
2936 4496 3259 4567 suspicionis
3285 4494 3526 4564 eﬁugiat,
3556 4493 3683 4549 dun

2093 4606 2194 4646 nos
2204 4587 2915 4660 Eutychianamrefellentes
2938 4587 3201 4641 insaniam
3216 4584 3567 4640 Nestorianos
3588 4599 3685 4654 ap-

392 4683 511 4723 'nec
538 4668 707 4724 Deum
728 4667 927 4725 factum
955 4672 1227 4729 hominem
1255 4676 1442 4731 tulisse
1469 4678 1752 4747 passiones
1792 4678 1990 4749 impas-
2090 4683 2296 4755 pellare
2320 4696 2431 4736 non
2452 4679 2735 4746 desinant,
2757 4686 2813 4735 et
2844 4693 2878 4734 e
2909 4687 3101 4734 contra
3129 4677 3363 4733 Nestorii
3391 4676 3683 4746 complices

406 4761 633 4817 sibiliter
658 4761 957 4831 conﬁteris;
991 4766 1036 4821 si
1082 4766 1231 4823 Nilus
1280 4767 1499 4841 [Egypti
1547 4770 1601 4825 in
1648 4785 1746 4825 sua
1796 4777 1986 4825 natura
2090 4772 2356 4830 catholica
2401 4771 2629 4826 veritate
2643 4768 2876 4825 convicti
2895 4769 3219 4824 refutatores
3235 4783 3367 4825 suos
3386 4765 3680 4839 Eutychia-

405 4856 719 4926 Ρθνείειθηεν
736 4856 834 4912 fuit
855 4858 1125 4932 Egyptiis
1149 4864 1366 4931 sanguis
1393 4861 1590 4935 (Exod.
1616 4881 1706 4931 vu,
1730 4863 1851 4936 20);
1880 4862 1987 4919 He-
2090 4879 2188 4919 nos
2200 4863 2432 4918 existere
2446 4860 2795 4927 mentiantur;
2811 4859 3179 4915 necessarium
3192 4856 3682 4929 profectocredidi-

406 4947 563 5005 bracis
592 4960 773 5004 autem
801 4965 938 5019 aqua
968 4953 1248 5023 potabilis;
1272 4955 1318 5009 si
1355 4954 1471 5010 dies
1509 4955 1689 5010 lumen
1730 4955 1983 5011 lsraelitis
2008 4971 2064 5033 ι)
2087 4970 2208 5011 mus
2236 4963 2518 5022 utramque
2545 4952 2867 5022 pravitatem
2887 4967 2985 5009 sua
3010 4965 3109 5022 per
3136 4950 3403 5020 plurimos
3428 4950 3682 5020 ignoran—

406 5040 649 5096 cxbibuit
684 5040 881 5111 (Exod.
926 5060 980 5109 x,
1006 5043 1107 5112 23;
1138 5043 1266 5117 Sap.
1301 5062 1446 5112 xvm,
1481 5045 1557 5115 l),
1596 5049 1846 5102 tenebras
1884 5049 1982 5104 ho-
2086 5050 2161 5103 tia
2214 5054 2524 5116 serpentem
2570 5043 2864 5099 beatissimi
2912 5041 3091 5098 Patris
3127 5040 3353 5098 Joannis
3381 5040 3681 5098 Tomitana:

404 5135 596 5203 stibus,
617 5151 753 5205 quas
771 5137 1137 5204 merebantur,
1156 5137 1375 5206 alludit;
1406 5140 1451 5195 si
1480 5139 1668 5194 fornax
1691 5140 1979 5212 Babylonia
2086 5140 2231 5195 urbis
2260 5138 2496 5210 episcopi
2524 5136 2815 5208 provinciae
2848 5135 3099 5207 Scythia,
3135 5147 3157 5176 ο
3187 5135 3533 5193 sermonibus
3557 5151 3684 5208 pro-

404 5234 514 5281 tres
541 5241 739 5296 pueros
758 5225 1029 5291 rorefecit,
1047 5227 1374 5301 Babylonios
1400 5230 1648 5285 incendio
1667 5245 1981 5285 concrema-
2086 5231 2233 5287 dere.
2251 5228 2269 5257 τ

399 5316 475 5371 vit
498 5314 661 5389 (Dan.
704 5332 778 5385 ιιι,
808 5315 935 5387 24);
966 5333 1064 5373 cur
1091 5319 1186 5374 tibi
1216 5320 1491 5390 indignum
1520 5329 1613 5376 aut
1654 5321 1984 5391 impossibile

1026 5418 1029 5423 ·
1554 5410 2095 5469 CASTIGATIONES
2134 5393 2489 5468 ΕτέΝότιιΕ.

470 5497 730 5579 "Desunt
773 5497 917 5579 apud
950 5498 1295 5579 _Ga_rnerium_
1328 5502 1443 5558 hac
1491 5504 1699 5579 uncinis
1720 5506 1967 5579 inclusa.
2080 5504 2236 5579 Enn;

400 5568 754 5659 ‘llestitgizmus
778 5568 1233 5659 eEPaluyzipgqui
1250 5574 1332 5659 sic
1358 5575 1597 5659 exagitat
1625 5576 1974 5659 omissionem
2115 5576 2183 5659 ub
2205 5572 2347 5659 Hinc
2385 5574 2567 5659 colligi
2610 5582 2790 5659 potest
2814 5574 2918 5630 ista
2946 5577 3144 5659 scripta
3173 5591 3292 5659 esse
3309 5592 3352 5659 ‘a
3373 5575 3683 5659 Mercatore

397 5636 645 5722 (ἐπινειςῶ
676 5657 755 5722 :_¢
772 5710 783 5722 '
803 5639 909 5696 Ista
957 5636 1272 5722 exciderunt
1318 5644 1372 5722 i_n
1422 5636 1657 5722 editione
1704 5646 1971 5722 Garnerii.
2081 5647 2360 5722 aliquanto
2422 5636 2548 5717 pos't
2610 5636 2855 5717 tempora
2920 5636 3135 5705 concilii
3192 5645 3678 5704 Chalcedonensis.

402 5708 1014 5809 βξείέξειέηξιξηξξιῆιὲέ
1042 5728 1169 5767 nam
1184 5714 1380 5809 ipse)"
1408 5715 1976 5809 verumtamen}?
2080 5708 2286 5809 Βιίιιι·

397 5778 800 5908 ἢγαδαμρρι.
817 5778 1001 5852 iii-16)
1014 5778 1427 5868 eorumparteni
1435 5785 1617 5852 refert,
1632 5778 1971 5871 ethisclandi
2156 5800 2178 5828 α
2210 5787 2593 5872 sequebantur
2645 5802 2775 5857 ergo
2804 5797 2990 5872 postea
3020 5797 3271 5861 excerpta
3316 5804 3384 5843 ex
3422 5788 3684 5861 operibus

472 5865 590 5908 rum
605 5852 807 5908 scribit.
824 5850 961 5908 Sunt
973 5862 1149 5908 autem
1161 5870 1339 5908 omnia
1357 5863 1457 5908 Ista
1469 5869 1967 5908 mattmmomenti.»
2078 5860 2300 5908 .Inanms
2329 5857 2614 5908 Tomitam.
2642 5873 2766 5908 num
2794 5859 3197 5908 intermdemnt.
3235 5859 3433 5908 Bunz-

472 5850 590 5909 rum
605 5850 807 5911 Scribit.
824 5850 961 5909 Sunt
973 5850 1149 5909 autem
1161 5850 1339 5911 omnia
1357 5857 1457 5912 ista
1469 5850 1645 5927 magni
1658 5861 1935 5916 momenti.
1949 5879 1967 5913 ι
2078 5850 2314 5916 Joannis'
2329 5857 2614 5927 Tomitani,
2642 5873 2676 5929 τι
2687 5850 2766 5915 me
2794 5850 3198 5916 intercidemnﬁ
3235 5859 3434 5916 BALUZ.
