3992 6276
267 385 407 444 1105

1146 388 1447 446 DlSSEliT.
1489 391 1530 447 Ι.
1572 391 1658 446 DE
1696 390 1964 446 ll/EllESl
2009 391 2091 444 ET
2134 387 2351 444 LIBRIS
2388 388 2727 467 NESTORII.

3379 397 3515 451 H06

263 502 389 622 «fuia
409 499 676 556 Christum
706 503 930 573 peperit,
964 505 1013 557 in
1037 517 1142 572 quo
1164 511 1279 557 erat
1301 503 1531 558 Verbum
1555 504 1710 569 Deus,
1737 504 1836 557 nisi
1864 508 1915 567 Α
1942 503 2125 570 igitur,
2158 506 2477 574 quicumque
2506 503 2735 557 Nestorii
2765 517 2978 556 causam
3007 514 3357 572 susceperunt
3383 548 3395 569 ,
3434 508 3515 560 in~

264 589 277 622 ε
304 572 473 622 icatur
501 574 698 622 pariter
719 580 772 622 et
801 571 1010 622 Patrem
1033 574 1322 622 nenerisse-
1357 581 1411 622 et
1438 573 1690 622 Sniritum
1715 588 1838 622 san—
1943 574 2261 622 tellexerunt
2291 573 2443 622 facile
2478 590 2596 622 eam
2626 590 2682 622 se
2711 574 2845 622 tueri
2874 588 2980 622 non
3011 588 3189 622 nosse.
3221 575 3320 622 nisi
3353 590 3512 622 auem

304 572 473 627 icatur
501 574 698 642 pariter
709 571 772 625 'ct
801 571 1010 644 Patrem
1033 571 1323 644 peperisse,
1357 581 1411 627 et
1438 573 1690 643 Spiritum
1715 588 1838 627 san-

263 649 427 713 ctum,
460 643 711 713 quoniam
748 643 903 698 ambo
938 643 1151 713 qucque
1187 644 1239 697 in
1271 644 1486 699 Christo
1522 652 1691 707 erant,
1716 660 1837 698 cum

261 711 369 766 sint
398 712 558 765 etiam
583 713 635 766 in
664 711 1087 783 quibuscumque
1111 714 1301 783 justis;
1328 717 1490 769 immo
1521 714 1566 768 si
1596 714 1837 777 Θιοτὸκος

262 789 501 865 vocetur,
526 790 580 835 et
600 798 706 837 non
735 784 1029 867 Λογοτόκος,
1058 785 1195 867 satis.
1216 786 1329 867 ipsa
1356 800 1490 867 voce
1510 785 1663 867 prodi
1694 786 1838 867 quod

264 866 373 922 non
414 854 568 907 unius
607 854 849 922 personie
889 856 1118 922 genitrix
1146 854 1250 910 dici
1290 854 1501 919 debeat,
1539 854 1633 909 sed
1673 856 1837 911 totius

263 921 557 988 Trinitatis,
589 921 679 991 qui
711 923 850 978 Deus
886 921 984 979 est.

333 991 428 1045 Est
454 993 687 1065 impetus,
701 994 805 1049 hoc
826 994 879 1047 in
900 995 1019 1050 loco
1040 996 1370 1064 interrogare
1391 995 1620 1051 Nestorii
1648 1003 1836 1065 patro-

261 1077 380 1135 nos,
414 1063 821 1135 et_Albertinum
840 1067 1125 1135 praecipue,
1148 1067 1238 1135 qui
1254 1063 1503 1120 eruditus
1522 1063 1689 1120 videri
1703 1067 1834 1133 vult,

262 1133 439 1206 sintne
469 1132 581 1187 haec
602 1132 1024 1206 hominis'yerbo
1054 1132 1417 1206 imprudenter
1445 1135 1597 1205 lapsi,
1630 1152 1696 1189 an
1725 1132 1839 1191 me?

262 1201 416 1256 ditati
444 1216 564 1271 qua!
590 1203 810 1258 diceret.
855 1202 1043 1260 Sintne
1065 1201 1179 1260 hic
1204 1201 1514 1273 argumenta
1541 1206 1724 1260 decem
1756 1207 1838 1260 in-

261 1273 548 1339 cogitantis
586 1273 831 1341 alicujus,
874 1276 959 1329 cui
987 1292 1092 1329 vox
1130 1291 1234 1329 una
1280 1276 1572 1339 exciderit;
1622 1291 1688 1329 an
1719 1292 1836 1329 ma-

264 1341 393 1409 ligni
414 1342 827 1413 contradictoris
852 1346 943 1413 qui
972 1346 1137 1399 multa
1158 1346 1609 1399 commentatione
1630 1346 1835 1413 singula

262 1412 340 1483 rei
387 1410 635 1480 adjuncta
681 1410 1041 1483 perpenderit.
1082 1414 1234 1468 Sitne
1262 1415 1489 1483 denique
1535 1410 1835 1483 linguafvi-

262 1481 394 1535 tium
427 1490 559 1536 testu
599 1481 834 1552 abrepta:
864 1493 971 1537 tam
997 1484 1283 1539 artiﬁciosa
1322 1481 1515 1548 oratio,
1551 1481 1641 1538 aut
1671 1486 1834 1539 animi

262 1552 442 1621 potius
487 1552 590 1624 sibi
631 1554 827 1622 ubique
874 1555 1091 1618 similis,
1137 1570 1455 1624 semperque
1492 1556 1545 1609 in
1590 1556 1835 1610 instituto

262 1623 574 1677 constantis.

332 1689 735 1763 Observandum
783 1695 1009 1763 quinto,
1053 1709 1173 1750 cum
1216 1694 1466 1758 Proclus,
1508 1696 1561 1749 in
1591 1696 1836 1751 oratione

261 1763 600 1833 panegyricag
626 1761 816 1833 (Num:
859 1764 944 1832 7),
977 1765 1043 1819 de
1081 1774 1235 1819 utero
1259 1764 1491 1832 Virginis
1528 1766 1834 1820 exclamans

261 1828 484 1884 dixisset
516 1851 527 1883 :
564 1828 608 1885 0
636 1828 877 1903 templum
894 1828 952 1887 in
981 1851 1078 1906 quo
1103 1834 1246 1906 _Deus
1272 1828 1436 1906 factus
1464 1844 1541 1887 est
1567 1836 1828 1898 sacerdos,

262 1916 364 1954 non
395 1910 632 1974 naturam
654 1903 1002 1974 committens,
1021 1903 1111 1957 sed
1136 1921 1249 1958 eum
1277 1904 1361 1974 qui
1390 1906 1665 1957 secundum
1694 1906 1835 1958 ordi-

261 1986 379 2044 nem
413 1980 489 2044 est
526 1970 896 2044 Melchisedech
934 1983 1141 2044 propter
1178 1970 1557 2028 miserationem
1592 1974 1837 2029 indutus!

263 2039 411 2094 dicto
440 2041 742 2096 Nestorium
766 2058 871 2097 non
894 2039 1099 2097 tantum
1121 2044 1380 2098 offensum
1406 2044 1587 2108 fuisse,
1616 2044 1707 2098 sed
1739 2046 1838 2097 im-

263 2110 574 2191 patientiam
594 2126 809 2180 quoque
831 2128 898 2167 ex
921 2114 1201 2191 temporali
1229 2114 1475 2191 oratione
1503 2114 1833 2191 prodidisse;

266 2183 431 2233 immo
450 2189 659 2250 postea,
683 2197 801 2236 cum
822 2183 1085 2237 resedisse
1104 2183 1376 2238 debuisset
1397 2183 1492 2247 ira,
1518 2197 1765 2237 sermone
1782 2185 1831 2248 6,

264 2249 525 2323 expositis
554 2249 704 2305 Pauli
732 2254 909 2307 verbis
935 2271 947 2305 :
978 2252 1312 2323 Considerate
1332 2253 1619 2323 apostolum
1639 2262 1687 2323 et
1708 2270 1840 2323 pon-

266 2321 454 2389 tiﬁcem
486 2323 831 2392 confessionis
859 2331 1052 2378 nostra!
1076 2322 1273 2389 Iesum,
1306 2321 1540 2391 graviter
1568 2323 1621 2376 in
1662 2321 1838 2378 Procli

266 2391 584 2462 sententiam
610 2392 875 2447 invectum
900 2408 1036 2456 esse,
1068 2393 1289 2462 perinde
1319 2408 1382 2446 ac
1409 2393 1452 2445 si
1482 2408 1670 2446 omnes
1698 2408 1838 2461 pon-

267 2457 425 2515 tiﬁcis
467 2462 822 2529 proprietates
864 2463 931 2515 ab
960 2457 1218 2530 Apostolo
1258 2471 1368 2514 tam
1404 2462 1686 2529 diligenter
1700 2457 1840 2515 'con-

270 2530 479 2596 quisitae
504 2544 567 2583 ac
594 2532 850 2598 expositae
878 2531 1219 2584 Divinitatem
1249 2530 1430 2593 Verbi,
1463 2531 1625 2584 etiam
1662 2531 1839 2585 incar-

268 2600 403 2664 uati,
426 2614 531 2652 non
560 2599 828 2653 decerent.

342 2666 600 2741 Sermone
626 2669 806 2741 igitur
845 2669 938 2741 6‘:
980 2670 1211 2741 Apostoli
1256 2687 1473 2741 nomen,
1526 2670 1733 2741 inquit,
1784 2673 1840 2725 in

280 2736 485 2791 Christo
532 2738 813 2803 audientes,
862 2736 1034 2792 Deum'
1084 2740 1301 2793 Verbum
1356 2740 1491 2793 male
1545 2736 1840 2803 intelligunt

272 2807 557 2879 (mustelam
596 2825 743 2871 esse;
784 2810 1002 2878 legentes
1040 2811 1163 2863 item
1203 2811 1461 2879 pontificis
1519 2807 1839 2875 vocabulum,

323 2893 436 2929 eum
470 2894 579 2931 esse
621 2879 977 2947 imaginantur
1014 2880 1303 2947 pontiﬁcem
1328 2919 1343 2942 ,
1384 2881 1516 2932 mira
1558 2880 1840 2935 dementia!

273 2943 400 3017 Quis
427 2949 561 2999 enim
587 2943 805 3016 apostoli
841 2943 1058 3017 officium
1081 2943 1314 3011 audiens,
1338 2965 1442 3001 non
1469 2952 1643 3001 statim
1674 2950 1843 3003 rideat

274 3014 527 3068 hominem
555 3014 932 3070 deinonstrari?
970 3015 1097 3080 Quis
1126 3020 1309 3070 summi
1338 3018 1620 3071 sacerdotis
1655 3036 1839 3072 nomen

269 3084 502 3207 audieps,
527 3084 837 3139 Diuinitatis‘
851 3096 1089 3140 naturam
1110 3088 1180 3140 ad
1198 3087 1477 3141 sacerdotis
1498 3090 1839 3143 ministerium

271 3164 406 3207 vocet

271 3164 406 3207 vocet

342 3222 476 3296 Tum
528 3227 855 3280 enumeratis
907 3227 1190 3296 plusquam
1247 3228 1650 3296 quatuordecim
1698 3230 1842 3283 notis

275 3293 542 3367 pontiﬁcis
583 3296 721 3350 illius
743 3337 757 3361 ,
803 3297 869 3351 de
896 3293 1003 3365 quo
1033 3293 1225 3351 Paulus
1253 3293 1514 3365 loquitur,
1556 3306 1842 3367 postquam

270 3364 504 3431 singulas
531 3374 930 3434 argumentatus
958 3374 1057 3431 est,
1088 3364 1386 3421 orationem
1412 3364 1667 3434 colligens
1693 3364 1710 3421 Ξ
1738 3368 1841 3422 Hic

272 3434 380 3497 ille,
404 3435 593 3503 inquit,
624 3453 737 3508 cum
760 3436 923 3501 Mose,
954 3437 1125 3508 quoad
1153 3438 1367 3490 ducendi
1389 3440 1638 3491 exercitus
1670 3448 1842 3508 typum

271 3515 615 3577 comparatus,
644 3505 731 3577 ille
754 3523 923 3559 semen
951 3506 1171 3560 Abrahae
1192 3519 1418 3569 vocatus,
1448 3509 1533 3559 ille
1559 3526 1649 3577 per
1668 3505 1844 3561 omnia

270 3574 453 3647 similis
484 3575 749 3644 fratribus,
780 3576 867 3629 ille
906 3585 1131 3645 temlwre
1159 3579 1324 3647 factus
1353 3574 1613 3647 pontifea‘,
1639 3579 1725 3631 ille
1752 3595 1844 3646 per

272 3644 535 3712 passiones
563 3655 961 3709 consummatus,
994 3646 1079 3698 ille
1102 3644 1187 3716 qui
1214 3648 1267 3699 in
1296 3644 1393 3716 quo
1415 3644 1595 3715 passus
1618 3657 1710 3711 est,
1732 3644 1842 3716 ipse

274 3721 517 3784 tentatus,
551 3724 715 3784 potest
745 3716 950 3769 tentatis
981 3717 1246 3777 auxiliari,
1284 3717 1372 3768 ille
1400 3716 1675 3769 secimdum
1700 3717 1842 3770 ordi-

270 3798 386 3836 nem
422 3781 796 3855 Melchisedech
840 3786 1073 3855 pontifex
1101 3786 1406 3855 appellatus.
1438 3784 1545 3855 Cur
1579 3788 1733 3855 igitur
1762 3788 1843 3839 di-

270 3869 417 3905 versa
441 3856 599 3907 sentis
631 3870 663 3905 a
686 3852 885 3907 Paule?
905 3852 1006 3907 Cur
1028 3852 1397 3923 impassibilem
1423 3852 1841 3909 Deum’Verbum

270 3938 480 3995 corpore
508 3925 1082 3995 terrenorcommiscens,
1114 3925 1407 3995 passibilem
1436 3927 1724 3993 pontiﬁcem
1761 3928 1843 3995 fa-

270 3990 380 4064 cis?
408 3990 535 4046 Cum
563 3994 629 4046 sit
655 3994 813 4063 igitur
842 3994 987 4047 nobis
1024 3990 1266 4047 hic'solus
1294 3990 1546 4064 pontifex,
1572 3990 1621 4046 et
1650 3990 1842 4047 condo-

270 4062 377 4133 lens
409 4072 457 4115 et
485 4062 749 4133 cognatus,
780 4073 829 4115 et
851 4064 1060 4133 ﬁrmus,
1089 4064 1153 4115 de
1178 4062 1299 4133 ejus
1315 4064 1419 4131 ﬁde
1443 4062 1723 4133 numquam
1752 4065 1844 4118 tle-

270 4131 564 4201 pellamini;
595 4134 704 4201 ipse
738 4134 876 4186 enim
911 4131 1048 4186 vobis
1076 4150 1139 4185 ea:
1175 4131 1429 4202 promissa
1474 4131 1840 4198 benedictione,

270 4217 336 4254 ea:
355 4204 546 4256 semine
571 4202 794 4257 Abrahae
819 4204 1004 4274 missus
1031 4211 1107 4256 est
1126 4241 1140 4266 ,
1163 4212 1339 4274 utpote
1359 4220 1451 4274 pro
1472 4219 1525 4256 se
1558 4211 1723 4274 etpro
1749 4219 1843 4256 suo

306 4286 454 4411 ei;le
483 4274 713 4342 corporis
753 4273 1066 4342 sacriﬁcium
1107 4273 1325 4341 offerens
1360 4272 1560 4343 (Serm.
1604 4272 1655 4335 6,
1696 4289 1836 4325 num.

308 4381 373 4411 ,ἡ
448 4380 461 4394 .

308 4381 323 4406 ν
359 4380 461 4406 -νμ

259 4448 265 4455 -
343 4410 445 4467 Tot
491 4412 811 4467 testimoniis
852 4420 1065 4480 tamque
1110 4412 1406 4467 manifestis
1451 4426 1559 4465 non
1608 4410 1837 4477 cedunt,

269 4481 462 4606 ﬂuibus
482 4482 682 4551 placuit
709 4482 1011 4536 Nestoridm
1034 4482 1289 4537 adversus
1310 4481 1563 4536 Ecclesim
1584 4482 1842 4549 judicium

307 4550 588 4606 efendere:
638 4552 731 4606 sed
759 4560 1021 4606 conantur
1050 4553 1276 4606 primum
1318 4552 1586 4605 inﬁrmare
1615 4552 1721 4605 vim
1751 4566 1839 4605 ar-

307 4550 588 4616 efendere;
638 4552 731 4607 sed
759 4560 1021 4607 conantur
1050 4553 1276 4621 primum
1318 4552 1586 4605 inﬁrmare
1615 4552 1721 4605 vim
1751 4566 1839 4605 ar-

269 4611 645 4687 gumentorum
684 4637 802 4691 quae
832 4622 991 4676 modo
1027 4611 1263 4675 adhibita
1303 4630 1446 4675 sunt.
1477 4621 1613 4675 Tum
1642 4622 1840 4689 produ-
1867 4611 1920 4671 D

270 4702 399 4763 cunt
428 4700 588 4746 testes
611 4730 627 4756 ,
657 4706 884 4763 quorum
912 4692 1242 4763 auctoritate
1270 4693 1499 4761 probent
1522 4691 1840 4763 Nestorium

270 4761 447 4830 reipsa
492 4777 591 4830 pro
618 4762 844 4815 veritate
873 4762 1086 4815 stetisse
1110 4802 1125 4825 ,
1166 4761 1390 4829 solaque
1426 4761 1589 4815 verbo
1630 4762 1840 4830 lapsum

269 4846 408 4885 esse.
460 4830 699 4900 Denique
743 4830 992 4885 videntur
1039 4831 1139 4885 sibi
1165 4899 1170 4900 ί
1198 4845 1354 4898 posse
1398 4830 1608 4899 aperire
1661 4831 1841 4899 lapsus

269 4915 488 4955 causam
510 4942 525 4965 ,
574 4899 859 4955 accensum
889 4916 1079 4970 nempe
1109 4899 1229 4953 ﬁdei
1257 4900 1488 4954 studium
1507 4940 1533 4970 ,ν
1552 4909 1607 4953 et
1637 4900 1842 4953 inflam-

269 4979 474 5025 matum
514 4971 761 5025 ardorem
805 4971 857 5025 in
887 4969 1294 5039 Apollinaristas
1322 4978 1483 5039 atque
1510 4969 1754 5033 Arianos,
1787 4970 1842 5024 in

269 5054 408 5108 quos
436 5055 553 5095 cum
583 5041 769 5103 nimio,
801 5048 859 5094 ut
886 5048 1002 5095 erat
1029 5040 1217 5096 solitus
1246 5041 1299 5094 in
1326 5056 1513 5095 omnes
1540 5040 1837 5102 haereticos,

271 5109 524 5178 abreptus
551 5118 692 5165 esset
717 5117 875 5175 aestu,
919 5125 1090 5179 neque
1123 5110 1338 5165 modum
1369 5110 1621 5179 loquendi
1652 5117 1843 5163 tenue-

270 5180 374 5249 rit,
408 5194 582 5249 neque
609 5195 770 5234 voces
798 5187 1002 5234 temere
1031 5180 1269 5249 prolatas
1292 5219 1307 5243 ,
1356 5195 1467 5249 prae
1512 5179 1843 5249 impatientia

270 5247 580 5315 dedecoris,
605 5250 875 5317 corrigere
910 5247 1154 5305 voluerit.
1189 5249 1312 5303 Tria
1339 5247 1454 5304 htec
1479 5247 1747 5317 sigillatim
1775 5248 1843 5302 ad

271 5334 497 5373 examen
528 5319 785 5374 vocanda.

270 5429 404 5493 ειν.
438 5430 561 5490 Quid
604 5430 892 5481 defensores
931 5430 1147 5481 Nestorii
1189 5431 1486 5493 argumentis
1523 5431 1548 5493 ς
1589 5430 1846 5492 superiore

305 5493 524 5542 adductis
539 5493 881 5556 respondeant,
898 5500 950 5543 et
967 5492 1231 5555 cuiusmodi
1252 5492 1350 5541 Sint
1373 5492 1538 5541 eorum
1563 5505 1812 5555 responsa.

344 5594 453 5651 Eos
485 5604 689 5652 tantum
718 5597 1067 5652 convenimus
1095 5596 1187 5664 qui
1236 5592 1391 5648 ﬁdem
1429 5595 1640 5665 concilii
1668 5594 1845 5665 Ephe-

274 5666 375 5723 sini
406 5668 638 5723 retinere
665 5683 723 5722 se
747 5665 1084 5737 proﬁtentur,
1117 5680 1221 5737 non
1245 5665 1369 5737 item
1396 5674 1488 5718 aut
1508 5664 1841 5737 Socinianos,

277 5744 371 5791 aut
401 5737 535 5792 alios
563 5733 824 5805 ejusmodi
866 5743 1081 5805 apertos
1110 5733 1452 5805 antichristos
1476 5772 1490 5797 ,
1531 5735 1585 5805 id
1612 5743 1725 5799 est,
1755 5736 1847 5804 qui

275 5806 540 5864 divinitati
559 5804 757 5863 Christi
777 5804 972 5862 bellum
1002 5812 1186 5874 aperte
1218 5804 1539 5865 indixerunt,
1567 5804 1709 5859 Inter
1728 5806 1848 5860 illos

1943 573 2261 643 tellexerunt
2290 573 2443 628 facile
2478 590 2597 627 eam
2626 590 2682 629 se
2711 574 2846 627 tueri
2874 588 2981 626 non
3010 588 3189 642 posse,
3220 575 3321 628 nisi
3353 590 3515 643 quem

1941 642 2154 700 hteresis
2194 646 2473 700 absolvere
2518 646 2794 709 nituntur,
2834 659 2943 697 non
2990 643 3151 698 modo
3197 642 3513 712 ignorantia:
3596 688 3603 705 ,

1940 722 2207 777 accusent,
2241 716 2335 770 sed
2364 716 2525 770 etiam
2545 714 2923 770 inconstantiae
2948 713 3327 784 cond_emnent,
3358 717 3512 784 quasi

1939 786 2255 853 pugnaverit
2293 786 2548 841 adversus
2591 801 2684 840 eos
2729 800 2863 853 quos
2909 798 3031 839 cum
3072 782 3318 838 Patribus
3364 782 3514 853 loqui

1939 855 2200 925 nesciret,
2235 865 2288 910 et
2318 858 2369 910 in
2405 856 2719 925 explicanda
2749 854 2943 908 mentis
2970 868 3079 908 sua:
3117 855 3380 925 sententia
3407 856 3511 909 alia

1938 924 2056 994 aliis
2084 928 2410 994 temporibus
2432 924 2593 981 verba
2623 925 2942 991 adhibuerit,
2970 938 3090 993 qua:
3118 924 3379 993 ancipites
3407 925 3509 979 ha—

1936 992 2127 1066 berent
2152 992 2207 1049 et
2233 998 2515 1066 perplexos
2546 1013 2749 1051 sensus.

2009 1065 2346 1132 Distinguunt
2392 1067 2552 1134 igitur
2595 1068 2727 1121 duas
2775 1067 2827 1119 in
2858 1065 3239 1120 incarnationis
3262 1065 3509 1120 doctrina

1938 1136 2088 1205 quasi
2118 1143 2315 1205 partes,
2350 1136 2505 1190 ﬁdem
2549 1145 2602 1191 et
2631 1136 3054 1203 intelligentiam.
3093 1135 3222 1190 Fide
3249 1135 3507 1201 creditur,

1938 1204 2221 1272 inquiunt,
2272 1206 2415 1275 quod
2456 1205 2697 1262 Christus
2734 1206 2803 1260 sit
2848 1206 2987 1259 Deus
3016 1205 3177 1259 homo
3201 1244 3216 1268 ,
3258 1206 3511 1275 quodque

1936 1283 2140 1345 natura;
2167 1275 2285 1329 dua:
2322 1278 2374 1329 in
2406 1290 2634 1345 persona
2663 1292 2767 1331 una
2791 1317 2805 1341 ,
2846 1275 3027 1329 divino
3066 1275 3300 1343 quodam
3346 1284 3510 1344 atque

1944 1344 2199 1415 incﬁ‘abili
2228 1346 2409 1410 modo,
2431 1345 2629 1412 junctae
2656 1348 2779 1411 sint,
2808 1354 2912 1400 etc.
2944 1345 3295 1412 lntelligentia
3331 1346 3509 1415 perci—

1936 1414 2155 1483 piuntur
2182 1416 2459 1470 subtiliora
2486 1416 2727 1483 quaedam
2751 1415 3078 1469 (ousectaria
3112 1415 3250 1479 ﬁdei,
3276 1414 3506 1485 erempli

1936 1485 2106 1551 gratia
2130 1527 2145 1550 ,
2192 1501 2309 1554 quae
2337 1492 2391 1539 et
2419 1492 2619 1553 quanta
2659 1502 2724 1539 ex
2753 1485 2965 1539 unionis
3000 1485 3160 1539 modo
3191 1485 3507 1539 idiomatum

1936 1553 2348 1610 communiCatio
2370 1563 2649 1619 nascatur;
2672 1570 2775 1623 qua
2803 1556 3011 1608 ratione
3038 1570 3156 1623 qum
3177 1553 3271 1607 Dei
3295 1564 3418 1609 sunt
3442 1556 3510 1611 ad

1936 1623 2227 1690 hominem,
2256 1640 2375 1693 qum
2403 1624 2633 1679 hominis
2656 1624 2723 1677 ad
2743 1624 2911 1677 Deum
2933 1625 3244 1693 pervadant,
3277 1632 3379 1679 etc.

2007 1694 2308 1749 Nestorium
2336 1694 2537 1756 dicunt,
2563 1703 2622 1748 ut
2649 1702 2764 1748 erat
2792 1694 3029 1763 probatae
3059 1694 3124 1747 ad
3155 1694 3510 1749 instituendos

1934 1761 2118 1818 ﬁdeles
2146 1765 2422 1829 doctrinae,
2455 1761 3007 1833 perspexisse—procul
3040 1762 3221 1826 dubio,
3251 1772 3509 1831 quantum

1936 1834 2067 1888 satis
2094 1835 2161 1905 ad
2198 1835 2503 1905 obeundum
2551 1834 2817 1898 oflicium,
2867 1848 2985 1901 qua:
3032 1838 3222 1905 impio);
3264 1843 3319 1905 et
3357 1836 3509 1901 quasi

1940 1904 2199 1966 οὐσιωδῶς
2242 1905 2309 1974 ad
2355 1902 2513 1958 ﬁdem
2545 1905 2851 1974 pertinent,
2886 1910 2952 1974 ut
2997 1901 3138 1974 quod
3166 1901 3405 1974 Christus
3442 1906 3513 1958 sit

1941 1990 2080 2028 unus
2120 1974 2213 2028 Dei
2255 1972 2437 2038 Filius,
2472 1971 2713 2043 unusque
2753 1972 2991 2028 omnium
3039 1971 3326 2043 Dominus;
3368 1975 3511 2041 quod

1942 2060 2050 2113 non
2090 2044 2436 2113 dividaturin
2472 2043 2604 2098 duas
2630 2042 2905 2113 personas,
2941 2042 3307 2113 necsolussit
3334 2057 3430 2111 per
3453 2060 3514 2098 se

1940 2112 2124 2183 homo,
2148 2121 2251 2167 etc.
2271 2110 2403 2183 Sed,
2436 2129 2554 2183 qua:
2574 2110 2817 2167 humana:
2833 2112 3021 2183 mentis
3045 2110 3398 2183 imbecillitas,
3422 2129 3515 2166 ca-

1943 2182 2138 2251 ligasse
2168 2184 2220 2237 in
2259 2180 2381 2237 ﬁdei
2420 2180 2795 2247 consectariis,
2829 2182 3057 2250 ideoque
3101 2182 3439 2236 abhorruisse
3482 2199 3513 2235 a

1944 2252 2214 2307 nonnullis
2253 2252 2473 2307 vocibus
2520 2254 2573 2307 in
2621 2253 2858 2308 Ecclesia
2904 2252 3173 2321 receptis,
3217 2252 3513 2319 cujusmodi

1943 2331 2091 2393 sunt,
2110 2322 2247 2376 Deus
2264 2332 2439 2393 natus,
2462 2340 2663 2393 passus,
2687 2324 2936 2393 pontifex,
2962 2321 3386 2393 DeiparaiVirgo,
3407 2331 3511 2375 etc.

2016 2391 2229 2445 Addunt
2258 2392 2311 2445 id
2341 2392 2441 2461 ipsi
2462 2390 2757 2459 contigisse
2776 2390 2920 2460 quod
2946 2390 3082 2445 solet
3109 2390 3237 2461 viris
3258 2390 3516 2457 dignitate

1944 2461 2339 2529 praestantibus,
2362 2459 2473 2528 'qui
2496 2476 2619 2515 cum
2660 2459 2954 2529 arguuntur
2982 2459 3199 2523 erroris,
3235 2469 3326 2513 aut
3354 2462 3516 2514 etiam

1945 2537 2249 2593 monentur,
2280 2545 2518 2584 errorem
2538 2531 2743 2584 malunt
2764 2529 3048 2584 defendere
3068 2544 3227 2597 quam
3250 2530 3425 2593 fateri,
3448 2546 3516 2585 ne

1945 2598 2280 2654 confessione
2309 2600 2651 2668 dignitatern,
2682 2608 2773 2654 aut
2808 2600 3077 2668 abjiciant,
3110 2608 3202 2653 aut
3239 2607 3385 2653 certe
3412 2601 3515 2653 mi-

1945 2678 2130 2723 nuant.
2162 2668 2218 2722 In
2252 2685 2317 2723 eo
2347 2670 2507 2737 igitur
2531 2671 2679 2723 aiunt
2701 2670 3003 2724 Nestorium
3030 2670 3376 2738 pertinaciter
3400 2686 3515 2739 per-

1944 2740 2177 2804 stitisse,
2231 2740 2284 2793 in
2325 2740 2469 2807 quod
2506 2740 2895 2795 inconsiderate
2943 2740 3231 2804 inciderat;
3281 2739 3513 2807 ideoque

1944 2810 2285 2863 anathemate
2313 2824 2643 2877 percussum,
2675 2810 2759 2864 vel
2796 2824 2893 2878 per
2918 2808 3185 2877 injuriam,
3209 2810 3361 2878 quod
3386 2808 3513 2862 Cal-

1944 2879 2145 2931 viniani
2189 2879 2405 2948 quidam
2447 2878 2725 2944 eﬁ'utiunt;
2760 2877 2844 2933 vel
2883 2887 3102 2948 propter
3141 2877 3310 2931 solam
3351 2880 3515 2934 animi

1945 2948 2380 3071 obstanptionem,
2402 2949 2547 3017 quod
2569 2948 2929 3018 imprudenter
2952 2948 3229 3003 catholicis
3246 2950 3515 3004 nonnullis

1945 3032 2061 3071 8X01
2103 3036 2117 3071 ι
2148 3058 2160 3070 .

1945 3019 2160 3072 excidit.

2016 3088 2185 3159 Hujus
2212 3088 2538 3146 defensionis
2574 3088 2691 3143 duae
2720 3096 2843 3143 sunt
2870 3096 3068 3158 partes.
3100 3087 3277 3143 Prima
3302 3090 3516 3159 prOprie

1945 3156 2185 3212 defensio
2205 3166 2305 3219 est,
2330 3159 2499 3212 altera
2528 3159 2707 3228 potius
2732 3156 3024 3213 excusatio.
3049 3159 3198 3213 lllam
3226 3156 3516 3214 conﬁciunt

1945 3229 2140 3296 partim
2181 3228 2500 3298 testimonio,
2515 3238 2794 3293 veterum,
2843 3230 3039 3298 partim
3077 3230 3313 3295 ratione;
3359 3230 3515 3283 istam

1946 3298 2046 3377 sibi
2072 3297 2216 3377 credi
2238 3297 2445 3377 volunt.
2478 3297 2630 3352 Prior
2648 3297 2964 3352 discutietur
2983 3307 3241 3366 sequente
3265 3299 3314 3370 §,
3337 3308 3517 3368 poste-

1945 3368 2058 3421 rior
2086 3368 2139 3420 in
2160 3369 2426 3436 praesenti.

2016 3437 2181 3491 Aiunt
2202 3438 2360 3505 igitur
2387 3438 2687 3492 Nestorium
2713 3453 2963 3507 peccasse
2984 3438 3201 3507 quidem
3230 3448 3417 3493 contra
3448 3439 3517 3493 le-

1946 3521 2039 3575 ges
2067 3507 2393 3571 ἀντιδόσεως
2417 3508 2510 3561 sed
2546 3507 2597 3560 id
2630 3508 2846 3560 minimc
2881 3508 3095 3562 obstare
3122 3511 3408 3575 quominus
3431 3524 3517 3563 re-

1946 3586 2089 3631 ctam
2124 3578 2449 3644 aeteroquin
2476 3577 2633 3631 ﬁdem
2672 3584 2881 3631 teneret
2914 3594 2925 3627 :
2960 3578 3099 3630 idem
3140 3578 3282 3631 enim
3322 3578 3517 3633 accidit

1944 3648 2260 3714 quibusdam
2288 3644 2571 3710 Patribus,
2620 3660 2757 3713 quos
2784 3656 2962 3700 tamen
3008 3645 3246 3701 Ecclesia
3290 3649 3416 3702 colit
3457 3658 3516 3702 ut

1945 3716 2066 3770 ﬁdei
2095 3717 2397 3784 magistros,
2421 3724 2475 3770 et
2496 3716 2599 3769 illis
2627 3718 2919 3784 praesertim
2949 3718 3039 3784 qui
3070 3717 3123 3768 in
3153 3719 3391 3772 terminis
3419 3718 3515 3771 ab—

1944 3786 2157 3841 stractis
2195 3786 2622 3840 communionem
2663 3787 2974 3839 idiomatum
3014 3786 3339 3840 admiserunt
3361 3827 3375 3850 ,
3407 3802 3516 3854 quo

1944 3857 2078 3909 nihil
2107 3864 2191 3910 est
2219 3855 2607 3909 intolerabilius
2636 3855 2688 3906 in
2727 3855 2825 3908 hac
2862 3854 3178 3923 qutestione,
3208 3871 3329 3909 cum
3354 3870 3515 3923 aper-

1947 3934 2058 3978 tam
2094 3925 2288 3978 indicet
2333 3932 2642 3976 naturarum
2683 3922 3069 3977 confusionem.
3113 3922 3247 3976 Cum
3282 3922 3409 3991 ergo
3439 3925 3515 3977 illi

1944 3995 2089 4047 salva
2133 3993 2235 4046 ﬁde
2276 4007 2501 4062 peccare
2530 3993 2803 4062 potuerint
2844 4008 2941 4062 per
2977 4007 3252 4046 excessum
3276 4032 3291 4057 ,
3332 3993 3515 4062 quidni

1944 4064 2145 4131 pariter
2163 4060 2307 4117 salva
2338 4061 2440 4115 ﬁde
2460 4076 2556 4131 per
2573 4060 2839 4116 defectum
2857 4060 3135 4116 Nestorius
3162 4060 3371 4117 dicatur
3390 4078 3516 4133 pec-

1945 4148 2095 4187 casse
2111 4134 2133 4185 ?

2016 4202 2212 4257 Verum
2241 4216 2304 4256 ea
2332 4200 2445 4270 ipsa
2471 4201 2741 4256 distinctio
2769 4216 2888 4269 quae
2922 4202 3203 4257 adhibetur
3222 4217 3251 4256 a
3273 4203 3517 4272 patronis

1944 4272 2195 4335 Nestorii,
2221 4272 2452 4326 ostendit
2475 4286 2572 4339 per
2591 4287 2649 4325 se
2668 4272 2796 4326 satis
2815 4272 3085 4340 quomodo
3109 4289 3215 4328 non
3235 4274 3305 4328 sit
3329 4272 3517 4329 eadem

1945 4340 2162 4396 Patrum
2191 4356 2309 4409 qua:
2339 4340 2567 4395 Nestorii
2590 4357 2770 4395 causa.

2015 4412 2167 4482 Nam,
2191 4412 2383 4480 primo,
2413 4409 2629 4464 Patrum
2651 4411 2888 4481 opinioni
2910 4428 3019 4466 non
3045 4421 3163 4467 erat
3180 4428 3515 4482 consequens

1945 4490 2003 4535 ut
2030 4481 2305 4554 tolleretur
2325 4488 2636 4534 naturarum
2656 4482 2785 4535 unio
2807 4482 2911 4554 δᾳθ¹
2931 4486 3231 4550 ὑπόστασιν,
3247 4484 3340 4554 qui
3353 4481 3515 4539 cardo

1946 4551 2255 4621 qumstionis
2273 4565 2653 4621 ;_consequcns
2672 4560 2788 4621 erat
2816 4551 3163 4607 Nestorianae.

2015 4620 2253 4691 Deinde,
2286 4619 2501 4691 Patrum
2540 4621 2679 4675 dicta
2726 4620 2879 4677 facile
2924 4632 3144 4691 possunt
3180 4624 3247 4676 ad
3294 4622 3514 4676 modum

1943 4690 2195 4759 loquendi
2224 4689 2449 4757 benigna
2490 4689 2936 4759 interpretatione
2971 4693 3240 4754 revocari,
3273 4692 3516 4745 detracto

1945 4762 2152 4816 scilicet
2182 4760 2325 4828 quod
2348 4759 2582 4814 abundat
2614 4778 2626 4812 :
2656 4776 2764 4814 non
2794 4769 3042 4829 poterant
3070 4761 3263 4829 idpati
3284 4759 3517 4829 Nestorii

1944 4846 2125 4894 voces,
2156 4830 2417 4898 siquidem
2454 4845 2520 4885 eo
2550 4830 2730 4883 addito
2758 4827 2902 4897 quod
2929 4830 3085 4893 desit,
3121 4827 3232 4897 jam
3260 4845 3324 4884 ea
3360 4827 3518 4884 fateri

1946 4908 2194 4970 oporteat
2236 4914 2355 4967 quze
2398 4899 2675 4954 Nestorius
2721 4899 2860 4952 ferre
2896 4914 2954 4953 se
2983 4914 3089 4953 non
3123 4900 3300 4953 valere
3338 4899 3519 4969 palam

1945 4970 2216 5041 professus
2237 4977 2368 5041 erat.

2020 5038 2234 5103 Postea,
2278 5038 2331 5092 id
2370 5037 2634 5091 addebant
2676 5036 2884 5102 Patres,
2929 5054 3037 5107 quo
3069 5054 3261 5093 vocum
3302 5038 3513 5093 licentia

1948 5118 2308 5172 coerceretur,
2340 5108 2621 5161 anathema
2645 5108 2848 5163 scilicet
2882 5109 3164 5170 hzereticis,
3201 5109 3517 5176 quibuscum

1949 5180 2150 5234 sentire
2188 5177 2371 5247 videri
2398 5184 2639 5244 possent,
2680 5187 2734 5231 et
2772 5179 2826 5231 in
2872 5194 2935 5231 ea
2972 5180 3187 5247 quidem
3234 5187 3383 5247 parte
3411 5192 3519 5245 qua

1948 5249 2167 5303 haeresis
2194 5245 2452 5307 οὐσιωδῶς
2480 5247 2859 5301 contineretur.
2892 5245 3091 5303 Contra
3120 5245 3395 5303 Nestorius
3418 5248 3517 5302 ad-

1946 5318 2204 5387 iungebat
2250 5316 2378 5387 nihil
2419 5330 2526 5383 quo
2553 5318 2748 5371 erroris
2776 5319 3005 5387 suspicio
3045 5319 3391 5383 minueretur,
3424 5318 3518 5373 sed

1951 5384 2069 5456 quo'
2087 5387 2265 5457 potius
2294 5384 2613 5457 ﬁrmaretur,
2646 5394 2806 5457 atque
2843 5384 3004 5441 etiam
3047 5403 3186 5456 δωρεᾶ
3211 5396 3514 5455 augeretur.

1956 5455 2141 5525 Neque
2175 5455 2315 5509 enim
2356 5455 2639 5521 haereticis,
2669 5455 2983 5525 quibuscum
3026 5455 3223 5511 sentire
3262 5458 3520 5511 credeba-

1954 5536 2058 5592 tur,
2083 5526 2295 5579 dicebat
2322 5526 2605 5596 anathema
2628 5528 2682 5579 in
2710 5542 2773 5580 ea
2801 5536 2953 5596 parte
2972 5541 3077 5594 qua
3106 5542 3240 5595 opus
3263 5534 3398 5591 erat,
3424 5527 3519 5580 sed

1953 5597 2006 5650 in
2036 5596 2137 5649 alia
2166 5609 2285 5663 quae
2323 5610 2431 5648 non
2458 5595 2706 5650 veniebat
2735 5595 3187 5664 inquiestionem.
3220 5596 3363 5650 Istud
3392 5611 3519 5650 vero

1952 5666 2078 5736 quid
2103 5673 2219 5719 erat
2248 5664 2573 5736 aliud_quam
2594 5667 2999 5721 consensionem
3022 5668 3195 5735 reipsa
3212 5666 3413 5736 fateri?

2025 5727 2565 5818 QuidoquodHPatr'es
2604 5746 2842 5818 apertam
2870 5736 3004 5818 aliis
3029 5736 3083 5818 in
3102 5727 3251 5792 'locis
3289 5752 3386 5806 pro
3417 5735 3519 5818 ﬁde

1954 5807 2277 5861 sententiam
2317 5808 2589 5873 dixerant;
2632 5805 2794 5861 immo
2833 5806 2924 5861 ubi
2964 5807 3120 5862 venia
3165 5805 3324 5875 egere
3368 5805 3517 5862 credi
