4022 6280
483 304 614 361 1111

1209 295 1298 352 ΑΙ)
1336 290 1612 349 PARTEM
1653 289 2021 347 SECUNDAM
2061 292 2127 345 Μ.
2170 286 2606 347 bll'lltCA'l‘ORIS
2647 286 3012 346 APPENDIX.

3603 293 3740 349 1119.

481 414 710 478 inhaesit,
760 411 902 482 quod
948 403 1266 482 etCyrillus
1312 411 1494 482 aperte
1523 403 1744 482 prohat,
1776 409 2060 482 utrumque
2084 400 2133 462 Α
2164 400 2258 482 sed
2307 398 2400 453 Dei
2442 400 2740 482 templum;
2781 409 2837 453 ut
2879 398 3038 468 Virgo
3077 414 3184 452 non
3223 400 3290 453 sit
3338 400 3608 468 Θιοτόκοσ,
3650 405 3744 458 sed

478 501 601 542 cum
616 472 863 538 Nestorio
877 472 1107 535 sensisse
1121 472 1357 530 tradens.
1369 475 1437 528 At
1457 472 1753 536 Facundos,
1776 477 2060 542 postquam

481 555 773 611 Diodorum
788 548 1083 611 Athanasii,
1108 545 1358 611 Petrique
1387 542 1750 607 Alexandrini,
1773 542 2058 604 Timothei,

430 675 438 692 κ
479 625 681 688 Basilii,
713 618 1112 692 Chrysostomi,
1143 611 1534 692 Epiphaniique
1561 611 1869 692 testimonio
1899 618 2059 692 recta:

481 695 607 751 ﬁdei
634 681 796 748 fuisse
823 681 1106 760 probavit,
1129 681 1494 760 defensionem
1531 682 1802 760 cencludit
1835 681 1977 736 hunc
2005 682 2060 735 in

428 755 436 764 ’
477 765 697 819 modum
727 754 879 824 (Lib.
903 777 974 824 1v,
1006 776 1051 812 c.
1079 756 1146 824 ‘2)
1175 774 1187 809 :
1218 754 1343 820 Quis
1365 764 1534 808 autem
1563 755 1698 824 {erat
1724 761 2064 824 eccusatuma

478 834 693 888 Juliano
721 822 1028 893 Diodorum,
1057 822 1194 900 quod
1221 822 1593 900 Deumnatum
1629 822 1693 876 de
1726 822 1938 900 Virgine
1981 824 2064 893 fa-

480 914 690 966 teretur,
713 902 946 956 accusari
973 893 1128 953 etiam
1148 914 1180 950 a
1209 895 1542 966 Christianis,
1566 903 1832 966 tamquam
1853 893 1948 966 hoc
1967 909 2062 945 ne-

480 963 710 1045 gaverit?
737 973 830 1045 Vel
850 973 961 1042 quis
990 968 1202 1045 {adiens
1222 965 1491 1045 Iulianum
1508 963 1735 1045 Diodoro
1747 963 2065 1045 comminan-

483 1033 600 1107 tem,
631 1043 766 1110 quod
791 1033 967 1095 Jelsum
994 1037 1266 1110 Galilaeam
1287 1035 1451 1090 Deum
1471 1044 1718 1090 internum
1737 1033 2063 1110 pradicaret,

482 1103 630 1184 quem
644 1103 916 1166 'mortuum
943 1119 991 1164 et
1018 1107 1279 1186 sepultum
1304 1122 1506 1186 negare
1519 1121 1648 1186 non.
1657 1113 1877 1186 poterat,
1908 1109 1958 1156 et
1979 1103 2064 1156 di-

481 1174 677 1236 centem
704 1190 974 1252 prapterea
1010 1174 1156 1252 illum
1193 1174 1428 1252 puniri—0
1450 1177 1557 1252 suis
1597 1174 1696 1252 diis
1719 1189 1916 1228 summa
1937 1189 2066 1252 sup-

483 1253 657 1322 plicio,
681 1244 817 1324 q'uod
845 1244 1208 1324 miserabiliter
1237 1245 1486 1324 iAntbibens
1517 1245 1866 1324 tneologprum
1895 1244 2066 1313 pisca-

483 1313 651 1376 torum
685 1313 930 1385 errorem,
965 1319 1091 1372 talia
1118 1317 1451 1388 praedicaret;
1477 1333 1509 1369 a
1536 1313 1844 1388 Christianis
1872 1328 2067 1388 quoque

480 1391 676 1464 iudicet
699 1382 1068 1464 abdicandum,
1099 1382 1232 1464 uelut
1258 1387 1344 1458 qui
1372 1385 1548 1440 Jesum
1577 1382 2068 1464 Gulilteunt,'homi-

484 1454 599 1516 nem
630 1472 844 1526 tantum,
871 1478 975 1516 non
1002 1461 1156 1513 etiant
1186 1454 1350 1510 Deum
1375 1473 1483 1509 esse
1511 1454 1820 1526 crediderit?

557 1520 1013 1606 :I‘lieodoriautem
1027 1529 1308 1606 περικοπὰς
1321 1523 1813 1606 profertfacundus
1831 1520 1969 1594 (Lib.
1989 1537 2063 1586 ιιι,

484 1619 530 1656 c.
547 1602 582 1654 2
600 1604 636 1669 ),
669 1609 777 1655 tam
799 1601 1062 1671 exquisite
1082 1593 1382 1671 excerptas,
1405 1603 1466 1671 ut
1491 1595 1620 1671 nihil
1643 1593 1886 1671 videatur
1909 1607 2070 1671 posse

485 1663 1070 1740 signiﬁcantius-recta}
1107 1663 1460 1740 ﬁdei-afferri.
1492 1664 1648 1740 Libro
1691 1663 1890 1740 decimo
1920 1665 2068 1716 tertio

485 1735 559 1793 de
579 1741 952 1795 Incarnatione
980 1756 998 1792 :
1030 1738 1228 1791 Bonum
1255 1747 1333 1790 est
1364 1737 1418 1788 in
1439 1735 1532 1789 hoc
1560 1735 1672 1788 loco
1700 1735 1924 1787 maxime
1946 1749 2071 1786 con-

484 1811 687 1864 cludere
712 1810 836 1883 quid
868 1811 1101 1883 uirtutis
1128 1807 1349 1883 habeant
1375 1822 1436 1858 ea
1463 1821 1583 1883 qua:
1619 1804 1754 1883 dicta
1783 1812 1921 1867 sunt,
1967 1804 2072 1883 siue

486 1873 799 1945 conversdri,
829 1882 934 1934 sive
961 1879 1243 1948 baptizari,
1275 1878 1380 1931 sive
1403 1873 1659 1948 cruciﬁgi,
1690 1873 1796 1948 sive
1831 1883 1882 1926 et
1915 1875 2068 1939 mori,

484 1960 534 2004 et
560 1943 793 2021 sepeliri,
813 1961 864 2004 et
883 1943 1163 2021 resurgere.
1190 1945 1316 2021 Non
1344 1962 1471 2021 puro
1499 1943 1655 1999 alicui
1681 1943 1788 1997 lucc
1816 1951 2071 2021 ceaptan-

490 2030 564 2074 tes
589 2014 784 2074 homini
818 2014 1052 2074 dicimus:
1090 2016 1206 2072 Hoc
1233 2014 1371 2071 enim
1409 2016 1465 2068 in
1493 2030 1797 2086 unaquaque
1822 2014 2074 2086 dictorum

488 2091 919 2144 demonstratione
947 2089 1136 2143 addere
1155 2103 1256 2140 non
1274 2101 1552 2149 moramur,
1576 2083 1629 2138 ut
1650 2083 1846 2138 nullam
1873 2085 2072 2137 calum-

487 2160 748 2230 niantibus
777 2159 1112 2230 prcebeamus_
1139 2157 1274 2230 male
1313 2155 1550 2230 loquendi
1588 2155 1925 2230 occasionem.
1968 2153 2075 2230 Sed

487 2225 787 2302 inhabitato‘
800 2230 1001 2302 quidem
1022 2247 1054 2302 a
1073 2226 1184 2302 Deo
1217 2225 1397 2291 Verbo,
1421 2225 1485 2278 ab
1505 2227 1618 2296 ipsa
1639 2226 1695 2277 in
1715 2231 1864 2302 utero
1892 2225 2074 2276 matris

488 2293 831 2369 plasmationé
859 2316 877 2354 :
905 2299 1191 2353 inhabitato
1220 2313 1367 2369 vero,
1397 2311 1500 2348 non
1528 2293 1812 2369 secundum
1846 2309 2076 2369 commu-

626 2367 1402 2449 inhabitationem,n‘eguejuxta
1422 2380 1538 2449 eam
1565 2380 1678 2436 qua:
1705 2363 1961 2449 in'multis
1989 2365 2074 2416 in-

491 2439 738 2510 telligitur
759 2441 1004 2510 gratiam,
1030 2439 1121 2492 sed
1134 2433 1599 2510 juxtaquamdam
1619 2433 1967 2498 excellentem,
1995 2449 2078 2487 se-

488 2506 709 2563 cundum
736 2506 887 2593 quam
913 2511 1066 2593 etiam
1094 2506 1553 2593 adunaria'dicimus
1573 2513 1811 2576 utrasque
1837 2512 2071 2569 naturas,

489 2587 539 2631 et
563 2577 883 2651 unamjuxta
901 2580 1268 2651 adunationem
1277 2577 1510 2646 effectam
1528 2591 1637 2651 esse
1657 2590 1946 2651 personam.

561 2643 751 2721 Operae
776 2650 1004 2720 pretium
1029 2656 1111 2703 est
1124 2643 1604 2721 videre‘quomodo
1632 2643 2075 2721 sing_ulas_Theo-

490 2712 927 2844 dorijsente'ntias
958 2712 1365 2788 argumentetur
1383 2713 1666 2770 Facundus
1695 2714 1762 2770 ad
1791 2714 1957 2786 ipsius
1975 2712 2072 2768 de-

513 2806 807 2844 ensmnem.

513 2806 807 2846 ensronem.

550 2891 681 2955 §Vl.
718 2892 870 2952 Quam
897 2891 1083 2941 inﬁrma
1106 2890 1203 2938 sint
1225 2900 1337 2951 quas
1359 2899 1446 2952 pro
1469 2885 1702 2937 Nestorio
1725 2883 2010 2934 atteruntur.

565 2994 739 3064 Atque
782 2996 895 3050 haec
922 2999 1045 3049 sunt
1071 2992 1414 3048 defensorum
1459 2989 1690 3064 Nestorii
1738 2996 2070 3064 argumenta,

493 3081 612 3135 qua:
640 3057 884 3134 quamvis
901 3065 1134 3135 habeant
1151 3064 1395 3135 aliquam
1405 3061 1650 3135 speciem
1661 3059 1793 3125 veri,
1825 3075 1929 3135 qua
1953 3057 2076 3135 illu-

2164 472 2564 542 ἀνθρωποτόκος,
2588 479 2691 526 etc.

2235 538 2416 609 Neque
2463 542 2638 595 minor
2681 549 2764 595 est
2793 539 2938 595 fraus
2963 538 3191 610 Nestorii
3221 540 3562 610 prgedicantis
3587 542 3740 599 Chri-

2162 619 2304 679 stum
2332 608 2451 666 esse
2471 627 2655 675 unum,
2685 625 2957 679 unumque
2984 609 3178 664 Filium
3198 608 3254 665 et
3273 608 3589 667 Dominum:
3617 630 3740 669 nam

2161 678 2433 752 Christum
2454 680 2682 737 faciebat
2706 697 2813 752 non
2833 678 3108 752 hypostasi
3128 696 3310 748 unum,
3332 681 3428 742 sed
3451 697 3601 737 mera
3615 699 3743 738 con-

2165 749 2465 820 iunctione,
2489 766 2640 806 more
2656 749 2961 820 coniugum,
2987 751 3078 819 qui
3097 757 3223 804 sunt
3241 767 3406 805 unum
3425 753 3734 808 moraliter:

2168 821 2312 892 quod
2342 821 2644 892 exemplum
2675 821 2911 892 obtrudit
2928 820 3179 892 subinde,
3213 829 3269 892 et
3296 820 3615 892 Theodorus
3642 823 3746 879 Ne-

2164 887 2317 946 storii
2344 887 2614 960 magister,
2647 899 2701 946 et
2720 890 3090 946 Theodoretus
3110 890 3307 946 scholae
3335 891 3529 947 socius.
3549 887 3747 949 Facie-

2163 961 2260 1032 bat
2287 966 2341 1016 et
2370 977 2534 1016 unum
2562 961 2754 1032 Filium
2782 961 2877 1015 Dei
2903 960 3226 1032 etVirginis,
3259 961 3354 1016 sed
3373 963 3751 1032 mjrabiliqua~

2166 1031 2289 1086 dam
2306 1033 2560 1102 stropha;
2592 1031 2768 1087 aiebat
2787 1032 2929 1086 enim
2962 1031 3381 1102 hominemesse
3408 1031 3600 1102 Filium
3629 1031 3747 1100 Dei,

2168 1117 2276 1156 non
2303 1100 2511 1169 natura,
2539 1102 2632 1156 sed
2661 1103 2890 1171 unione;
2925 1117 3031 1171 non
3059 1101 3186 1170 quia
3225 1100 3364 1156 foret
3391 1101 3504 1170 ipse
3547 1101 3750 1171 Unige—

2169 1171 2328 1236 nitus,
2379 1172 2472 1226 sed
2513 1172 2636 1241 quia
2681 1169 2964 1240 Unigenito
2976 1170 3335 1241 iungeretur;
3365 1169 3426 1226 id
3447 1181 3550 1237 est,
3575 1182 3638 1227 ut
3660 1169 3749 1228 lo-

2167 1250 2421 1309 quuntur,
2444 1239 2563 1296 esse
2588 1239 2803 1305 Filium,
2823 1241 2946 1309 quia
2975 1239 3113 1309 Filii,
3145 1256 3254 1295 non
3284 1240 3536 1307 inrecto,
3567 1243 3666 1298 sed
3695 1244 3750 1298 in

2169 1308 2388 1380 obliquo
2421 1330 2434 1364 :
2461 1310 2698 1366 Verbum
2717 1308 3058 1381 pariter_dici
3075 1308 3242 1364 ﬁlium
3262 1309 3514 1378 Virginis,
3546 1312 3601 1366 in
3622 1313 3754 1368 obli-

2169 1395 2276 1449 quo
2297 1378 2524 1446 tantum,
2548 1381 2670 1449 quia
2699 1378 2751 1435 in
2781 1379 2892 1435 tilio
2920 1378 3153 1448 Virginis
3190 1381 3485 1446 habitabat,
3514 1382 3619 1438 hoc
3645 1393 3746 1448 est,

2169 1451 2316 1520 quod
2368 1452 2547 1506 omnia
2567 1449 2739 1506 Verbi
2758 1449 3096 1519 hominisque
3123 1450 3507 1506 communicari
3533 1450 3750 1507 dicebat

2170 1523 2278 1594 suae:
2310 1521 2615 1594 ὁμωνυμίαν.

2240 1589 2358 1646 Jam
2386 1589 2514 1647 vero
2535 1591 2763 1661 improbi
2785 1590 3106 1661 cavillatoris
3125 1605 3310 1646 vocem
3331 1605 3576 1660 personae
3595 1607 3753 1647 usur-

2173 1663 2352 1732 pantis
2379 1658 2674 1732 praestigias
2693 1661 2896 1715 detexit
2923 1658 3171 1732 Cyrillus,
3187 1658 3527 1732 ostenditque
3546 1662 3751 1717 unitate

2098 1769 2148 1832 Β
2172 1730 2417 1855 Bersonaa
2438 1732 2821 1813 tegihseresim,
2845 1745 2945 1786 nec
2963 1730 3107 1785 aliud
3123 1730 3411 1812 signiﬁcari
3429 1745 3590 1813 quam
3605 1732 3752 1818 quod

2221 1816 2271 1855 ei
2320 1809 2375 1855 et
2411 1801 2643 1855 hominis
2697 1800 2882 1855 eadem
2928 1799 3067 1855 facta
3122 1809 3217 1855 su.
3258 1815 3354 1855 ner
3405 1799 3571 1855 Verbi
3608 1824 3748 1855 ηαν-

2221 1801 2271 1856 ei
2320 1809 2375 1856 et
2411 1801 2643 1857 hominis
2697 1800 2882 1856 eadem
2928 1799 3067 1855 facta
3122 1801 3217 1864 sil,
3258 1815 3354 1871 per
3405 1799 3571 1856 Verbi
3608 1799 3748 1858 ἔναν-

2174 1874 2448 1945 θρώπησιν,
2473 1871 2722 1945 dignitas,
2754 1885 2964 1945 unaque
2991 1871 3299 1945 auctoritas,
3324 1878 3586 1945 potestas,
3618 1880 3672 1926 et
3699 1873 3744 1926 si

2174 1940 2294 2010 q'uze
2339 1943 2447 1997 sint
2492 1943 2594 1995 alia
2649 1940 2910 2009 ejusmodi
2963 1941 3188 1996 moralia
3214 1941 3491 1995 vocabula.
3540 1940 3746 1997 Nomen

2175 2013 2318 2067 enim
2363 2027 2606 2082 persome
2652 2011 3174 2082 sumpsiteveterator
3199 2019 3511 2082 magnusut
3537 2019 3622 2065 est
3650 2027 3750 2066 vox

2170 2082 2327 2150 juris,
2364 2079 2481 2152 qua
2531 2082 2740 2136 ratione
2774 2079 3053 2150 conjuges,
3083 2089 3142 2135 ut
3168 2079 3622 2152 smpius‘dictum,
3649 2097 3750 2135 una

2177 2149 2301 2223 sunt
2319 2149 2548 2223 persona
2574 2171 2586 2203 :
2618 2168 2742 2207 cum
2768 2149 2963 2205 tamen
2989 2165 3198 2223 sumere
3226 2149 3594 2223 debuisset,esi
3613 2151 3750 2223 bona

2177 2221 2280 2277 tide
2308 2220 2508 2292 ageret,
2532 2229 2691 2292 prout
2720 2229 2803 2276 est
2823 2227 3026 2292 natura:
3042 2221 3308 2292 quiddam,
3339 2227 3503 2292 atque
3519 2220 3634 2289 ipsa
3655 2221 3749 2291 hy-

2175 2290 2424 2360 postasis,
2456 2290 2561 2361 qua
2584 2293 2802 2347 notione
2830 2290 3114 2360 conjugum
3135 2290 3254 2345 dum
3278 2298 3404 2346 sunt
3429 2290 3608 2361 reipsa
3631 2290 3752 2361 per-

2179 2376 2345 2424 sonte,
2369 2363 2592 2431 duaeque
2613 2362 2946 2431 hypostases.

2246 2379 2345 2424 me,
2369 2379 2592 2431 dumque
2613 2379 2646 2416 n
2685 2379 2946 2425 poswses.

2246 2433 2364 2488 Non
2387 2433 2562 2486 minus
2589 2379 2811 2487 subdole
2843 2431 3004 2486 homo
3031 2429 3222 2500 planus
3243 2431 3590 2500 permittebat
3631 2430 3749 2486 Vir-

2176 2501 2355 2570 ginem
2384 2502 2487 2557 dici
2518 2501 2820 2571 Deiparam,
2850 2500 3100 2556 modone
3126 2501 3224 2555 dea
3243 2509 3556 2571 putaretur;
3583 2516 3751 2569 neque

2177 2573 2351 2654 minus
2363 2571 3030 2654 perfidiose‘insidiabatur
3057 2571 3407 2654 auditoribus,
3457 2587 3614 2654 eum“
3623 2581 3742 2652 βεστ

2175 2642 2317 2698 τόκον
2343 2641 2447 2698 dici
2469 2642 2700 2712 juberet,
2731 2641 2891 2696 modo
2921 2656 2988 2696 ne
3005 2641 3294 2712 sentiretur
3309 2657 3430 2696 cum
3459 2641 3748 2712 Apollinari

2177 2721 2233 2768 et
2279 2713 2427 2768 Ario.
2477 2711 2605 2766 Erat
2652 2712 2796 2766 enim
2846 2712 2899 2766 in
2927 2727 2990 2766 ea
3016 2711 3204 2767 hteresi
3233 2727 3354 2780 qua:
3394 2719 3624 2766 matrem
3649 2711 3749 2766 dici

2176 2799 2336 2852 posse
2370 2790 2528 2852 negat
2577 2782 2760 2846 ullam,
2805 2781 2906 2861 nisi
2942 2782 3570 2861 queconsubstantialis
3609 2781 3752 2861 sit_ei

2176 2851 2421 2908 seorsum
2448 2851 2548 2924 per
2573 2867 2632 2924 se
2651 2858 2865 2924 sumpto
2885 2851 3038 2924 eujus
3056 2851 3250 2907 dicitur
3267 2861 3442 2907 mater
3465 2870 3479 2905 :
3504 2860 3672 2924 atque
3680 2853 3751 2906 ita

2177 2939 2285 2978 non
2307 2921 2468 2994 posse
2486 2923 2590 2994 dici
2613 2922 2772 2976 ullam
2795 2921 3208 2994 Verhimatrem,
3227 2938 3346 2978 cum
3360 2937 3534 2990 neque
3551 2921 3749 2994 Verbo,

2175 2991 2468 3049 secundum
2494 2993 2726 3062 seipsum
2759 2999 3019 3062 spectato,
3044 2992 3148 3046 ulla
3176 2991 3372 3047 femina
3399 2992 3750 3062 consubstan-

2175 3063 2318 3118 tialis
2345 3079 2464 3119 esse
2490 3060 2670 3132 queat,
2695 3060 2803 3116 nisi
2825 3061 2960 3116 facta
2975 3060 3134 3116 fuerit
3153 3062 3286 3127 dea;
3310 3076 3483 3130 neque
3521 3060 3753 3132 Verbum

494 3128 683 3190 serunt
711 3135 987 3190 Albertino
1013 3128 1315 3205 Calvinistae
1349 3128 1573 3199 aliisque
1602 3128 2070 3205 ejusm_odi_homi-
2101 3142 2147 3205 ρ
2181 3135 2375 3205 factum
2400 3135 2470 3188 sit
2499 3128 2595 3203 per
2615 3132 3018 3205 conversionem
3044 3128 3495 3205 consubstantiale
3523 3131 3750 3186 feminas.

493 3206 669 3271 nibus,
699 3206 876 3271 reipsa
897 3213 1075 3258 tamen
1102 3202 1389 3256 vanissima
1417 3207 1560 3271 sunt,
1593 3214 1692 3253 nec
1711 3199 1922 3253 aliunde
1942 3214 2079 3271 pon-_-

495 3269 970 3344 deris'quidquam
1008 3273 1226 3344 habent,
1259 3272 1518 3344 si_tamen
1549 3270 1765 3344 habent,
1799 3284 1959 3344 quam
1993 3269 2079 3324 vel

494 3347 562 3400 ab
593 3339 958 3414 incogitantia,
991 3344 1077 3398 vel
1099 3343 1259 3397 etiam
1282 3341 1348 3395 ab
1385 3339 1968 3414 in_s_ci_tia_abutentium.

566 3415 698 3470 Nam
719 3408 786 3469 ut
811 3408 999 3490 eorum
1039 3427 1158 3490 qua}
1185 3424 1388 3490 prodse
1417 3410 1552 3490 dixit
1588 3408 1870 3490 Nestorius
1896 3416 2081 3490 pateat

495 3485 667 3548 fucus,
701 3485 994 3538 notandum
1025 3479 1108 3537 est
1135 3479 1444 3535 hiareticum
1468 3480 1631 3544 hunc,
1663 3493 1770 3549 quo
1800 3479 1931 3532 nihil
1957 3494 2078 3531 um-

496 3569 658 3622 quam
679 3553 1020 3607 artificiosius
1049 3551 1165 3622 fuit,
1199 3551 1330 3604 nihil
1350 3549 1678 3614 mendacius,
1701 3549 1879 3603 verbis
1903 3549 2083 3622 cathof

497 3618 617 3677 licis
661 3623 878 3676 solitum
932 3621 1266 3676 dissimulare
1316 3627 1553 3672 mentem
1605 3633 1792 3683 suam,
1839 3618 2082 3685 magistri

497 3692 771 3747 Theodori
799 3691 1064 3760 exemplo,
1102 3706 1134 3760 a
1161 3703 1403 3760 quonon
1430 3695 1539 3740 tam
1567 3687 1817 3760 dogmata
1845 3702 1962 3755 quae
1991 3703 2081 3742 se-

496 3771 769 3833 queretur,
787 3757 1184 3833 quam—fraudes
1202 3757 1396 3826 quibus
1415 3772 1474 3833 se
1500 3763 1704 3833 tegeret
1726 3757 1949 3833 edeetus
1976 3765 2076 3833 est.

569 3826 969 3886 Observandum
1005 3829 1199 3884 deinde
1227 3835 1395 3883 totam
1417 3828 1663 3881 haeresim
1691 3828 1777 3882 cui
1806 3826 2082 3882 Nestorius

499 3917 696 3957 nomen
725 3901 873 3957 dedit
894 3901 946 3954 in
981 3915 1047 3954 eo
1074 3899 1237 3953 fuisse
1257 3898 1487 3967 positam
1515 3896 1660 3965 quod
1690 3897 1824 3952 duas
1849 3897 1903 3951 in
1927 3897 2084 3952 Chri-

497 3981 583 4027 sto
619 3979 838 4026 naturas
889 3977 1106 4038 negaret
1132 3969 1244 4024 καθ’
1268 3969 1559 4038 ὑπόστασιν
1605 3967 1793 4038 uniri,
1823 3967 1926 4038 sed
1963 3969 2082 4025 solo

499 4057 643 4110 nexu
670 4041 878 4106 morali,
927 4037 1101 4109 qualis
1129 4039 1238 4110 fere
1266 4038 1406 4110 inter
1427 4037 1685 4107 conjuges
1709 4037 1869 4110 vulgo
1916 4037 2084 4093 inter-

499 4108 660 4177 cedit,
691 4119 784 4164 aut
804 4108 956 4166 certe
981 4108 1336 4164 intercederet
1363 4109 1504 4178 inter
1543 4122 1637 4178 eos
1684 4108 1776 4178 qui
1819 4115 2081 4177 perpetuo

498 4176 661 4250 atque
699 4180 1081 4236 indissociabili
1122 4178 1334 4233 vinculo
1367 4176 2032 4250 conjungi__cogitarentur
2063 4197 2078 4234 :

499 4246 638 4306 alter
666 4252 808 4304 enim
837 4251 1055 4304 alterius
1068 4264 1284 4318 semper
1302 4255 1464 4318 esset,
1489 4262 1588 4302 nec
1604 4246 1834 4316 disjungi
1863 4260 2083 4318 possent

500 4337 752 4390 umquam
773 4321 965 4389 singuli
990 4337 1004 4382 ;
1029 4319 1122 4374 sed
1141 4317 1249 4390 una
1289 4317 1427 4373 foret
1454 4325 1771 4390 perpetuum
1801 4317 2081 4375 amborum

498 4386 747 4459 dignitas,
767 4386 978 4458 unaque
1002 4389 1321 4459 auctoritas,
1336 4395 1391 4459 et
1405 4403 1510 4442 una
1525 4386 1800 4442 moraliter
1825 4402 2077 4459 persona.

499 4457 670 4516 Immo
713 4467 767 4514 et
805 4457 945 4514 idem
973 4459 1251 4527 utriusque
1294 4457 1564 4513 diceretur
1588 4471 1804 4527 parens,
1841 4458 1936 4512 sed
1974 4458 2082 4514 dis-

499 4533 618 4599 pari
649 4529 812 4584 modo
856 4546 870 4583 :

500 4615 570 4654 ne
587 4642 603 4667 ,
639 4607 745 4655 etc.

572 4666 851 4726 Nestorius
879 4669 1056 4738 igitur,
1093 4684 1215 4724 cum
1252 4669 1354 4723 sibi
1385 4667 1702 4738 calumniam
1738 4666 1852 4722 fieri
1889 4683 2083 4737 quere-

497 4748 667 4803 retur,
694 4737 962 4808 velletque
994 4738 1161 4793 videri
1195 4753 1509 4793 succensere
1548 4737 1901 4808 Samosateno
1938 4738 2083 4808 affir-

499 4811 669 4864 manti
707 4807 977 4864 Christum
1006 4823 1125 4864 esse
1170 4809 1342 4863 solum
1371 4809 1662 4874 hominem,
1704 4807 1882 4863 fucum
1926 4807 2078 4876 fecit;

499 4894 676 4949 neque
704 4881 848 4934 enim
877 4879 976 4949 ipsi
1004 4878 1272 4948 objectum
1301 4887 1419 4933 erat
1457 4879 1619 4947 quod,
1664 4879 1803 4933 sicut
1829 4877 2083 4949 Samosa;

498 4948 958 5016 tenus,Chri'stum
978 4949 1141 5004 vellet
1161 4949 1427 5005 exstitisse
1449 4949 1732 5017 aliquando
1753 4949 1868 5002 sine
1878 4948 2076 5017 Verbo,
2106 5003 2110 5007 .

497 5033 758 5090 suamque
803 5035 926 5075 cum
972 5019 1151 5074 Verbo
1197 5018 1628 5090 conjunctionem
1683 5020 1946 5090 operibus
1963 5035 2080 5074 me-

498 5088 690 5145 ruisse:
723 5089 853 5156 Quis
879 5090 1021 5144 enim
1043 5104 1150 5144 non
1173 5089 1414 5143 audierat
1438 5088 1814 5143 inclamantem
1834 5089 2077 5157 subinde,

497 5168 722 5215 naturas
749 5161 802 5213 in
833 5161 948 5229 ipso
976 5159 1208 5229 Virginis
1237 5167 1410 5224 utero,
1443 5159 1605 5212 immo
1627 5164 1681 5213 et
1710 5159 1763 5213 in
1793 5159 1912 5229 ipso
1950 5175 2080 5214 con-

497 5237 678 5300 ceptu,
710 5227 986 5300 copulatas
1013 5230 1164 5300 esse?
1183 5227 1289 5283 Sed
1309 5229 1440 5283 vitio
1460 5230 1786 5300 vertebatur,
1811 5227 1865 5283 et
1886 5229 2080 5285 merito

497 5298 733 5368 quidem,
755 5298 900 5368 quod
928 5301 1025 5354 has
1051 5298 1192 5368 ipsas
1220 5306 1438 5353 naturas
1451 5299 1728 5369 copulatas
1743 5299 1945 5353 diceret
1963 5301 2080 5354 solo

498 5384 643 5426 nexu
669 5369 859 5424 morali
886 5387 899 5420 :
931 5369 1074 5424 unde
1103 5369 1253 5422 fleret
1274 5376 1334 5422 ut
1359 5369 1496 5423 Deus
1516 5375 1658 5423 esset
1677 5369 1891 5439 quidem
1912 5369 2080 5423 homi-

499 5439 604 5504 nis,
643 5447 699 5494 et
733 5440 898 5493 homo
927 5439 1042 5503 Dei,
1083 5454 1192 5493 non
1231 5445 1410 5493 tamen
1438 5439 1580 5493 Deus
1618 5439 1780 5494 homo
1820 5446 1874 5493 et
1912 5439 2075 5494 homo

498 5507 672 5578 Deus;
704 5515 762 5562 ut
781 5509 1118 5577 evangelista:
1138 5508 1321 5572 verba,
1351 5523 1448 5564 nec
1475 5509 1848 5578 proprio,enec,
1879 5509 1924 5563 si
1952 5509 2077 5564 licet

499 5579 576 5632 ita
595 5576 761 5646 loqui,
794 5576 946 5634 recto
974 5593 1135 5634 sensu
1165 5576 1550 5648 acciperentur,
1578 5576 1675 5648 sed
1704 5576 1929 5646 figurato
1957 5586 2078 5634 tan-

500 5654 701 5720 tumet
721 5657 1066 5720 CXCﬂmEHDb
1090 5647 1322 5720 Verbum
1350 5663 1457 5720 nun
1484 5649 1553 5703 sit
1572 5647 1769 5720 factum
1797 5663 1946 5714 caro,
1981 5649 2075 5704 sed

501 5717 680 5772 carnis
699 5717 907 5771 tantum
919 5717 1282 5785 'inhabitator;
1311 5726 1369 5772 ut
1396 5718 1537 5775 Deus
1565 5733 1673 5774 non
1711 5719 1780 5772 sit
1812 5727 2072 5782 mortuus.

2253 3203 2416 3258 Suam
2443 3218 2606 3266 porro
2633 3211 2866 3257 mentem
2892 3203 3054 3256 homo
3085 3217 3332 3266 nequam,
3357 3203 3597 3256 scribens
3611 3217 3753 3256 sum-

2182 3289 2271 3329 mo
2293 3269 2550 3344 pointiliei,
2581 3272 2814 3342 prodidit
2832 3272 2916 3344 his
2937 3271 3112 3326 verbis
3143 3269 3335 3343 (Epist.
3362 3272 3407 3344 le
3433 3273 3504 3325 ad
3551 3269 3749 3326 Caelest.

2182 3342 2321 3398 num.
2347 3343 2401 3412 6)
2427 3361 2444 3398 :
2475 3343 2536 3398 Si
2557 3344 2668 3414 quis
2697 3352 2866 3396 autem
2894 3343 2987 3414 hoc
3015 3342 3220 3414 nomen,
3261 3342 3515 3414 Qsorixov,
3548 3353 3754 3411 propter

2182 3424 2362 3467 natam
2386 3411 2755 3467 humanitatem
2785 3413 3113 3483 conjunctam
3134 3411 3242 3465 Deo
3281 3411 3464 3477 Verbo,
3494 3428 3598 3466 non
3637 3429 3756 3483 pro-

2181 3495 2296 3552 pter
2315 3486 2614 3554 parientem,
2645 3480 2918 3552 praponat,
2951 3482 3163 3536 dicimus
3186 3484 3386 3554 quidem
3406 3484 3502 3536 hoc
3539 3480 3757 3536 vocabu-

2185 3553 2290 3607 lum
2319 3556 2370 3608 in
2394 3570 2508 3608 eum
2533 3569 2645 3624 quae
2671 3554 2868 3624 peperit
2891 3569 2993 3624 non
3033 3568 3140 3605 esse
3187 3553 3518 3624 Conveniens;
3556 3561 3756 3622 oportet

2182 3625 2319 3677 enim
2339 3640 2509 3678 veram
2530 3621 2742 3676 matrem
2770 3621 2832 3675 de
2858 3622 3035 3676 eadem
3063 3638 3172 3676 esse
3191 3623 3410 3676 essentia
3437 3639 3537 3692 qua
3578 3621 3656 3692 est
3692 3639 3755 3674 ex

2183 3710 2237 3765 se
2264 3703 2470 3758 natum;
2494 3694 2619 3765 ferri
2641 3703 2806 3765 tamen
2826 3708 2991 3762 posse,
3011 3701 3228 3765 propter
3247 3693 3412 3765 ipsum
3426 3762 3434 3765 _
3450 3691 3755 3765 considera-

2185 3764 2393 3842 tionem,
2443 3761 2654 3842 etquod
2690 3761 2867 3842 solum.
2878 3761 3171 3842 nominetur
3196 3761 3261 3842 de
3295 3761 3503 3842 Virgine
3523 3762 3626 3842 hac
3647 3778 3758 3815 uer-

2185 3833 2319 3898 bum,
2348 3829 2554 3904 propter
2575 3830 2917 3904 inseparabile
2940 3833 3178 3904 templum
3351 3829 3501 3885 Verbi
3523 3847 3589 3904 ea:
3609 3832 3723 3904 ipsa
3736 3848 3754 3894 ;

2183 3918 2287 3956 non
2328 3899 2453 3974 quid
2494 3905 2625 3974 ipsa
2649 3899 2717 3957 sit
2762 3909 2924 3955 mater
2958 3899 3054 3954 Dei
3086 3899 3256 3965 Verbi,
3281 3916 3428 3954 nemo
3451 3901 3590 3954 enim
3617 3899 3755 3954 enti-

2184 3973 2411 4044 quiorem
2439 3989 2493 4027 se
2513 3973 2670 4043 parit.

2256 4043 2431 4111 Atque
2474 4039 2588 4097 haec
2641 4050 2723 4096 est
2761 4043 2968 4096 vanitas
3015 4041 3306 4096 testimonii
3352 4039 3496 4111 quod
3541 4055 3643 4110 pro
3698 4056 3754 4096 se

2183 4109 2463 4168 Nesto'rius
2482 4112 2617 4166 dixit
2637 4130 2649 4164 :
2675 4111 2842 4166 nihilo
2864 4112 2982 4182 plus
3001 4111 3143 4166 valet
3163 4111 3216 4166 id
3228 4110 3371 4180 quod
3391 4109 3630 4182 Joannes
3651 4111 3756 4166 An-

2184 4183 2462 4263 tiochenus
2490 4181 2628 4247 tulit,
2661 4182 2773 4263 sive
2791 4180 3010 4263 tempus
3036 4197 3144 4263 quo
3175 4183 3371 4263 scripta
3399 4180 3627 4263 epistola
3657 4189 3755 4263 est,

2184 4253 2297 4306 sive
2317 4267 2545 4320 persona
2573 4251 2870 4314 scribentis,
2897 4251 3010 4305 sive
3036 4253 3196 4305 etiam
3238 4251 3516 4306 Nestorius
3543 4259 3757 4320 specte-

2185 4268 2297 4306 snve
2312 4267 2545 4376 gersona
2573 4267 2870 4314 scnnenus,
2897 4267 3010 4305 Sive
3036 4267 3196 4305 etiam
3238 4267 3516 4306 meswrius
3543 4267 3757 4320 specte-

2185 4331 2288 4376 tur.
2361 4338 2447 4376 am
2474 4330 2602 4376 tunc
2623 4323 2878 4391 temporis
2906 4321 3136 4376 Nestorii
3164 4323 3390 4391 animus,
3419 4329 3475 4375 ut
3494 4330 3614 4376 erat
3640 4336 3759 4376 exa-

2184 4392 2431 4447 cerbatus
2475 4407 2636 4461 supra
2683 4389 2917 4461 modum,
2967 4391 3045 4446 sic
3071 4406 3178 4446 non
3208 4389 3305 4445 fuit
3344 4391 3760 4461 exprobratione

2184 4462 2400 4516 hmresis
2421 4459 2656 4530 agendus
2677 4461 2732 4514 in
2757 4459 2938 4524 furias,
2963 4461 3054 4515 sed
3075 4459 3605 4531 (laconomicapotius
3619 4461 3762 4515 velut

919 4529 1075 4584 unius
1116 4517 1336 4594 natura;
1388 4517 1608 4583 alterius
1654 4517 1801 4583 velut
1835 4528 2082 4598 adoptio-
2105 4517 2157 4580 Β
2183 4517 2488 4588 adulatione
2509 4531 2825 4602 palpandus.
2852 4517 3071 4596 Deinde,
3100 4539 3229 4586 tunc
3267 4546 3388 4602 cum
3426 4517 3762 4602 scriberetur

2182 4602 2428 4672 epistola,
2456 4599 2567 4672 non
2597 4599 2712 4656 erat
2731 4615 2836 4655 una
2855 4610 3215 4671 constansque
3230 4601 3471 4672 omnium
3492 4601 3677 4672 Opinio
3698 4599 3764 4655 de

2232 4672 2413 4726 estorii
2445 4670 2566 4738 ﬁde,
2615 4687 2739 4742 nam
2780 4673 3035 4742 perplexe
3061 4670 3412 4742 deiinduslria
3435 4679 3489 4726 et
3515 4670 3761 4740 ambigue

2182 4741 2531 4823 loquebatur;
2555 4741 2645 4823 alii
2666 4740 2985 4822 enimyerba
3007 4740 3294 4823 ﬂexiloqua
3317 4742 3368 4796 in
3391 4741 3758 4822 benigniorem

2183 4819 2411 4881 partem,
2442 4812 2531 4866 alii
2553 4812 2606 4866 in
2637 4812 2956 4881 oppositam,
2980 4812 3074 4865 sed
3107 4812 3391 4877 veriorem,
3434 4812 3758 4882 interpreta-

2183 4880 2395 4937 bantur.
2421 4880 2687 4951 Denique,
2710 4880 2963 4937 credibile
2991 4889 3072 4935 est
3092 4897 3161 4936 ne
3182 4883 3346 4950 ipsius
3365 4880 3761 4950 quidem'Joan-

2184 4953 2265 5007 nis
2295 4951 2451 5006 fidem
2472 4961 2600 5007 tunc
2627 4951 2789 5006 fuisse
2818 4951 3101 5007 admodum
3130 4951 3427 5018 sinceram;
3459 4951 3625 5005 immo
3674 4952 3761 5006 vix

2185 5038 2292 5077 non
2308 5031 2532 5086 certum,
2550 5037 2708 5091 quam
2725 5021 2974 5075 hauserat
2989 5038 3017 5076 a
3034 5022 3288 5090 magistro
3303 5022 3577 5091 communi
3593 5020 3761 5075 Theo-

2184 5092 2316 5147 doro
2337 5090 2633 5147 doctrinam
2653 5091 2938 5146 retinuisse
2967 5093 3162 5156 animo,
3195 5091 3506 5158 tamdiuque
3540 5090 3756 5152 fovisse,

2182 5161 2354 5217 donec
2375 5163 2564 5232 ipsam,
2597 5169 2690 5215 aut
2714 5162 3029 5232 quaestionis
3051 5162 3341 5229 agitatione
3363 5160 3623 5227 eruditus,
3671 5171 3760 5214 aut

2183 5233 2327 5287 orbis
2355 5232 2716 5287 commotione
2739 5231 2972 5299 territus,
3004 5231 3341 5301 deponeret.’

2252 5301 2602 5382 Quamquam,
2653 5309 2721 5382 ut.
2756 5298 3197 5382 ingenueﬂfatear,
3224 5307 3479 5382 suspecta
3504 5299 3640 5382 mih'i
3668 5298 3758 5352 fuit

2181 5386 2410 5440 semper,
2440 5367 2632 5440 estque
2652 5367 2960 5437 etiamnum,
2979 5370 3102 5426 fidei
3115 5367 3400 5436 confessio,
3417 5367 3762 5440 quamJoan-

2184 5457 2279 5496 nes
2301 5439 2361 5495 in
2390 5457 2523 5512 pace
2546 5439 2910 5512 Ecclesiarum
2942 5441 3134 5512 edidit;
3163 5455 3336 5512 neque
3361 5440 3546 5512 potuit
3581 5439 3736 5512 hacte

2182 5526 2302 5576 nus,
2353 5509 2595 5582 quamvis
2641 5511 2793 5582 valde
2814 5526 3046 5582 averem,
3080 5511 3218 5582 hanc
3244 5509 3372 5565 mihi
3402 5509 3758 5582 suspicionem

2182 5579 2424 5654 minuere
2445 5582 2678 5654 prudens
2699 5579 2882 5654 Cyrilli
2912 5581 3302 5654 confessionem
3331 5579 3645 5654 recipientis
3668 5579 3753 5654 be-

2182 5649 2461 5723 nignaque
2494 5649 2766 5723 οἰκονομὶαζ
2810 5651 2941 5723 Nam
2987 5652 3162 5723 primo
3195 5651 3424 5723 Acraeius
3449 5649 3759 5723 'Beroensis

2185 5730 2370 5775 auctor
2389 5721 2509 5776 fidei
2537 5721 2766 5785 videtur,
2823 5721 3006 5787 homo,
3037 5737 3156 5777 mea
3201 5721 3421 5792 quidem
3469 5721 3754 5784 sententia,
