3992 6276
129 288 287 347 ΙΙΞΙ

955 285 1263 346 DISSERT.
1308 286 1349 345 l.
1394 287 1480 345 DE
1520 281 1790 345 llz’EltESl
1832 288 1919 343 ET
1963 284 2179 347 LIBRIS
2215 282 2548 347 NESTORII.

3264 286 3400 349 1122

133 399 399 473 omnibus
429 400 530 470 piis
566 407 678 473 cita
705 402 1089 472 probatissimis
1110 404 1406 473 quibusque
1440 402 1723 473 episcopis,
1753 407 1804 468 Α
1831 410 1915 456 sto
1936 419 2042 457 non
2087 413 2294 459 tantum
2341 405 2535 460 mentis
2577 403 2752 459 locum
2795 408 2981 473 tenere
3022 400 3399 473 opinabantur,

136 471 470 527 invidiosum
518 472 664 526 reddi
704 471 922 537 aolcret,
954 489 1039 537 ne,
1069 471 1270 529 utierat
1319 471 1588 528 immensa:
1624 471 1723 526 au-

133 542 449 607 ctoritatis,
479 541 697 608 orbem,
744 543 889 613 quod
929 544 1004 597 ait
1048 544 1174 610 ille,
1224 544 1465 599 traheret
1510 544 1564 598 in
1604 558 1727 599 suas

135 621 351 683 partes.

216 682 280 736 ll.
322 682 431 754 Cur
478 690 583 737 tam
626 685 943 740 invidiosum
990 685 1219 740 evaserit
1263 684 1583 754 Apollinaris
1623 699 1725 739 no-

140 769 295 825 men,
326 753 427 825 viri
453 756 775 823 ceteroquin
821 756 1044 821 nobilis,
1076 755 1166 825 qui
1195 771 1293 825 pro
1314 753 1320 754 “
1340 754 1443 810 fide
1483 755 1727 809 exsilium

141 825 215 878 ab
247 824 459 894 Ariapis
481 839 667 893 passus
696 833 865 891 esset,
896 840 1159 894 quemque
1185 824 1425 880 moribus
1462 825 1729 894 probatis-

142 894 343 948 simum
369 892 716 964 Epiphanius,
747 896 893 950 libris
914 892 1572 951 editisicelebratissimum
1602 893 1727 948 llic-

144 963 426 1034 ronymus,
459 963 767 1033 magistrum
794 966 939 1019 orbis
966 966 1277 1019 Vincentius
1308 963 1598 1019 Lirinensis
1623 980 1721 1033 ap-

145 1035 467 1104 pellaverit?
499 1034 856 1103 Apollinarem
871 1044 1020 1104 puto,
1048 1036 1188 1103 quod
1210 1035 1372 1088 tradit
1400 1034 1729 1104 Epiphanius

147 1103 315 1175 (Lac.
341 1105 428 1157 cit.
454 1103 493 1173 ),
526 1120 629 1175 non
667 1112 774 1159 tam
814 1103 908 1159 sua
936 1121 1095 1175 quam
1124 1103 1510 1175 discipulorum
1533 1105 1728 1175 invidia

146 1174 456 1239 laborasse;
505 1174 662 1242 idque
707 1182 985 1244 expertum
1008 1216 1022 1239 ,
1060 1174 1202 1243 quod
1231 1176 1407 1229 solent
1450 1174 1687 1244 magistri
1710 1213 1725 1239 ,

148 1244 285 1297 alias
332 1260 439 1298 non
490 1242 866 1314 inculpabiles,
896 1245 949 1299 in
997 1242 1134 1313 quos
1171 1245 1409 1299 debitum
1456 1242 1731 1314 pejoribus

148 1314 427 1384 discipulis
454 1313 644 1368 odium
661 1316 848 1384 vulgus
888 1313 1128 1369 effundit.

223 1383 556 1453 Quamquam
597 1383 789 1454 magna
832 1386 1019 1454 procul
1059 1384 1219 1439 dubio
1248 1383 1420 1438 fuerat
1458 1384 1511 1437 in
1560 1384 1730 1453 ipsam

152 1454 477 1523 Apollinaris
503 1455 819 1510 sententiam
853 1455 1081 1509 excitata
1105 1454 1327 1510 offensio
1352 1494 1365 1517 ,
1410 1470 1509 1508 nec
1546 1454 1733 1507 imme-

151 1526 278 1589 rito,
311 1540 431 1578 cum
466 1524 699 1580 funditus
739 1526 954 1580 tolleret
990 1525 1200 1592 generis
1229 1525 1397 1578 nostri
1429 1539 1608 1579 veram
1654 1538 1734 1577 re-

150 1593 549 1664 demptionem;
582 1596 637 1650 id
668 1596 809 1651 enim
839 1596 1049 1649 sanavit
1075 1593 1319 1649 Christus
1356 1594 1499 1662 quod
1527 1609 1733 1647 assmu-

152 1663 286 1734 psit.
307 1664 364 1718 Si
393 1679 522 1735 ergo
561 1680 668 1719 non
715 1666 999 1736 assumpsit
1024 1673 1257 1736 mentem
1283 1704 1297 1729 ,
1349 1679 1455 1736 qua
1502 1663 1733 1736 maxime

152 1743 425 1857 geccatur,
455 1734 547 1790 Sed
589 1751 783 1805 corpus
815 1734 1010 1799 solum,
1040 1735 1184 1804 quod
1210 1734 1370 1788 morti
1400 1735 1688 1788 obnoxium
1713 1774 1727 1797 ,

192 1805 260 1857 ici
288 1814 434 1857 certe
459 1821 567 1857 non
598 1815 776 1857 potest
804 1806 1077 1857 hominum
1099 1820 1266 1857 genus
1288 1805 1541 1857 liberasse
1563 1819 1593 1857 a
1615 1819 1727 1857 nec-

192 1788 434 1860 ici'certe
459 1788 567 1861 non
598 1788 776 1875 potest
804 1788 1077 1861 liominuni
1092 1788 1266 1875 genus
1288 1805 1541 1875 liberasse
1563 1819 1593 1857 a
1615 1788 1734 1872 pec;
1762 1788 1810 1850 Β

154 1883 296 1939 cato,
328 1890 447 1943 quae
467 1874 611 1930 mors
634 1876 852 1940 animae;
895 1877 989 1930 sed
1017 1892 1047 1929 a
1076 1875 1418 1945 corruptione
1454 1874 1586 1937 sola,
1615 1889 1736 1945 qua:

154 1961 302 2015 inors
327 1946 586 2015 corporis.
618 1945 741 2000 Haec
759 1954 934 2000 autem
956 1946 1210 2013 quantula
1237 1944 1317 2000 est
1344 1944 1736 2015 quamqueﬁexi-ﬁ-

156 2014 223 2086 lis
268 2014 599 2086 redemptio?
646 2014 825 2070 Potuit
872 2016 1029 2083 igitur
1056 2031 1174 2070 eam
1204 2015 1274 2086 ob
1299 2030 1530 2086 causam
1566 2014 1736 2086 videri

158 2083 499 2153 Apollinaris,
523 2101 846 2154 quamquam
870 2086 991 2141 inde
1012 2086 1077 2139 lis
1116 2085 1259 2139 nulla
1289 2084 1385 2138 fuit
1414 2085 1538 2137 olim
1570 2083 1731 2146 facta,

158 2165 251 2236 aut
272 2154 557 2236 injuriosus
586 2157 639 2236 in
665 2154 953 2236 Christum,
968 2171 1128 2236 quem
1149 2154 1736 2236 nollet‘redemptorem

160 2225 460 2280 animorum
488 2225 674 2293 fateri;
698 2235 789 2280 aut
826 2224 1123 2294 Pelagiana:
1152 2225 1441 2295 impietatis
1470 2239 1610 2283 reus,
1643 2225 1735 2295 qui

160 2296 366 2366 animos
395 2304 615 2365 negaret
640 2292 1008 2366 redemptione
1035 2292 1388 2366 egere,'quasi
1418 2292 1591 2366 forent
1617 2292 1737 2366 puri

158 2365 329 2436 culpa:
357 2363 655 2435 originalis,
687 2363 901 2436 suisque
928 2367 1027 2421 sibi
1051 2363 1474 2420 n'atune'viribus
1495 2364 1561 2416 ad
1588 2363 1735 2417 salu-

164 2442 269 2490 tem
290 2437 697 2505 adipiscendam
732 2437 1054 2491 sufficerent.

232 2499 317 2560 ΙΙΙ.
356 2499 485 2573 Quae
514 2507 729 2560 tandem
758 2505 953 2560 fuerint
986 2503 1481 2573 Apollinaristarum
1520 2501 1738 2624 propria

232 2577 501 2624 mmenta?
522 2575 625 2624 Sex
649 2577 916 2624 nnecinua
946 2575 1077 2624 mihi
1104 2581 1316 2624 reperta
1346 2581 1469 2624 sunt
1498 2588 1619 2624 anui
1647 2586 1738 2624 ve-

162 2577 501 2631 commenta?
522 2575 628 2630 Sex
649 2577 917 2646 pigecipua
946 2575 1089 2646 mihi
1104 2581 1330 2646 reperta
1346 2581 1469 2627 sunt
1498 2575 1741 2646 apudVe-

166 2653 306 2700 teres
358 2652 603 2700 auctores
646 2640 989 2714 (Theodoret.
1032 2644 1121 2697 lib.
1167 2640 1223 2697 iv
1281 2642 1478 2697 Haeret.
1531 2640 1665 2714 Feb.
1696 2642 1735 2711 ).

171 2716 403 2769 Primum
444 2711 818 2779 συνουσίὼσις,
869 2714 919 2767 id
960 2722 1060 2779 est,
1105 2724 1415 2766 naturarum
1455 2711 1698 2766 confusio
1722 2753 1737 2777 ,

167 2784 318 2852 cujus
362 2787 607 2841 inventor
656 2783 922 2839 Polemius
954 2802 965 2836 :
996 2785 1085 2838 hic
1134 2781 1583 2844 Polemianorum,
1627 2783 1741 2836 sive

167 2852 616 2923 Synusiastarum,
649 2863 809 2909 sectae
838 2870 1029 2909 nomen
1056 2853 1232 2926 dedit:
1249 2852 1521 2926 Aiterum,
1558 2859 1741 2926 κρᾶσις

167 2932 260 2985 τῆς
279 2926 507 2986 θεότητος
530 2930 616 2980 καὶ
640 2932 730 2981 τοῦ
760 2928 1025 2996 σώματος,
1077 2938 1183 2996 seu
1200 2922 1506 2996 Divinitatis
1529 2922 1598 2975 et'
1620 2936 1741 2975 cor-

169 2996 315 3073 poris
359 2996 803 3073 contemperatioi
832 2992 992 3073 inique
1036 2993 1260 3073 mixtio,
1305 2994 1453 3073 cujus
1494 2992 1742 3072 inventor

170 3062 309 3118 idem
340 3081 352 3115 :
393 3072 552 3132 atque
574 3062 697 3119 hinc
725 3071 842 3118 orta
866 3062 1319 3134 Eutychianorum
1343 3062 1593 3125 haeresis;
1618 3083 1740 3116 συν-

170 3139 410 3206 εγσίωσιν
438 3150 600 3206 porro
647 3142 701 3189 et
741 3136 1006 3206 σύγχυιῃν
1038 3149 1100 3188 ac
1135 3137 1316 3206 κρᾶσιν
1352 3139 1499 3185 recte
1525 3139 1742 3206 sanctus

169 3202 401 3258 Thomas
440 3200 1319 3273 interpretatur"informatibnem
1380 3200 1622 3270 corporis
1676 3202 1744 3256 ab

167 3274 362 3328 anima.
397 3273 664 3338 Tertium,
712 3274 995 3329 conversio
1042 3273 1201 3327 Verbi
1243 3273 1296 3325 in
1344 3286 1578 3335 carnem,
1623 3286 1745 3325 cum

166 3343 317 3398 fieret
345 3344 534 3409 homo;
560 3352 614 3399 et
643 3360 823 3399 rursus
848 3345 1023 3399 carnis
1052 3345 1103 3397 in
1128 3342 1377 3405 Verbum,
1410 3350 1530 3410 post
1560 3356 1746 3395 ascen-

166 3413 369 3488 sionem
395 3453 409 3478 ,
451 3430 568 3488 qua:
598 3413 757 3488 Verbi
792 3419 1180 3488 σμίπςρωᾳιςρ-(ῃ
1207 3413 1383 3488 carnis
1413 3413 1695 3473 ἀποθέωσις
1727 3428 1740 3463 :

168 3484 248 3537 hcc
293 3485 670 3539 conversiones
703 3483 837 3539 duae
868 3483 1010 3539 aliud
1041 3483 1168 3537 nihil
1213 3483 1386 3552 reipsa
1416 3489 1541 3536 sunt
1584 3497 1744 3552 quam

164 3554 290 3625 duo,
321 3562 380 3608 ut
412 3554 719 3625 loquuntur,
752 3556 941 3609 animae
975 3562 1159 3625 status_
1175 3552 1224 3606 in
1266 3551 1493 3625 corpore
1531 3551 1745 3625 mortali

164 3624 385 3689 scilicet,
413 3625 466 3678 in
484 3622 601 3693 iquo
623 3625 786 3679 servit
805 3623 1200 3693 quodammodo
1222 3622 1462 3692 corpori;
1494 3630 1548 3675 et
1570 3622 1622 3693 i_n
1645 3622 1745 3675 im-

166 3695 411 3759 mortali,
444 3691 649 3764 iniquo
679 3695 728 3748 ei
757 3691 1063 3748 dominatur
1098 3694 1243 3747 omni
1271 3708 1337 3746 ex
1367 3700 1535 3764 parte.
1568 3691 1742 3757 Quar-

166 3771 279 3817 tum
299 3805 312 3828 ,
356 3764 498 3834 quod
526 3762 589 3818 ex
620 3764 837 3831 Virgine
858 3765 1092 3819 Verbum
1129 3779 1237 3834 non
1266 3762 1581 3834 sumpsisset
1627 3778 1745 3834 car-

165 3848 309 3898 nem,
338 3830 430 3889 sed
452 3849 482 3888 e
504 3834 641 3889 coelo
662 3830 924 3890 attulisset
958 3853 969 3886 :
996 3842 1156 3902 atque
1196 3833 1267 3885 ita
1297 3830 1458 3899 Virgo
1504 3833 1744 3894 Θεοτόκος

164 3903 272 3958 dici
297 3919 420 3977 vere
464 3920 570 3958 non
600 3912 814 3974 posset;
856 3906 1018 3958 immo
1054 3918 1171 3977 nec
1196 3902 1610 3977 b0pw1rorbxog,_
1640 3903 1742 3956 nisi

165 3975 345 4042 specie
372 3972 617 4040 tantum;
642 3983 699 4027 ut
726 3989 842 4042 quae
873 3990 977 4028 non
1018 3972 1293 4041 genuisset
1308 3972 1739 4042 vereihominem

214 4045 343 4100 erbo
354 4045 579 4108 unitum,
593 4043 687 4099 sed
699 4041 1079 4099 transmisisset
1089 4046 1364 4096 dumtaxat
1378 4041 1523 4095 velut
1546 4055 1742 4110 aquam

164 4114 383 4170 canalis.
432 4114 489 4168 ld
526 4128 626 4183 ego
674 4113 910 4181 ﬁgmenti
950 4112 1308 4183 excogitatum
1352 4126 1477 4183 reor
1516 4110 1590 4183 ab
1639 4110 1742 4183 illis

164 4178 678 4255 Apollinaristariim,
698 4178 804 4255 qui
825 4200 947 4255 cum
974 4178 1213 4255 Deiparac
1239 4180 1481 4236 hostibus
1510 4178 1743 4255 ferendis

164 4250 459 4325 eorumque
497 4250 795 4325 rationibus
830 4250 1097 4325 solvendis
1131 4266 1288 4325 pares
1313 4266 1371 4305 se
1405 4266 1526 4325 _non
1570 4250 1739 4325 senti-

162 4332 304 4390 rent,
335 4320 638 4379 nialuerunt
656 4323 932 4378 delirando
960 4320 1168 4386 dicere,
1203 4321 1255 4375 id
1280 4320 1421 4391 quod
1444 4329 1542 4383 est,
1576 4320 1743 4388 Virgi-

166 4410 290 4448 nem
310 4410 341 4450 e
364 4395 500 4450 caelo
528 4395 800 4463 gravidam
816 4396 1008 4448 factam
1038 4394 1217 4455 fuisse,
1242 4391 1385 4445 aliud
1410 4391 1537 4463 nihil
1579 4391 1742 4445 fuisse

165 4480 327 4535 quam
351 4464 475 4519 inde
496 4460 693 4535 corpus
714 4465 985 4534 accepisse
1006 4463 1147 4534 quod
1164 4470 1407 4535 pareret.
1442 4460 1695 4535 Quintum
1721 4502 1735 4526 ,

1829 473 1923 527 sed
1952 476 2141 528 animm
2166 491 2399 544 quoque,
2424 475 2576 544 cujus
2618 482 2701 529 est
2725 472 2939 544 delere,
2970 471 3171 544 eosque
3210 471 3403 529 affecto

1829 558 2057 615 corpore
2077 541 2253 599 motus
2278 541 2528 615 experiri,
2556 559 2675 615 quae
2700 550 2835 603 παοή
2857 541 3101 615 aGrzecis
3120 550 3399 615 vocantur.

1828 612 2013 682 Neque
2041 615 2183 685 enim
2208 631 2279 685 eo
2300 612 2467 684 usque
2494 612 2789 685 putandum
2808 622 2891 670 est
2911 614 3192 685 insaniisse
3230 614 3404 685 homi-

1829 698 1943 748 nes,
1973 691 2032 736 ut
2048 683 2392 740 Divinitatem
2404 683 2561 740 Verbi
2575 684 2855 740 crederent
2877 683 3098 752 flagellis
3110 684 3402 741 secundum

1828 769 1887 809 se
1908 768 2067 825 posse
2086 754 2234 819 cmdi,
2258 756 2400 824 affigi
2427 756 2610 821 clavis,
2641 754 2904 825 perforari
2928 756 3133 818 lancea,
3150 753 3400 825 sepeliri,

1829 832 1933 879 etc.
1968 823 2092 877 lude
2119 826 2305 894 procul
2330 823 2493 880 dubio
2521 823 2738 884 παθῇτὸν
2758 824 2992 879 Verbum
3015 823 3401 894 nominabant,

1828 894 1951 963 quia
1979 894 2088 964 pati
2124 893 2330 964 posset,
2373 896 2593 964 perinde
2622 911 2685 949 ac
2718 895 2858 948 solet
2903 895 3079 949 anima
3122 893 3406 962 conjuncta

1828 962 2062 1035 corpori,
2094 962 2247 1031 cujus
2288 962 2521 1019 motibus
2548 972 2770 1035 propter
2809 965 3183 1034 cognationem
3211 972 3296 1029 et,
3348 971 3409 1018 ut

1830 1034 2204 1158 ioqtlieiiantur,
2234 1034 2573 1092 a’wouaiwa’tii
2611 1035 2849 1105 quatitur
2875 1043 3038 1105 atque
3082 1035 3243 1090 etiam
3281 1048 3405 1105 per-

1855 1121 1916 1158 ur
1955 1120 1984 1158 a
2014 1121 2094 1158 ur.

1831 1111 2094 1158 turbatur.

1899 1174 1984 1227 lV.
2014 1172 2166 1229 Unde
2191 1182 2401 1229 constat
2430 1175 2545 1230 ha:c
2570 1190 2677 1231 non
2703 1189 2823 1231 esse
2852 1174 3165 1244 Apollinarii
3209 1174 3406 1244 ipsius-

1828 1252 1968 1308 met,
1993 1246 2089 1299 sed
2116 1245 2498 1313 discipulorum
2524 1247 2852 1302 commenta?
2865 1244 3110 1300 Pluribus
3138 1246 3406 1313 certisque

1830 1314 2180 1386 argumentis.
2240 1314 2374 1369 Nam
2421 1316 2625 1386 primo,
2685 1316 2963 1371 Athanasii
3003 1316 3071 1371 ad
3100 1314 3405 1386 Epictetum

1830 1382 2073 1455 Corinthi
2104 1382 2760 1454 episcopum'scribentis,
2797 1387 3006 1455 istaque
3026 1382 3205 1441 omnia
3244 1385 3405 1441 refel-

1830 1454 2017 1526 lentis,
2050 1456 2337 1526 epistolam
2374 1455 2697 1525 Apollinaris
2717 1457 2830 1525 ipse
2869 1454 3195 1526 magnopere
3217 1455 3406 1526 lauda-

1831 1524 1910 1597 vit
1944 1525 2230 1597 liis__verbis
2270 1524 2464 1597 (Epist.
2524 1526 2593 1597 ad
2616 1524 2995 1597 Serapionem,
3043 1524 3084 1578 tl
3104 1595 3109 1597 Α
3136 1525 3176 1579 V
3208 1525 3403 1597 Antiq.

1834 1593 1974 1666 Lect.
2010 1593 2227 1666 Henrici
2256 1593 2454 1649 cannis
2484 1613 2535 1666 p.
2574 1594 2694 1664 112)
2727 1614 2739 1647 :
2768 1593 3057 1664 Epistolam
3077 1595 3290 1666 domini
3310 1593 3410 1648 mei

1836 1662 2158 1737 (Athanasii)
2187 1662 2492 1719 Corinthum
2522 1662 2732 1719 missam
2771 1662 3079 1737 magnopere
3106 1664 3412 1737 approbavi-

1833 1750 1965 1806 mus.
1998 1733 2195 1788 Eorum
2223 1743 2392 1789 autem
2413 1737 2497 1806 qui
2519 1737 2697 1806 dicunt
2716 1733 2921 1788 carnem
2934 1733 3047 1806 Dee
3073 1733 3411 1790 consubstan-

1839 1805 2038 1885 tiaiem,
2061 1822 2311 1885 pugnam
2338 1804 2597 1885 insaniam
2627 1804 3222 1885 damitaiiimushpeinde
3255 1812 3412 1885 negat

1839 1889 1902 1927 ea
1915 1875 2028 1943 ipsa
2059 1873 2254 1943 ﬂagitia
2277 1876 2469 1929 merito
2495 1890 2652 1944 posse
2671 1875 2771 1930 sibi
2799 1873 2959 1941 objici
2981 1873 3172 1943 (Epist.
3207 1874 3275 1927 ad
3289 1874 3413 1929 Dio-

1839 1945 2042 2014 nysium
2059 1987 2072 2007 ,
2096 1945 2249 2013 ibid.)
2274 1963 2285 1996 :
2313 1944 2464 2008 Quod
2485 1955 2652 1997 autem
2676 1961 2825 1998 nemo
2854 1945 2962 1998 haec
2990 1945 3208 2014 objicere
3226 1954 3411 2015 potest,

1838 2030 1952 2083 qua:
1976 2025 2154 2067 contra
2183 2015 2429 2085 quosdam
2459 2015 2597 2067 dicta
2625 2024 2763 2079 sunt,
2793 2015 3126 2085 manifestum
3152 2022 3227 2085 est
3265 2031 3327 2069 ex
3347 2017 3414 2069 iis

1838 2100 1951 2153 qua:
1980 2084 2551 2154 sempersmipsimus,
2612 2100 2781 2155 neque
2823 2084 3030 2155 carnem
3078 2084 3417 2139 Salvator-ise

1840 2152 1961 2225 (calo
1991 2152 2120 2215 esse,
2145 2171 2304 2225 neque
2324 2152 2529 2207 carnem
2540 2152 2799 2225 iejusdem
2826 2152 3142 2225 substantia:
3164 2171 3276 2209 esse
3302 2170 3417 2207 cum

1839 2222 1968 2287 Deo,
1994 2220 2244 2295 quatenus
2266 2233 2340 2278 est
2365 2241 2505 2295 euro.
2539 2220 2777 2293 Denique
2821 2224 2932 2295 haec
2952 2224 3166 2290 eadem,
3216 2225 3419 2295 pariter

1840 2293 2015 2362 atque
2047 2294 2300 2348 Arianum
2357 2294 2568 2360 dogma,
2627 2294 2769 2347 unde
2821 2293 2932 2348 fere
2980 2294 3419 2363 oriuntur,un

1841 2362 2002 2417 Filius
2030 2364 2125 2417 Dei
2146 2371 2391 2418 creatura
2420 2366 2519 2427 sit,
2556 2365 2820 2432 expressis
2858 2363 3035 2417 verbis
3062 2364 3413 2426 condemnat,

1840 2448 1947 2486 non
1976 2448 2073 2485 suo
2100 2441 2332 2501 tantum,
2377 2434 2471 2486 sed
2503 2447 2750 2485 verorum
2779 2447 2992 2500 quoque
3036 2432 3414 2501 discipulorum

1842 2502 2058 2573 nomine
2088 2500 2274 2573 (Ibid.,
2331 2519 2382 2571 p.
2412 2501 2556 2573 A116)
2588 2519 2599 2553 :
2629 2501 2981 2573 Apollinuriiis
3019 2510 3068 2554 et
3088 2500 3185 2573 qui
3223 2519 3418 2556 mecum

1842 2580 1960 2624 sunt
1985 2568 2355 2654 hwc‘sentimus
2386 2571 2449 2626 de
2474 2568 2882 2654 inearuutiene‘i
2900 2568 3134 2654 quneni‘
3150 2573 3420 2654 ὁμοούςιον

1842 2652 2032 2695 nostra:
2061 2644 2207 2696 carni
2231 2644 2508 2711 assumpsit
2527 2658 2591 2695 ea;
2627 2640 2801 2695 Maria
2839 2640 3060 2695 Verbum
3087 2640 3205 2707 Dei,
3235 2645 3417 2697 aniens

1840 2712 1893 2764 in
1918 2713 2157 2782 unionem
2187 2728 2301 2765 cum
2328 2710 2604 2765 Diuinitate
2625 2752 2640 2776 ,
2685 2728 2750 2765 ex
2776 2712 3028 2782 principio
3071 2714 3415 2780 conceptionis

1841 2782 1895 2853 in
1920 2780 2159 2853 Virgine;
2183 2791 2333 2853 atque
2366 2783 2437 2835 ita
2468 2784 2631 2853 factus
2654 2791 2729 2834 est
2756 2780 2924 2853 homo,
2945 2780 3199 2853 'quoniqm
3226 2800 3345 2836 cura
3371 2792 3422 2836 et

1844 2850 2071 2922 Spiritus
2112 2861 2187 2906 est
2228 2850 2376 2905 homo
2427 2850 2703 2905 secundum
2750 2850 3072 2922 Apostolum.
3122 2851 3193 2905 Et
3221 2853 3315 2906 hoc
3342 2861 3421 2905 est

1898 2919 2072 2973 erbum
2092 2938 2300 2993 carnem
2322 2924 2515 2993 factum
2540 2939 2669 2987 esse,
2701 2919 2898 2993 unitum
2918 2938 3031 2993 esse
3057 2923 3221 2993 carni,
3244 2931 3301 2975 ut
3321 2923 3417 2974 Im-

1842 3006 2028 3061 iiumus
2049 2992 2292 3061 spiritus;
2323 2991 2530 3045 vocatur
2550 2993 2686 3045 enim
2715 2992 2865 3045 homo
2887 2992 3073 3045 similis
3102 2991 3248 3061 nobis
3273 3009 3415 3057 caro;

1846 3057 2100 3132 Dominus
2123 3073 2289 3114 autem
2311 3072 2385 3115 est
2406 3079 2561 3132 supra
2584 3079 2676 3115 nos
2698 3063 2846 3132 homo
2870 3077 2886 3114 :
2908 3060 3232 3132 quamobrem
3254 3071 3302 3114 et
3324 3079 3421 3116 ca:-

1768 3159 1814 3222 c
1846 3129 2119 3222 esset:
2157 3141 2376 3222 mea
2391 3129 2715 3222 remur.“
2738 3129 3299 3222 311‘."f.‘_‘i"3.f“i’?f’.‘f'_’f:_
3314 3136 3421 3222 --ξέίὲ

1847 3200 2120 3272 prudentia
2147 3200 2319 3256 Carnis
2346 3200 2735 3256 adversabatur.
2775 3200 2939 3272 Atque
2964 3202 3039 3254 ita
3068 3200 3422 3256 destruebutur

1845 3270 1899 3342 in
1930 3268 2131 3325 Christo
2158 3282 2441 3341 peccatum,
2462 3284 2511 3326 et
2532 3272 2780 3325 dissoluta
2817 3268 2893 3325 est
2935 3288 3074 3325 mors
3101 3288 3165 3325 ea:
3191 3282 3417 3342 peccato.

1844 3336 1915 3390 Et
1936 3356 2028 3413 nos
2056 3336 2183 3410 facti
2212 3336 2489 3413 participes
2511 3342 2666 3411 hujus
2688 3342 2883 3412 operis,
2927 3342 3033 3411 ﬁde
3055 3336 3344 3413 safmimur;
3372 3350 3423 3396 et

1846 3424 1960 3482 cum
1982 3412 2144 3464 simus
2172 3428 2236 3464 ex
2264 3421 2414 3482 patre
2458 3421 2676 3476 terreno,
2709 3413 2954 3482 efﬁcimur
2989 3412 3179 3465 similes
3209 3412 3418 3482 scelesti.

1843 3479 2133 3553 Anatliema
2156 3479 2313 3552 igitur
2338 3483 2422 3545 sit,
2455 3482 2539 3553 qui
2559 3498 2662 3536 non
2692 3479 2817 3535 dicit
2868 3498 3073 3535 carnem
3102 3498 3165 3535 ea:
3217 3481 3421 3545 Maria;

1844 3557 1894 3621 et
1921 3552 2005 3621 qui
2036 3551 2188 3621 dicit;
2215 3569 2327 3605 eam
2382 3551 2589 3605 carnem
2630 3568 2741 3605 esse
2779 3560 2981 3621 natura:
3006 3568 3110 3605 non
3130 3562 3334 3618 creatie,
3375 3559 3426 3604 et

1844 3619 2114 3700 ὁκρρύσιον
2141 3620 2286 3700 Deo_;
2309 3623 2465 3675 immo
2487 3630 2535 3674 et
2558 3623 2655 3700 qui
2672 3622 2796 3675 dicit
2826 3620 3164 3700 Divinitatem
3190 3638 3303 3677 esse
3328 3640 3426 3694 pa-

1845 3688 2054 3762 tibilem,
2080 3698 2129 3744 et
2158 3707 2222 3762 ea;
2252 3693 2365 3762 ipsa
2379 3708 2487 3744 esse
2514 3688 2779 3762 passiones
2801 3693 3008 3762 animus.

1914 3760 2294 3816 Admonendus
2344 3760 2542 3825 lector,
2574 3762 2672 3816 sub
2713 3761 2898 3825 tinem,
2940 3760 3286 3829 Pelagianos,
3320 3761 3421 3815 etsi

1842 3830 1982 3885 forte
2004 3844 2196 3898 magna
2221 3830 2573 3900 jungerentur
2601 3847 2722 3885 cum
2752 3829 3148 3900 Apollinaristis
3197 3832 3427 3886 necessi-

1845 3908 1981 3964 tate,
2016 3901 2079 3955 iis
2104 3910 2284 3955 tamen
2314 3898 2367 3953 in
2390 3903 2498 3956 suis
2522 3898 2641 3954 fidei
2665 3898 2858 3955 libellis
2886 3901 3169 3955 anathema
3201 3902 3418 3955 dixisse.

1846 3968 1975 4040 Vide
2005 3969 2209 4040 Theod.
2240 3971 2293 4023 in
2311 3967 2567 4040 Symbolo
2585 3968 2805 4040 ;iRufln.
2831 3985 2950 4040 cap.
2970 3968 3040 4022 45
3058 3970 3239 4040 Fidei;
3272 3969 3426 4025 Pcla~

1842 4038 1985 4105 gium
2009 4040 2060 4092 in
2091 4039 2278 4094 Libell.
2313 4038 2460 4093 num.
2488 4039 2551 4105 7;
2586 4038 2919 4103 C(elestiuni,
2950 4040 3109 4107 ibid.;
3156 4038 3425 4095 Iulianum

1844 4107 2106 4181 in_Libell.
2139 4118 2278 4181 part.
2306 4125 2527 4164 mnum.
2562 4110 2617 4179 6.,
2637 4109 2839 4166 Causas
2858 4110 3177 4181 protulimus
3207 4111 3257 4165 in
3281 4111 3425 4167 notis

1842 4177 1909 4231 ad
1952 4177 2358 4260 citatos—dlocos,
2407 4195 2540 4249 quas
2579 4177 2914 4237 consuluisse
2964 4181 3277 4237 nonnullum
3323 4183 3428 4237 erit

1843 4263 2020 4318 operte
2048 4257 2298 4320 pretium.

2375 4342 2402 4405 §
2425 4340 2510 4392 lli.
2534 4340 2612 4393 De
2635 4341 2886 4394 Eunomia.

1915 4457 2161 4514 Eunomii
2190 4474 2356 4533 error
2380 4458 2520 4533 circa
2557 4460 2852 4516 trinitatem
2896 4461 3195 4517 divinarum
3242 4479 3430 4533 perso-

164 4528 320 4616 Quod.
335 4550 462 4590 caro
479 4534 553 4616 Ade
574 4528 901 4616 émlo‘alla'ta
926 4528 1130 4616 aeterna
1156 4528 1313 4616 feret2
1343 4539 1397 4613 et
1426 4546 1544 4616 cuni
1567 4531 1743 4616 Verbo
1771 4528 1821 4589 D
1847 4545 2035 4616 narum
2053 4529 2557 4616 ipc'rvulgatissimus
2577 4538 2687 4613 est,
2719 4528 3287 4616 omnibusque‘potus;
3302 4550 3428 4616 lion

164 4601 323 4677 simul
349 4614 548 4677 creata.
571 4603 795 4677 Oportet
817 4606 889 4659 ita
912 4605 1198 4677 delirantes
1217 4602 1472 4656 defecisse
1486 4602 1560 4677 ab
1577 4601 1741 4677 Apol-

165 4674 323 4728 linari
349 4675 418 4729 ad
445 4672 769 4745 Arium,'qua
789 4683 941 4745 parte
955 4674 1189 4729 Verbum
1210 4679 1447 4745 creatum
1468 4672 1738 4745 dicebant,

165 4759 273 4815 qua
312 4760 439 4800 vero
477 4739 818 4815 concreatam
848 4744 1024 4799 Verbo
1071 4758 1320 4807 carnem,
1349 4742 1441 4815 ad_
1460 4739 1743 4815 Origenem

165 4811 260 4869 aut
279 4817 467 4871 saltem
487 4814 831 4885 Origenistas,
864 4816 956 4883 qui
984 4821 1177 4885 printer
1199 4826 1383 4867 verum
1413 4811 1617 4885 Deum,
1649 4813 1741 4881 qui

165 4885 313 4956 solus
342 4885 529 4953 Pater,
562 4881 936 4956 incorporeum
982 4881 1113 4939 nihil
1160 4881 1735 4956 esse__contendeb_an_t.

164 4955 408 5020 Sextum,
428 4952 573 5027 quOd
601 4952 727 5011 haec
743 4958 856 5023 ipsa
876 4970 1024 5027 caro,
1054 4952 1458 5027 utieratVerbo
1477 4991 1491 5015 ,
1519 4952 1741 5021 perinde

162 5042 228 5083 ac
256 5027 408 5081 nobis
446 5024 631 5082 nostra
653 5066 667 5090 ,
710 5025 1176 5081 consubstantialis
1200 5065 1215 5089 ,
1260 5024 1332 5077 ita
1361 5031 1559 5077 nostra:
1601 5029 1745 5076 esset

163 5098 498 5164 ἅτεροούσιος.
557 5096 660 5164 Qui
702 5097 806 5153 hoc
852 5095 1098 5151 delirium
1150 5094 1512 5163 sequebantur
1559 5099 1745 5164 aperte

163 5115 244 5152 ατε
306 5118 498 5159 ουσιος.
557 5115 660 5164 ναι
702 5115 806 5153 HOC
852 5115 1098 5151 Gaurium
1150 5115 1512 5163 sequebantur
1559 5115 1743 5161 aperte

161 5115 520 5244 deligetebant
546 5168 613 5221 ad
654 5171 901 5231 Αοκήταςς
933 5180 1056 5219 nam
1084 5166 1129 5219 si
1156 5164 1399 5244 Christus
1428 5176 1601 5231 neque
1628 5163 1743 5244 anni:

161 5253 307 5293 mam
328 5238 532 5303 habuit,
555 5251 729 5307 neque
749 5251 965 5293 carnem
987 5244 1181 5290 nostrae
1201 5235 1485 5307 ὁμορύσιφν,
1511 5249 1619 5287 non
1644 5232 1747 5287 fuit

160 5323 351 5364 revera
379 5308 561 5371 homo,
593 5304 686 5363 sed
713 5308 996 5363 videbatur
1030 5304 1255 5359 tantum.
1287 5304 1582 5373 Septimum
1606 5343 1620 5366 ,
1648 5318 1745 5373 pa-

162 5378 368 5435 tibilem
398 5382 517 5433 esse
545 5378 833 5434 secundum
857 5393 916 5433 se
940 5376 1282 5430 Divinitatem
1312 5372 1491 5429 Verbi.
1525 5372 1646 5427 Fuit
1687 5381 1743 5428 et

160 5451 266 5505 ista
313 5449 558 5531 impiegas.
605 5447 1100 5531 Apollinaristarum
1149 5462 1179 5499 a
1224 5445 1480 5527 magistro
1508 5458 1626 5531 eam
1669 5443 1740 5531 ob

161 5516 764 5576 causam—deficientium
790 5518 857 5571 ad
884 5517 1137 5583 Arianos,
1171 5517 1294 5585 quia
1318 5531 1423 5569 non
1464 5516 1593 5568 satis
1622 5521 1741 5569 erat

162 5591 292 5661 ipsis
317 5605 629 5665 persuasum
648 5589 723 5665 de
749 5587 1043 5665 differentia
1067 5584 1256 5665 animm
1278 5592 1332 5640 et
1352 5584 1563 5665 mentis,
1578 5599 1738 5665 quam

161 5654 341 5736 tamen
371 5661 823 5736 Apollinaris__p_ro
860 5658 1124 5736 principio
1152 5664 1393 5736 poneret.
1433 5654 1543 5736 Hac
1580 5654 1737 5736 enim

161 5732 355 5788 mentis
385 5723 437 5788 οἱ
458 5732 645 5788 animae
676 5723 969 5786 diii'ercntia
992 5723 1214 5792 sublata,
1238 5726 1473 5783 Verbum
1496 5726 1549 5782 in
1576 5723 1734 5781 Chri-

1848 4600 2067 4669 perinde
2096 4600 2258 4664 alter,
2289 4600 2380 4668 qui
2427 4600 2570 4656 circa
2609 4600 3031 4658 incarnationem
3076 4603 3257 4657 Verbi.
3298 4603 3427 4668 Quis

1849 4672 1990 4725 enim
2014 4677 2255 4724 veterum
2284 4670 2472 4725 eadem
2500 4670 2821 4727 Eunomium
2851 4688 2972 4728 cum
2988 4673 3114 4726 Ario
3129 4672 3196 4727 de
3223 4671 3357 4727 Filio
3373 4681 3431 4728 et

1849 4739 2049 4810 Spiritu
2076 4749 2263 4795 sancto
2310 4742 2539 4795 sensisse
2579 4758 2688 4797 non
2744 4743 2994 4797 tradidit?
3022 4742 3264 4796 Sensisse
3294 4757 3424 4797 vero

1848 4826 1969 4865 cum
2008 4810 2218 4866 Arianis
2240 4810 2307 4865 de
2330 4810 2508 4867 Verbo
2536 4814 2727 4867 animae
2755 4812 2931 4867 locum
2960 4819 3174 4866 tenente
3196 4813 3249 4865 in
3273 4811 3431 4866 Chri-

1847 4888 1960 4946 sto,
1992 4882 2083 4949 qui
2106 4882 2378 4951 scripserit
2399 4882 2588 4950 quinto
2612 4883 2807 4937 sarculo
2837 4898 2943 4938 non
2968 4882 3187 4951 memini
3230 4897 3317 4936 me
3344 4882 3427 4937 le-

1848 4965 1975 5020 gere
2002 4950 2345 5021 queinquam,
2392 4962 2588 5021 prieter
2614 4952 2997 5016 Mercatorem,
3029 4950 3428 5007 Theodoretum

1852 5029 1904 5093 et
1926 5021 2251 5093 Nestorium.
2310 5021 2391 5075 llli
2431 5036 2558 5077 vero
2589 5030 2728 5086 tres,
2760 5032 2822 5077 ut
2868 5021 3189 5078 Eunomium
3217 5038 3431 5093 semper

1850 5091 2063 5145 Arianis
2086 5092 2316 5161 jungunt
2343 5098 2566 5160 propter
2593 5093 2907 5148 societatem
2931 5093 3157 5159 erroris,
3192 5093 3264 5147 ita
3285 5091 3430 5148 facto

1849 5162 2044 5242 docent
2063 5162 2193 5242 nihil
2221 5161 2288 5242 de
2311 5161 2478 5242 ipsius
2498 5176 2683 5242 errore
2706 5162 2907 5242 afferri
2925 5178 3085 5234 posse
3105 5163 3251 5232 quod
3290 5163 3431 5218 inter

1849 5234 2111 5304 agendum
2140 5230 2533 5304 de_Ario__non_
2576 5233 2646 5288 sit
2688 5230 3008 5304 occupatum
3058 5251 3070 5287 :
3112 5230 3279 5303 quare
3314 5248 3431 5288 rem

1847 5302 2004 5376 hujus
2042 5300 2447 5376 hominisfacile
2488 5300 2855 5373 absolvemus,
2904 5305 2951 5361 si
2987 5300 3157 5376 pauca
3185 5304 3433 5374 quaedam

1847 5372 2130 5427 observata
2159 5371 2375 5426 fuerint.

1915 5441 2317 5516 Observandum
2362 5443 2524 5516 igitur
2554 5444 2729 5516 primo
2769 5446 3121 5502 Mercatorem
3162 5444 3431 5502 Eunomia

1841 5514 2047 5568 socium
2076 5511 2343 5587 addidisse
2371 5511 2768 5587 Macedbnium,
2800 5519 2945 5587 quod
2967 5518 3052 5573 vel
3095 5532 3253 5573 nemo
3274 5523 3430 5571 vete-

1841 5600 1956 5659 rum
1973 5624 1987 5647 ,
2012 5584 2098 5659 vel
2126 5583 2283 5654 pauci
2306 5585 2657 5659 tradiderunt.
2683 5583 2866 5659 Neque
2885 5604 3014 5645 vero
3036 5588 3229 5643 mirum
3257 5588 3430 5642 hatre-

1841 5655 2002 5709 ticum
2033 5654 2255 5709 alterum
2298 5654 2481 5720 alteri,
2524 5658 2670 5714 velut
2718 5654 3430 5721 in'conclusioncmonscnv-

1842 5726 2003 5789 sisse,
2030 5740 2151 5781 cum
2171 5724 2236 5780 de
2257 5726 2518 5799 principio
2557 5732 2938 5797 convenirent;
2996 5730 3153 5788 ambo
3175 5729 3318 5786 enim
3344 5728 3421 5785 ἵεις
