3992 6276
254 341 393 400 H57

1082 335 1399 396 DISSEBT.
1439 339 1481 395 I.
1526 336 1616 394 DE
1657 334 1942 393 HJERESI
1980 332 2071 394 ΕΤ
2110 337 2335 396 LIBRIS
2371 339 2708 398 NESTORII.

3403 341 3536 396 H38

247 456 426 528 posita
439 462 524 528 est
549 455 844 528 Athanasio
863 453 1112 528 oratiojn
1141 468 1248 528 qua
1275 451 1556 528 Marcellus
1582 451 1841 528 Samosa-
1867 453 1921 512 Δ
1946 519 1996 528 __
2019 451 2182 520 Duas,
2223 464 2282 509 ut
2310 465 2556 528 apertum
2578 464 2679 519 est,
2704 455 2983 528 sententia;
3003 469 3110 510 sua:
3132 462 3313 528 partes
3339 455 3541 513 fecerat

249 521 380 584 ἱεηο
407 527 774 596 conjungitur,
813 540 990 596 neque
1013 521 1260 596 Hilarius
1289 521 1639 596 Pictaviensis
1675 521 1840 596 seve-

249 613 450 669 rusque
469 591 728 669 sulpitius
755 591 887 669 satis
901 591 1230 652 credibiliter
1257 594 1675 669 scripse_ru_nt_de
1697 591 1839 669 Mar-

249 663 391 726 cello
429 668 498 723 ab
521 663 814 723 Athanasio
859 667 1141 731 damnato;
1173 674 1284 720 tum
1333 663 1478 735 quod
1510 663 1844 736 Epiphanius

248 739 418 794 haeret
442 739 546 796 hac
566 740 617 793 in
648 754 707 795 re
735 739 948 804 dubius,
980 736 1290 808 prolertque
1317 733 1583 808 geminam
1603 733 1843 808 Marcelli

228 810 663 880 confessionem,
688 825 912 880 quarum
936 805 1104 864 altera
1123 805 1343 863 omnino
1358 806 1621 862 catholica
1642 812 1745 870 est,
1771 805 1845 860 al-

246 889 370 952 tera
391 879 572 952 varios
599 879 798 952 sensus
808 881 1028 952 patitur.

225 954 234 993 :'
319 951 632 1006 Marcellum
653 946 939 1007 absolvunt
955 948 1124 1020 Julius
1151 963 1311 1020 papa,
1330 948 1633 1020 concilium
1659 946 1843 1020 sardi:-

245 1037 412 1093 cense
439 1021 494 1075 in
521 1021 749 1092 epistola
770 1020 1056 1093 synodica;
1085 1017 1424 1093 Athanasius,
1451 1019 1504 1093 in
1525 1018 1754 1093 epistola
1776 1017 1840 1073 ad

244 1089 631 1158 solitariosfet
660 1089 814 1163 quod
834 1091 1077 1163 omnium
1113 1091 1283 1163 instar
1297 1098 1426 1163 est,
1450 1089 1842 1145 dirissimorum

244 1159 710 1234 quorumcumque
737 1161 1101 1234 perpessio_ab
1126 1159 1357 1228 Arianis,
1390 1176 1455 1216 ac
1481 1175 1620 1234 pene
1631 1166 1843 1234 _marty--

244 1177 710 1234 quorumcumque
737 1177 1012 1233 perpessro
1033 1177 1101 1216 an
1126 1177 1357 1228 ariams,
1390 1177 1455 1216 ac
1466 1177 1620 1286 (pene
1641 1177 1842 1231 marry--

243 1234 407 1311 rium,
439 1250 537 1311 pro
559 1231 663 1288 ﬁde
690 1233 983 1311 ὃμρουσξου.
1003 1231 1181 1299 Quare
1209 1248 1331 1287 cum
1360 1247 1463 1302 apu
1521 1247 1613 1311 me
1631 1231 1842 1311 hacte-

243 1302 500 1361 stimonia
531 1302 828 1373 perpendo,
858 1303 950 1358 vix
977 1311 1298 1373 extorquere
1320 1317 1538 1373 possum
1565 1302 1646 1373 ab
1662 1302 1844 1357 animo

243 1391 371 1432 meo
410 1385 468 1431 ut
494 1372 712 1430 Eusebii
751 1373 1096 1430 Caesariensis
1143 1372 1380 1444 quinque
1419 1372 1540 1444 libri
1586 1372 1845 1444 adversus

243 1444 558 1516 Marcellum
590 1461 699 1502 non
726 1446 845 1516 plus
886 1444 1118 1516 habeant
1143 1443 1403 1516 momenti
1429 1443 1496 1516 ad
1525 1443 1845 1516 propulsan-

241 1515 376 1572 dum
403 1518 626 1584 crimen,
658 1513 820 1586 quam
847 1515 916 1572 ad
955 1513 1289 1586 inferendum
1330 1514 1406 1570 illi
1441 1514 1576 1586 viro,
1592 1514 1695 1586 qui
1723 1530 1845 1586 cum

240 1601 387 1642 unus
421 1586 584 1643 fuerit
609 1583 691 1642 de'
704 1586 960 1642 trecentis
981 1585 1168 1642 decem
1213 1593 1269 1641 et
1307 1594 1434 1641 octo
1459 1583 1706 1639 Patribus
1732 1585 1846 1640 Arii

240 1656 670 1723 damnatoribus,
694 1658 886 1727 dignus
913 1664 994 1712 est
1013 1658 1190 1722 venia,
1217 1657 1261 1711 si
1281 1656 1407 1725 quid
1430 1665 1524 1712 aut
1545 1656 1848 1727 impruden-

240 1735 332 1799 ter
354 1729 603 1784 excidere
622 1729 724 1784 sibi
746 1725 935 1799 pimus
947 1737 1054 1794 est,
1086 1735 1179 1799 aut
1199 1728 1254 1799 iu
1273 1725 1846 1799 suspicionem_Sabel-

239 1797 498 1881 lianismi,
523 1799 673 1881 quod
704 1796 804 1881 ipsi
835 1814 1064 1881 quoque
1091 1797 1292 1854 Basilio
1335 1796 1534 1868 magno
1581 1796 1841 1866 iniuriose

239 1871 491 1940 contigit,
521 1869 806 1926 infeliciter
833 1869 1035 1925 incidit.

315 1939 414 1996 His
440 1941 514 1996 ita
543 1957 602 1996 se
627 1940 964 2007 habentibus,
991 1941 1173 1996 malim
1197 1953 1300 2009 ego
1326 1939 1556 2010 hujusce
1582 1940 1838 2010 hominis,

243 2019 306 2084 ut
324 2019 380 2068 et
398 2011 745 2084 Apollinaris,
764 2021 967 2084 sortem
987 2008 1347 2084 miserabilem
1360 2008 1698 2084 deberecum
1715 2009 1843 2081 Epi-

242 2079 469 2152 phanio,
514 2097 676 2152 quam
727 2097 850 2138 cum
879 2081 1031 2152 aliis,
1062 2083 1115 2152 in
1151 2097 1212 2138 re
1239 2090 1351 2136 tam
1391 2079 1592 2152 dillicili
1625 2079 1842 2152 tamque

243 2150 494 2219 obscura,
517 2150 842 2208 sententiam
870 2151 1029 2208 ferre.
1061 2151 1177 2220 Qua
1215 2152 1270 2206 in
1299 2160 1453 2222 parte
1479 2151 1612 2206 mihi
1640 2150 1840 2222 Avidﬁeor

243 2224 407 2303 sequi
438 2224 618 2303 magni
647 2220 1675 2303 Athanasii_exemplum,rqui.cumnab
1715 2220 1842 2303 Epi-_

244 2291 446 2376 phanio
463 2291 897 2376 interroga-retur
923 2293 991 2376 de
1012 2291 1286 2376 Marcelloz
1309 2291 1520 2375 siluisse
1539 2291 1842 2376 dicitur,iet

245 2362 644 2435 indignabundo
670 2362 996 2421 shbridentis
1021 2371 1155 2435 nutu
1183 2363 1492 2435 ambiguum
1522 2362 1735 2435 dedisse
1746 2363 1840 2435 _si-

243 2432 408 2504 gnum
438 2436 622 2502 animi,
657 2435 744 2490 vel
774 2434 1247 2498 obtrectatoribus,
1278 2435 1364 2488 vel
1398 2434 1648 2488 humanae
1670 2432 1842 2488 imbe-

243 2505 457 2561 cillitati
473 2547 488 2572 ,
513 2505 816 2560 irascentis.

316 2574 451 2630 Utut
477 2571 547 2630 se
573 2590 663 2629 res
690 2574 875 2639 habet,
914 2573 1169 2630 Marcello
1199 2573 1386 2643 tribuit
1423 2571 1693 2627 Mercator
1731 2571 1840 2643 (In

244 2645 376 2700 diss.
403 2646 472 2699 ad
486 2643 554 2698 l2
581 2643 788 2714 anath.)
809 2644 954 2714 quod
982 2643 1202 2714 Ebionﬁis
1230 2651 1286 2699 et
1305 2641 1639 2714 samosateni
1666 2641 1841 2714 hzere—

241 2715 349 2770 sim
378 2723 594 2772 secutus
640 2713 1052 2786 sit;iNestorius
1093 2713 1454 2786 (Sqtm.12),
1485 2713 1631 2782 quod
1673 2713 1841 2786 depo-

247 2786 480 2841 nendam
501 2785 790 2841 aliouando
811 2784 1111 2840 humanam
1129 2800 1160 2838 a
1189 2784 1368 2840 Verbo
1393 2793 1639 2838 naturam
1661 2784 1840 2840 credi-

243 2852 712 2928 derit;AEusebius
737 2854 942 2928 (Libris
970 2857 1191 2928 quinque
1215 2854 1456 2928 aduersus
1486 2852 1836 2928 M_a_rcell_um),

239 2927 393 2994 quod
405 2925 688 2996 Christum
720 2924 786 2982 ex
806 2924 1220 2996 Maria'cmpisse
1249 2926 1446 2996 dixerit
1478 2943 1490 2978 :
1524 2924 1838 2996 Theodore-

242 3002 335 3051 tus
358 2995 507 3068 (Lib.
556 2995 771 3068 ther.
795 2994 931 3068 Fab.
965 2994 1092 3068 capg
1113 2995 1238 3068 1Q),
1268 2995 1426 3068 quod
1466 2995 1839 3068 extensionem

241 3063 532 3136 quamdam
549 3067 853 3136 Divinitatis
879 3063 1056 3136 Patris
1076 3067 1130 3120 in
1152 3063 1427 3120 Christum
1449 3066 1659 3136 venisse
1689 3065 1840 3121 dixe-

244 3133 338 3202 rit,
359 3145 414 3192 et
439 3136 580 3192 hanc
607 3136 776 3191 Deum
804 3135 1041 3191 Verbum
1081 3136 1449 3206 appellaverit.
1483 3133 1613 3202 Quae
1637 3136 1683 3191 si
1714 3151 1838 3192 vera

1946 519 2241 591 Mereatur;
2267 519 2426 582 unam
2449 528 2517 582 de
2535 527 2908 587 consensione,
2928 519 3152 580 alterum
3167 525 3235 581 de
3261 527 3535 594 dissensu;

1945 595 2176 649 secunda
2209 613 2336 652 usus
2359 607 2442 654 est
2482 597 2760 654 Nestorius
2789 598 2854 650 ad
2885 598 2964 651 sui
2995 597 3236 650 dolosam
3267 596 3538 654 defensio-

1947 677 2089 743 nem,
2118 668 2500 743 quodconstat
2523 667 2966 743 ex_verbis;iuiuti_o
2987 667 3179 743 al_latis.
3193 667 3284 743 Δᾼίὶ
3303 669 3540 743 priorem

1945 737 2029 810 ita
2051 738 2328 810 respondit
2351 739 2552 810 (Serm.
2579 739 2638 803 4,
2672 755 2815 792 nam.
2844 737 2939 810 10)
2975 756 2986 790 :
3023 737 3165 810 Tunc
3186 737 3392 792 illorum
3428 740 3541 794 bla-

1943 803 2177 878 sphemia
2215 803 2540 874 liberaberis,
2577 819 2626 863 et
2657 810 2810 878 facile
2838 825 2899 870 ac
2921 803 3135 862 breviter
3158 823 3538 878 sacramentum

1944 874 2208 950 religionis
2229 879 2394 936 edices
2419 882 2512 934 hoc
2533 874 2703 935 modo.
2748 881 2892 934 Alius
2921 879 3124 950 quidem
3145 877 3284 950 Deus
3318 879 3540 935 Verbum

1944 955 2038 1022 est,
2066 948 2150 1022 qui
2173 959 2286 1022 erat
2312 953 2366 1005 in
2404 952 2611 1022 templo,
2655 951 2792 1021 quod
2838 948 3078 1022 operatus
3106 960 3181 1002 est
3211 949 3461 1022 S_piritus,
3493 961 3542 1004 et

1945 1016 2091 1070 aliud
2135 1021 2374 1092 templum
2413 1016 2602 1092 praeter
2646 1016 2963 1074 habitantem
3005 1019 3186 1073 Deum.
3223 1016 3419 1092 Templi
3464 1033 3542 1075 est

1943 1096 2109 1160 morte
2136 1089 2377 1156 dissolvi;
2408 1089 2746 1146 inhabitantis
2789 1101 2958 1145 mitem
2997 1092 3236 1160 templum
3268 1089 3355 1155 id,
3374 1102 3430 1144 ut
3459 1111 3541 1146 re-

1944 1159 2172 1232 suscitet,
2197 1164 2459 1232 proprium
2482 1173 2574 1218 est.
2607 1161 2728 1216 Non
2750 1162 2830 1214 hic
2844 1177 2985 1215 meus
3010 1159 3176 1216 sermo
3196 1172 3300 1226 est;
3324 1163 3415 1216 sed
3443 1181 3541 1218 vos:

1948 1226 2180 1306 Domini,
2197 1226 2321 1306 eam
2352 1233 2463 1306 lego
2486 1251 2510 1306 7:
2543 1233 2739 1306 Solvite
2767 1233 3027 1306 templum.
3050 1233 3248 1306 inquit,
3281 1233 3377 1306 hoc
3406 1245 3454 1287 et
3483 1236 3538 1287 in

1947 1299 2117 1354 triduo
2147 1299 2419 1376 suscitabo'
2435 1305 2564 1376 illud
2595 1303 2770 1373 (Joau.
2807 1299 3002 1371 11,19).
3038 1299 3426 1376 Conjunctionis
3449 1307 3540 1376 igi-

1949 1378 2030 1446 tur
2058 1373 2396 1446 conﬁteamur
2424 1375 2758 1446 dignitatem,
2792 1385 3001 1446 naturas
3020 1373 3200 1446 autem
3227 1384 3276 1427 et
3299 1373 3539 1428 substan-

1948 1440 2046 1494 tias
2063 1440 2321 1517 duplices.
2355 1440 2497 1499 Turn
2519 1444 2702 1517 (Num.
2737 1446 2819 1513 ll)
2855 1463 2867 1498 :
2895 1443 2940 1496 F
2943 1445 3186 1517 ugiamus
3197 1446 3368 1516 itaque
3387 1446 3538 1516 hujus

1947 1515 2266 1583 confusionis
2300 1514 2549 1580 errorem,
2585 1515 2860 1569 Dominum
2893 1514 3123 1571 nostrum
3147 1514 3424 1581 Christum,
3451 1514 3537 1570 se-

1946 1584 2168 1658 cundum
2199 1596 2466 1652 naturam,
2501 1587 2753 1657 duplicem
2791 1586 3050 1651 dicamus;
3091 1586 3371 1640 secundum
3403 1589 3538 1658 quod

1947 1663 2023 1706 est
2050 1653 2098 1707 F
2101 1657 2240 1721 ilius,
2271 1674 2448 1712 unum.

2020 1725 2402 1799 Animadverte
2431 1729 2607 1784 obiter
2644 1728 2947 1782 Nos-torium
2975 1728 3107 1782 duas
3137 1729 3454 1799 bypostases
3481 1729 3536 1783 in

1946 1792 2165 1872 Christo
2193 1798 2307 1872 sola
2337 1803 2581 1872 συναφεία
2606 1801 2787 1853 unitas
2816 1806 2999 1867 aperte
3020 1792 3298 1863 conlit'e'ri;
3326 1799 3535 1872 dixerat

1945 1867 2088 1921 enim
2111 1870 2298 1940 procul
2318 1867 2682 1926 dubio'Griece
2707 1888 2719 1922 :
2745 1877 2836 1930 τῆς
2863 1873 3135 1941 συναφείας
3170 1873 3337 1924 τοίνυν
3359 1870 3537 1941 ὄμολο-

1943 1946 2112 2066 Ξῶμεν
2140 1947 2230 2001 τήν
2261 1941 2489 2007 ἑνότητα,
2546 1944 2638 2002 τὰς
2665 1941 2717 1997 δὲ
2746 1943 2942 2015 φύσεις,
2979 1944 3066 1994 καί
3094 1943 3188 2000 τὰς
3216 1941 3539 2002 ὑποστάσεις·

1978 2011 2146 2066 ιπλᾶς.
2207 2010 2480 2066 Mercator
2525 2021 2725 2066 autem.
2776 2025 2926 2064 more
2985 2026 3102 2066 suo.
3153 2025 3252 2066 pro
3296 2015 3539 2066 συναφεία

1978 2011 2146 2087 ιπλᾶς.
2204 2010 2480 2087 Mercator
2525 2021 2725 2087 autem,
2752 2010 2949 2087 '_morc_
2985 2026 3102 2074 suo,
3143 2025 3252 2087 pro
3296 2015 3540 2087 σνναφείᾳ

1944 2081 2380 2152 coujunctionem
2407 2083 2588 2144 vertit,
2622 2099 2720 2152 pro
2747 2083 3040 2138 ὑποστάσει
3076 2081 3451 2137 substantiam.

2015 2150 2272 2206 Eamdem
2295 2150 2694 2208 accusationem
2717 2153 2921 2206 diluere
2941 2159 3169 2207 conatus
3190 2160 3272 2204 est
3291 2167 3542 2206 sermone

1943 2221 2296 2288 duodecimo,
2322 2224 2411 2278 ubi
2441 2223 2779 2278 Samosateni
2814 2222 3045 2292 primum
3076 2219 3373 2292 etuPhotini
3407 2237 3541 2276 con-

1942 2294 2250 2348 sensionem
2279 2294 2545 2361 ostendit;
2585 2302 2698 2349 tum
2743 2291 3018 2362 utriusque
3057 2291 3443 2362 dill'erentiami;
3487 2300 3544 2347 et

1944 2363 2162 2433 tandem
2188 2364 2468 2433 amborum
2490 2381 2521 2418 a
2543 2380 2601 2418 se
2622 2361 3056 2433 discrepantiam.
3081 2363 3169 2433 Ait
3197 2376 3325 2433 ergo
3350 2361 3534 2431 (Num.

1945 2432 2032 2497 12,
2060 2431 2156 2500 15)
2193 2451 2204 2485 :
2238 2432 2437 2487 Paulus
2466 2451 2526 2488 ac
2555 2431 2814 2488 Photinus
2839 2434 3070 2487 nesciunt
3104 2432 3229 2486 Filii
3257 2431 3537 2500 Deitatem,

1941 2504 2178 2557 nesciunt
2198 2500 2326 2556 Filii
2350 2504 2479 2557 duas
2501 2513 2733 2570 naturas,
2757 2505 2992 2558 nesciunt
3012 2501 3177 2556 Deum
3197 2512 3246 2556 et
3260 2502 3538 2568 hominem;

1945 2573 2280 2643 [runcantem
2313 2574 2448 2627 inter
2475 2589 2530 2628 se
2564 2574 2911 2643 differentiam
2940 2573 3168 2627 habent:
3199 2589 3333 2627 unus
3363 2590 3542 2628 eorum

1972 2642 2190 2711 Paulus)
2241 2641 2497 2698 Christum
2541 2641 2705 2699 solum
2739 2645 2993 2699 hominem
3048 2644 3200 2707 dicit;
3247 2644 3379 2697 alter
3423 2661 3541 2698 vero

1970 2711 2249 2787 Photinus)
2291 2713 2413 2787 dicit
2437 2716 2654 2787 quidem
2673 2715 2910 2787 Verbum,
2944 2733 3046 2787 non
3075 2724 3246 2768 autem
3267 2715 3542 2787 conﬁtetur

1943 2784 2054 2857 esse
2084 2784 2246 2857 Deum
2278 2785 2411 2838 :sed
2443 2784 2566 2840 dicit
2616 2785 2834 2840 Verbum
2862 2785 3002 2839 istud
3030 2784 3305 2857 aliquando
3337 2785 3538 2849 quidem

1944 2852 2124 2909 Patris
2153 2857 2361 2928 nomine
2387 2858 2620 2921 vocitari,
2645 2857 2926 2928 aliquando
2955 2852 3309 2928 auteni__Verbi
3333 2858 3542 2910 nomine

1943 2928 2250 2995 nuncupari.
2283 2923 2409 2980 Non
2430 2939 2599 2981 autem
2621 2923 2902 2981 introducit
2932 2928 3087 2981 (leum
3127 2924 3347 2979 Verbum
3376 2929 3542 2981 homi-

1943 3011 2057 3048 nem
2088 2997 2314 3066 factum;
2345 2999 2506 3051 nescit
2533 3000 2670 3051 enim
2715 2997 2840 3051 Filii
2879 2997 3245 3060 Divinitatem;
3271 2998 3431 3050 nescit
3459 2997 3542 3050 di-

1940 3066 2111 3139 uinam
2138 3066 2478 3122 substantiam
2505 3068 2761 3122 hominem
2788 3069 3105 3139 suscepisse;
3137 3069 3297 3121 nescit
3329 3085 3541 3139 prorsus

1952 3135 2106 3191 Verbi
2131 3139 2434 3192 existentem
2455 3149 2576 3194 ante
2604 3144 2794 3194 stvcuta
2819 3135 3093 3194 Deitatem.

242 3206 452 3288 sintnin
473 3208 591 3288 solo
613 3208 788 3278 primo
815 3207 995 3288 capite
1022 3205 1303 3288 Nestorius
1335 3213 1524 3288 aperte
1539 3224 1557 3288 ξ
1596 3207 1650 3288 in
1681 3207 1844 3264 tertio
1870 3213 1918 3278 (ζ
1952 3205 2254 3288 Μορεεννθ
2276 3208 2580 3288 Nesturium
2606 3211 2710 3288 tria
2725 3209 3250 3288 deuPhotinodicere
3275 3227 3286 3261 :
3314 3209 3541 3288 l°_quod

243 3275 650 3348 subobscurius,
683 3294 804 3332 cum
827 3275 945 3348 ipso
965 3279 1164 3343 sensit;
1197 3278 1251 3331 in
1281 3275 1503 3346 reliquis
1522 3275 1733 3348 duobus
1753 3294 1846 3348 pu-

241 3349 446 3417 gnavit.
490 3347 678 3418 Neque
706 3348 772 3402 ad
800 3347 860 3402 id
873 3348 1212 3418 probandum
1240 3348 1360 3402 aliis
1382 3347 1683 3402 rationibus
1709 3347 1846 3418 opus

241 3425 332 3488 est
349 3433 509 3488 quam
547 3434 665 3488 qum
689 3419 947 3474 hactenus
975 3418 1226 3474 adhibita:
1253 3427 1379 3474 sunt
1419 3418 1487 3474 ad
1527 3418 1844 3476 societatem

239 3485 482 3545 Nestorii
503 3485 623 3545 cu'm
648 3490 768 3544 aliis
793 3489 1059 3544 haereticis
1083 3489 1576 3545 demonstrandam.

319 3558 558 3616 Rellecte
578 3560 836 3625 animum,
859 3559 1045 3624 lector,
1061 3559 1113 3614 in
1135 3560 1341 3630 priscos
1360 3559 1700 3615 Nicrenorum
1715 3569 1846 3630 tem-

286 3646 438 3702 orum
462 3631 773 3686 defensores
795 3630 1098 3702 bpoooeiou,
1129 3627 1185 3686 et
1210 3631 1409 3686 mirare
1429 3630 1610 3702 plures
1636 3630 1690 3702 in
1714 3627 1848 3702 Pau-

264 3701 481 3757 iauismi
525 3700 886 3771 suspicionem
924 3700 1194 3767 incidisse,
1236 3703 1322 3758 vel
1366 3700 1512 3770 quod
1553 3701 1844 3755 Arianismi

238 3771 375 3828 odio
404 3772 606 3828 incensi
628 3788 735 3826 non
761 3778 1008 3842 tenerent
1028 3773 1159 3827 satis
1179 3771 1431 3842 loquendi
1456 3771 1694 3836 modum,
1723 3786 1844 3840 quae

237 3842 496 3898 humanae
524 3842 720 3897 mentis
747 3841 1029 3896 inlirmitas
1061 3860 1074 3896 :
1110 3841 1192 3899 vel
1219 3841 1365 3912 quod
1397 3843 1720 3897 Arianorum
1753 3857 1844 3897 ca-

236 3913 467 3985 lumniis
496 3912 879 3985 obruerentur,
896 3928 1017 3982 qua:
1037 3911 1292 3985 iniquitas
1313 3922 1618 3984 temporum
1647 3911 1844 3981 quibus

237 3983 395 4039 orbis
422 3999 483 4039 se
503 3985 730 4039 miratus
749 3992 834 4039 est
856 3984 1134 4038 Arianum.

235 4097 274 4161 ι
295 4096 354 4148 ν.
389 4096 466 4147 De
484 4097 714 4156 Photino,
737 4109 848 4146 cum
871 4110 969 4160 quo
1008 4098 1292 4161 consentire
1315 4096 1579 4148 Nestorius
1599 4109 1627 4146 ι
1651 4095 1844 4147 Ieru-

721 4166 831 4210 tore
867 4161 1072 4222 primum
1091 4160 1254 4210 dictus
1283 4165 1377 4209 est.

321 4260 554 4328 Questus
572 4269 656 4332 est
674 4261 962 4330 aliquando
985 4262 1044 4332 in
1066 4260 1306 4317 Ecclesia
1335 4277 1435 4332 pro
1457 4262 1721 4318 concione
1740 4261 1846 4318 Ne-

239 4332 472 4394 storius,
496 4331 641 4401 quod
663 4332 717 4386 in
745 4332 996 4387 invidiam
1019 4330 1354 4388 Photinianae
1382 4331 1602 4387 hzeresis
1622 4347 1846 4388 vocare-

245 4412 347 4457 tur
378 4402 768 4476 :Ergo,_inquit
809 4401 1002 4476 (Serm.
1026 4401 1104 4476 4),
1135 4402 1438 4476 quibusdam
1480 4403 1608 4458 mihi
1639 4413 1689 4476 et
1713 4403 1846 4476 illud

240 4472 694 4546 renuntiantibus,
745 4472 858 4527 cum
900 4472 1082 4546 ltetitia
1107 4472 1312 4546 sapius
1352 4475 1464 4538 risi,
1493 4475 1735 4546 quoniam
1763 4475 1840 4528 in-

240 4547 464 4616 quiunt:
491 4543 776 4615 Episcopus
817 4561 931 4617 qua:
959 4543 1173 4617 Photini
1199 4543 1320 4617 sunt
1349 4543 1518 4617 sapit;
1563 4546 1845 4617 nescientes

241 4599 413 4696 :seque
439 4599 562 4696 quib.
581 4599 874 4696 loquuntui,
899 4631 1059 4696 neque
1075 4614 1149 4696 de
1188 4614 1366 4696 quibus
1405 4599 1686 4696 hfﬁrmant.
1724 4613 1846 4696 ﬂoc
1874 4599 1926 4660 Ῑ)

243 4685 576 4758 e_nim_quod
611 4703 643 4738 a
690 4701 772 4739 me
816 4685 1020 4749 dicitur,
1063 4685 1283 4758 Plautini
1323 4687 1515 4758 eversio
1563 4687 1840 4758 invenitur.

243 4754 470 4811 Photini
495 4756 633 4827 enim
659 4771 915 4827 sensus__a
955 4765 1128 4827 partu_
1145 4754 1334 4810 Maria:
1370 4755 1536 4812 Verbo
1570 4757 1661 4810 dat
1696 4759 1845 4827 prin-

245 4827 446 4952 cipiupt
460 4865 474 4891 ,
498 4843 580 4880 me
600 4825 816 4894 dicente,
849 4824 1070 4880 Verbum
1090 4824 1256 4881 Deum
1266 4842 1468 4898 semper
1486 4824 1708 4882 existere
1728 4837 1848 4882 ante

247 4913 390 4952 stecu
415 4915 466 4951 a.

247 4913 466 4953 σιτεοιια.

328 4966 455 5024 l‘lrec
482 4983 603 5023 cum
632 4967 853 5038 diceret,
880 4967 1194 5024 intendebat
1215 4969 1453 5022 animum
1484 4968 1538 5023 in
1559 4968 1845 5038 epistolam

251 5039 572 5094 Mercatoris
603 5037 713 5108 (De
732 5038 1009 5110 discrim.),
1032 5053 1136 5108 qua
1175 5039 1405 5110 primurn
1434 5037 1748 5110 postulatus
1765 5047 1848 5093 est

253 5110 471 5182 publice
490 5106 649 5179 hujus
677 5110 948 5176 criminis;
968 5106 1026 5164 in
1047 5106 1111 5164 ea
1133 5106 1276 5164 enim
1301 5106 1588 5182 (Nam!)
1613 5106 1680 5182 5r)
1702 5108 1845 5164 Mer-

256 5178 413 5236 cator
440 5178 764 5251 expasuerat
803 5197 908 5250 qua
933 5188 1087 5250 parte
1124 5178 1765 5251 cpiivenirent_Photiuus
1793 5187 1850 5235 et

254 5247 556 5316 Nestorius,
587 5267 692 5322 qua
720 5247 1105 5322 discreparent.
1136 5247 1203 5304 In
1231 5266 1290 5304 eo
1319 5267 1434 5304 cum
1466 5249 1632 5322 Paulo
1659 5249 1849 5306 Samo-

257 5331 439 5376 sateno
454 5338 548 5376 con
544 5319 798 5393 jungitur,
809 5323 864 5376 in
873 5319 970 5393 quo
984 5319 1322 5393 habitatorem
1334 5331 1383 5375 et
1393 5321 1740 5376 habitaculum
1755 5339 1848 5392 pro

257 5393 455 5446 meritis
478 5391 703 5464 separat,
737 5391 965 5464 dividens
993 5391 1128 5464 quod
1147 5393 1616 5464 unicuiqueeorum
1635 5393 1702 5446 sit
1727 5391 1850 5464 pro-

259 5465 447 5534 prium,
479 5462 855 5534 e.r_dirersitate
874 5462 1075 5534 natura
1104 5478 1120 5516 :
1151 5462 1287 5534 quod
1300 5462 1512 5534 quidem
1532 5464 1638 5534 illis
1673 5462 1850 5517 ambo-

261 5530 354 5587 bus
382 5549 496 5586 cum
526 5530 745 5596 EBIONE,
772 5549 839 5586 ετ
880 5530 1138 5598 Puormo,
1165 5530 1248 5587 ἐτ
1287 5530 1508 5588 ῦΑιΑτΑ
1547 5533 1842 5589 MARCELLO

259 5620 528 5675 commune
556 5612 652 5657 est.
697 5601 761 5657 In
803 5619 862 5675 eo
898 5619 1044 5675 ivero,
1074 5603 1211 5675 quod
1247 5602 1584 5675 substantiule
1623 5603 1844 5675 Verbum

261 5671 360 5727 Dei
381 5674 670 5746 conﬁtetur,
694 5685 742 5728 et
775 5673 904 5746 illud
931 5689 1042 5728 esse
1060 5671 1124 5746 ab
1151 5685 1340 5728 aeterno
1362 5691 1474 5728 cum
1497 5673 1659 5729 Patre
1679 5673 1845 5730 Deum

262 5748 464 5818 usserit,
477 5743 522 5799 ἀ
557 5745 850 5802 memoratis
883 5752 1019 5800 recte
1037 5743 1300 5813 dissentit,
1323 5756 1372 5800 et
1393 5747 1514 5818 ﬁdei
1542 5755 1697 5802 rectm
1717 5763 1843 5804 con-

258 5817 510 5890 jungitur.

1947 3275 2146 3348 Christi
2173 3280 2387 3334 nomine
2408 3279 2643 3334 Verbum
2669 3279 2952 3348 signiﬁcari
2975 3279 3218 3348 velit;2°
3242 3279 3384 3346 quod
3406 3279 3541 3334 Ver-

1948 3347 2074 3419 bum
2106 3349 2234 3404 illud
2267 3357 2427 3419 neget
2455 3366 2572 3405 esse
2601 3347 2790 3415 Deum,
2821 3350 2915 3406 sed
2952 3350 3112 3403 modo
3142 3347 3334 3414 Patris,
3376 3351 3539 3405 modo

1948 3416 2067 3490 Filii
2097 3420 2312 3475 nomine
2345 3416 2561 3486 vocari;
2585 3421 2648 3475 ὅθ
2673 3421 2818 3490 quod
2846 3421 3012 3475 Deum
3044 3419 3276 3475 Verbum
3321 3438 3428 3476 non
3455 3422 3540 3475 in—

1947 3488 2198 3544 troducat
2217 3491 2489 3546 hominem
2513 3488 2976 3547 laetuni.Tertium
2996 3491 3133 3545 istud
3157 3490 3279 3545 inde
3299 3490 3538 3557 coniicit,

1947 3560 2090 3630 quod
2124 3559 2416 3625 Photinus,
2458 3577 2631 3630 neque
2671 3563 2782 3617 veri
2823 3561 2942 3616 Filii
2986 3561 3328 3616 Divinitatem
3367 3563 3537 3627 sciat,

1948 3645 2123 3702 neque
2133 3630 2368 3686 divinam
2389 3633 2721 3702 hypostasim
2742 3633 3013 3687 hominem
3027 3632 3346 3702 suscepisse,
3364 3648 3544 3702 neque

1947 3696 2106 3754 Verbi
2134 3696 2593 3757 existentemante
2609 3704 2799 3758 saecula
2823 3703 3107 3758 Deitatem.

2018 3769 2272 3826 Dissentit
2296 3791 2328 3826 a
2362 3791 2442 3828 me
2471 3773 2667 3827 Paulus
2696 3775 2750 3826 in
2778 3791 2836 3827 eo
2857 3773 2992 3844 quod
3021 3772 3144 3844 dicit
3166 3770 3426 3826 Christum
3447 3774 3541 3826 ho-

1944 3843 2135 3912 minem
2156 3844 2340 3908 solum,
2371 3854 2422 3896 et
2451 3853 2569 3897 tunc
2597 3844 2763 3897 solum
2795 3841 3001 3896 initium
3022 3841 3227 3912 habere
3254 3858 3318 3894 ea:
3345 3859 3442 3912 quo
3476 3844 3542 3896 de

1955 3911 2166 3984 Virgine
2193 3924 2344 3967 natus
2386 3923 2479 3967 est.
2513 3913 2627 3984 Ego
2658 3912 2946 3984 autem_tibi
2973 3911 3088 3965 ideo
3129 3911 3221 3984 hic
3251 3911 3452 3977 resisto,
3482 3921 3541 3965 ut

1946 3981 2221 4053 Deitatem,
2246 3999 2364 4053 quia
2379 3981 2578 4053 (eterna
2592 3993 2684 4046 est,
2705 3982 2851 4036 carni
2873 3981 3302 4052 contemporalem
3322 3998 3426 4036 non
3445 3998 3542 4035 au-

1945 4052 2069 4123 deas
2096 4051 2267 4123 facere
2289 4051 2471 4123 (Nam.
2509 4051 2616 4121 12).

2017 4118 2253 4178 Observa
2293 4118 2380 4178 hic
2421 4118 2586 4178 etiam
2624 4123 2931 4179 Nestorium
2973 4137 3225 4192 expresse
3265 4138 3539 4193 exponere

1944 4205 2051 4261 qua
2079 4193 2137 4262 in
2157 4203 2310 4262 parte
2329 4194 2608 4250 dissentiat
2628 4193 3004 4255 Samosateno,
3037 4210 3144 4247 non
3175 4193 3322 4258 item,
3353 4195 3538 4261 quain

1986 4271 2101 4317 arte
2127 4261 2358 4320 Photino
2392 4283 2404 4318 :
2437 4264 2564 4320 dolo
2594 4264 2645 4318 id
2671 4263 2877 4339 fecerit,
2911 4281 2978 4318 an
3023 4267 3264 4339 ἁτρχνίᾳ,
3294 4264 3533 4339 dubium.

1991 4343 2176 4389 ossunt
2217 4344 2394 4390 tamen
2426 4350 2494 4390 ex
2535 4334 2961 4404 praecedentibus
2989 4333 3166 4404 verbis
3196 4333 3296 4389 tria
3327 4333 3538 4389 dissen-

1945 4404 2112 4459 sionis
2131 4405 2307 4475 capita
2338 4403 2579 4474 intelligi,
2604 4422 2665 4459 ea
2689 4420 3028 4476 nempequar
3053 4403 3282 4476 Photin
3304 4405 3489 4476 tribuit
3523 4424 3537 4458 :

1945 4485 2170 4547 possunt
2191 4474 2256 4531 ex
2277 4477 2729 4547 consequentibus
2750 4474 2850 4530 ista
2871 4474 2978 4547 duo
2999 4476 3207 4547 eolligi._
3220 4474 3376 4547 Quod
3395 4474 3539 4530 Pho—

1951 4547 2085 4600 tinus
2111 4545 2361 4602 Deitatem
2387 4545 2538 4602 Verbi
2558 4563 2662 4601 non
2686 4546 3163 4616 habeat.Quodque
3193 4545 3413 4616 Verbum
3433 4563 3540 4600 non

1957 4619 2178 4689 fateatur
2198 4628 2318 4671 ante
2335 4619 2743 4672 incarnationem
2767 4619 2926 4688 fuisse
2954 4615 3166 4689 Filium:
3200 4615 3404 4689 Quibus
3423 4632 3539 4689 om-

1957 4685 2114 4742 nibus
2134 4691 2404 4743 contraria
2423 4689 2702 4744 Nestorius
2729 4685 2785 4743 se
2813 4689 3058 4744 docuisse
3077 4685 3253 4756 palam
3275 4687 3329 4740 in
3350 4685 3540 4741 Eccle-

1953 4759 2050 4822 sia,
2081 4759 2228 4813 velut
2267 4775 2381 4814 rem
2434 4759 2681 4814 omnibus
2721 4767 3083 4828 perspectam,
3110 4827 3116 4828 ί
3141 4757 3440 4826 supponit:
3486 4759 3538 4812 id

1953 4844 2084 4901 vero
2103 4844 2264 4898 quam
2293 4846 2421 4885 vere
2449 4827 2737 4901 supponat,
2759 4827 2901 4882 nunc
2928 4827 3306 4901 vit_l_endui_u,et
3333 4843 3401 4883 eo
3419 4831 3512 4898 qui
3536 4864 3541 4874 ι

1953 4899 2076 4955 dem
2119 4896 2440 4965 accuratius,
2482 4896 2625 4970 quod
2655 4899 2722 4952 de
2751 4913 2956 4952 summa
2985 4896 3322 4970 Nestorium;
3347 4896 3536 4970 actiui:

1954 4971 2060 5036 tiae,
2103 4979 2158 5025 et
2201 4971 2268 5026 de
2308 4967 2619 5028 Mei-caloris
2665 4970 2719 5023 in
2762 4968 3062 5026 accusando
3104 4968 3249 5024 bona
3292 4967 3396 5024 lide
3425 4971 3537 5037 agi»

1952 5048 2060 5096 tur.

2026 5111 2293 5169 Mercator
2318 5112 2549 5168 Nestorii
2601 5111 2987 5177 defensionem,
3016 5126 3178 5181 quam
3222 5110 3353 5176 dixi,
3377 5110 3537 5166 refel-

1952 5183 2088 5249 lens,
2121 5198 2379 5252 suamque
2419 5184 2815 5252 accusationem
2840 5196 3206 5252 propugnans,
3249 5181 3324 5236 ita
3352 5181 3537 5236 scribit

1955 5253 2197 5324 (Dissert.
2221 5256 2275 5308 in
2292 5250 2366 5305 12
2384 5251 2672 5321 auat/tem.)
2694 5271 2704 5304 :
2724 5250 2976 5306 Photinus
2999 5250 3167 5307 autem
3180 5253 3301 5324 huic
3317 5253 3538 5324 insanis-

1950 5321 2082 5380 sima
2111 5321 2355 5378 Nestorio
2401 5340 2576 5393 parem
2616 5324 2922 5377 sententiam
2966 5325 3142 5388 tenuit,
3180 5321 3400 5376 Verbum
3438 5321 3536 5377 Dei

1953 5395 2152 5468 quidem
2183 5411 2285 5468 non
2314 5409 2509 5468 negans
2537 5410 2647 5468 esse
2672 5395 2725 5468 in
2756 5393 3064 5458 substantia,
3098 5393 3197 5468 sed;
3216 5393 3310 5446 hoc
3335 5396 3535 5468 extrin-

1952 5465 2095 5519 secus
2116 5467 2170 5518 in
2207 5465 2306 5536 isto
2334 5467 2418 5536 qui
2458 5483 2522 5518 ex
2552 5465 2744 5529 Maria,
2773 5481 2916 5518 more
2943 5466 3198 5518 communi
3228 5465 3532 5535 conjugum.

1952 5546 2104 5588 natus
2153 5545 2228 5588 est
2264 5535 2390 5588 Iesu
2415 5536 2733 5589 inhabitasse
2761 5536 3106 5605 peculiariter,
3147 5545 3198 5589 et
3224 5536 3536 5605 omnia_illa

1952 5623 2044 5678 per
2069 5607 2204 5678 hunc
2235 5607 2414 5677 fecisse
2454 5608 2509 5660 in
2553 5609 2699 5678 terris
2736 5603 3006 5659 miracula.
3041 5605 3107 5659 Et
3133 5615 3321 5678 postea
3345 5603 3533 5678 (Num.

1953 5674 2042 5748 l9)
2079 5694 2091 5729 ε
2121 5674 2378 5748 Photinus
2408 5686 2575 5730 autem
2619 5675 2846 5730 Nestorii
2868 5674 3152 5748 magister;
3172 5674 3391 5731 Verbum
3420 5678 3535 5747 qui-

1954 5746 2071 5820 dem
2109 5747 2204 5820 hoc
2232 5746 2330 5802 Dei
2350 5765 2461 5802 esse
2486 5749 2542 5800 in
2584 5749 2868 5820 substantia
2895 5746 2999 5802 non
3039 5759 3209 5820 negat,
3238 5747 3327 5801 sed
3353 5746 3462 5800 esse
3482 5747 3538 5820 id

1957 5816 2057 5877 Dei
2101 5816 2149 5877 [δ’
2152 5819 2296 5877 ilium
2325 5835 2426 5876 non
2469 5819 2589 5874 vult.
2638 5817 2916 5873 llubitasse
2942 5837 3056 5874 vero
3086 5816 3429 5892 peculiariter,
3461 5818 3538 5871 uel
