3992 6276
574 332 712 392 1167

1135 328 1228 385 ΑΙ)
1264 322 1544 385 PARTE“
1578 318 1947 388 SWNDAH
1980 316 2143 379 OPEF

2247 318 2265 379 ι
2306 319 2376 395 u.
2419 317 2861 395 uaaciroats
2896 319 3257 395 Ai’PENDlX.

3695 331 3840 409 uti

568 453 716 511 mine
748 448 915 506 David
941 447 1135 511 Filium
1154 446 1271 513 Dei,
1299 444 1490 515 gratia,
1521 458 1632 503 non
1658 448 1869 506 natura,
1892 439 2146 511 appellet,
2176 441 2229 517 ᾼ
2258 437 2433 507 sti-ant
2475 450 2597 506 qua;
2624 435 2681 509 in
2707 451 2869 509 cruce
2896 436 3036 507 facta
3062 446 3207 513 sum
3233 447 3287 493 ει
3315 447 3536 517 propter
3560 441 3842 521 hom

568 545 842 609 naturales
879 550 1062 613 patres
1100 556 1208 597 non
1238 540 1507 609 ignorans,
1541 550 1715 605 neque
1752 535 1994 590 ordinem
2022 534 2150 589 sub-

566 646 783 697 verteus
811 649 986 704 neque
1011 649 1135 693 eum
1156 631 1246 701 qui
1277 628 1629 701 incorporalis
1658 636 1740 682 est
1767 627 1931 682 etiam
1952 640 2149 701 corpus

568 731 770 791 dicens,
795 736 846 783 et
869 735 995 783 ante
1015 727 1206 782 szecula
1225 741 1289 781 ex
1314 725 1445 791 Deo,
1464 731 1518 779 et
1535 739 1605 779 ex
1625 722 1811 790 David,
1837 731 1892 789 et
1910 738 2145 792 passum,

568 829 624 879 et
649 820 990 892 impassibile.
1014 818 1222 888 Corpus
1251 832 1358 872 non
1396 822 1480 871 est
1508 814 1864 884 incorporale,
1892 813 2039 883 quod
2067 820 2150 868 est

567 906 819 970 deorsum
841 927 947 969 non
968 916 1048 967 est
1068 908 1367 973 desursum,
1390 906 1535 979 quod
1555 914 1638 967 est
1665 916 1789 961 ante
1817 905 2011 961 saecula
2039 920 2149 960 non

567 1012 648 1059 est
675 1019 742 1059 ex
769 1003 975 1058 semine
998 1000 1183 1066 David,
1206 999 1351 1071 quod
1371 1015 1585 1071 passum
1611 1007 1694 1057 est
1714 1014 1822 1057 non
1842 1004 1923 1054 est
1951 997 2149 1069 impas-

565 1095 751 1160 sibile;
783 1109 884 1149 nec
912 1093 1053 1147 enim
1082 1093 1181 1146 ista
1210 1091 1277 1146 ad
1306 1091 1555 1147 eumdem
1587 1090 1916 1146 intellectum
1954 1089 2150 1149 obven-

567 1193 752 1242 tuntur
776 1204 789 1239 :
815 1200 934 1256 qua:
958 1192 1082 1240 sunt
1101 1182 1343 1255 corporis
1363 1198 1471 1239 non
1492 1190 1615 1238 sunt
1634 1181 1729 1237 Dei
1749 1181 1929 1245 Verbi,
1953 1189 2009 1237 et
2026 1196 2146 1251 qua:

565 1288 691 1333 sunt
734 1277 831 1339 Dei
870 1276 1033 1333 Verbi
1072 1276 1290 1347 propria
1325 1291 1435 1331 non
1478 1273 1640 1330 habet
1675 1288 1890 1345 corpus.
1920 1274 2150 1335 Naturas

565 1368 948 1433 contiteamur;
980 1377 1035 1423 et
1061 1368 1490 1438 dispensationes
1510 1381 1618 1427 non
1645 1366 1973 1434 abnegemus
1998 1365 2091 1435 (In
2116 1382 2151 1439 γ

564 1458 780 1531 synodo,
805 1458 979 1514 collat.
1011 1455 1072 1525 5;
1095 1458 1235 1531 apud
1253 1456 1433 1513 Leont.
1462 1455 1552 1511 lib.
1584 1470 1640 1511 ut
1669 1465 1851 1513 contra
1871 1454 2151 1528 Eurydica

565 1551 702 1623 nos).

960 1664 1234 1738 Ejusdem,
1275 1680 1343 1719 ex
1383 1663 1561 1721 eodm
1596 1663 1749 1718 libro.

635 1778 820 1834 Gratia
859 1779 1041 1846 Filius,
1073 1779 1164 1849 qui
1194 1794 1262 1834 ex
1289 1777 1454 1833 Maria
1484 1786 1566 1834 est
1594 1778 1786 1845 homo;
1819 1784 2009 1833 natura
2048 1793 2147 1853 au-

563 1879 691 1938 tem,
725 1870 866 1927 Deus
886 1870 1118 1927 Verbum
1153 1888 1166 1924 :
1198 1871 1343 1943 quod
1371 1879 1552 1926 autem
1575 1870 1868 1928 secundum
1895 1873 2139 1940 gratiam,

561 1979 673 2019 non
700 1970 921 2031 natura;
954 1970 1007 2017 et
1035 1960 1179 2032 quod
1198 1961 1492 2017 secundum
1514 1969 1779 2028 naturam,
1804 1977 1912 2017 non
1930 1962 2101 2031 gratia
2126 1980 2140 2016 :

563 2071 671 2110 non
701 2055 806 2115 duo
828 2054 940 2113 lilii.
962 2052 1201 2113 Sufﬁciat
1232 2053 1463 2123 corpori,
1495 2052 1639 2126 quod
1661 2068 1725 2117 ex
1748 2050 1903 2115 nobis
1930 2063 2030 2121 est,
2055 2070 2143 2113 se-

561 2146 795 2201 cundum
824 2146 1049 2214 gratiam
1072 2144 1277 2210 tiliatio,
1299 2145 1488 2213 gloria,
1515 2153 1571 2201 et
1599 2145 1997 2211 immortalitas,
2019 2146 2143 2216 quia

564 2240 820 2309 templum
849 2238 943 2293 Dei
971 2236 1133 2305 Verbi
1172 2236 1366 2293 factum
1404 2245 1505 2293 est.
1535 2237 1654 2292 Non
1696 2252 1858 2307 supra
1898 2246 2144 2294 naturam

562 2330 818 2395 elevetur,
848 2339 903 2385 ct
932 2328 1072 2387 Deus
1100 2328 1336 2389 Verbum
1365 2345 1464 2409 pro
1494 2328 1673 2393 debita
1702 2344 1734 2389 a
1755 2328 1911 2385 nobis
1941 2328 2143 2401 gratia-

560 2436 681 2476 rum
700 2421 913 2481 actione
942 2436 1051 2477 non
1081 2421 1382 2490 injurietur.
1402 2420 1469 2479 Et
1489 2436 1609 2490 qua:
1630 2428 1715 2479 est
1739 2419 1971 2490 injuria?
1991 2418 2147 2491 Com-

558 2524 763 2591 ponere
783 2526 906 2566 eum
927 2526 1047 2567 cum
1076 2525 1323 2582 corpore,
1347 2519 1404 2566 et
1422 2520 1615 2581 putare
1642 2510 1885 2580 indigere
1902 2513 2144 2582 corporis

560 2599 627 2677 ad
648 2601 942 2677 perfectam
971 2599 1303 2669 ﬂliationem.
1328 2599 1437 2657 Nec
1465 2600 1579 2675 ipse
1605 2601 1747 2658 Deus
1766 2600 2003 2658 Verbum
2030 2601 2145 2659 vult

559 2709 619 2750 se
641 2693 808 2751 David
830 2694 994 2755 lilium
1016 2680 1155 2759 esse,
1178 2690 1271 2749 sed
1291 2690 1600 2761 dominum;
1624 2709 1820 2771 corpus
1842 2701 2020 2751 autem
2040 2693 2145 2751 hoc

559 2785 740 2838 vocari
780 2784 947 2840 David
990 2784 1174 2849 lilium,
1206 2799 1316 2839 non
1352 2784 1527 2839 solum
1554 2800 1664 2841 non
1704 2785 1913 2850 invidit,
1956 2786 2052 2845 scd
2089 2796 2145 2843 et

559 2883 780 2946 prepter
815 2876 919 2931 hoc
963 2876 1149 2931 adfuit.
1181 2874 1249 2929 Et
1289 2878 1543 2933 convenit
1569 2892 1665 2933 eos
1705 2879 1796 2949 qui
1833 2880 1972 2934 bene
2000 2880 2144 2951 aspi-

560 2967 727 3031 ciunt.
752 2967 1184 3038 quandoquidem
1213 2969 1487 3035 naturales
1514 2976 1697 3041 patres
1725 2972 2031 3041 quaerimus,
2054 2984 2145 3026 ne-

558 3073 665 3130 que
689 3059 858 3115 Deum
883 3059 1119 3119 Verbum
1147 3061 1316 3117 David
1340 3061 1428 3118 vel
1455 3061 1684 3121 Abraba
1712 3061 1880 3122 lilium
1900 3064 2143 3128 nomina-

559 3165 637 3214 re,
671 3146 765 3217 sed
796 3149 1054 3217 [actorem
1088 3170 1101 3205 :
1137 3167 1310 3235 neque
1343 3167 1539 3229 corpus
1567 3161 1692 3223 ante
1721 3154 1914 3209 etecula
1945 3170 2011 3209 ex
2042 3153 2143 3209 Ra-

561 3251 661 3309 tre,
691 3243 784 3299 sed
814 3259 995 3299 semen
1019 3243 1248 3298 Abrahae
1277 3251 1331 3299 et
1358 3243 1525 3298 David
1554 3257 1621 3298 ex
1650 3242 1813 3298 Maria
1845 3253 2047 3311 natum.
2076 3240 2145 3300 Et

558 3335 775 3405 quando
814 3336 917 3391 erit
953 3337 1178 3406 quaestio,
1205 3334 1274 3395 de
1313 3333 1682 3399 nativitatibus
1719 3334 2016 3397 secundum
2046 3351 2144 3389 na-

556 3433 753 3493 turam,
803 3440 873 3481 ne
910 3425 1090 3480 Mariae
1128 3425 1267 3482 ﬁlius
1308 3426 1450 3481 Deus
1493 3425 1732 3487 Verbum
1776 3426 2142 3497 existimetur;

557 3515 802 3573 mortalis
826 3516 968 3571 enim
998 3518 1279 3573 mortalem
1308 3522 1549 3593 generat,
1580 3517 1870 3575 secundum
1900 3526 2145 3575 naturam

557 3615 615 3662 et
632 3622 847 3677 corpus,
870 3607 1098 3671 similem
1118 3606 1237 3663 sibi.
1263 3607 1405 3667 Duas
1426 3607 1734 3664 nativitates
1754 3608 1895 3665 Deus
1911 3606 2145 3675 Verbum

560 3711 666 3753 non
697 3697 968 3761 sustinuit,
992 3711 1154 3752 unam
1175 3697 1394 3765 quidem
1414 3705 1542 3753 ante
1561 3698 1775 3763 saecula,
1802 3698 2027 3762 alteram
2056 3714 2146 3763 au-

558 3796 666 3846 tem
698 3789 750 3844 in
773 3789 1161 3860 posterioribus
1191 3790 1523 3860 temporibus
1561 3807 1575 3843 :
1606 3789 1703 3845 sed
1731 3805 1799 3844 ex
1823 3788 1982 3844 Patre
2020 3790 2142 3865 qui-

556 3884 680 3941 dem
707 3891 899 3939 natura
925 3883 1135 3953 genitus
1158 3889 1272 3947 est,
1309 3882 1564 3953 templum
1586 3897 1735 3949 vero,
1759 3882 1905 3953 quod
1927 3896 1994 3937 ex
2024 3880 2141 3953 lia-

556 3975 637 4029 ria
658 3983 841 4030 natum
869 3983 972 4038 est,
996 3990 1064 4030 ex
1093 3975 1211 4045 ipso
1241 3983 1394 4033 utero
1420 3975 1523 4031 sibi
1548 3972 1846 4031 fabricavit.

633 4065 699 4121 Et
718 4067 873 4139 paulo
894 4075 1010 4140 post
1032 4084 1048 4121 :
1076 4066 1212 4124 Cum
1233 4082 1362 4122 vero
1397 4068 1465 4121 de
1487 4067 1709 4122 salutari
1742 4067 2141 4137 dispensatione

557 4156 696 4213 ratio
735 4165 998 4224 movetur,
1041 4158 1183 4213 Deus
1218 4164 1440 4212 vocatur
1486 4158 1667 4228 homo,
1718 4172 1827 4213 non
1867 4160 2009 4229 quod
2038 4159 2143 4215 hoc

558 4248 728 4305 factus
757 4258 856 4313 est,
900 4249 994 4305 sed
1022 4249 1167 4319 quod
1208 4249 1311 4305 hoc
1339 4236 1663 4320 assumpsit;
1700 4257 1755 4305 et
1782 4249 1945 4305 homo
1975 4251 2135 4316 Deus,

558 4354 665 4393 non
696 4346 968 4408 tamquam
995 4338 1562 4411 incircumscriptibilis
1590 4340 1780 4408 factus,
1815 4357 1916 4397 nec
1941 4343 2138 4412 ubique

558 4431 822 4497 existens;
871 4448 1068 4501 corpus
1107 4432 1250 4488 enim
1289 4440 1408 4487 erat
1446 4440 1501 4487 et
1537 4440 1658 4501 post
1687 4436 2137 4489 resurrectionem

560 4520 846 4590 palpabile,
878 4530 933 4577 et
963 4522 1068 4579 tale
1098 4528 1372 4592 receptum
1400 4530 1482 4578 est
1520 4522 1573 4577 in
1613 4522 1825 4590 oculum,
1859 4532 1911 4578 et
1936 4524 2015 4581 sic
2042 4540 2137 4581 ve-
2163 4563 2214 4623 Β

560 4611 690 4679 niet,
721 4613 860 4668 sicut
886 4623 1164 4683 receptum
1191 4622 1291 4669 est.

959 4742 1235 4817 Ejusdem,
1281 4762 1345 4801 ea:
1378 4746 1552 4801 eodem
1595 4745 1740 4800 libro.

628 4858 736 4915 Sed
763 4859 807 4915 si
834 4874 960 4923 caro
988 4868 1124 4922 erat,
1150 4859 1322 4931 inquit
1344 4858 1688 4929 Apollinaris,
1713 4860 1979 4926 crucilixa,
2004 4877 2140 4932 quo-

555 4950 716 5009 modo
737 4951 817 5011 sol
840 4951 1019 5019 radios
1042 4949 1254 5017 avertit,
1281 4958 1335 5004 et
1356 4949 1588 5005 tenebrae
1615 4960 2010 5021 occupaverunt
2034 4961 2140 5009 ter-

554 5056 668 5097 ram
697 5057 930 5111 omnem,
954 5050 1009 5097 et
1037 5049 1373 5098 tememotus
1417 5045 1592 5107 erant,
1624 5048 1678 5096 et
1706 5048 1871 5112 petrae
1897 5042 2126 5098 disrum-

552 5135 838 5206 pebantur,
856 5142 910 5189 et
937 5134 1133 5201 mortui
1160 5135 1547 5191 surrexerunt?
1565 5133 1704 5201 Quid
1736 5134 1898 5204 igitur
1926 5136 2130 5203 dicunt,

551 5233 606 5281 et
633 5226 701 5281 de
728 5226 963 5289 tenebris
993 5226 1043 5280 in
1074 5222 1309 5299 Egyp‘to
1342 5225 1495 5282 lactis
1526 5227 1579 5282 in
1612 5227 1943 5299 temporibus
1981 5226 2138 5299 Moy-

524 5356 528 5363 .
549 5319 641 5383 sis,
664 5332 772 5372 non
798 5332 895 5388 per
915 5326 1024 5371 tres
1045 5316 1223 5383 horas,
1242 5316 1333 5373 sed
1355 5334 1453 5389 per
1475 5326 1583 5373 tres
1605 5318 1753 5373 dies?
1774 5317 1909 5385 Quid
1931 5329 2131 5389 autem,

548 5420 772 5481 propter
810 5411 912 5464 alia
952 5426 1050 5480 per
1078 5410 1279 5465 Mosem
1309 5410 1445 5465 facta
1477 5412 1760 5477 miracula,
1803 5420 1858 5468 et
1895 5428 2015 5482 qua:
2039 5430 2137 5485 per

548 5501 725 5557 Iesum
754 5503 919 5569 Nave,
948 5501 1040 5572 qui
1063 5504 1230 5558 solem
1253 5512 1395 5557 stare
1427 5502 1590 5558 fecit?
1611 5502 1754 5569 Quid
1786 5504 1854 5559 de
1881 5505 2015 5571 sole,
2038 5506 2131 5574 qui

549 5597 601 5652 in
626 5597 950 5667 temporibus
974 5596 1215 5653 Ezechiae
1248 5596 1405 5664 regis,
1438 5596 1601 5651 etiam
1630 5605 1820 5650 contra
1862 5606 2127 5663 naturam,

545 5695 877 5757 retroversus
891 5690 1011 5761 est?
1031 5687 1097 5744 Et
1124 5688 1191 5745 de
1218 5684 1394 5742 Elizzei
1416 5686 1673 5760 reliquiis,
1705 5703 1825 5758 quae
1852 5696 2127 5744 mortuum

546 5784 967 5842 suscitaverunt?
987 5783 1041 5838 Si
1064 5786 1204 5839 enim
1219 5785 1453 5841 Verbum
1470 5782 1637 5838 Deum
1663 5795 1877 5853 passum
1900 5780 2121 5835 demon-

2250 543 2361 587 nou
2380 526 2684 591 concedunt
2704 528 2819 595 haec
2844 527 2985 597 facta
3024 544 3164 594 esse,
3191 546 3373 603 "suae
3397 515 3516 610 (11η
3536 515 3599 591 in.

2249 621 2398 676 ribus
2433 620 2613 689 Mosis,
2652 629 2876 692 propter
2904 636 3076 691 genus
3102 623 3375 679 Abraham
3401 634 3577 693 erant,
3621 635 3681 685 et
3716 644 3845 698 qn

2250 714 2306 771 in
2333 714 2668 785 temporibus
2703 712 2830 770 Jesu
2870 714 3037 782 Nave,
3075 724 3130 771 et
3155 730 3275 787 quae
3302 715 3354 771 in
3384 716 3630 774 Ezechiae
3657 722 3845 789 regis!

2250 804 2403 874 Quod
2442 808 2486 862 si
2521 807 2610 861 illa
2640 814 2863 878 propter
2893 804 3200 877 Iudaeorum
3231 809 3491 887 populum
3519 810 3844 885 mirabiliter

2247 895 2390 952 facta
2419 906 2564 964 sunt,
2595 898 2871 973 quomodo
2901 914 3012 954 non
3037 900 3231 968 magis,
3261 915 3385 970 quae
3413 901 3469 961 in
3506 916 3673 967 cruce
3698 900 3839 971 laeta

2184 1006 2188 1010 λ
2248 998 2395 1065 Sunt,
2417 995 2641 1073 propter
2666 988 2761 1044 Dei
2781 988 2946 1044 Verbi
2976 991 3274 1062 templum?

2641 1077 2926 1152 Ejusdem,
2966 1097 3032 1137 ea:
3068 1080 3245 1153 eodem
3288 1079 3437 1139 libro.

2319 1168 2486 1235 Filius
2516 1169 2613 1227 Dei
2640 1178 2862 1241 propter
2890 1169 3129 1239 nullum;
3149 1187 3277 1237 caro
3304 1172 3471 1237 Filius
3492 1182 3723 1246 propter
3749 1172 3843 1233 εἴ..

2250 1262 2401 1330 lium,
2427 1271 2482 1318 et
2503 1262 2632 1333 quid
2658 1262 2798 1329 dico,
2824 1271 3049 1334 propter.
3072 1263 3280 1319 tilium?
3302 1263 3534 1336 Propter
3561 1280 3667 1321 nos
3693 1282 3842 1335 care.

2250 1361 2307 1409 et
2344 1368 2412 1415 ne
2441 1338 2756 1419 existimetis
2797 1345 3171 1426 blasphemum
3212 1369 3332 1410 esse
3365 1354 3631 1421 Verbum,
3678 1358 3844 1428 petite

2250 1444 2755 1513 demonstrationes.
2800 1444 2858 1513 Si
2897 1445 3141 1513 homines
3180 1461 3291 1519 non
3335 1456 3696 1525 peccassent,
3738 1465 3842 1507 nou

2252 1552 2389 1609 opus
2416 1538 2603 1593 luisset
2628 1536 2749 1608 lege
2783 1555 2796 1591 :
2838 1536 2991 1593 Iusto
3018 1540 3156 1594 enim
3191 1555 3296 1597 non
3326 1548 3408 1597 est
3438 1542 3619 1611 posita
3650 1542 3758 1609 tu.
3788 1539 3843 1611 Si

2253 1644 2361 1686 non
2390 1630 2664 1703 auxissent
2689 1637 2990 1707 peccatum,
3014 1630 3105 1707 qui
3133 1638 3287 1685 erant
3312 1630 3367 1686 in
3398 1624 3542 1700 lege,
3567 1646 3684 1686 non
3712 1646 3843 1703 Opus

2253 1720 2442 1792 fuisset
2468 1721 2659 1793 gratia.
2693 1721 2777 1789 Au
2797 1721 2924 1795 quia
2951 1737 3060 1781 non
3088 1730 3300 1793 poterat
3328 1720 3416 1793 lex
3439 1731 3735 1797 peccatum
3757 1740 3842 1787 oc-,

2176 1815 2226 1901 β
2251 1814 2449 1880 cidere,
2482 1830 2590 1870 non
2619 1823 2844 1886 propter
2869 1830 2969 1872 nos
2998 1829 3213 1873 carnem
3243 1800 3560 1886 assumpsit,
3594 1825 3662 1879 ut
3690 1815 3841 1887 morti

2245 1913 2300 1961 et
2337 1905 2618 1961 sententiae
2658 1906 2848 1960 mortis
2880 1903 3175 1959 remedium
3202 1904 3417 1961 aﬂerret
3445 1905 3766 1972 cruciﬁxus,
3792 1916 3841 1963 et

2245 2007 2510 2063 mortuus,
2544 2011 2609 2053 ac
2637 1995 2965 2053 suscitatus?
3004 1993 3064 2049 Si
3105 2011 3211 2050 non
3238 1993 3456 2051 fecisset
3492 2011 3837 2075 progressum

2242 2089 2455 2148 fallacia
2480 2098 2535 2147 et
2553 2090 2820 2153 sententia
2842 2088 3030 2153 mortis
3049 2096 3237 2144 contra
3262 2104 3381 2157 nos,
3413 2088 3546 2160 quid
3567 2107 3711 2160 opus
3733 2096 3839 2145 erat

2245 2166 2357 2238 ista,
2381 2184 2685 2239 Servatoris
2724 2183 3064 2238 meonomia?
3097 2180 3235 2248 Quid
3277 2198 3417 2253 opus
3450 2190 3572 2239 erat
3618 2183 3835 2245 induere

2245 2283 2473 2353 corpus?
2504 2296 2684 2355 nonne
2709 2288 2933 2371 propter
2962 2294 3062 2335 nos
3085 2293 3304 2335 carnem
3333 2279 3581 2351 accepit?

2315 2414 2579 2480 Observa,
2630 2417 2803 2471 lector
2823 2458 2838 2482 ,
2895 2415 2958 2468 ίο
2995 2413 3251 2482 Cyrillum
3283 2413 3526 2469 adversus
3554 2413 3830 2482 ejusmodi

2246 2495 2499 2555 excerpta
2556 2487 2833 2555 scripsisse
2886 2494 2999 2541 tres
3042 2482 3239 2550 libros,
3274 2492 3335 2539 ut
3357 2482 3505 2538 refert
3531 2482 3825 2555 Liberatus

2247 2552 2345 2637 (In
2370 2552 2513 2637 Brev.
2539 2572 2586 2611 c.
2619 2552 2740 2637 11)),
2773 2563 2832 2637 et
2857 2555 3111 2637 inprime
3134 2555 3442 2637 confutasse
3470 2567 3585 2623 qm:
3608 2552 3824 2637 Diodo-

2244 2621 2385 2697 i‘um,
2408 2626 2464 2682 in
2482 2624 2718 2683 secundo
2743 2634 2797 2697 et
2818 2621 2978 2697 tertio
2993 2639 3110 2697 quae
3134 2621 3472 2697 Theodorum
3492 2621 3827 2697 spectarent,

2243 2694 2409 2752 tacito
2458 2705 2668 2764 tamen,
2717 2696 2801 2751 vel
2833 2692 3137 2764 utriusque,
3187 2694 3274 2749 vel
3314 2692 3545 2764 Diodori
3577 2694 3821 2764 nomine,

2244 2766 2389 2847 quod
2429 2766 2560 2822 satis
2588 2758 2888 2837 intelligere
2917 2758 3135 2847 licei'ex'
3170 2763 3397 2846 cpistola
3423 2764 3490 2818 ad
3521 2758 3817 2817 Proclum.’

2313 2834 2376 2889 2ο
2420 2835 2605 2893 Totius
2645 2837 2823 2893 oneris
2873 2834 3147 2893 Cvrilbani
3201 2833 3333 2888 mbil
3378 2840 3585 2889 restare
3638 2843 3827 2893 prtem

2524 2854 2605 2891 tus
2645 2854 2823 2891 ODeﬂS
2873 2854 3147 2891 thlllaﬂl
3201 2854 3333 2888 mnu
3378 2854 3585 2889 I'CSIII'B
3638 2854 3753 2891 1)πὲ

2313 2849 2376 2889 z-
2420 2849 2605 2893 'l'ottus
2645 2849 2823 2908 operis
2873 2849 3147 2908 uyrunam
3201 2849 3333 2888 num
3378 2849 3585 2889 restare
3638 2849 3827 2903 prterer

2244 2904 2561 2977 fragmenta,
2589 2920 2709 2977 qua:
2738 2906 2790 2961 in
2819 2922 2852 2962 v
2880 2906 3106 2977 synodo,
3138 2904 3629 2977 collationesexta,
3650 2905 3827 2972 legun-

2244 2984 2363 3043 tur;
2405 2976 2561 3047 quod'
2590 2975 2697 3047 quo
2720 2977 2829 3032 fato
2850 2975 3154 3047 contigerit,
3196 2975 3353 3047 valde
3401 2975 3692 3047 obscurum
3713 2983 3822 3047 est,
3850 3007 3857 3013 ο

2243 3061 2363 3103 cum
2390 3044 2621 3118 quartus
2639 3044 2790 3114 liber,
2824 3044 3399 3118 qui_de'iu_carnatione
3426 3061 3455 3100 a
3478 3044 3739 3118 Libet-ato
3756 3045 3827 3099 di-

2256 3114 2422 3191 citur,
2446 3117 2652 3191 integer
2672 3114 2902 3191 supersit
2921 3116 3027 3191 boc
3053 3114 3225 3191 titulo,
3257 3114 3691 3191 Digbgus,quod
3704 3130 3825 3191 unus

2168 3195 2212 3273 β
2245 3189 2313 3310 lit
2336 3172 2685 3259 Cliristttsvper
2710 3172 3083 3271 o'ppositiouem
3111 3172 3282 3255 (Tom.
3309 3172 3369 3251 ν,
3393 3172 3531 3257 pert:
3551 3172 3735 3267 Latii.
3764 3184 3820 3239 ς.

2298 3298 2309 3310 .
2334 3257 2464 3310 1.Εο
2487 3272 2649 3310 norro
2672 3258 2801 3310 nihil
2822 3265 3061 3310 exactius
3073 3255 3543 3310 elucubratiusuue
3562 3257 3634 3310 ad
3662 3257 3820 3310 histo-

2334 3260 2368 3322 ).
2387 3257 2464 3312 Eo
2487 3254 2649 3328 porro
2672 3254 2801 3328 nihil
2822 3254 3061 3328 exactius
3073 3254 3543 3328 elucubratiusque
3562 3257 3634 3311 ad
3662 3257 3823 3310 histo—

2244 3334 2380 3399 riam
2409 3325 2672 3399 dogmatis
2701 3326 2935 3399 Cyrillus
2962 3325 3200 3399 scripsit,
3232 3334 3292 3399 ut
3309 3326 3555 3399 videatur
3578 3341 3724 3399 opus
3740 3340 3823 3380 ar-

2248 3397 2419 3469 tiﬁcis,
2462 3396 3189 3469 prtecedentibuslaboribus
3245 3396 3490 3469 absolute
3517 3396 3746 3469 eruditi,
3776 3404 3826 3451 et

2244 3464 2741 3552 ultinuts'supernea
2858 3466 3214 3552 viri-omnium
3240 3464 3537 3548 doctissimi
3563 3476 3823 3552 conatus;

2245 3539 2458 3662 scripsit
2483 3536 2625 3593 enim
2652 3536 2883 3612 Cyrillus
2911 3536 3081 3595 tribus
3107 3543 3231 3591 ante
3259 3536 3414 3591 anuis
3449 3550 3614 3605 quam
3658 3536 3826 3592 abiret

2245 3623 2294 3662 at
2340 3625 2581 3662 suneros.

2244 3623 2310 3663 au
2340 3625 2581 3665 SllDCl‘OS.

2316 3677 2371 3731 5⁸
2401 3676 2709 3749 Facundum
2748 3677 3184 3749 ilermianensem
3216 3676 3366 3749 (Lib.
3390 3692 3467 3744 tu,
3494 3692 3566 3744 Iv,
3595 3677 3720 3747 nu)
3740 3692 3823 3749 re:

2242 3762 2465 3818 vocasse
2495 3750 2547 3807 in
2578 3748 2812 3815 dubium,
2845 3748 3036 3805 saltem
3056 3748 3110 3802 in
3129 3747 3387 3818 speciem,
3417 3763 3485 3802 an
3514 3762 3658 3818 opus
3684 3748 3823 3803 istud

2243 3831 2273 3871 a
2297 3816 2497 3890 Cyrillo
2531 3820 2886 3890 conscriptum
2913 3816 3175 3890 essetaut
3192 3818 3260 3872 ab
3285 3816 3391 3890 alio
3416 3818 3519 3873 sub
3538 3816 3723 3890 ipsius
3734 3834 3826 3873 no-

2244 3884 2406 3944 mine.
2452 3884 2700 3959 Facundo
2738 3884 3003 3945 consentit
3032 3887 3315 3959 Liberatus
3332 3886 3415 3943 bis
3435 3884 3619 3944 verbis
3648 3890 3670 3959 (
3692 3886 3823 3942 Loco

2242 3961 2497 4032 mo.r_cit.)_
2533 3976 2545 4012 :
2576 3958 3036 4032 Cyrilhgquotuor
3073 3958 3232 4013 libros
3252 3959 3615 4032 Δεςςὶιοείεὶιηςι
3639 3958 3824 4032 oden-

2240 4045 2329 4101 sus
2357 4026 2642 4084 Diodorum
2668 4038 2719 4084 et
2745 4026 3106 4101 Theodorum,_
3117 4030 3261 4101 quasi
3290 4026 3588 4101 estet-igni
3610 4029 3825 4101 dog-g-

2244 4099 2305 4153 tis
2355 4111 2618 4163 auctores,
2667 4108 2716 4155 et
2756 4099 2914 4153 alium
2962 4094 3024 4152 de
3076 4094 3448 4163 [ticamatiou
3490 4094 3703 4152 lime
3761 4097 3826 4151 In

2276 4169 2419 4245 uibus
2448 4169 3112 4245 continenjurautiquomm
3132 4168 3665 4245 Patrensibus-rupta
3692 4171 3829 4222 testi-

2241 4187 2419 4293 guwus
2448 4187 2771 4227 continentur
2791 4187 3112 4245 αηηφισηιπι
3132 4187 3347 4221 ramum
3362 4187 3665 4237 incompta
3692 4187 3827 4222 Iesu-

2276 4241 2433 4310 ioniq,
2464 4239 2519 4292 id
2537 4250 2626 4300 est,
2664 4237 2855 4294 Felicis
2878 4252 3025 4310 pupa:
3061 4236 3300 4310 Romani,
3334 4236 3569 4310 Dionysii
3582 4239 3827 4310 Areopa-

2241 4310 2363 4379 gitw
2382 4307 2764 4364 Corinthiorum
2788 4306 3031 4380 episropj,
3054 4318 3102 4362 et
3124 4306 3359 4379 Gregorii
3384 4306 3663 4380 mirabiﬁs,

2241 4376 2406 4449 ξλατου
2477 4388 2535 4435 οὗ
2566 4376 2933 4450 cognominati.
2960 4376 3036 4431 'Et
3065 4380 3180 4432 licet
3208 4376 3259 4431 in
3291 4380 3365 4431 eis
3404 4378 3548 4431 libris
3568 4376 3830 4434 Theodori

2242 4450 2378 4504 dicta
2406 4401 2679 4505 {adeatur
2706 4459 2885 4504 contra
2913 4451 3134 4502 Aricinos
3154 4447 3493 4518 editu,ipeum
3521 4456 3705 4502 lanea
3724 4465 3831 4504 ma-

2242 4521 2457 4589 gistrum
2480 4519 2713 4575 Nestorii
2736 4521 2892 4590 fuisse
2910 4518 3241 4590 contendunt.
3258 4517 3465 4590 Contra
3487 4533 3619 4588 quos
3652 4522 3831 4573 anthe-

2367 4591 2594 4662 veritatis
2645 4587 2940 4662 defensores
2986 4590 3060 4662 sic
3106 4587 3381 4662 Auphalis
3427 4590 3829 4662 responderat,

2240 4658 2358 4713 illos
2388 4658 2546 4714 libros
2574 4676 2679 4714 non
2711 4658 2836 4714 esse
2881 4658 3081 4730 Oyrilli,
3108 4658 3347 4730 ψωμίσω
3724 4676 3831 4730 qu

2240 4738 2421 4801 contra
2449 4741 2677 4785 mortuos
2705 4728 2935 4801 posuisse
2960 4731 3014 4787 in
3037 4728 3341 4801 eis'dicitur,
3370 4738 3553 4801 contra
3577 4728 3830 4783 virentem

2243 4797 2546 4855 Nestorium
2586 4797 2714 4855 non‘
2735 4810 2810 4854 est
2844 4815 2999 4870 usus,
3040 4799 3301 4870 atquein
3331 4798 3550 4870 synodo,
3580 4802 3831 4870 laqueis

2241 4869 2493 4941 aliquibus
2522 4872 2772 4941 epistolis.
2811 4869 2960 4941 Unde
3002 4867 3178 4923 dicunt
3202 4867 3440 4926 ίιιουιω
3465 4867 3704 4925 αἰτίααέ
3730 4867 3833 4941 Cy-

2240 4938 2435 5002 rillum.
2464 4938 2559 4993 nec
2582 4942 2805 4995 edidisse
2824 4939 2999 4994 libros.

2311 5009 2372 5062 ιο
2400 5011 2460 5091 In
2477 5026 2509 5062 v
2535 5012 2745 5135 gyno?
2770 5010 2967 5092 nullam
2987 5023 3107 5064 esse
3125 5008 3320 5065 factam
3347 5008 3567 5064 Diodori
3592 5012 3839 5093 mentiov

2311 5096 2362 5133 m
2382 5126 2395 5135 .
2429 5081 2551 5135 llCCl
2578 5097 2683 5134 non
2728 5089 2892 5134 natum
2918 5079 3219 5135 appelletur
3243 5078 3584 5135 Theodorus.
3607 5089 3676 5134 et
3706 5081 3837 5135 Dio—

2240 5096 2362 5135 nem
2382 5126 2395 5144 ,
2429 5081 2551 5135 licet
2566 5078 2892 5135 'nonil'natim
2918 5079 3219 5150 appelletur
3239 5078 3584 5150 Theodorus,
3607 5089 3676 5134 et
3706 5081 3837 5135 Dio-

2239 5151 2354 5220 dori
2386 5155 2671 5220 περικοπαὶ,
2698 5152 2942 5220 quamvis
2957 5147 3077 5220 sine
3104 5149 3322 5220 nomine
3341 5147 3671 5213 referantur,
3689 5150 3839 5219 quod

2240 5216 2509 5291 silentiuin
2538 5216 2946 5288 argumentatur
2962 5219 3265 5291 facundus,
3287 5228 3346 5275 et
3372 5220 3498 5291 inde
3516 5216 3733 5275 unctae
3754 5238 3839 5291 sy-

2242 5290 2384 5345 nodo
2402 5292 2722 5347 calumniam
2745 5291 2919 5346 struit.
2961 5289 3162 5345 Vemm
3194 5305 3304 5344 non
3333 5289 3545 5345 videtur
3569 5291 3722 5345 satis
3741 5289 3837 5346 ex-

2238 5374 2442 5432 ponere
2487 5361 2623 5432 quid,
2666 5369 2962 5432 causetur;
2997 5375 3066 5432 an
3100 5361 3320 5432 tacitum
3350 5359 3569 5432 Diodori
3598 5375 3834 5423 nomen.

2240 5429 2551 5501 expressum
2585 5430 2851 5485 Theodori
2868 5432 2891 5501 ἵ
2910 5429 2968 5484 id
2992 5431 3191 5501 factum
3217 5429 3359 5498 iusta
3387 5429 3456 5484 de
3479 5444 3677 5492 musa,
3712 5448 3837 5486 cum

2239 5498 2326 5555 illi
2342 5502 2641 5557 reverentia
2667 5500 2801 5555 foret
2833 5500 3164 5565 adhibenda,
3190 5501 3276 5555 isti
3305 5501 3566 5555 inurenda
3590 5502 3833 5555 macula.

2237 5571 2317 5625 An
2347 5573 2418 5626 ita
2442 5572 2703 5641 parcitum
2729 5587 2837 5641 pne
2857 5571 3156 5641 reverentia
3178 5570 3412 5626 Diodoro
3442 5579 3500 5623 ut
3530 5587 3642 5625 non
3676 5571 3839 5624 dam-

2236 5640 2490 5696 naretur?
2528 5642 2688 5711 Atqui
2733 5640 2998 5711 secundus
3035 5650 3091 5695 et
3130 5642 3320 5711 tertius
3338 5641 3839 5696 auatbematismus

2233 5713 2528 5783 respiciunt
2572 5710 2825 5783 excerpta
2850 5726 2922 5783 ex
2941 5710 3385 5783 libtjs__Diod9ri,
3406 5719 3463 5783 et
3480 5712 3552 5767 iis
3574 5720 3839 5775 constant

2236 5780 2429 5841 verbis.
2443 5796 2563 5849 quas
2576 5780 2837 5839 Diodorus
2851 5781 2967 5852 ipse
2985 5780 3244 5837 adhibuit.
3260 5780 3353 5837 Sic
3368 5780 3514 5837 enim
3525 5797 3588 5837 se
3598 5783 3835 5839 habeor.
