3992 6276
163 259 297 322 M65

987 253 1293 317 msssar.
1337 257 1377 316 ι.
1419 255 1506 317 ne
1544 256 1817 322 unum
1857 253 1943 319 cr
1983 247 2202 320 LlBl'tlS
2237 257 2573 322 NESTORll.

3261 265 3405 335 “.6

157 381 246 432 τοῦ
270 372 563 429 δεσποτικοῦ
599 373 656 429 τὸ
696 369 1033 462 ξρρκεἰμεγον,
1060 368 1348 462 Ὀσὰξειςιᾶν
1377 373 1574 462 ἐσθίῃ-ε
1603 372 1725 456 T0?!

1841 372 2166 458 nunicantur
2182 373 2555 462 proprietates,
2581 379 2638 457 ut
2661 372 2808 462 Deus
2821 373 3028 462 dicatur
3046 381 3254 462 passus,
3270 387 3397 449 εις..

158 454 346 503 Arms
375 444 868 516 Torroa_.96'£azi
896 448 1126 516 recantat
1174 447 1461 516 ἀντίτυπον.
1494 444 1620 509 Qum
1648 446 1724 516 sie

158 522 554 585 argumentatur
583 513 717 585 (Lib.
752 529 787 567 ιι
831 515 891 566 de
940 511 1166 567 Enclmr.
1201 514 1436 568 Sacram.
1472 531 1586 585 pag.
1626 513 1726 567 77?.

159 587 236 638 ed.
281 587 493 650 ultima’)
539 603 550 636 :
595 584 699 638 Per
739 601 910 656 passu
950 601 1082 639 urvo
1132 586 1414 656 necessario
1454 584 1722 656 intelligit,

159 666 243 708 aut
266 655 548 709 accidentia
575 658 720 726 panis
743 654 929 727 absque
953 655 1429 727 panissubstantia,
1448 661 1534 708 aut
1557 654 1725 727 verum

157 727 441 779 substantia
470 723 673 796 partem,
705 734 790 778 aut
812 723 1073 796 proprium
1101 725 1305 796 Domini
1329 742 1529 796 corpus.
1559 723 1727 788 Quar-

158 805 261 850 tum
284 799 418 850 enim
441 793 648 868 aliquod
668 798 795 866 ﬁngi
812 793 915 850 iltic'
938 797 1078 850 nullo
1100 795 1251 850 modo
1273 793 1454 864 potest.
1489 793 1725 849 Primum

156 878 325 938 autem
353 883 454 919 non
481 876 641 938 potest
663 868 958 937 designare;
987 869 1227 938 tumiquia
1241 868 1628 938 ineptissimum
1642 883 1724 918 es-

154 949 231 990 set
260 935 464 990 dicere:
498 935 918 1008 Quotiescumque
943 935 1316 989 mandacabitis
1335 935 1453 989 ’Iuec
1483 936 1724 1008 acciden-

156 1009 267 1071 tia;
292 1023 412 1079 cum
441 1008 729 1060 accidentia
757 1005 898 1079 cilius
927 1021 1028 1059 non
1058 1009 1193 1070 sint;
1223 1015 1325 1059 tum
1369 1009 1487 1079 quia
1517 1007 1588 1060 ibi
1614 1007 1727 1079 agi-

156 1024 267 1071 na;
299 1024 412 1060 cum
441 1024 729 1060 accidentia
757 1024 898 1060 cwus
927 1024 1028 1059 non
1058 1024 1193 1070 sint;
1223 1024 1325 1059 tum
1369 1024 1487 1079 quia
1517 1024 1586 1060 ιω
1614 1024 1726 1130 αἱμ-

156 1085 239 1131 tur
267 1075 328 1129 de
352 1077 440 1130 illo
478 1091 610 1148 pane
633 1091 776 1148 quem
808 1075 1067 1148 Dominus
1096 1089 1276 1147 corpus
1305 1094 1452 1131 suum
1492 1075 1641 1147 appel
1665 1095 1726 1130 a-

154 1157 297 1219 verat
320 1163 336 1201 :
362 1163 461 1201 non
478 1146 653 1219 autem
671 1146 956 1219 accidentia
978 1156 1096 1199 sunt
1119 1164 1230 1219 qua:
1250 1163 1434 1216 corpus
1454 1146 1601 1200 suum
1614 1163 1726 1219 esse

155 1215 390 1282 dixerat;
415 1228 471 1270 ut
491 1218 627 1289 apud
649 1217 968 1289 adversarios
991 1215 1139 1289 ipsos
1156 1219 1208 1270 in
1231 1215 1463 1288 confesso
1483 1226 1575 1272 est.
1603 1216 1725 1272 Non

156 1289 392 1352 tertium;
416 1287 536 1341 nam
551 1305 663 1342 cum
686 1288 822 1342 dicat
845 1303 1040 1342 conpes
1052 1287 1239 1341 Deum
1263 1287 1370 1340 esse
1393 1301 1538 1342 PANIS
1559 1304 1726 1342 ILLIUS

151 1372 472 1422 ΑΝτιτῖιτωι,
497 1359 591 1412 hoc
611 1366 704 1424 est,
730 1376 836 1411 rem
857 1373 945 1412 seu.
967 1360 1227 1412 veritatem
1251 1357 1419 1412 abillo
1441 1366 1728 1429 pane_tam-

150 1443 309 1550 quam
339 1446 370 1481 a
400 1438 516 1498 typo
537 1444 628 1482 suo
657 1429 954 1499 ﬁguratam,
981 1442 1265 1492 arcusque,
1297 1437 1354 1480 ut
1381 1426 1524 1482 notat
1553 1426 1724 1499 Cyril-

170 1513 254 1550 us.
294 1513 394 1550 NON
438 1513 519 1550 511'
561 1515 786 1550 VERITAS
809 1515 960 1550 auam
991 1499 1196 1550 fiaurat.
1229 1498 1321 1550 sed
1343 1497 1482 1550 illius
1511 1498 1724 1550 simula-

170 1513 254 1561 us,
294 1513 394 1553 NON
423 1497 519 1552 7511'
561 1497 786 1553 ventus
809 1515 960 1569 quam
988 1499 1196 1567 ﬁgurat,
1229 1498 1321 1551 sed
1343 1497 1482 1551 illius
1511 1497 1725 1552 simula-

151 1585 295 1640 c_rum
309 1586 326 1634 ;
355 1586 444 1636 per
471 1584 822 1640 euentum!
845 1586 946 1622 non
967 1577 1133 1639 potest
1160 1569 1443 1640 intelliqere
1462 1571 1725 1639 proprium

150 1637 366 1692 Domini
401 1647 603 1709 corpus.
638 1637 1151 1710 Superestitaqueut
1195 1637 1727 1710 pereum'intelligat

150 1723 324 1762 verum
354 1708 537 1781 panem
576 1708 994 1774 substantialem,‘
1012 1709 1096 1781 qui
1124 1708 1339 1778 proinde
1362 1724 1480 1781 cum
1509 1708 1724 1762 mandu-

151 1788 321 1843 catur,
352 1766 445 1832 'hoc
489 1787 582 1843 est,
623 1787 737 1849 post
787 1766 1242 1844 consecrationem,
1290 1779 1723 1845 substantialiter,
1757 1766 1800 1825 Β

150 1849 319 1921 qualis
347 1857 459 1921 erat
487 1859 626 1914 ante,
657 1859 940 1921 permanet.

224 1915 340 1973 Hoc
370 1920 421 1991 in
451 1915 732 1991 ratiocinio
763 1921 862 1972 tria
893 1917 1020 1975 mihi
1049 1919 1298 1991 videntur
1323 1921 1534 1990 peccari
1569 1939 1581 1974 :
1622 1920 1729 1991 pri-

151 2003 300 2043 mum
332 1989 720 2061 vitioulogicce;
763 1991 1008 2061 alterum,
1042 1991 1181 2061 mala
1213 1989 1345 2056 ﬁde}
1376 1989 1726 2061 postremum,

152 2073 319 2129 prava
350 2059 697 2128 intelligentia
717 2101 732 2125 ,
781 2061 893 2114 sive
921 2060 1253 2115 Nestoriante
1281 2059 1585 2126 sententiae,
1618 2062 1732 2115 sive

153 2129 465 2198 quaestionis
494 2132 796 2200 proposita}.

228 2201 441 2272 Annon
471 2199 553 2257 est
595 2199 778 2270 logica:
801 2199 986 2255 vitium
1005 2242 1018 2267 ,
1050 2201 1191 2256 inter
1227 2201 1587 2256 enumeranda
1615 2205 1756 2272 quat

155 2271 440 2338 signiﬁcari
462 2281 686 2342 possunt
715 2287 872 2326 HUIUS
892 2288 1038 2327 PANIS
1064 2273 1296 2334 nomine,
1323 2273 1599 2326 recensitis
1633 2271 1732 2326 tri-

155 2343 276 2406 bus,
311 2343 716 2411 praztermittere
737 2351 1006 2410 quartum,
1028 2343 1171 2410 quod
1200 2357 1321 2397 cum
1347 2343 1416 2395 sit
1446 2342 1734 2409 unicuique

158 2412 261 2481 hac
287 2413 338 2466 in
355 2429 413 2467 re
444 2413 680 2476 obvium,
695 2427 811 2465 rem
831 2413 1048 2464 omnino
1069 2411 1302 2481 eonﬁcit,
1328 2427 1524 2479 corpus
1543 2426 1735 2481 nempe

157 2480 355 2536 Christi
377 2483 632 2552 symbolis
654 2481 914 2552 indutum,
946 2495 1042 2552 seu
1063 2479 1333 2552 Chrietum
1363 2481 1535 2552 ipsum
1558 2479 1736 2552 specie

197 2553 314 2606 anis
342 2548 532 2605 et'vini
561 2550 966 2618 absconditum?
1002 2548 1153 2602 Unde
1180 2549 1420 2603 Christus
1449 2551 1563 2618 ipse
1589 2548 1735 2607 dice-

199 2629 273 2685 at,
301 2636 378 2686 se,
411 2627 464 2674 et
494 2619 802 2673 manducari
830 2637 840 2670 :
875 2615 974 2682 Qui
999 2619 1276 2672 manducat
1305 2636 1402 2683 me,
1432 2615 1542 2689 ipse
1570 2622 1734 2687 vivet;

158 2699 218 2746 et
257 2707 374 2746 esse
413 2705 607 2761 panem
639 2689 789 2761 hunc
816 2699 977 2761 quem
1005 2689 1224 2742 daturus
1254 2689 1391 2744 foret
1424 2708 1436 2742 :
1468 2689 1584 2761 Ego
1624 2708 1737 2746 sum

160 2762 336 2832 panis,
358 2758 442 2832 qui
469 2759 532 2812 de
553 2760 676 2832 coelo
699 2758 954 2832 descendi.

235 2831 317 2883 An
343 2827 447 2884 non
476 2830 678 2899 pariter
702 2827 1000 2899 malaeﬁdei
1021 2834 1120 2894 est,-
1166 2829 1303 2883 scire
1322 2831 1492 2898 probe
1519 2831 1736 2899 quidem

158 2915 328 2955 unum
355 2897 496 2953 istud
517 2899 767 2963 contendi
782 2913 810 2951 a
834 2897 1081 2951 Nestorio
1101 2914 1295 2967 panem
1324 2897 1737 2958 eucharisticum

159 2984 272 3024 non
293 2984 420 3040 esse
433 2969 751 3040 Divinitatis,
775 2967 867 3021 sed
888 2970 1130 3040 corporis
1156 2969 1398 3040 ﬁguram,
1417 2971 1739 3040 qualiscum-

160 3053 269 3109 que
298 3039 516 3109 tandem
547 3039 635 3092 illa
667 3039 736 3092 sit
761 3056 772 3090 :
804 3047 857 3109 et
887 3037 1010 3092 inde
1041 3047 1216 3093 tamen
1239 3037 1562 3096 concludere
1583 3041 1737 3098 aNe-

1826 444 1987 497 homo
2021 446 2377 520 omnipotens,
2411 449 2553 520 etc;
2596 446 2649 520 in
2691 444 3285 520 eucharistiafpropter
3310 444 3400 509 ea;

1827 516 2205 569 cramentalem
2228 516 2402 592 carnis
2429 515 2626 592 Christi
2650 529 2776 592 cum
2801 515 3404 592 symbolis-commotio-

1827 597 1970 658 nem,
1990 593 2043 638 et
2058 601 2182 640 caro
2203 588 2368 655 tangi,
2388 591 2441 641 et
2460 587 2699 658 symbola
2716 580 2987 644 viviﬁcare
3006 580 3274 658 dicuntur.
3293 580 3398 652 etc.

1827 653 1906 707 Ad
1959 653 2341 730 incarnationis
2370 653 2556 730 veram,
2581 657 2735 712 ﬁdem
2767 653 3404 730 demonstrandam,th

1826 723 2154 804 una‘sul‘ﬁcit
2200 727 2483 804 sententia,
2515 729 2559 804 si
2572 730 2822 804 _proprio_
2848 741 3010 804 sensu
3036 723 3401 804 “intelligatur,

1837 793 2054 874 Verbum
2077 813 2207 874 ca_ro_
2227 800 2417 874 factum
2439 805 2512 874 est
2537 793 2713 874 (Joaltt;
2739 817 2775 863 ι,
2802 800 2890 874 H)
2922 819 2933 852 :
2963 801 3159 874 sufﬁcit
3185 793 3402 874 quoque;

1827 863 1894 918 ad
1923 863 2257 920 eucharistiz'e
2305 863 2602 922 faciendam
2648 868 2803 924 ﬁdem
2855 863 2968 925 haec
2998 873 3151 927 unica
3200 863 3403 931 Christi

1825 950 1929 989 vox
1962 936 2013 989 in
2057 938 2333 1018 proprium
2381 955 2596 993 sensum
2645 945 2900 1018 accepta,
2934 940 3049 1018 Hoc
3095 949 3170 997 est
3215 961 3401 1018 corpus

1825 1021 2010 1080 meum.
2053 1005 2431 1080 Quid__caatera
2473 1005 3113 1080 persequar-diligentius,
3141 1029 3261 1069 cum
3305 1005 3403 1072 he-

1827 1076 1956 1150 mini
1980 1091 2083 1129 non
2114 1074 2267 1150 facile
2290 1093 2354 1132 ex
2377 1074 2747 1150 _his'pateaht?

1897 1145 2298 1221 Observandum
2360 1145 2586 1221 deinde,
2628 1167 2733 1205 non
2792 1166 3011 1221 parvam
3064 1152 3400 1213 intercedere

1826 1215 2173 1279 Nestorianos
2203 1217 2341 1272 inter
2367 1225 2420 1272 et
2443 1215 2898 1276 Sacramentarios
2926 1225 3399 1282 transsubstantia-

1827 1286 1988 1362 tionis
2015 1287 2196 1340 hostes
2223 1286 2554 1362 afﬁnitatem.
2581 1290 2654 1362 _Ea
2679 1293 2808 1346 mihi
2832 1293 3040 1347 videtur
3061 1300 3293 1362 quatuor
3321 1313 3401 1352 ca-

1826 1356 2292 1433 pitibosconstare
2318 1376 2329 1409 :
2356 1373 2476 1412 nam
2500 1360 2686 1414 iisdem
2716 1363 2927 1433 utrique
2942 1356 3216 1432 prinéipiis
3238 1373 3399 1420 utun-

1825 1435 1932 1502 tur,
1955 1426 2142 1502 iisdem
2161 1435 2420 1502 urgentur
2439 1432 2782 1502 argumentis,
2813 1426 2998 1488 eadem
3028 1426 3244 1502 captant
3271 1435 3402 1490 effu-

1825 1496 1942 1573 gia_,_
1953 1497 2138 1552 iisdem
2161 1498 2411 1567 loquendi
2435 1496 2673 1573 formulis
2687 1515 2921 1573 errorem
2938 1496 3398 1573 suum-exponunt.

1897 1566 2023 1646 Haec
2045 1574 2190 1622 certe
2217 1566 2414 1624 suntet
2441 1569 2545 1646 illis
2574 1577 2627 1624 et
2651 1571 2763 1625 istis
2783 1575 3085 1646 communia
3109 1566 3365 1646 principia
3385 1595 3398 1631 :

1827 1634 1882 1689 1⁸
1906 1637 2106 1710 nullam
2138 1651 2447 1706 agnoscere,
2472 1640 2582 1694 sive
2612 1649 2923 1696 naturarum
2948 1644 3000 1696 in
3029 1634 3261 1710 Christo,
3281 1634 3402 1701 ‘sive

1825 1709 2060 1776 partium
2086 1708 2144 1784 in
2173 1710 2512 1784 eueharistia,
2555 1712 2870 1784 unitionem,
2898 1719 3095 1782 praeter
3121 1708 3399 1784 moralem,

1828 1791 1948 1865 qua;
1968 1781 2214 1865 σγνὰφεια
2235 1779 2448 1865 dicatur
2463 1789 2517 1836 et
2535 1797 2668 1864 pura
2697 1779 2917 1865 ςχὲσιςς
2935 1797 3005 1865 ne
3029 1783 3200 1865 major
3227 1779 3402 1865 aliqua

1831 1849 2034 1924 scilicet
2055 1849 2319 1924 σύγχυσιν
2340 1849 2610 1924 unitorum
2641 1849 2942 1924 induceret;
2973 1851 3034 1904 2°
3061 1849 3194 1907 duas
3222 1849 3404 1911 admitc

1833 1925 1948 1996 tere
1989 1919 2043 1973 in
2085 1919 2466 1996 suo'_s_ingulo_s
2494 1923 2791 1996 composito
2816 1923 3148 1996 hypostases,
3176 1939 3242 1979 ne
3289 1941 3407 1996 qum

1832 1989 2104 2061 uniuntur,
2134 1991 2218 2046 vel
2248 1989 2556 2061 imperfecta
2587 1989 2833 2056 evadant,
2855 1989 2959 2047 'vel
3007 2008 3115 2047 sute
3166 1989 3408 2053 essen-tia).

1833 2057 2213 2136 detrimentum
2256 2057 2485 2136 capiant.
2518 2062 2592 2136 _5°
2637 2076 2853 2136 negare,
2885 2063 3029 2136 quod
3056 2065 3224 2136 possit
3251 2068 3408 2136 quid-

1832 2141 1992 2197 quam
2022 2131 2196 2184 aliena
2222 2131 2564 2186 subsistentia
2597 2133 2713 2196 niti,
2742 2148 2809 2186 ne
2848 2134 2934 2187 vel
2960 2131 3410 2192 humanitas-sub—

1833 2199 2159 2254 stantialiter
2187 2215 2215 2254 a
2243 2199 2414 2255 Verbo
2441 2202 2659 2267 assumi,
2691 2203 2773 2257 vel
2803 2203 3099 2258 accidentia
3129 2205 3245 2260 sine
3284 2207 3411 2262 sub-

1829 2267 1976 2336 jecto
2005 2271 2237 2324 existere
2289 2273 2608 2338 credantur;
2639 2271 2700 2324 4°
2739 2273 2964 2338 rejicere
3009 2276 3263 2330 unionem
3292 2291 3412 2331 om-

1835 2353 1957 2414 nem
1989 2350 2210 2414 altrix?)
2236 2341 2510 2414 majorem,
2542 2357 2610 2395 ne
2632 2355 2757 2397 caro
2795 2341 3011 2409 Christi,
3043 2345 3128 2398 vel
3157 2353 3412 2402 coexten-

1835 2407 1995 2461 datur
2019 2407 2212 2471 Verbo,
2242 2407 2330 2464 vel
2353 2411 2420 2464 sit
2442 2413 2717 2465 immensa.

1908 2478 2237 2556 l’remnntur
2259 2480 2520 2556 pluribus_
2545 2481 2757 2556 quidem
2805 2482 3018 2556 utrique
3064 2487 3413 2556 argumentis,

1837 2546 2068 2620 seduno
2099 2546 2358 2620 maxime,
2381 2551 2526 2620 quod
2555 2546 2621 2605 ex
2642 2551 2724 2605 his
2746 2546 3084 2620 evangelista:
3117 2546 3416 2620 Christique

1838 2617 2016 2672 verbis
2045 2619 2272 2673 sumitur
2308 2638 2320 2672 :
2352 2619 2574 2676 Vanam!
2603 2635 2738 2676 ωηο
2774 2617 2984 2677 merum
3015 2641 3140 2690 esr;
3173 2636 3227 2681 et
3261 2647 3272 2680 :
3306 2617 3418 2686 Hoc

1839 2702 2364 2769 perpendens“;
2388 2691 2438 2769 si
2464 2691 2641 2757 modo,
2675 2699 2733 2745 ut
2762 2707 2858 2761 par
2879 2701 2978 2769 est,
3012 2704 3066 2749 et
3093 2698 3329 2766 pr0prie,
3362 2707 3418 2753 et

1833 2759 1987 2826 juxta
2018 2759 2357 2814 traditionem
2400 2759 2634 2825 Patrum,
2668 2769 2723 2816 et
2747 2759 3036 2817 secundum
3080 2759 3418 2824 donamunem

1840 2825 2073 2913 ﬁdelium
2113 2832 2460 2913 sententiam,
2499 2837 2554 2886 et
2597 2841 2957 2913 congruenter
2979 2835 3102 2913 ‘aliis
3131 2836 3420 2906 Scriptum

1839 2897 2071 2972 loc_is,4in
2096 2901 2287 2968 quibus
2318 2901 2620 2972 eadem_res
2641 2897 2830 2970 agitur,
2866 2903 3248 2972 intelligantur.

1912 2967 2412 3044 Eadem:seetantnr
2455 2967 2647 3044 eﬁ'ugia
2674 2967 2838 3044 {nam
2868 2967 3062 3043 primo'
3079 2977 3290 3044 utrique
3319 2977 3418 3033 oh-

1835 3039 2039 3115 jectum
2063 3039 2162 3115 sibi
2181 3039 2477 3115 Scriptura:
2492 3041 2667 3115 locum
2688 3039 2976 3115 ﬁguratum
2998 3060 3115 3099 esse
3138 3039 3421 3115 opiniosis-

161 3107 337 3165 storio
365 3108 467 3163 dici
498 3109 640 3202 hunc
667 3107 912 3202 eumdem
937 3124 1132 3202 pa‘nei‘n
1161 3125 1266 3164 non
1299 3125 1415 3202 esse
1446 3119 1650 3202 tantem
1677 3113 1739 3165 ﬁ-
1768 3139 1813 3202 ο
1840 3107 2322 3202 Siniepdefendunti
2355 3107 2878 3202 et,‘quod‘mir;abile
2901 3121 3002 3197 est,
3023 3107 3265 3202 ea'r‘nd'em
3286 3119 3421 3173 utri-

161 3193 373 3303 ﬁnram,
395 3179 538 3248 quod
569 3194 729 3233 unum
754 3179 883 3232 satis
904 3188 1021 3234 erat
1043 3179 1106 3233 ad
1137 3181 1489 3250 propositum,
1509 3182 1600 3236 sed
1623 3199 1741 3238 esse

202 3263 390 3303 auram
439 3265 694 3303 vacuam.
720 3248 863 3303 quod
904 3251 1079 3303 minus
1107 3250 1173 3303 ad
1203 3267 1315 3303 rem
1347 3252 1496 3303 erat?
1544 3249 1741 3303 Deinde

202 3263 390 3318 guram
439 3265 661 3303 vacuam
680 3289 694 3312 ,
720 3248 863 3318 quod
904 3251 1079 3304 minus
1107 3248 1173 3304 ad
1203 3248 1315 3304 rem
1347 3252 1496 3305 erat?
1544 3249 1744 3310 Deinde

161 3335 263 3376 cur
313 3322 583 3377 ἀντίτυπον
636 3321 821 3375 hocin
863 3319 983 3375 loco
1013 3320 1156 3374 aliud
1198 3319 1482 3390 signiﬁcari
1513 3323 1742 3391 dicatur,

159 3405 328 3459 quam
355 3392 583 3464 signum,
609 3399 662 3446 et
689 3393 871 3464 1:31:95
902 3406 1022 3444 cum
1053 3391 1278 3464 alterum
1321 3409 1418 3462 pro
1438 3393 1618 3464 _altero
1646 3411 1745 3464 po-

158 3470 343 3534 natur,
376 3469 430 3515 et
459 3461 610 3534 locus
628 3477 735 3534 non
765 3461 922 3534 aliam
945 3462 1179 3534 postulet
1201 3460 1360 3534 quam
1386 3460 1552 3534 τύπου
1582 3460 1746 3534 signi-

158 3530 508 3588 ﬁcationem?
537 3532 686 3586 Adde
705 3530 848 3600 quod
864 3529 1032 3600 possit
1050 3529 1188 3586 idem
1209 3529 1292 3586 sui
1313 3548 1428 3587 esse
1449 3529 1740 3601 a‘miwﬁov,

157 3601 203 3657 si
233 3603 508 3670 geminam
537 3601 760 3656 subinde
783 3601 1013 3669 speciem
1037 3601 1284 3666 induerit,
1310 3611 1364 3656 et
1392 3603 1558 3658 altera
1586 3607 1653 3658 sit
1675 3608 1747 3659 al-

159 3674 332 3728 terius
353 3673 579 3741 signum,
599 3671 738 3727 unde
754 3671 1025 3727 distinctio
1046 3672 1181 3741 signi
1202 3673 1357 3727 vacui
1384 3683 1437 3728 et
1458 3674 1601 3744 pleni
1624 3685 1742 3730 orta

226 3812 319 3866 An
346 3829 452 3870 non
481 3813 709 3883 denique
729 3811 1097 3869 Nestorianam
1119 3812 1219 3885 'ille
1254 3813 1575 3868 sententiam
1597 3829 1742 3885 quae-

155 3884 502 3954 stionemque
531 3899 718 3954 parum
744 3885 1068 3954 assequitur,
1089 3884 1180 3952 qui
1209 3899 1329 3938 cum
1351 3885 1418 3938 de
1446 3885 1575 3954 reali
1605 3884 1741 3954 prte-

154 3954 338 4010 sentia
359 3951 724 4009 controversia
755 3956 841 4017 sit,
859 3951 926 4009 de
947 3951 1122 4007 modo
1137 3954 1432 4022 praesentiae
1457 3951 1738 4022 loquatur;

156 4039 394 4094 cumque
421 4023 699 4079 Nestorius
727 4026 1028 4095 impanator
1054 4022 1330 4095 fuerit,_ut_
1347 4039 1471 4095 uno};
1493 4024 1743 4078 ostende-

155 4102 269 4162 tur,
291 4092 581 4149 contendat
596 4095 663 4148 ab
684 4110 749 4150 eo
770 4092 1174 4150 conversionem
1193 4092 1561 4148 admirabilem
1579 4109 1741 4162 quam

155 4164 429 4224 catholica
483 4163 722 4220 Ecclesia
763 4175 949 4221 contra
988 4165 1364 4226 Συνουσιαστὰς
1417 4171 1596 4218 tuetur
1632 4179 1742 4219 non

153 4233 328 4290 fuisse
354 4234 660 4290 defensam?

226 4304 497 4376 Sedi‘jam
546 4314 757 4376 tempus
785 4314 866 4376 est
894 4307 947 4361 id
995 4305 1387 4370 demonstrare,
1433 4303 1576 4375 quod
1615 4320 1743 4360 mox

155 4375 296 4446 dixi,
337 4374 673 4440 Nestorium,
695 4377 794 4431 etsi
823 4375 1021 4431 Christi
1053 4392 1248 4445 corpus
1292 4374 1482 4446 reapse
1508 4390 1742 4444 przcsens

154 4445 253 4502 sub
291 4446 546 4527 symbolis
569 4447 753 4527 offerri
771 4447 1058 4527 crediderit
1080 4446 1131 4500 in
1155 4445 1434 4527 sacriﬁcio,
1454 4454 1508 4527 et
1523 4446 1574 4498 in
1596 4462 1743 4500 com-

1845 3195 1948 3249 que
1970 3179 2198 3253 ﬁguram
2228 3179 2532 3253 causantur.
2577 3181 2795 3248 Deinde,
2829 3185 3044 3253 utrique
3073 3183 3289 3240 Patrum
3326 3201 3421 3242 au-

1846 3251 2171 3317 ctoritatem,
2196 3252 2277 3305 sin
2315 3252 2490 3306 minus
2518 3259 2703 3318 aperte
2733 3251 3104 3318 contemnunt,
3134 3265 3280 3312 certe
3309 3257 3422 3313 ele-

1844 3319 2423 3394 vantaDeniquesola
2469 3319 2669 3394 judice;
2702 3321 2976 3394 Scriptura
3019 3327 3229 3394 utrique
3274 3327 3423 3384 litem

1845 3389 2020 3446 dirimi
2042 3389 2246 3467 volunt.
2275 3392 2378 3448 Sed
2409 3389 2558 3467 locos
2584 3391 2705 3448 inde
2732 3389 3010 3463 proferunt
3040 3389 3247 3467 eadem,
3281 3399 3424 3467 quod

1846 3463 2167 3532 stupendum
2194 3470 2298 3534 est,
2332 3467 2385 3534 et
2413 3461 2595 3517 fraude
2635 3461 2934 3534 corruptos,
2967 3461 3424 3534 etviolentia'de-

1845 3537 2036 3597 tortos,
2067 3533 2210 3603 quod
2229 3533 2500 3604 sigillatim
2527 3533 2809 3588 ostendere
2839 3549 2937 3588 nec
2964 3533 3176 3590 difﬁcile
3204 3543 3306 3604 est,
3327 3551 3425 3594 nec

1845 3605 2225 3687 necessarium,
2260 3619 2379 3685 eum
2411 3603 2697 3687 unicuique
2742 3603 3304 3687 utrorurpqueulibros
3349 3608 3426 3687 le-

1843 3673 1988 3737 genti
2021 3673 2354 3747 testimonia_
2371 3677 2675 3747 occurrant,
2707 3688 2813 3727 non
2851 3673 3201 3747 multitudine
3257 3679 3425 3747 magis

1844 3754 2004 3808 quam
2029 3741 2293 3796 evidentia
2325 3741 2480 3796 ﬁdem
2511 3744 2665 3798 dictis
2694 3744 2890 3796 nostris
2917 3743 3136 3798 factura.

1917 3809 2138 3876 Eodem,
2171 3813 2327 3865 etilli
2375 3811 2442 3866 de
2491 3811 2721 3881 Christo,
2756 3819 2809 3864 et
2849 3813 2933 3865 isti
2963 3813 3030 3867 de
3079 3815 3420 3881 eucharistia,

1843 3881 2005 3950 modo
2051 3882 2360 3948 loquuntur.
2394 3880 2694 3934 Nestoriani
2721 3881 2848 3950 olim
2879 3881 3173 3950 negabant,
3207 3880 3424 3943 ostenso

1843 3947 2084 4012 Christo,
2114 3947 2215 4003 dici
2262 3964 2422 4019 posse
2457 3951 2671 4019 proprie
2703 3968 2713 4000 :
2749 3949 2846 4004 Hic
2893 3947 2973 4006 est
3005 3947 3168 4018 Dcusj
3200 3954 3292 4008 sed
3328 3955 3426 4012 Dei

1845 4019 2122 4074 dumtaxat
2150 4021 2511 4084 simulacrum,
2544 4028 2598 4090 et
2627 4019 2770 4073 aliud
2792 4019 2988 4088 aliquid
3018 4021 3296 4090 ejusmodi.
3320 4025 3424 4082 De-

1843 4097 2139 4164 monstrata
2167 4090 2518 4164 eucharistia,
2550 4089 2962 4164 Sacramentarii
2992 4089 3173 4164 vetant
3201 4108 3268 4149 ne
3304 4096 3425 4164 quis

1845 4160 2038 4215 audeat
2077 4175 2317 4215 asserere
2343 4162 2447 4214 hoc
2481 4175 2598 4215 esse
2627 4161 2842 4230 proprie
2864 4176 3057 4231 corpus
3085 4163 3299 4228 Christi,
3321 4160 3425 4221 sed

1844 4231 2086 4302 oorporis
2112 4231 2340 4297 signum,
2372 4231 2619 4298 ﬁguram,
2667 4231 2984 4302 antitypum,
3017 4241 3120 4286 etc.
3153 4233 3424 4290 Christum

1844 4299 2147 4376 fatebantur
2169 4302 2466 4376 Nestoriani
2488 4317 2646 4376 posse
2685 4299 2865 4376 vocari
2895 4301 3079 4376 Deum,
3109 4305 3202 4376 sed
3237 4304 3424 4376 ὁμονύ-

1844 4390 1985 4443 μως;
2009 4372 2158 4426 aiunt
2178 4371 2591 4443 Sacramentarii
2620 4371 2822 4443 pariter
2840 4371 3215 4428 eucharistiam
3246 4371 3425 4432 vocari

1844 4440 2059 4525 quidem
2089 4459 2282 4525 corpus
2310 4442 2528 4525 Christi,
2560 4440 2977 4525 sed_§povdpwc,
2994 4451 3098 4498 etc.

154 4511 417 4572 munione
446 4515 784 4582 manducari,
818 4519 871 4572 in
896 4533 962 4572 eo
989 4525 1166 4571 tamen
1192 4518 1330 4572 circa
1354 4517 1568 4570 modum
1597 4530 1738 4586 praz-
1766 4518 1818 4577 D
1854 4581 1898 4586 Δί
1913 4511 2338 4586 Observandum
2367 4512 2625 4586 denique
2649 4511 2950 4586 Nestorium
2968 4553 2982 4578 ,
3030 4527 3150 4586 cum
3198 4511 3330 4570 duas
3368 4517 3426 4572 in

155 4589 352 4642 sentiat
380 4601 608 4652 errasse,
631 4587 774 4656 quod
796 4603 990 4658 corpus
1010 4586 1205 4640 Christi
1229 4587 1350 4657 pani
1378 4587 1621 4658 crederet
1643 4602 1740 4658 per

155 4672 365 4712 meram
401 4661 667 4729 συνάφειαν
699 4665 863 4729 atque
893 4656 1242 4714 ὸ-υνουσίωσιῦ
1274 4656 1552 4726 conjungi,
1594 4656 1738 4728 quod

158 4728 426 4797 impanari
457 4727 598 4782 nunc
623 4727 783 4795 vulgo
811 4727 1012 4782 dicunt.

227 4799 292 4853 Id
318 4813 442 4851 vero
467 4805 525 4851 ut
551 4798 644 4851 ﬁat
664 4797 1019 4861 manifestum,
1053 4797 1158 4852 duo
1183 4804 1314 4866 puto
1343 4798 1599 4852 attentius
1638 4798 1737 4852 ob-

156 4867 455 4933 servanda;
489 4875 545 4923 et
594 4869 822 4937 primum
879 4867 1094 4936 quidem
1124 4867 1296 4931 istud,
1330 4881 1575 4936 magnam
1619 4882 1740 4922 esse

156 4939 545 5007 incarnathnis
573 4947 733 5007 atque
755 4939 1086 4994 eucharistite
1112 4939 1507 5006 cognationem,
1539 4944 1596 4991 ut
1624 4937 1740 4992 haec

158 5005 304 5063 illius
325 5009 569 5064 extensio
597 5005 839 5077 qdazdam
881 5017 936 5063 et
961 5005 1292 5064 continuatio
1321 5024 1350 5062 a
1373 5007 1620 5064 Patribus
1641 5023 1738 5062 vo-

157 5087 316 5132 cetur
354 5097 366 5130 :
400 5094 523 5133 nam
551 5079 688 5134 sicut
717 5095 812 5148 per
836 5079 1256 5133 incarnationem
1285 5078 1518 5134 Verbum
1547 5079 1738 5134 huma-

157 5149 335 5220 nitati,
367 5150 444 5203 sic
469 5165 567 5220 per
593 5151 1050 5205 consecrationem
1078 5164 1273 5219 corpus
1298 5149 1493 5204 Christi
1517 5149 1737 5220 symbo-

159 5219 224 5274 lis
247 5221 449 5273 unitur.
480 5219 536 5272 In
566 5227 788 5289 utraque
804 5219 860 5272 ﬁt
887 5229 945 5273 ut
967 5227 1186 5289 propter
1202 5220 1522 5274 ineﬁ'abilem
1545 5219 1736 5288 quam-

159 5289 286 5343 dam
316 5290 589 5354 unionem,
609 5297 664 5344 et
684 5291 868 5360 eadem
899 5290 967 5344 sit
996 5290 1090 5344 Dei
1116 5291 1452 5359 hominisque
1478 5304 1732 5360 persona,

158 5366 215 5431 et
240 5361 399 5414 unica
429 5360 666 5431 corporis
701 5358 897 5414 Christi
927 5375 989 5415 ac
1025 5358 1388 5431 symbolarum
1414 5358 1732 5431 hypostasis.

157 5425 218 5483 In
248 5437 475 5500 utraque
503 5425 558 5484 et
586 5429 726 5486 Deus
757 5439 811 5485 et
844 5444 1039 5500 corpus
1056 5425 1262 5485 Christi
1307 5425 1466 5495 latet,
1488 5425 1737 5499 Deusque

159 5501 344 5572 specie
394 5501 624 5572 hominis
647 5541 661 5565 ,
693 5517 887 5569 corpus
931 5501 1126 5572 Christi
1154 5501 1518 5572 symbolorum
1557 5500 1738 5570 specie

158 5569 391 5626 videtur.
426 5569 528 5627 Per
549 5571 691 5625 illam
719 5573 858 5626 Deus
878 5587 1006 5640 vere
1032 5570 1090 5624 ﬁt
1118 5569 1296 5637 homo,
1318 5586 1413 5640 per
1432 5569 1600 5627 istam
1614 5587 1740 5627 cor-

157 5655 264 5714 pus
293 5642 487 5714 Christi
519 5658 644 5699 vere
672 5643 730 5696 tit
779 5643 947 5697 cibus.
993 5639 1050 5696 In
1096 5639 1464 5714 incarnatione
1512 5648 1740 5714 propter

160 5709 538 5772 admirabilem
555 5715 832 5784 utriusque
858 5721 1061 5768 naturae
1088 5713 1265 5768 ἕνωσιν
1282 5709 1560 5784 reciprooe
1580 5709 1741 5769 com-

1841 4581 2054 4638 Christo
2086 4593 2302 4638 naturas
2326 4581 2581 4651 integras,
2613 4582 2936 4647 inconfusas,
2979 4591 3033 4636 et
3061 4583 3428 4652 lmpemiixtas

1841 4663 2174 4723 agnosceret,
2197 4655 2340 4723 quod
2361 4655 2682 4709 catholicum
2706 4654 2821 4718 fuit,
2845 4654 2958 4708 sola
2989 4661 3167 4723 tamen
3190 4669 3281 4723 eas
3295 4669 3425 4710 con-

1834 4722 2305 4795 junxisseiaxé’aez,
2337 4734 2392 4780 et
2423 4741 2527 4779 non
2558 4726 2664 4781 καθ’
2688 4725 2988 4784 ὑπόστασιν,
3006 4722 3158 4795 quod
3171 4722 3421 4795 alienum

1841 4791 1871 4849 a
1921 4794 2042 4850 ﬁde.
2076 4791 2327 4851 Constitit
2354 4809 2480 4863 ergo
2511 4796 2715 4850 medius
2757 4797 2895 4848 inter
2931 4791 3426 4863 unionishyposta-

1842 4811 1871 4849 a
1921 4810 2042 4850 nae.
2076 4810 2327 4851 Constitit
2354 4810 2480 4863 ergo
2511 4810 2715 4850 medius
2757 4810 2895 4848 llllCl‘
2931 4810 3141 4846 unioms
3169 4810 3426 4914 n‘yposm-

1842 4866 1959 4920 ticae
1987 4875 2041 4920 et
2062 4866 2388 4922 confusionis
2415 4874 2687 4928 auctores;
2722 4865 2946 4930 ideoque
2975 4861 3194 4930 cavitrdi
3220 4863 3426 4930 igenter

1842 4944 1921 4999 ut,
1948 4952 2015 4991 ne
2043 4937 2208 5006 verbo
2228 4938 2462 5006 quidem,
2495 4936 2578 5006 vel
2607 4935 2718 5006 his,
2743 4932 2826 5006 vel
2848 4929 2951 4986 illis
2981 4929 3424 5006 aceedere’vide-

1841 5014 2006 5061 retur.
2061 5001 2398 5073 Quare—cum
2449 5005 2616 5074 probe
2661 5003 2982 5074 intelligeret
3022 5001 3154 5056 nihil
3183 5018 3302 5059 esse
3330 5020 3426 5060 co-

1838 5077 2068 5144 gnatius,
2091 5072 2337 5147 nihilque
2387 5072 2608 5147 similius
2649 5089 2808 5147 quam
2838 5072 3111 5147 Christum
3134 5079 3194 5147 _et
3222 5076 3424 5128 eucha-

1840 5140 2064 5216 ristiam,
2097 5149 2162 5202 de
2192 5140 2418 5216 utroque
2448 5144 2649 5216 pariter
2668 5140 2794 5216 sibi,
2828 5151 2882 5198 et
2902 5140 3244 5216 sentiendum
3267 5152 3423 5213 puta~

1839 5218 1934 5282 vit,
1973 5224 2026 5271 et
2048 5211 2402 5286 loquendum;
2441 5211 2509 5286 ne
2529 5215 2572 5268 si
2600 5213 2724 5286 quid
2743 5213 3008 5286 incautius
3028 5211 3095 5267 de
3114 5211 3285 5268 altero
3308 5228 3425 5286 my—

1841 5289 2006 5344 sterio
2018 5283 2258 5351 dixisset,
2273 5287 2323 5341 id
2353 5300 2461 5340 sua:
2483 5284 2548 5339 de
2569 5284 2741 5339 altero
2761 5284 3041 5339 sententia:
3062 5291 3301 5338 noceret.
3320 5283 3429 5338 Aut

1839 5357 1939 5427 fuit
1987 5359 2146 5425 igitur
2192 5357 2366 5427 reipsa
2395 5355 2881 5427 Sacramentarius,
2930 5351 3232 5427 cuiusmodi
3281 5369 3428 5427 nunc

1841 5423 2162 5492 Lutherani;
2201 5423 2294 5482 aut
2331 5435 2477 5483 certe
2511 5426 2680 5480 videri
2708 5433 2884 5494 potest
2909 5423 3223 5493 gravissima
3251 5424 3428 5494 suspi-

1839 5499 1994 5555 cione
2024 5499 2288 5553 laborare.
2340 5498 2512 5567 Atque
2559 5497 2631 5550 ita
2677 5495 2905 5567 Cyrillus
2949 5511 3059 5567 non
3103 5494 3223 5550 sine
3263 5510 3426 5567 causa

1840 5570 2069 5639 scripsit,
2104 5567 2408 5624 Nestorium
2431 5566 2671 5636 aliosque
2699 5566 2883 5639 eadem
2906 5581 3027 5621 cum
3050 5566 3165 5639 ipso
3187 5566 3430 5622 sentien-

1840 5635 2248 5719 tes,_1rapotlxiuy
2272 5646 2362 5701 τὴν
2383 5645 2480 5719 ςιςοῦ
2505 5635 2792 5719 μυὰᾳρίου
2819 5635 3052 5719 δύνῆκιν,
3069 5635 3275 5719 quippe
3303 5651 3428 5719 qua;

1841 5703 1951 5770 non
1979 5703 2188 5766 tantum
2214 5711 2267 5768 in
2287 5711 2417 5768 reali
2439 5703 2690 5780 co'rporis'
2702 5703 2983 5780 praesentia
3015 5703 3187 5780 posita
3208 5703 3298 5777 sit,
3321 5703 3436 5768 ξω
