3992 6276
284 227 419 285 1169

277 347 617 415 Coelestinus,
646 351 1042 423 exspectandum

278 436 400 473 num
427 429 719 475 verteretur.

352 489 491 562 Utut
506 505 592 545 res
614 508 673 562 se
701 492 912 559 habeat,
945 501 1092 547 certe
1113 499 1291 562 potest
1318 507 1427 546 non
1455 492 1721 545 immerito
1743 491 1849 546 dici

276 560 389 615 haec
416 560 585 629 prima
627 560 877 618 Ecclesiae
921 562 988 617 de
1015 560 1263 618 Nestorio
1292 563 1516 617 victoria
1541 579 1555 627 ;
1588 562 1850 630 siquidem

277 630 328 683 in
380 631 478 703 ista
523 632 729 703 synodo
773 634 1003 703 primum
1043 634 1325 687 damnatus
1353 640 1452 698 est,
1483 648 1591 686 non
1637 632 1849 701 quidem

278 701 612 766 nominatim,
654 701 907 771 quoniam
952 712 1155 759 certum
1196 719 1302 756 non
1349 711 1484 767 erat,
1530 710 1621 755 aut
1661 703 1848 756 saltem

274 785 382 824 non
410 772 631 839 perinde
659 788 723 828 ac
746 774 964 842 legitimi
996 773 1179 842 judicii
1208 772 1376 827 forma
1406 774 1657 841 postulat,
1690 787 1849 842 quem

275 849 549 911 auctorem
593 842 793 897 charta:
838 845 1134 908 haberent;
1183 843 1277 898 sed
1314 844 1609 911 generatim
1648 844 1700 895 in
1739 843 1850 898 suis

273 909 627 983 dogmatibus,
655 928 772 981 quae
795 922 853 967 ut
879 912 1225 968 offensionem
1250 909 1590 983 pepererant,
1624 928 1850 980 eamque

273 981 665 1047 vehementem,
698 983 770 1037 ita
798 985 1035 1038 unanimi
1056 981 1272 1038 Patrum
1302 981 1567 1039 consensu
1596 982 1848 1037 damnata

272 1059 414 1104 Sllﬂt.
974 1092 975 1095 η

344 1121 610 1195 Scriptum
651 1123 773 1195 inde
821 1132 905 1179 est
941 1124 1140 1195 Cyrillo
1186 1124 1558 1195 Alexandrina:
1596 1122 1850 1179 Ecclesiae

273 1193 564 1315 episcopo;
631 1194 722 1248 sed
764 1210 869 1248 non
914 1193 1227 1249 eo‘tantum
1268 1194 1390 1259 line,
1423 1202 1481 1247 ut
1518 1194 1585 1248 de
1631 1202 1851 1249 auctore

273 1270 580 1315 eiartarum
622 1265 753 1315 certi
799 1265 997 1315 aliquid
1040 1265 1259 1315 doceret
1297 1283 1308 1315 :
1350 1265 1441 1315 oui
1480 1264 1624 1315 enim
1661 1263 1851 1315 lateret

271 1263 580 1316 chartarum
622 1265 753 1319 certi
799 1265 997 1333 aliquid
1040 1265 1259 1319 doceret
1297 1283 1308 1317 :
1350 1265 1441 1332 qui
1480 1264 1624 1318 enim
1661 1263 1853 1319 lateret

271 1341 459 1387 auctor
503 1333 556 1386 in
602 1335 765 1389 tantis
806 1334 1059 1390 Ecclesiae
1112 1335 1389 1389 motibus?
1440 1333 1622 1403 Neque
1665 1334 1847 1399 etiam,

270 1404 415 1473 quod
436 1402 759 1473 suspiciosus
781 1406 971 1473 aliquis
991 1404 1270 1473 cogitaret,
1294 1412 1354 1459 ut
1372 1402 1619 1468 sciretur,
1644 1419 1712 1457 an
1743 1420 1850 1458 non

272 1472 385 1541 ipse
410 1472 627 1542 quoque
655 1474 901 1529 Nestorio
929 1472 1259 1530 consentiret
1282 1492 1295 1537 ;
1338 1474 1600 1541 siquidem
1646 1475 1852 1542 integer

270 1542 442 1614 famae,
490 1545 771 1612 omnisque
816 1546 1015 1600 erroris
1056 1560 1222 1614 purus
1271 1544 1590 1614 habebatur,
1641 1544 1745 1598 Sed
1794 1551 1853 1597 ut

269 1613 455 1681 primae
472 1623 598 1683 post
626 1615 922 1669 Romanam
950 1612 1091 1670 sedis
1119 1615 1340 1669 antistes
1363 1614 1475 1682 jam
1499 1612 1621 1667 inde
1650 1614 1853 1668 excita-

270 1691 421 1738 retur
442 1684 507 1737 ad
522 1700 645 1757 suas
667 1694 903 1757 tempore
922 1693 1103 1757 partes
1126 1685 1376 1753 agendas,
1402 1684 1851 1757 promovendum-

270 1768 375 1877 Rue
403 1755 691 1821 negotium,
724 1754 867 1824 quod
888 1754 1177 1825 parabatur
1202 1774 1215 1821 ;
1249 1770 1573 1824 quamquam
1604 1754 1671 1808 ad
1697 1762 1851 1808 tuen-

341 1839 391 1877 m
434 1824 593 1877 ﬁdem
614 1842 710 1877 ner
738 1843 796 1877 se
823 1827 952 1877 satis
982 1826 1280 1877 vigilanter.
1310 1826 1475 1877 immo
1503 1823 1571 1877 ad
1600 1823 1851 1877 invidiam

341 1839 391 1877 m
434 1824 593 1879 ﬁdem
614 1842 710 1896 per
738 1823 796 1881 se
823 1823 952 1881 satis
982 1823 1280 1895 vigilanter,
1310 1826 1475 1878 immo
1503 1823 1571 1877 ad
1600 1823 1853 1878 invidiam

270 1894 447 1964 nimiae
476 1894 782 1964 diligentiae,
817 1897 1175 1952 incumbebat.

340 1962 623 2019 Perierunt
652 1967 861 2031 litterae,
905 1968 1019 2022 sive
1048 1982 1164 2035 qum
1190 1982 1221 2019 a
1248 1963 1562 2030 Caelestino,
1596 1964 1710 2019 sive
1734 1978 1854 2035 quat

270 2034 338 2115 ab
359 2036 667 2119 episcopis,
698 2036 897 2119 Cyrillo
928 2034 1156 2106 scriptaa,
1200 2036 1243 2090 si
1275 2043 1461 2119 tamen.
1483 2034 1851 2119 gemime‘t‘ue-

270 2105 395 2169 rint,
418 2104 481 2159 et
508 2104 617 2161 non
646 2104 822 2176 potius
870 2124 1008 2172 unae,
1034 2104 1136 2176 pro
1166 2120 1318 2160 more
1351 2104 1492 2159 sedis
1521 2104 1848 2176 apostolicae,

270 2183 324 2228 et
371 2173 805 2244 majorum—forte
831 2173 1058 2239 sedium,
1086 2190 1313 2245 quarum
1360 2176 1617 2245 przesulcs
1645 2182 1704 2228 ut
1729 2173 1852 2245 plu-

269 2246 462 2299 rimum
490 2263 644 2300 suum
684 2264 879 2303 nomen
925 2246 1290 2301 inscribebant
1334 2244 1603 2315 synodicis
1642 2244 1855 2315 quoties

269 2330 337 2369 ex
375 2317 691 2385 provinciali
721 2318 952 2373 concilio
992 2317 1182 2371 darent
1224 2334 1236 2367 :
1268 2330 1336 2369 ex
1364 2313 1681 2385 provinciali
1709 2314 1851 2385 dico,

269 2383 423 2440 secus
445 2388 586 2440 enim
616 2388 909 2452 accidebat,
952 2389 1066 2440 sive
1105 2400 1226 2439 cum
1271 2399 1339 2437 ex
1372 2383 1659 2437 universali
1689 2383 1856 2436 totius

269 2471 377 2509 suae
405 2457 652 2510 dimcesis
680 2458 1005 2519 scribebant,
1047 2454 1160 2507 sive
1186 2453 1398 2521 quoties
1425 2453 1605 2521 plures
1633 2452 1857 2506 aderant

272 2525 535 2591 majorum
569 2526 930 2580 Ecclesiarum
958 2524 1243 2577 antistites.

343 2590 439 2648 Hic
456 2596 696 2649 curiosus
717 2595 907 2663 aliquis
928 2591 1355 2663 interrogaverit,
1380 2606 1475 2646 cur
1494 2590 1855 2663 Alexandrino

271 2666 449 2733 potius
498 2664 731 2735 Cyrillo,
780 2661 870 2735 qui
912 2664 1099 2735 procul
1137 2661 1600 2735 Constantinopoli
1647 2662 1851 2735 aberat,

272 2731 432 2801 quam
452 2731 809 2789 Antiocheno’
828 2731 1042 2795 Joanni,
1078 2733 1169 2801 qui
1208 2732 1454 2795 vicinior,
1506 2731 1703 2785 litterae
1747 2732 1856 2788 sint

276 2804 444 2858 Roma
496 2805 688 2859 misscc.
741 2804 936 2859 Facilis
964 2812 1124 2871 atque
1151 2802 1401 2871 expedita
1429 2802 1709 2869 responsio
1749 2809 1851 2856 est.

276 2873 474 2938 Primo,
498 2883 775 2942 suspectus
802 2874 973 2929 videri
1002 2870 1175 2943 potuit
1215 2870 1469 2943 Joannes,
1502 2881 1560 2925 ut
1587 2872 1679 2940 qui
1707 2870 1854 2943 ejus-

273 2944 396 2997 dem
425 2959 544 2998 eum
576 2944 844 3007 Nestorio,
875 2954 929 2999 et
967 2943 1220 2998 Ecclesiae
1246 2942 1595 2995 Antiochenac
1633 2942 1856 3010 presby-

276 3021 373 3082 ter,
418 3022 472 3067 et
513 3014 750 3081 magistri
780 3013 1049 3068 Theodori
1087 3013 1379 3082 discipulus
1408 3011 1613 3065 fuisset.
1638 3011 1854 3082 Deinde

271 3081 491 3138 Joannis
532 3084 811 3147 industria,
855 3085 1166 3153 navitasque
1208 3081 1260 3137 in
1291 3083 1451 3137 rebus
1476 3081 1699 3153 agendis
1733 3097 1856 3151 per-

273 3161 457 3221 specta
502 3169 610 3209 non
651 3162 785 3219 erat,
817 3154 1017 3223 quippe
1056 3152 1146 3223 qui
1178 3154 1404 3207 alterum
1432 3152 1525 3223 vix
1573 3167 1771 3206 annum
1800 3154 1855 3207 in

273 3223 586 3292 episcopatu
630 3232 835 3292 ageret.
877 3222 1087 3278 Postea
1115 3224 1270 3278 sedes
1324 3222 1654 3276 Antiochena
1698 3224 1856 3277 tertia

277 3300 479 3364 tantum
503 3302 619 3348 erat
639 3302 759 3364 post
775 3293 1069 3347 Romanam
1092 3311 1105 3359 ;
1126 3294 1290 3347 immo
1310 3292 1858 3364 Constantinopolitae

271 3376 354 3415 nae
377 3363 486 3431 jam
532 3363 655 3419 inde
702 3380 732 3417 a
775 3364 1014 3433 pluribus
1057 3365 1211 3417 annis
1257 3370 1601 3417 concesserat
1647 3380 1658 3414 :
1712 3363 1856 3431 quod

274 3441 455 3504 tamen
493 3433 719 3489 Romani
745 3434 1025 3504 pontilices
1054 3434 1351 3503 approbare
1377 3440 1709 3504 recusarunt.
1745 3434 1856 3504 Ma-

271 3502 358 3570 jor
386 3512 566 3574 autem
595 3502 808 3559 sedes'a
856 3505 1066 3558 minore
1102 3502 1329 3574 judicari
1368 3518 1475 3557 non
1517 3503 1741 3555 solebat.
1788 3503 1858 3556 At

275 3581 464 3644 contra
493 3573 754 3644 Cyrillus,
787 3575 900 3629 sive
943 3590 1042 3629 suo
1081 3574 1320 3644 privato,
1349 3574 1462 3627 sive
1506 3574 1718 3644 publico
1744 3588 1857 3627 suae

274 3643 417 3697 sedis
456 3643 656 3710 studio,
695 3643 942 3699 Nestorio
981 3644 1163 3698 favere
1202 3643 1348 3698 credi
1391 3658 1496 3697 non
1542 3643 1754 3709 potuit;
1800 3650 1857 3697 et

274 3712 441 3781 ipsius
462 3715 733 3769 solertiam
756 3715 1098 3782 animumque
1124 3721 1399 3768 strenuum
1430 3713 1527 3766 toti
1552 3713 1856 3780 septemde-

272 3784 378 3837 cim
418 3784 764 3853 episcopatus
810 3784 955 3849 anni,
1000 3784 1144 3853 iique
1175 3782 1417 3837 diﬁiciles
1459 3797 1522 3836 ac
1563 3782 1852 3849 negotiosi,

276 3854 655 3920 probaverant.

348 3920 417 3975 Ut
444 3924 526 3976 ha:
555 3923 673 3977 dum
714 3938 887 3987 caus:e
927 3923 1105 3976 minus
1132 3921 1393 3983 valerent,
1442 3928 1589 3975 certe
1628 3921 1857 3974 Alexan-

273 3992 440 4046 drinae
468 3992 632 4057 sedis,
662 4000 723 4047 ut
753 3994 929 4062 reipsa
975 4000 1103 4062 erat
1128 3992 1394 4062 majorum
1436 3991 1645 4062 sedium
1682 3990 1855 4062 prima

290 4071 395 4114 )ost
424 4062 740 4126 Romanam,
770 4058 999 4117 et—velut
1027 4061 1199 4130 prima
1220 4058 1267 4114 Va
1299 4060 1555 4114 Romanis
1581 4058 1854 4129 pontiﬁci-

290 4078 395 4114 )Os‘t
424 4078 740 4126 uomanam,
770 4078 825 4117 et
856 4078 999 4116 velut
1027 4078 1199 4130 prima
1237 4078 1267 4114 a
1300 4078 1555 4114 nomams
1581 4078 1854 4129 pontium-

272 4078 395 4194 Jius,
416 4130 1014 4201 Constantinopolitano
1042 4131 1270 4186 concilio
1292 4132 1392 4184 hac
1418 4130 1470 4183 in
1494 4138 1646 4199 parte
1667 4130 1857 4201 adver-

274 4201 533 4265 santibus,
580 4199 895 4267 habebatur,
947 4202 1019 4254 ita
1058 4202 1229 4255 veteri
1268 4216 1419 4254 more
1447 4201 1512 4254 de
1544 4201 1710 4254 tribus
1738 4199 1857 4254 aliis

271 4271 545 4341 iudicandi
569 4270 657 4340 jus
685 4280 835 4336 erat;
881 4285 1054 4339 eoque
1078 4270 1199 4341 jure
1225 4271 1499 4333 utebatur,
1534 4270 1746 4338 quoties
1771 4285 1857 4324 se—

274 4340 357 4411 dis
384 4342 692 4411 apostolica:
735 4357 844 4396 non
891 4341 1127 4410 placeret
1170 4340 1428 4408 judicium
1471 4341 1571 4394 sibi
1600 4341 1853 4395 retinere.

278 4409 433 4465 Unde
457 4410 652 4465 factum
671 4452 684 4477 ,
718 4421 771 4465 ut
812 4412 856 4466 si
880 4409 1092 4481 quando
1122 4426 1279 4465 causa
1320 4411 1688 4477 hujuscemodi
1716 4417 1860 4464 esset

270 4488 482 4545 exorta,
535 4480 929 4537 Alexandrinus
981 4482 1264 4551 episcopus
1310 4496 1342 4534 a
1384 4481 1629 4535 Romano
1675 4487 1856 4549 partes

272 4566 398 4606 suas
445 4564 603 4619 agere
635 4551 931 4620 juberetur,
981 4552 1299 4620 geminaque
1344 4558 1614 4620 potestate
1655 4552 1855 4604 instru-

269 4629 409 4684 ctus,
438 4622 640 4692 quippe
668 4638 736 4677 ex
763 4620 1017 4676 Ecclesia:
1046 4622 1288 4692 instituto
1310 4621 1511 4689 primus
1526 4622 1623 4677 sub
1643 4634 1854 4677 summo

268 4690 526 4762 pontiﬁce
557 4690 734 4759 iudex,
768 4693 1038 4760 negotium
1062 4690 1361 4762 perﬁceret.

343 4762 520 4832 Atque
564 4763 677 4817 haec
722 4762 861 4816 ratio
890 4761 1219 4831 explicandae
1246 4762 1549 4832 potestatis,
1599 4776 1703 4832 qua
1734 4762 1853 4830 pol-

266 4831 446 4887 lerent
475 4833 818 4888 Alexandrini
861 4832 1133 4900 praesules,
1165 4846 1230 4885 eo
1266 4831 1595 4899 probabilior
1622 4831 1851 4899 videtur,

267 4903 417 4971 quod
443 4911 739 4974 pugnantes
767 4917 928 4971 super
971 4916 1032 4955 ea
1062 4916 1121 4955 re
1160 4909 1438 4974 auctorum
1475 4902 1769 4974 sententias
1798 4902 1851 4955 in

267 4972 615 5029 concordiam
645 4980 863 5027 revocat
896 4990 907 5024 :
940 4978 1117 5025 servat
1144 4972 1285 5025 enim
1312 4972 1432 5038 jura
1464 4972 1740 5039 utriusque
1768 4986 1854 5026 se-

268 5043 371 5107 dis,
399 5044 706 5113 apostolicae
734 5049 787 5098 ct
814 5041 1185 5113 Alexandrina;
1208 5058 1221 5105 ;
1256 5040 1619 5113 necconlugit
1649 5040 1716 5113 ad
1744 5040 1850 5111 Cy-

268 5114 378 5167 rilli
425 5111 791 5182 admirabilem
819 5112 1105 5182 quamdam
1153 5111 1564 5179 delegationcm,
1597 5111 1748 5180 cujus
1777 5113 1851 5166 si-

268 5197 436 5251 gnum
464 5183 727 5239 exstiterit
756 5181 1064 5252 Phrygium,
1086 5196 1179 5235 seu
1210 5182 1448 5252 pallium,
1480 5183 1746 5251 mitraque
1785 5198 1852 5237 ex

271 5250 407 5307 urbe
430 5254 610 5317 missa,
635 5268 754 5323 qua:
786 5250 877 5307 vix‘
900 5250 1231 5323 Nicephorus
1272 5251 1691 5323 Theodorusque
1731 5253 1852 5307 Bal-

271 5339 461 5379 samon
506 5321 667 5379 viris‘
697 5338 803 5378 non
849 5322 1233 5378 incredibiliter
1283 5321 1512 5376 credulis
1565 5338 1849 5392 persuase-

273 5394 402 5450 rint.

1028 5532 1089 5586 ll.

278 5665 517 5739 Synodus
548 5682 658 5741 qua:
690 5668 851 5741 prima
895 5665 1265 5723 .ilc.rmulrinu,
1309 5663 1397 5717 sub
1438 5673 1613 5717 sancto
1652 5662 1844 5739 Cyrillo

894 226 1205 287 DlSSERT.
1243 228 1307 285 ll.
1348 227 1437 284 DE
1478 223 1763 286 SYNODIS
1801 224 2069 288 HABlTlS
2107 231 2171 289 lN
2209 232 2437 293 CAUSA
2472 234 2926 295 NESTORIANA.

1070 352 1191 423 fuit,
1228 350 1383 405 donec
1422 367 1588 405 sermo
1620 352 1672 404 in
1701 348 1851 405 Lati—
1877 353 1930 413 Α

1881 3104 1927 3168 C

3388 245 3530 303 H70

2026 349 2275 472 prtesule,
2324 349 2502 404 eodem
2559 368 2726 419 anno,
2768 352 3047 415 iisdemque
3090 369 3246 420 coss.,
3294 358 3530 412 autumni

2045 436 2265 472 emnore.

2045 436 2265 490 empore.

2021 552 2237 607 Litterae
2258 551 2773 629 summipontiﬁcis,
2804 563 2859 610 et
2896 556 2941 611 si
2970 572 3090 626 quae
3118 557 3235 611 aliaa
3262 572 3293 612 a
3322 557 3531 629 synodo

1951 621 2400 693 Romanaidatae,
2453 621 2830 679 Alexandriam
2875 621 3155 693 venerunt,
3188 621 3405 682 ineunte
3435 644 3532 682 au-

1950 700 2156 766 tumno.
2189 692 2281 746 His
2310 695 2543 766 acceptis
2573 693 2802 766 Cyrillus
2832 698 3055 764 primam
3080 699 3361 766 epistolam
3384 699 3531 754 misit

1950 762 2196 844 Nestorio
2224 779 2321 844 per
2350 762 2678 844 Lampone'm
2700 762 3073 844 presbyterum
3104 762 3155 820 et
3185 770 3525 844 monachum,

1950 833 2039 905 qui
2066 848 2185 887 cum
2216 850 2245 886 a
2276 833 2523 888 Nestorio
2553 833 2878 905 responsum
2910 838 3199 902 retulisset,
3226 838 3378 905 cujus
3406 833 3531 893 bre;

1950 903 2169 956 vitatem
2208 906 2475 977 supplevit
2510 905 2612 977 alia
2644 903 2785 960 'mox
2823 917 3110 962 consecuta
3148 903 3395 977 epistola,
3442 910 3529 960 in-

1950 983 2142 1047 gentes,
2187 980 2244 1027 ut
2285 975 2520 1047 loquitur
2554 975 2887 1047 Nicephorus
2935 977 3071 1047 (Lib.
3112 975 3219 1042 xxv,
3267 995 3381 1047 cap.
3413 977 3529 1047 '53),

1952 1044 2159 1117 ltazresis
2186 1053 2424 1097 eructans
2454 1046 2658 1117 ﬂuctus.
2705 1044 3237 1117 Cyrillus‘epistolam
3262 1044 3407 1101 dedit
3429 1044 3529 1117 an:

1952 1113 2281 1187 tirrheticam
2328 1130 2513 1187 mense
2553 1113 2771 1187 Mechir',
2807 1113 3097 1171 secundum
3132 1118 3435 1187 .Egyptios,
3477 1116 3530 1171 id

1952 1190 2051 1243 est,
2087 1184 2203 1252 ipso
2234 1182 2337 1237 ﬁne
2365 1183 2620 1249 Januarii,
2654 1188 2735 1239 vel
2767 1187 3041 1241 Februarii
3073 1182 3244 1241 initio.

2023 1253 2220 1328 Ambas
2250 1254 2558 1328 ego__Cyrilli
2585 1256 2859 1328 epistolas,
2910 1259 3021 1311 sive
3060 1273 3217 1325 quam
3266 1258 3527 1328 Lamponi

1952 1321 2224 1396 ferendam
2265 1321 2436 1387 dedit,
2474 1325 2585 1379 sive
2619 1321 2730 1393 qua
2774 1327 3022 1381 Nestorio
3071 1321 3366 1396 respondit,
3401 1321 3527 1396 ὀρί-

1952 1410 2054 1465 nor
2079 1394 2306 1463 scriptas
2334 1396 2656 1465 exsynodo,
2708 1413 2811 1451 non
2843 1398 2930 1451 illa
2970 1394 3181 1465 quidem
3217 1394 3525 1461 universali,

1953 1463 2007 1518 id
2035 1473 2138 1537 est,
2186 1464 2351 1518 totius
2377 1463 2621 1537 dimcesis
2650 1465 2885 1537 AEgypti,
2919 1463 3011 1522 sed
3052 1468 3359 1536 particulari
3405 1468 3530 1522 Ale-

1953 1534 2231 1600 xandrina,
2263 1549 2357 1606 seu
2388 1534 2569 1604 prima:
2615 1534 3113 1606 solius—provincice
3140 1556 3152 1603 ;
3192 1554 3297 1590 non
3347 1546 3529 1593 tamen

1954 1613 2235 1675 utramque
2258 1605 2437 1658 datam
2462 1620 2527 1659 ex
2547 1605 2756 1672 eadem,
2788 1605 2884 1660 sed
2914 1624 2979 1661 ex
3006 1624 3099 1661 sua
3122 1608 3357 1674 singulas
3383 1624 3526 1661 reor.

1955 1674 2131 1748 Quare
2180 1675 2537 1748 videor_mih_i
2585 1675 2736 1740 duas,
2783 1684 2913 1748 ante
2942 1678 3311 1748 iuniversalem
3363 1676 3531 1748 [Egy-

1880 1733 1928 1792 B
1954 1733 2205 1816 ptiacam,
2234 1746 2590 1815 provinciales
2630 1733 2862 1816 synodos
2891 1747 3203 1811 advertisse,
3236 1763 3395 1815 quam
3417 1733 3531 1801 sive

1955 1815 2338 1882 conjecturam,
2388 1816 2500 1870 sive
2539 1815 2879 1880 sententiam,
2912 1818 3239 1883 argumentis
3280 1833 3387 1870 non
3426 1818 3529 1871 im-

1954 1885 2320 1953 probabilibus
2347 1885 2626 1940 conﬁrmo.

2027 1953 2164 2028 Quo‘
2192 1963 2733 2028 temporeuutrasque
2786 1956 2990 2011 litteras
3043 1957 3254 2026 scripsit
3300 1956 3569 2028 Cyrillus.

1957 2024 2191 2094 (scripsit
2217 2039 2347 2094 vero
2376 2026 2575 2092 primas
2601 2024 2875 2089 autumno,
2912 2028 3109 2080 alteras
3137 2024 3260 2080 ante
3289 2024 3533 2093 Quadra-

1954 2093 2254 2166 gesimam),
2274 2094 2461 2147 eodem
2481 2096 2709 2149 habebat
2725 2097 2983 2166 synodum
3002 2098 3343 2161 ordinariam,
3357 2097 3406 2149 id
3425 2102 3528 2160 est,

1954 2178 2114 2231 quam
2142 2163 2386 2235 Nicaenus
2415 2180 2585 2219 canon
2607 2163 2892 2233 quotannis
2922 2167 3218 2220 habendam
3251 2167 3487 2235 praecipit
3512 2182 3528 2232 ;

1955 2249 2129 2305 neque
2156 2234 2318 2299 enim,
2352 2240 2409 2289 ut
2437 2244 2552 2288 erat
2580 2235 2871 2305 disciplina:
2899 2234 3273 2291 ecclesiastica:
3303 2238 3355 2289 in
3397 2234 3529 2304 pau-

1956 2304 2033 2357 cis
2059 2304 2370 2374 observans,
2415 2304 2731 2371 neglexisse
2753 2306 3049 2359 credendus
3084 2314 3166 2360 est
3203 2314 3531 2374 prazceptum

1955 2372 2097 2439 quod
2128 2374 2324 2440 ubique
2352 2383 2615 2426 terrarum
2650 2376 2900 2441 religiose
2934 2390 3091 2428 nemo
3127 2372 3231 2428 non
3266 2372 3527 2429 servaret.

2026 2441 2083 2495 In
2125 2442 2495 2514 hujuscemodi
2549 2444 2767 2514 synodis
2810 2459 2918 2498 non
2968 2452 3169 2497 tantum
3218 2444 3415 2512 judicia
3463 2445 3532 2499 de

1957 2513 2201 2583 personis
2246 2512 2541 2583 agebantur
2568 2512 2593 2577 ,7
2634 2525 2725 2567 aut
2772 2515 3105 2569 statuebatur
3145 2515 3210 2568 de
3252 2515 3530 2583 disciplina

1956 2581 2100 2650 quod
2129 2598 2158 2636 e
2186 2598 2245 2636 re
2280 2581 2419 2636 foret
2448 2581 2730 2649 Ecclesiae;
2761 2585 2855 2638 sed
2880 2584 2947 2638 de
2976 2584 3202 2651 negotiis
3229 2581 3530 2638 etiam—ma-

1952 2651 2087 2719 joris
2110 2653 2387 2723 momenti,
2420 2653 2463 2705 si
2490 2654 2704 2723 quando
2733 2662 3097 2716 occurrerent,
3128 2656 3406 2707 consilium
3434 2670 3531 2707 an-

1958 2723 2109 2776 tistes
2137 2738 2256 2776 cum
2287 2722 2539 2778 fratribus
2573 2724 2821 2790 habebat,
2864 2725 3123 2791 siquidem
3148 2725 3234 2777 illa
3265 2725 3443 2793 potius
3463 2723 3532 2778 ad

1956 2793 2135 2846 sedem
2159 2793 2325 2861 ipsam
2343 2809 2500 2861 quam
2522 2794 2588 2847 ad
2608 2809 2889 2864 personam
2914 2795 3166 2847 antistitis
3181 2795 3527 2863 spectabant:

1957 2864 2314 2917 censebantur
2350 2864 2491 2917 enim
2538 2864 2769 2932 majores
2802 2880 3001 2929 causae,
3043 2879 3175 2932 quas
3221 2864 3375 2928 olim,
3422 2879 3531 2917 non

1957 2941 2066 2986 tam
2097 2934 2381 3002 episcopus
2403 2944 2499 3002 per
2518 2949 2575 2987 se
2597 2949 2756 3002 quam
2780 2936 2937 2989 sedes
2963 2936 3096 3003 ipsa,
3122 2933 3174 2987 id
3195 2941 3293 2998 est,
3324 2934 3535 3003 episco‘

1956 3018 2057 3072 pus
2085 3019 2204 3057 cum
2230 3019 2327 3057 suo
2356 3004 2584 3057 concilio
2608 3004 2947 3072 dijudicabat.

2026 3072 2154 3126 Erat
2199 3089 2360 3141 porro
2406 3075 2677 3140 negotium
2724 3075 2942 3128 maximi
2988 3074 3282 3137 momenti,
3330 3087 3533 3141 cogno-

1960 3157 2112 3197 scere
2142 3159 2357 3197 causam
2387 3145 2640 3197 antistitis
2668 3145 2814 3198 urbis
2842 3145 3022 3211 regite,
3050 3145 3142 3211 qui
3174 3145 3358 3197 turbas
3404 3142 3537 3197 orbe

1958 3212 2069 3266 fere
2098 3221 2213 3266 toto
2242 3222 2500 3277 moveret,
2533 3229 2692 3282 quem
2722 3215 2822 3268 viri
2850 3212 2953 3269 ﬁde
2982 3215 3125 3281 digni
3155 3213 3535 3268 Constantino-

1958 3284 2067 3352 poli
2098 3284 2372 3337 venientes
2401 3286 2599 3339 erroris
2638 3293 2981 3349 accusarent,
3022 3284 3077 3337 in
3108 3298 3268 3353 quem
3296 3297 3536 3353 summus

1958 3353 2196 3421 pontifex
2230 3354 2378 3407 velut
2406 3355 2458 3407 in
2487 3355 2757 3407 hominem
2798 3355 3015 3408 hmresis
3043 3352 3347 3422 suspicione
3385 3352 3537 3405 labo-

1957 3433 2164 3475 rantem
2210 3423 2401 3491 inquiri
2431 3424 2744 3487 mandaret,
2786 3426 2878 3493 qui
2921 3424 3031 3478 suis
3072 3438 3130 3477 se
3170 3424 3283 3492 ipse
3323 3422 3537 3489 scriptis

1960 3493 2156 3565 ubique
2184 3495 2382 3562 sparsis
2410 3502 2676 3565 argueret,
2710 3495 2798 3562 qui
2822 3510 2859 3565 7a
2889 3494 3088 3565 Cyrillo
3119 3493 3537 3565 canoniceumo-

1959 3563 2164 3617 nendus
2192 3574 2353 3627 esset,
2385 3570 2440 3616 et
2464 3564 2736 3619 vocandus
2772 3564 2838 3617 ad
2862 3562 3154 3619 canendam
3185 3562 3532 3631 palinodiam.

2028 3631 2205 3697 Quare
2248 3649 2353 3685 non
2394 3632 2550 3687 video
2575 3647 2680 3700 qua
2722 3634 2932 3688 ratione
2975 3642 3120 3687 stare
3160 3630 3359 3700 possit,
3393 3630 3537 3700 quod

1958 3702 2135 3755 aiebat
2156 3703 2546 3756 eruditissimus
2573 3701 2822 3756 Petavius
2853 3702 3022 3771 (Tom.
3048 3702 3113 3755 IV
3136 3701 3323 3771 Πυθίη.
3357 3701 3444 3753 lib.
3472 3702 3535 3770 ι),

1956 3773 2179 3843 privatis
2206 3773 2437 3843 primum
2485 3772 2679 3843 litteris
2706 3770 2913 3843 duabUs
2935 3810 2950 3834 ,
2998 3782 3106 3843 tum
3137 3770 3391 3843 synodica
3430 3785 3537 3843 una

1957 3840 2280 3895 conventum
2320 3841 2482 3895 fuisse
2510 3840 2817 3894 Nestorium
2846 3856 2875 3893 a
2898 3841 3127 3909 tlyrillo;
3165 3840 3255 3906 qui
3286 3840 3427 3893 enim
3459 3840 3535 3892 si-

1958 3919 2051 3963 nat
2090 3911 2225 3964 ratio
2262 3909 2397 3977 juris
2426 3915 2484 3962 ut
2529 3909 2750 3978 privata:
2777 3910 3020 3963 dicantur
3048 3910 3237 3962 litterae
3259 3950 3273 3974 ,
3307 3923 3427 3977 quae
3467 3909 3535 3963 ab

1958 3979 2200 4034 Ecclesia
2234 3980 2346 4047 ipsa
2377 3978 2735 4033 Alexandrina
2764 3981 2937 4033 missm
2964 3979 3236 4041 dicuntur,
3267 3993 3386 4045 qum
3424 3979 3537 4046 pri-

1957 4064 2058 4103 mae
2098 4049 2454 4117 secunquue
2478 4050 2789 4103 monitionis
2818 4049 3091 4103 canonica:
3119 4048 3292 4102 locum
3320 4049 3535 4103 obtine-

1958 4119 2105 4183 bant,
2138 4134 2365 4187 quarum
2395 4119 2628 4173 secunda
2659 4120 2710 4173 in
2752 4119 3083 4173 (ecunienico
3112 4118 3342 4172 concilio
3371 4117 3534 4171 Chal-

1958 4188 2244 4243 cedonensi
2274 4203 2532 4257 expresso
2576 4190 2793 4243 nomine
2821 4190 3084 4257 appellata
3114 4196 3196 4242 est
3233 4187 3533 4258 synodica?

1960 4259 2119 4326 Atqui
2147 4259 2399 4326 epistolas
2419 4258 2487 4312 de
2512 4260 2704 4326 quibus
2729 4259 2922 4328 agitur,
2941 4257 3202 4327 ejusmodi
3230 4257 3349 4312 eSse
3378 4273 3535 4326 aper—

1957 4328 2025 4381 tis
2054 4329 2371 4383 testimoniis
2392 4336 2621 4383 constat.

2030 4398 2162 4451 Nam
2188 4399 2253 4469 de
2285 4407 2512 4468 utraque
2538 4398 2766 4469 Cyrillus
2797 4397 2988 4469 (Epist.
3015 4398 3048 4451 5
3076 4398 3145 4451 ad
3166 4397 3487 4469 Nestorium)
3515 4416 3528 4451 :
3594 4400 3597 4401 ⁷

1882 4466 1933 4527 Ῑ)
1958 4472 2181 4541 Συνέθετρ
2219 4468 2272 4523 δέ
2315 4473 2396 4524 καὶ
2424 4466 2454 4528 ἧ
2496 4466 2629 4541 aurai
2675 4466 2972 4541 rﬁv'Pcbpnv
3002 4470 3122 4539 ἁγία
3163 4468 3404 4529 σύνοδος,
3450 4466 3534 4524 καὶ

1957 4544 2105 4610 ἡμεῖς
2136 4539 2354 4600 ἅπαντες
2380 4581 2394 4604 ,
2442 4543 2509 4615 ᾡς
2550 4539 2703 4615 ὀρθῶς
2734 4539 2984 4615 ἐχούᾀαις
3009 4579 3022 4600 ,
3067 4543 3148 4594 καὶ
3183 4541 3533 4615 avsi-15173370):

1956 4609 2394 4685 τάῖςγγραφεὶᾳαρς
2434 4609 2936 4685 ἐπισέολαζςξπρός
2976 4616 3203 4685 τὴνῄσῂν
3250 4609 3528 4685 ξρλάϐειαν,

1954 4677 2218 4757 «apricitas
2242 4680 2590 4757 ’Λλεξανδρέων
2611 4677 3036 4757 ἔφλησὶᾳξλ-ρῑοτ
3050 4677 3320 4757 Epistolis
3349 4686 3531 4730 autem

1955 4746 2430 4805 ab'ALexsunmm
2458 4746 2563 4805 inte
2604 4751 2847 4818 religioni
2877 4747 3091 4818 directis
3119 4746 3377 4818 ECCLES_1A
3401 4762 3531 4799 con-

1955 4836 2170 4875 sensum
2209 4822 2435 4891 praebuit
2460 4861 2475 4885 ,
2521 4830 2629 4891 tam
2658 4816 2725 4873 ea
2764 4833 2883 4886 qua:
2911 4816 3058 4891 apud
3079 4816 3264 4870 urbem
3305 4816 3531 4869 Romam

1955 4886 2224 4945 convenit"
2251 4900 2434 4947 sancta
2464 4890 2697 4956 synodus
2722 4928 2735 4953 ,
2785 4903 2945 4956 quam
2991 4886 3150 4939 etiam
3193 4902 3292 4941 nos
3320 4900 3526 4950 omnes,

1955 4909 2206 4945 convenit
2251 4909 2434 4947 saneta
2464 4909 2735 4953 S'nouus,
2785 4909 2945 4956 quam
2991 4909 3028 4939 υι

1955 4960 2101 5014 velut
2132 4909 3028 5030 irreprehensihiliterconscriptis.

2027 5030 2158 5085 Cum
2177 5025 2305 5099 ergo
2329 5031 2458 5084 nihil
2481 5030 2621 5082 aliud
2642 5029 2730 5092 sit,
2753 5025 3146 5099 more’anti_quo
3168 5025 3531 5099 ecclesiastico

1956 5101 2208 5169 loquendi
2223 5095 2262 5166 ,⁷
2282 5101 2420 5154 mitti
2446 5099 2608 5153 tantis
2634 5099 2702 5153 de
2730 5098 2904 5169 causis
2926 5098 2992 5169 ah
3024 5096 3264 5169 Ecclesia
3300 5095 3532 5169 Alexan-

1955 5165 2109 5226 drina
2149 5165 2443 5241 epistolasL
2455 5184 2615 5241 quam
2645 5169 2783 5241 mitti
2812 5168 2877 5221 ab
2897 5166 3267 5241 Alexandrina
3298 5165 3526 5241 synodo,

1954 5242 2123 5296 ambte
2144 5235 2589 5311 profectoCyrilli
2611 5238 2678 5292 ad
2700 5238 2999 5292 Nestorium
3017 5236 3253 5306 epistola:
3273 5251 3303 5289 a
3324 5235 3530 5305 synodo

1954 5310 2165 5381 scriptae
2194 5311 2295 5365 dici
2319 5310 2534 5363 debent.

2025 5375 2130 5436 sed
2159 5390 2213 5435 et
2238 5382 2383 5450 ipsas
2410 5380 2661 5450 habuisse
2682 5379 2945 5450 rationem
2970 5377 3154 5448 primae
3178 5375 3532 5450 secundisque

1951 5444 2300 5516 monitionis,
2352 5458 2538 5521 aperte
2590 5449 2750 5521 docet
2794 5444 3137 5521 C(elestinus
3166 5444 3403 5521 pontifex
3447 5444 3531 5521 ad

1950 5522 2257 5576 Nestorium
2287 5514 2524 5575 Scriberis
2558 5539 2569 5573 :
2607 5518 2787 5591 Itaque
2816 5520 3043 5591 quamvis
3072 5514 3225 5571 etiam
3255 5519 3416 5588 frater
3437 5514 3531 5583 Cy-

1951 5593 2096 5645 rillus
2123 5592 2359 5645 secundis
2389 5600 2435 5645 te
2460 5591 2688 5662 epistolis
2717 5593 2823 5644 suis
2845 5596 3044 5662 asserat
3072 5596 3526 5662 esseconventum,

1952 5663 2211 5735 intelligas
2240 5664 2371 5729 volo,
2397 5656 2511 5733 post
2534 5664 2752 5717 urimam
2767 5672 2814 5715 et
2842 5659 3115 5714 secundum
3139 5658 3298 5723 illius,
3324 5666 3372 5711 et
3396 5656 3530 5708 hanc
