3992 6276
258 260 388 319 “Si

875 209 1183 316 isun'r.
1225 256 1288 314 ιι.
1329 257 1419 313 ne
1457 253 1741 315 svnoms
1780 253 2046 312 merus
2082 252 2148 310 IN
2184 252 2409 312 causa
2445 250 2898 311 ues'romaus.

3364 258 3507 318 H82

257 379 352 434 luit
379 376 638 444 ingeniosi
674 375 906 437 hominis
934 375 1224 442 industria,
1252 376 1617 445 perturbatam
1638 372 1825 428 adver-
1851 372 1905 433 Α
1940 444 1945 445 γ
1999 372 2245 445 Proderit
2291 386 2418 445 vero
2465 370 3140 445 anathematisinosnsive
3185 371 3398 445 Damasi
3446 377 3515 435 ad

257 449 380 506 sar-ii
410 461 756 516 sparsamque
795 463 893 517 per
932 455 1111 516 partes
1137 448 1459 501 sententiam
1500 448 1554 517 in
1583 445 1828 499 ordinem

257 520 518 585 redigere,
552 525 608 571 ut
636 516 1083 585 simul’exquisita
1112 517 1398 579 methodo,
1431 524 1486 571 et
1514 516 1707 582 dogma
1737 528 1829 585 ea-

256 584 510 645 tholicum
543 588 855 653 traderetur,
894 584 947 642 et
969 588 1164 642 erroris
1194 588 1413 655 singulm
1443 596 1621 656 partes
1648 584 1833 654 expel-

256 661 509 714 lerentur.
550 657 606 710 ld
636 666 819 726 aperte
847 659 1061 713 cuilibet
1083 659 1371 720 constabit,
1398 659 1442 712 si
1468 657 1626 711 modo
1648 657 1832 726 Nestoe

255 730 319 783 rii
350 744 501 782 error
530 725 717 782 ordine
740 735 1152 798 repraesentatus
1181 727 1369 795 fuerit,
1410 736 1571 795 atque
1612 725 1831 780 indicati

254 799 488 867 Operum
519 798 649 860 loci,
693 798 883 865 quibus
924 812 1256 866 unaquaeque
1285 798 1549 852 sententia
1579 812 1673 851 seu
1707 810 1833 866 pars

256 870 453 923 erroris
482 868 809 923 continetur.

325 938 523 993 Verum
550 937 601 992 id
630 938 839 1005 egregie
878 938 1264 993 demonstravit
1332 936 1589 1008 Cyrillus,
1640 946 1749 991 tum
1778 937 1833 991 in

254 1008 522 1079 synodica:
545 1017 729 1077 parte,
780 1023 940 1079 quam
972 1008 1274 1079 negativam
1299 1008 1419 1077 jure
1450 1008 1694 1071 dixerim,
1728 1022 1833 1076 qua

255 1078 450 1146 nempe
489 1087 649 1149 negat
687 1094 718 1132 a
748 1078 1023 1133 catholicis
1050 1079 1155 1133 dici
1179 1094 1296 1149 qua:
1322 1078 1597 1133 Nestorius
1624 1092 1833 1149 assere-

254 1156 365 1202 ret:
400 1149 586 1209 tumin
615 1148 929 1205 defensione
958 1147 1523 1203 anathematismorum
1543 1188 1556 1212 ,
1601 1147 1691 1202 ubi
1720 1148 1832 1201 sin-

253 1219 501 1287 gulorum
561 1220 1279 1287 necessitatemicausatur;
1345 1226 1456 1272 tum
1504 1218 1731 1285 denique
1780 1218 1832 1271 in

255 1286 553 1343 admirabili
584 1289 674 1343 illo
702 1290 915 1357 dialogo
944 1286 1094 1352 Quod
1116 1306 1249 1345 unus
1280 1290 1348 1343 sit
1367 1288 1621 1352 Christus,
1652 1288 1703 1340 in
1726 1303 1833 1357 quo

257 1359 367 1429 dux
388 1359 637 1429 inclytus,
664 1361 818 1428 quasi
844 1360 1102 1427 colligens
1130 1359 1268 1413 vires
1296 1359 1553 1429 adversus
1581 1357 1834 1425 reliquias

253 1427 511 1495 Nestorii,
537 1430 666 1485 artis
684 1427 945 1485 vincendi
966 1429 1236 1497 specimen
1264 1429 1393 1483 dare
1415 1427 1601 1493 voluit,
1638 1436 1835 1483 etcum

253 1497 403 1554 brevi
417 1500 705 1553 moriturus
720 1508 880 1564 esset,
907 1508 1162 1567 tropaeum
1174 1500 1273 1554 sibi
1290 1498 1591 1553 immortale
1607 1499 1830 1566 erigere.

326 1570 507 1624 Tertia
535 1584 749 1637 quoque
798 1578 915 1624 arte
955 1584 1081 1624 usus
1110 1577 1193 1624 est
1231 1568 1557 1624 admirabilis
1586 1568 1836 1623 defensor

254 1639 417 1694 ﬁdei:
450 1640 927 1697 anathematismos
973 1655 1099 1694 suos
1144 1639 1288 1693 aliud
1328 1639 1459 1692 nihil
1498 1653 1617 1693 esse
1644 1638 1832 1705 voluit,

254 1725 417 1779 quam
439 1708 656 1763 Patrum
675 1711 984 1771 sententias,
1006 1710 1099 1763 sed
1130 1710 1279 1779 velut
1302 1710 1355 1762 in
1386 1709 1603 1763 fulmina
1632 1707 1834 1763 eonﬁa-

255 1750 355 1835 ἧς.
415 1779 672 1833 Adhibuit
718 1780 879 1847 igitur
907 1750 1209 1835 testimonia
1254 1778 1472 1833 Patrum
1514 1779 1719 1844 decem,
1770 1795 1837 1833 ex
1867 1750 1912 1809 Β
1943 1785 2191 1831 testatem
2231 1750 2533 1845 paciscendi
2582 1792 2687 1847 non
2747 1775 2850 1828 alia
2874 1750 3206 1847 ‘conditione

295 1850 446 1907 uibus
488 1848 665 1903 Latini
701 1860 949 1917 quatuor,
1001 1848 1199 1915 Julius,
1233 1848 1409 1914 Felix,
1456 1847 1755 1919 Cyprianus
1783 1856 1838 1903 et

303 1920 598 1990 mbrosins;
630 1927 737 1973 tres
760 1919 1016 1990 Egyptii,
1050 1919 1258 1984 Petrus,
1293 1919 1632 1990 Athanasius,
1665 1918 1840 1990 Theo-

253 1989 460 2059 philus;
488 1988 659 2044 Grteci
690 1988 944 2055 totidem,
988 1989 1279 2059 Gregorius
1298 1989 1702 2059 “Nazianzenus,
1738 1988 1840 2043 Ba-

253 2058 403 2131 s_ilius
440 2066 495 2131 et
537 2059 828 2131 Nyssenus,
879 2075 1086 2122 omnes,
1112 2058 1313 2131 praeter
1351 2076 1548 2124 unum,
1568 2058 1838 2131 majorum

252 2126 611 2202 Ecclesiarurn
653 2138 709 2202 et
736 2131 1079 2202 αὐτοκεφᾳλῶν
1118 2126 1406 2199 praesules;
1456 2144 1523 2183 ex
1552 2126 1841 2202 Occidente

254 2207 401 2261 tres,
454 2214 521 2255 ex
575 2198 795 2254 Oriente
852 2198 1131 2264 totidem,
1181 2206 1412 2267 quatuor
1479 2213 1546 2253 ex
1594 2198 1835 2261 Meridie,

256 2284 443 2339 omnes
481 2270 766 2324 sanctitate
815 2270 1053 2335 nobiles;
1104 2277 1337 2339 quatuor
1382 2270 1546 2323 etiam
1594 2271 1839 2339 martyrii

254 2355 352 2406 pro
398 2337 501 2393 ﬁde
539 2339 717 2407 palma
749 2340 963 2408 inclyti;
1009 2340 1086 2393 sic
1122 2337 1275 2392 enim
1314 2339 1382 2392 ad
1429 2346 1630 2392 certam
1673 2337 1841 2393 voluit

253 2409 803 2487 eﬁqdoéiacrcgulam
832 2407 1128 2487 eiraminari
1150 2424 1247 2487 sua
1276 2408 1504 2476 capitula
1522 2446 1536 2470 ,
1564 2415 1623 2487 ut
1649 2407 1842 2476 quibus

256 2476 390 2534 n'ihil
420 2479 804 2546 contineretur,
834 2477 937 2530 nisi
975 2476 1121 2546 quod
1162 2478 1358 2546 ubique
1377 2517 1391 2541 ,
1439 2476 1583 2543 quod
1599 2492 1836 2546 semper,

256 2549 405 2617 quod
433 2562 620 2617 omnes
664 2545 992 2601 docuissent.
1045 2545 1189 2617 Yide
1218 2545 1571 2617 Vincentium
1596 2545 1841 2617 Lirinen-

257 2615 371 2672 sem
402 2632 465 2671 ea
494 2616 559 2670 de
599 2630 658 2669 re
698 2631 797 2670 suo
840 2631 1008 2681 more,
1040 2615 1092 2670 id
1120 2624 1219 2680 est,
1247 2615 1463 2678 diserte,
1498 2616 1762 2671 subtiliter
1787 2625 1841 2672 et

256 2703 363 2761 pre
377 2686 606 2761 veritate
634 2693 956 2761 tractantem
981 2685 1072 2755 (In
1094 2687 1387 2761 comyonit.
1420 2685 1671 2761 σαν-.-θλ

328 2754 565 2811 Observa
608 2770 771 2827 porro
788 2796 813 2827 ,ξ
834 2754 1156 2827 testimoniis
1195 2754 1413 2808 Patrum
1458 2754 1705 2827 adductis
1732 2754 1839 2827 Cy—

256 2826 438 2883 rillum
454 2826 763 2907 non_plures
779 2825 901 2907 fere
920 2826 1321 2907 prepositiones
1342 2824 1657 2907 coniecisse,
1678 2824 1841 2894 quam

254 2904 527 2963 quatuor:
561 2896 621 2949 1°
652 2897 797 2965 quod
839 2894 941 2950 Dei
977 2894 1143 2949 Filius
1172 2910 1297 2965 vere
1328 2896 1397 2949 sit
1437 2894 1610 2949 factus
1644 2897 1836 2962 homo;

253 2965 313 3017 2'
338 2966 481 3033 quod
524 2966 663 3020 idem
709 2965 806 3029 sit,
835 2973 888 3019 et
926 2980 1034 3019 non
1061 2965 1213 3030 alius,
1246 2964 1411 3019 Filius
1439 2966 1553 3031 Dei,
1584 2967 1673 3033 qui
1705 2965 1842 3021 ﬁlius

253 3034 513 3099 hominis;
545 3042 706 3102 atque
748 3036 821 3088 ita
858 3034 999 3089 Deus
1028 3050 1092 3090 ex
1123 3036 1347 3089 muliere
1374 3044 1529 3089 natus
1558 3035 1654 3100 sit,
1680 3036 1838 3090 duas-

1936 444 2154 497 Paulum
2199 442 2617 508 Antiochenum,
2662 442 2775 497 sive
2816 440 3057 510 Gregorii
3088 441 3408 499 Nazianzeni
3446 449 3515 503 ad

1932 513 2249 568 Cledonium
2275 554 2289 579 ,
2336 513 2451 567 sive
2497 514 2761 583 ascriptos
2800 510 3060 580 Gregorio
3089 511 3512 584 Thaumaturgo,

1932 586 2045 639 sive
2092 584 2533 654 consequentium
2591 584 2983 654 conciliorum,
3044 599 3163 654 cum
3209 584 3512 654 Cyrillianis

1933 670 2284 723 componere;
2317 654 2438 709 inde
2460 655 2601 708 enim
2632 653 2959 707 admirabilis
2979 653 3222 723 quaedam
3244 653 3309 708 de
3338 656 3514 711 incar-

1936 722 2155 779 natione
2198 724 2354 780 Verbi
2399 732 2455 780 et
2499 723 2697 780 Chrisri
2723 722 3003 780 divinitate
3027 723 3293 794 theologia
3319 724 3514 785 conﬁci

1971 795 2150 851 oterit.

1933 809 2277 948 pofiiiters‘us
2306 866 2781 948 anathematismes
2809 862 2993 948 Cyriili
3019 865 3274 948 pugnavit
3290 866 3515 948 .primus

1935 935 2171 991 omnium
2198 934 2492 1005 Nestorius,
2523 935 2787 1005 oppositis
2810 934 3093 991 duodecim
3118 934 3510 993 antirrheticis:

1934 1012 2238 1076 pugnarunt
2264 1004 2459 1076 deinde
2489 1004 2730 1060 Andreas
2761 1004 3159 1076 §aniosaterius_
3181 1012 3235 1058 et
3272 1005 3516 1076 Theodo-

1934 1073 2126 1147 ictus,
2169 1074 2362 1147 quibus
2412 1076 2691 1147 respondit
2747 1073 3014 1147 Cyrilius:
3063 1074 3276 1144 ipsimet
3327 1074 3516 1134 Patres

1934 1145 2191 1214 Ephesini
2239 1152 2459 1199 eatenus
2505 1145 2995 1201 obstitisse'videri
3044 1153 3297 1214 possunt,
3338 1148 3516 1215 quoad

1935 1215 2199 1285 expositio
2264 1215 2591 1283 singulorum
2651 1216 2785 1271 facta
2834 1222 3013 1285 esset:
3066 1215 3321 1283 pugnavit
3365 1226 3513 1272 certe

1934 1282 2273 1347 Gennadius,
2325 1282 2692 1340 sanctissimus
2753 1286 2842 1341 ille
2894 1282 3517 1347 Constantinoiiolitanus

1936 1363 2075 1427 post,
2104 1355 2408 1409 Anatolium
2436 1356 2745 1427 episcopus,
2793 1370 2900 1426 quo
2936 1362 3177 1427 tempore
3207 1355 3379 1410 adhuc
3401 1364 3517 1412 erat

1936 1426 2249 1497 presbyter,
2270 1426 2602 1497 quaestioque
2624 1425 2882 1490 fervebat,
2900 1425 3262 1497 AutpcOlligitur
3302 1441 3369 1480 ex
3408 1426 3514 1481 Fa-

1936 1494 2115 1567 cundo
2145 1495 2280 1566 (Lib.
2316 1512 2349 1549 ιι
2380 1512 2494 1567 cap.
2516 1494 2617 1567 ’4);
2660 1497 2824 1567 immo
2850 1495 3179 1567 adsingulos
3200 1496 3512 1567 respondit,

1937 1566 2116 1621 verbis
2144 1564 2276 1620 Sane
2306 1564 2679 1619 atroCissimis.
2715 1565 2958 1619 Addendi
2979 1564 3277 1619 Orientales
3306 1564 3513 1633 omnes,

1936 1638 2029 1709 qui
2054 1644 2107 1691 et
2135 1644 2356 1709 propter
2387 1636 2561 1706 capita
2591 1635 2940 1709 depositionis
2973 1636 3294 1709 sententiam
3339 1637 3391 1709 in
3422 1637 3517 1709 Cy-

1937 1704 2115 1763 rillum
2140 1704 2392 1779 tulerunt,
2439 1704 2667 1779 etsuis
2692 1704 2758 1759 ad
2783 1705 3177 1779 imperatorem
3202 1704 3390 1779 legatis
3414 1704 3517 1779 po-

3274 1784 3493 1831 ecerunt

1940 1861 2101 1915 quam
2132 1853 2189 1899 ut
2218 1818 2389 1915 (iapita
2438 1847 2581 1900 velut
2621 1846 2867 1900 haeretica
2916 1843 3203 1915 rejicienda
3244 1846 3373 1915 totis
3401 1818 3519 1901 viri1

1940 1914 2039 1971 bus
2068 1914 2347 1981 curarent;
2396 1924 2450 1970 et
2478 1925 2600 1986 post
2628 1917 2861 1981 solutum
2899 1914 3183 1986 concilium
3224 1914 3520 1973 Antiochim

1941 2002 2125 2041 rursus
2172 2001 2234 2039 ea
2281 1984 2709 2055 proscripserunt
2733 2028 2746 2051 ,
2780 1992 2977 2039 etcum
3006 1984 3155 2055 pacis
3185 1985 3521 2043 conditiones

1939 2068 2387 2126 proponerentur,
2417 2054 2751 2126 retractanda
2778 2054 3186 2126 contenderunt,
3220 2063 3310 2109 aut
3329 2057 3521 2111 saltem

1942 2124 2220 2180 obruenda
2268 2126 2501 2180 silentio.
2558 2125 2896 2181 Postremum
2942 2124 3083 2179 istud
3132 2126 3338 2193 optavit
3383 2126 3524 2181 obti-

1941 2196 2162 2277 nuitque
2190 2211 2233 2277 ει
2273 2195 2475 2277 Cyrilio
2523 2198 2797 2277 turbarum
2851 2204 3099 2277 peetmsg
3130 2195 3365 2277 synodus
3409 2196 3524 2277 ipsa

1941 2264 2562 2334 Constantinopolitano,
2596 2268 2680 2321 cui
2710 2264 3029 2335 praesidebat
3051 2264 3402 2320 Maximianus
3425 2264 3524 2321 Ne-

1942 2336 2110 2390 storio
2137 2335 2409 2401 suﬁectus,
2444 2338 2495 2389 in
2523 2352 2629 2405 quo
2642 2337 2765 2406 _visa
2795 2342 2878 2406 est
2906 2335 3019 2406 ipsa
3038 2349 3256 2406 quoque
3286 2336 3522 2406 synodus

1941 2420 2129 2473 parum
2155 2419 2306 2474 aequa
2329 2403 2610 2474 capitibus.
2642 2404 2901 2471 Pugnavit
2929 2403 3158 2474 denique
3178 2403 3328 2469 lbas,
3347 2405 3522 2459 adhuc

1940 2471 2224 2596 presbyter
2253 2471 2537 2529 Edessena:
2566 2473 2845 2542 Ecclesim,
2879 2474 2933 2528 in
2963 2471 3168 2527 famosa
3196 2475 3423 2544 epistola
3454 2474 3522 2530 ad

1970 2544 2126 2596 larim
2150 2543 2389 2596 Persam.

1970 2543 2126 2597 larim
2150 2543 2389 2601 Persam.

2016 2614 2319 2687 Notandum
2366 2630 2496 2669 vero
2540 2613 3520 2687 Constantinopolitanamsynodum,

1942 2700 2060 2753 quae
2099 2683 2479 2739 Maximianum
2521 2684 2825 2749 ordinavit,
2877 2683 2975 2755 pro
3020 2683 3287 2755 Ephesina
3334 2685 3523 2755 haberi

1942 2769 2121 2824 posse,
2152 2761 2211 2808 ut
2241 2763 2428 2824 postea
2458 2755 2787 2821 ostendetur,
2821 2754 2941 2809 cum
2970 2755 3035 2809 de
3066 2754 3165 2808 hac
3193 2756 3304 2824 ipsa
3330 2754 3523 2823 agendi

1946 2825 2096 2895 iocus
2126 2825 2267 2879 erit:
2301 2840 2422 2879 nam
2464 2826 2517 2881 in
2563 2842 2625 2895 ea
2652 2824 2751 2879 fuit
2790 2825 2995 2893 legatus
3039 2825 3230 2881 summi
3253 2824 3523 2895 pontiﬁcis

1944 2893 2558 2967 Philippuspresbyter;
2592 2894 2690 2950 fuit
2720 2904 2771 2950 et
2807 2912 2942 2967 unus
2980 2910 3195 2965 quoque
3224 2893 3523 2967 légatofum

1942 2965 2287 3037 occidentalis
2304 2965 2495 3037 synodi
2521 2965 2778 3021 Arcadius
2798 2966 3111 3037 episcopus;
3145 2982 3279 3019 unus
3296 2965 3523 3037 patriar-

1943 3035 2191 3099 charum,
2223 3036 2313 3103 qui
2338 3034 2491 3092 solus
2519 3036 2798 3090 catholica:
2824 3034 2995 3103 partis
3018 3035 3155 3089 liber
3179 3034 3324 3099 erat,
3356 3034 3521 3090 Juve-

253 3105 623 3186 quenverbum
670 3106 1049 3186 generationes
1087 3105 1362 3186 habnerit;
1404 3105 1461 3186 5⁸
1497 3105 1639 3174 quod
1677 3106 1841 3186 Yirgo
1870 3120 1915 3186 ο
1948 3105 2121 3183 nalis:
2160 3105 2576 3186 fllél‘gtltﬁbalii
2607 3104 2795 3186 synodi
2824 3105 3165 3186 occumenica:
3194 3105 3379 3186 legati,
3407 3119 3523 3186 ma-

252 3175 323 3237 sit
368 3174 627 3244 Deipara;
675 3173 732 3225 4°
755 3175 899 3243 quod
940 3175 1259 3231 immortalis
1286 3173 1524 3230 mortem
1541 3173 1837 3244 pertulerit,

253 3254 309 3299 et
339 3243 479 3316 idem
510 3243 805 3316 cruciﬁxus?
842 3245 933 3313 qui
974 3245 1311 3309 adorandus;
1346 3262 1412 3299 ex
1434 3246 1517 3299 his
1541 3243 1680 3299 enim
1705 3262 1840 3316 qua-

254 3323 378 3369 tuor
403 3315 518 3368 aliae
547 3330 738 3367 omnes
777 3315 845 3369 de
874 3316 1069 3382 quibus
1100 3317 1275 3384 agitur
1302 3316 1354 3368 in
1385 3315 1842 3372 anathematiSniis

250 3384 409 3440 facile
439 3384 771 3451 efﬁciuntur;
819 3393 1070 3455 poterant
1104 3401 1233 3439 vero
1264 3393 1317 3455 et
1360 3386 1488 3455 ipsa:
1519 3394 1752 3453 quatuor
1775 3387 1843 3441 ad

251 3455 753 3535 unam‘At-banasiin,
785 3452 930 3535 quod
956 3455 1050 3535 Dei
1068 3455 1237 3535 Pilius
1259 3452 1417 3517 civi-ai;
1444 3463 1498 3511 et
1520 3452 1727 3532 ἀληθείᾳ
1755 3456 1838 3511 fa-

248 3532 372 3580 ctus
400 3525 470 3580 sit
498 3525 680 3587 homo,
714 3524 872 3579 facile
897 3525 1100 3579 reduci.

325 3593 605 3660 Qumsierit
633 3595 845 3663 aliquis,
878 3595 1143 3650 curiosius
1164 3595 1302 3650 forte
1327 3611 1487 3663 quam
1517 3596 1719 3661 utilius,
1747 3612 1843 3652 cur

248 3681 320 3736 ex
351 3665 712 3736 Antiochenah
736 3665 953 3736 dioecesi
1000 3665 1201 3718 nullum
1250 3664 1512 3736 Cyrillus,
1545 3667 1744 3719 nullum
1774 3682 1842 3721 ex

246 3732 847 3803 Constantinopolitana
890 3733 1103 3790 Patrem
1149 3732 1481 3800 laudaverit,
1512 3751 1632 3790 cum
1663 3746 1841 3791 tamen

246 3819 323 3859 ex
347 3813 573 3875 utraque
603 3813 805 3873 posset,
838 3820 1039 3873 eosque
1068 3820 1242 3873 neque
1270 3806 1550 3875 pauciores
1576 3806 1721 3875 aliis,
1754 3822 1843 3861 ne-

294 3889 359 3928 ue
388 3874 619 3929 leviores
648 3876 891 3929 veritatis
914 3882 1101 3929 testes.
1143 3874 1435 3941 Quasstioni
1464 3892 1567 3930 nor.
1599 3874 1840 3930 ofﬁciunt

306 3943 419 3998 ttici
464 3943 937 4014 Amphilochiique
975 3945 1278 3999 testimonia
1304 3986 1317 4009 ,
1369 3960 1488 4014 quae
1536 3946 1591 3997 in
1612 3945 1842 4013 vulgatis

246 4014 468 4068 concilii
527 4014 793 4083 Ephesini
845 4013 1117 4069 codicibus
1158 4015 1427 4082 leguntur,
1477 4014 1654 4067 addita
1698 4014 1842 4069 enim

250 4084 549 4138 creduntur
574 4082 590 4136 Ξ
619 4098 743 4154 nam
775 4082 1065 4137 Lirinensis
1086 4084 1255 4137 tribus
1282 4085 1718 4154 post_concilium
1747 4100 1842 4138 an-

250 4154 342 4209 nis
370 4154 606 4209 scribens
628 4193 643 4216 ,
691 4153 873 4207 decem
905 4161 1109 4207 tantum
1139 4152 1388 4208 numerat
1411 4152 1617 4220 Patres,
1651 4169 1840 4209 nume-

246 4238 485 4295 rumque
514 4224 809 4295 mysticum
828 4223 995 4276 videri
1034 4224 1174 4295 vult:
1205 4223 1333 4289 Cur,
1366 4224 1570 4293 inquiet
1598 4224 1841 4295 cu_riosus

245 4293 368 4358 ille,
415 4293 583 4365 inter:
601 4293 843 4365 veritatis
863 4362 872 4365 _
893 4299 1057 4365 testes
1080 4294 1301 4365 relatus
1330 4311 1435 4349 non
1463 4301 1544 4347 est
1572 4310 1603 4347 a
1641 4293 1840 4365 Cyrillo

246 4377 481 4431 magnus
511 4364 600 4417 ille
631 4362 943 4417 Eustathius
964 4362 1352 4430 Antiochenus,
1378 4380 1517 4418 unus
1537 4380 1566 4417 e
1584 4362 1840 4421 trecentis

247 4432 444 4504 (iecem
473 4440 527 4487 et
545 4440 690 4504 Lecto
719 4431 1269 4504 Patribus__Niea:nis‘!
1313 4451 1408 4489 cur
1447 4435 1837 4504 praetermissus

1942 3174 2227 3244 jorumque
2274 3174 2651 3231 Ecclesiarumw
2682 3176 2973 3242 antistites,
3020 3190 3141 3230 cum
3169 3175 3387 3243 reliquis
3410 3174 3522 3245 epi-

1946 3246 2147 3314 scopis,
2188 3246 2279 3315 qui
2304 3253 2428 3301 tunc
2448 3247 2629 3316 plures
2653 3246 3119 3316 Constantinopoli
3148 3246 3348 3316 reperti
3377 3252 3520 3313 sunt,

1946 3324 2107 3383 atque
2149 3317 2309 3371 etiam
2352 3332 2419 3371 ex
2452 3315 2651 3371 ’vicinis
2699 3315 3262 3371 civitatibus’evocati.
3319 3315 3517 3382 Quare,

1944 3400 2062 3456 cum
2087 3402 2272 3440 omnes
2302 3387 2377 3440 illi
2402 3384 2467 3441 de
2495 3387 2739 3456 capitulis
2774 3386 3035 3439 silendum
3070 3386 3408 3450 censuerint,
3441 3385 3523 3456 ni-

1944 3455 2017 3527 hil
2045 3457 2326 3527 mirumsi
2361 3455 2575 3511 dicatur
2599 3457 2863 3527 Ephesina
2893 3456 3129 3527 synodus
3157 3455 3522 3527 tertiam_qui-

1946 3525 2077 3597 demi
2101 3524 2283 3597 Cyrilli
2307 3526 2587 3596 epistolam
2614 3524 2860 3581 retulisse
2890 3524 2943 3580 in
2976 3525 3128 3597 Acta,
3158 3532 3215 3579 ut
3235 3540 3354 3594 quae
3382 3525 3522 3597 lecta

1944 3594 2104 3665 fuerit
2134 3594 2310 3665 palam
2328 3594 2355 3659 ;“
2372 3597 2540 3652 solam
2582 3605 2759 3651 tamen
2800 3596 3087 3650 secundam
3116 3611 3215 3665 pro
3252 3595 3433 3664 regula
3461 3594 3523 3648 ﬁ-

1942 3664 2029 3718 dei
2054 3666 2304 3720 habuisse
2331 3685 2341 3718 :
2367 3666 2512 3734 quod
2541 3682 2660 3721 cum
2684 3665 2981 3722 certissime
3007 3672 3217 3720 constet
3243 3680 3308 3719 ex
3337 3666 3521 3733 singu-

1944 3734 2117 3806 lorum
2155 3737 2528 3806 episc0porum
2559 3736 2847 3806 sententiis
2866 3776 2879 3798 ,
2912 3735 3200 3806 diligenter
3225 3734 3520 3789 notandum

1943 3812 2026 3858 est
2052 3802 2256 3859 homini
2293 3802 2472 3859 rerum
2518 3805 2783 3875 ejusmodi
2813 3802 3086 3867 studioso,
3126 3811 3395 3870 tamquam
3425 3819 3521 3927 op.

1943 3883 2231 3927 portunum
2290 3875 2357 3927 ad
2404 3874 2662 3927 plurimas
2713 3873 3035 3927 quaestiones
3078 3872 3362 3927 historicas
3409 3889 3519 3927 so-

1942 3883 2231 3997 portlunum
2290 3875 2357 3928 ad
2403 3872 2662 3945 plurimas
2713 3873 3035 3944 quaestiones
3078 3872 3362 3933 historicas
3409 3872 3519 3931 sol-

1942 3958 2042 3997 ven
2084 3960 2160 3997 as.

1941 3958 2160 3998 vendas.

2013 4012 2114 4080 Qui
2142 4014 2356 4087 vivente
2394 4014 2596 4087 Cyrillo
2632 4015 2863 4085 capitula
2902 4012 3522 4087 imptugnaverinttquo-

1942 4098 2047 4153 que
2074 4084 2273 4151 animo,
2305 4082 2746 4155 satis'qstensuin
2768 4092 2883 4150 est;
2928 4082 3019 4154 qui
3053 4099 3181 4155 vero
3201 4082 3518 4155 defenderit,

1943 4162 2139 4225 praeter
2168 4156 2454 4225 ipsummet
2478 4152 2736 4225 Cyrillum
2766 4152 3323 4225 tribus—singularibus
3347 4152 3517 4221 libris,

1943 4222 1999 4277 et
2027 4222 2254 4280 Marium
2284 4222 2639 4295 Mercatorem
2658 4264 2671 4288 ,
2704 4225 2796 4295 qui
2824 4222 3145 4282 Nestoriana
3174 4225 3521 4280 antirrbetica

1942 4295 2153 4360 evertit,
2177 4310 2368 4366 nemo,
2398 4294 2543 4366 quod
2572 4294 2756 4361 sciam,
2782 4310 2813 4350 a
2836 4295 3110 4352 veteribus
3130 4295 3373 4366 proditus
3396 4303 3478 4366 est
3505 4313 3517 4348 :

1943 4380 2115 4433 neque
2136 4365 2190 4420 id
2213 4365 2435 4432 mirum,
2468 4381 2588 4421 cum
2618 4380 2681 4419 ea
2703 4372 3043 4436 tempestate,
3092 4365 3254 4421 animi
3284 4365 3522 4422 nondum

1943 4436 2073 4506 satis
2119 4436 2294 4506 pacati
2341 4436 2649 4506 perspicere
2705 4451 2815 4490 non
2858 4436 3100 4492 valerent
3151 4446 3409 4505 quantum
3454 4436 3522 4492 ab

247 4501 492 4559 Joannes
533 4500 1200 4575 Constantinopolitanus?
1246 4521 1342 4559 cur
1382 4495 1588 4575 Atlicus
1615 4502 1836 4561 Joannis

1947 4495 2557 4575 Apollinariana'hteresi
2585 4506 2809 4561 distaret
2844 4507 3069 4569 ἔνὼσεως
3096 4495 3200 4563 καθ’
3232 4507 3522 4563 ὑπόστασιν

249 4574 571 4644 successor?
620 4588 715 4644 cur
755 4572 985 4644 Ammon
1034 4573 1478 4644 Adrianopoleos,
1521 4573 1841 4632 Severianus

248 4642 609 4723 Qab-alornm,‘
636 4640 1240 4723 Atnpiiilochiu‘snicnnii
1265 4640 1579 4714 episcopus?
1603 4660 1697 4723 cur
1734 4646 1843 4723 An-

248 4713 470 4767 tiochus
492 4712 837 4782 Ptolemaidis
862 4752 875 4777 ,
925 4720 978 4767 et
1008 4712 1250 4781 Vitalius,
1282 4712 1507 4782 quorum
1535 4715 1841 4773 testimonia

249 4782 662 4855 proferuntur)
681 4779 891 4855 Cyrilloc
912 4782 967 4836 in
999 4782 1135 4855 libro
1163 4779 1423 4838 de‘R'ecta
1455 4784 1583 4855 Fide
1614 4784 1678 4837 ad
1703 4788 1843 4855 regi—
1883 4818 1896 4834 .

248 4850 361 4933 ﬁgas
388 4850 627 4933 (qu._‘9
651 4860 702 4906 et
729 4850 913 4933 ‘seq.)?.
940 4868 1040 4933 cur
1069 4853 1207 4933 item
1254 4854 1683 4933 anathematismi
1707 4895 1721 4919 ,
1756 4850 1843 4911 vel

252 4921 505 4991 Gregorii
533 4921 935 4993 Thaumaturgi,
958 4923 1044 4978 vel
1069 4923 1282 4993 Damasi
1304 4940 1454 4993 papae
1483 4925 1668 4979 omissi
1693 4934 1837 4993 sunt,

255 5008 385 5066 cum
424 5001 605 5047 tamen
652 4992 939 5066 admodum
988 4993 1190 5048 similes
1225 4992 1539 5066 Cyrillianis
1585 4992 1838 5066 existant,

259 5063 500 5135 ipsisque
560 5062 770 5132 pondus
834 5061 1029 5135 addere
1086 5061 1417 5132 potuissent?
1464 5066 1538 5119 De
1582 5061 1841 5135 Gregorio

312 5135 665 5200 haumaturgo
712 5132 960 5201 expedita
1010 5135 1288 5202 responsio
1318 5142 1416 5200 est,
1462 5132 1843 5191 anathematis-

260 5218 386 5258 mos
431 5203 597 5271 ipsius
637 5202 854 5257 nomine
897 5202 1071 5271 editos
1113 5204 1275 5258 alium
1321 5205 1518 5259 habere
1567 5213 1842 5260 auctorem

260 5272 411 5341 quod
452 5270 779 5328 ’Bellarmino
817 5280 871 5327 et
917 5270 1138 5327 Petavio
1168 5273 1408 5339 videtur;
1442 5276 1507 5330 de
1538 5276 1746 5329 caeteris
1772 5292 1842 5331 ne

263 5343 507 5415 divinare
532 5342 747 5415 quidem
777 5342 920 5415 licet,
949 5359 1069 5398 cum
1106 5358 1205 5415 res_
1218 5343 1492 5415 ejusmodi
1520 5346 1751 5415 pendeat
1776 5362 1843 5401 ex

261 5413 489 5485 arbitrio
544 5412 885 5485 producentis
944 5420 1143 5485 testes._
1188 5412 1319 5468 Nam
1362 5412 1843 5485 quod—suspicioso

264 5484 451 5554 nescio
481 5484 569 5538 cui
592 5484 737 5554 venit
764 5483 817 5536 in
846 5490 1084 5541 mentem
1115 5483 1553 5554 Chrysostomum
1594 5483 1699 5541 non
1726 5503 1843 5543 esse

262 5552 538 5608 laudatum
568 5570 597 5607 a
626 5552 853 5626 Cyrillo,
889 5563 1113 5626 propter
1141 5552 1451 5609 oﬁ‘ensionis
1480 5558 1731 5626 reliquias
1756 5574 1842 5615 re—

309 5632 454 5695 ostas
482 5623 682 5695 mente,
710 5623 996 5695 absurdum
1030 5626 1246 5680 omnino
1278 5634 1359 5679 est
1385 5642 1503 5681 cum
1532 5623 1760 5695 Gyrillus
1788 5630 1842 5687 in

296 5694 408 5751 ibro
437 5696 502 5752 ad
530 5694 762 5766 Reginas
782 5694 1001 5755 Joannis
1033 5696 1396 5755 testimonium
1422 5694 1739 5758 adhibuerit.

1946 4573 2234 4658 confessio,
2261 4576 2405 4658 quod
2426 4576 2666 4632 omnium
2689 4576 3043 4648 capitulorum
3072 4575 3391 4658 principium
3417 4583 3519 4643 est,

1946 4653 2002 4701 et
2026 4648 2177 4715 quasi
2202 4647 2371 4702 radix.

2016 4716 2191 4787 Atque
2218 4718 2334 4787 haec
2373 4732 2532 4773 causa
2556 4717 2722 4773 videri
2747 4725 2926 4787 potest
2958 4732 3055 4772 cur
3084 4717 3137 4771 in
3161 4716 3278 4787 ipso
3308 4730 3524 4787 quoque

1945 4785 2172 4843 concilio
2198 4786 2643 4850 Cbalcedonensi,
2672 4785 3033 4858 quodtquinto
3059 4787 3126 4858 ab
3148 4785 3294 4858 obitu
3337 4785 3523 4858 Cyrilli

1947 4870 2089 4911 anno
2110 4858 2437 4913 celebratum
2469 4866 2585 4927 est,
2608 4858 2674 4911 de
2714 4856 2871 4911 tertia
2907 4857 3137 4927 epistola
3161 4856 3395 4923 tacitum
3427 4856 3514 4921 sit,

1946 4927 2047 4998 etsi
2070 4928 2351 4983 videbatur
2379 4935 2530 4982 tanto
2558 4926 2863 4998 diligentius
2910 4926 3235 4998 loquendum
3260 4968 3275 4993 ,
3316 4934 3519 4998 quanto

1945 4996 2332 5053 intolerabilius
2373 4998 2570 5059 delirus
2610 4996 2697 5050 ille
2737 4994 3030 5067 monachus
3072 4994 3345 5067 Eutychos
3370 4994 3523 5051 Dios-

1941 5081 2202 5140 cornsque
2231 5068 2483 5140 Ephesini
2509 5066 2776 5140 latrocinii
2803 5066 2911 5123 dux
2940 5066 3306 5140 abuterentur.

2016 5134 2132 5215 liic'
2156 5134 2325 5215 oritur
2361 5137 2584 5207 quaestio
2622 5145 3031 5215 quo_te_nipore
3064 5136 3297 5215 capitula
3340 5134 3524 5208 Cyrilli

1945 5209 2171 5328 probata
2200 5210 2305 5263 sint
2355 5205 2409 5260 et
2448 5205 2663 5273 recepta
2713 5208 2780 5261 ab
2827 5205 3090 5275 Ecclesia,
3119 5205 3526 5263 velutcanones

1968 5276 2091 5328 “dei.
2132 5279 2265 5328 Dum
2307 5277 2616 5328 Mercatoris
2640 5278 2802 5328 verba
2840 5276 3084 5328 quaedam
3113 5292 3521 5328 exnoneremus.

1968 5276 2091 5332 idei.
2132 5279 2265 5332 Dum
2307 5277 2616 5348 Mercatoris
2640 5278 2802 5348 verba
2840 5276 3084 5348 quaedam
3113 5292 3521 5348 exponerenius,

1945 5349 2171 5470 probata
2202 5348 2434 5403 diximus
2458 5347 2512 5402 in
2537 5347 2769 5402 secunda
2794 5348 3001 5421 synodo
3020 5347 3281 5414 Romana,
3311 5347 3405 5402 sed
3432 5362 3526 5402 vc-

1973 5425 2027 5470 ut
2058 5420 2110 5470 in
2139 5417 2320 5470 radice
2351 5426 2577 5470 tantum.
2604 5417 2655 5470 id
2679 5425 2777 5470 est.
2809 5434 2914 5470 qua
2940 5427 3093 5470 parte
3119 5434 3226 5470 non
3254 5417 3522 5470 diﬁerunt.

1973 5425 2027 5471 ut
2058 5420 2110 5472 in
2139 5417 2320 5473 radice
2351 5426 2577 5483 tantum,
2604 5417 2655 5471 id
2679 5425 2777 5483 est,
2809 5417 2914 5487 qua
2940 5427 3093 5487 parte
3119 5434 3226 5473 non
3254 5417 3522 5482 diﬁerunt,

1950 5488 2051 5560 nisi
2081 5487 2249 5560 l‘orma
2276 5498 2460 5553 tenus,
2502 5505 2530 5542 a
2554 5487 2887 5560 prnfcssione
2917 5487 3041 5544 ﬁdei
3069 5490 3123 5542 in
3152 5489 3400 5545 secundis
3422 5487 3527 5560 Cy—

1949 5559 2056 5613 rilli
2080 5559 2270 5614 litteris
2298 5558 2569 5633 contenta.
2612 5558 2717 5613 Sed
2754 5562 2969 5629 quando
3014 5568 3231 5633 recepta
3259 5568 3383 5618 sunt
3410 5558 3525 5631 ipSa

1946 5644 2055 5704 per:
2066 5645 2123 5683 se
2153 5640 2208 5684 et
2233 5646 2326 5704 sua
2348 5630 2557 5704 forma?

2022 5699 2160 5761 Sunt
2178 5703 2271 5776 qui
2298 5702 2586 5775 opinentur
2614 5702 2668 5763 id
2689 5702 2994 5776 contigisse,
3018 5703 3073 5761 in
3100 5703 3327 5776 ipsamet
3345 5702 3525 5776 Ephe-
