4022 6280
532 315 671 373 “8'5

1092 309 1185 367 AD
1224 308 1502 366 PARTEM
1537 306 1906 366 SECUNDAM
1945 306 2228 365 OPERUM
2266 307 2335 364 Μ.
2376 304 2813 367 MERCATORIS
2850 306 3213 365 APPENDIX.

3653 309 3785 369 ιιει

532 429 650 483 sina
676 424 902 498 synodo,
944 424 1056 498 cui
1084 422 1334 498 adessent
1373 420 1628 498 Ecclesia:
1654 420 1931 498 “Romana:
1952 420 2112 498 legati
2137 423 2187 483 Α
2218 423 2416 498 fervore
2441 422 2710 498 catholica:
2753 424 2878 494 ﬁdei
2922 423 3179 487 incensus,
3204 419 3491 498 _I_Ve_s_torii__
3517 422 3789 497 Cyrillique

557 489 746 552 Christ.
798 493 991 565 Lupus,
1040 494 1097 565 in
1123 493 1297 565 schol.
1348 494 1606 565 adgconc.
1646 490 1851 561 Ephes.‘
1884 509 1996 565 cap.
2028 489 2103 560 5).

581 568 671 643 ria
688 562 963 643 proferunt
990 563 1259 643 opinionis
1284 578 1392 643 sua;
1422 562 1777 643 ﬁrmamenta,
1807 562 1955 643 quod
1977 577 2108 617 con-

534 630 866 700 tradiétorio,
910 641 970 688 ut
1008 630 1189 698 aiunt,
1218 633 1421 701 judicio
1449 632 1689 688 Joannes
1717 630 2104 698 Antiochenus,

533 707 624 775 qui
652 712 874 775 propter
906 703 1138 775 capitula
1166 702 1421 775 Cyrillum
1461 702 2107 775 deponendumcensue-

533 772 616 829 rat
638 772 670 841 ,⁷
705 772 990 829 damnatus
1035 774 1133 840 sit;
1179 772 1325 842 quod
1363 773 1507 829 aliud
1536 772 1807 842 dogmatis
1831 772 2108 828 decretum

532 845 782 915 synodus
797 860 904 915 non
932 843 1136 915 fecerit,
1166 858 1291 915 eum
1334 843 1527 915 fecisse,
1546 851 1727 915 tamen
1748 842 1981 915 aliquod
1995 850 2109 915 tota

531 912 717 985 credat
745 913 1005 985 Ecclesia.
1048 913 1203 980 Quod
1243 912 1473 985 Cyrillus
1511 912 1603 984 (In
1634 912 1881 985 apologiaq
1907 913 2108 985 adim-

533 984 754 1054 perat.),
777 984 898 1054 ﬁdei
929 1000 1036 1054 suae
1077 982 1368 1038 rectitudini
1400 982 1737 1039 testimonium
1770 982 2106 1054 perhibuisse,

533 1053 580 1108 et
603 1053 893 1126 Romanam
929 1053 1245 1126 Ecclesium,
1289 1064 1340 1108 et
1358 1063 1594 1108 sanctam
1619 1070 1814 1126 quoque
1852 1053 2107 1126 synodum

534 1139 596 1178 ex
615 1125 849 1179 universo
873 1122 992 1195 orbe
1018 1137 1395 1195 congregatum,
1430 1122 1658 1195 testetur.
1683 1122 1961 1195 Quartum
1986 1122 2109 1195 addi

534 1201 731 1264 potest,
764 1193 907 1261 quod
938 1190 1237 1248 Orientales
1265 1194 1560 1264 objecerint
1591 1193 1869 1249 catholicae
1902 1192 2109 1264 synodo

532 1262 977 1333 Subscriptionem
998 1264 1251 1334 capitum,
1286 1272 1340 1319 et
1369 1263 1738 1334 Theodoretus
1760 1264 1827 1334 ab
1848 1262 2111 1334 universis

538 1332 760 1403 accepta
805 1332 1079 1403 queratur,
1128 1333 1353 1402 [basque
1378 1333 1667 1389 Osrohenis
1686 1332 1896 1388 clericis
1940 1346 2110 1401 nego-

535 1402 665 1457 tium
688 1418 752 1457 ea
780 1403 848 1457 de
877 1417 935 1458 re
963 1402 1315 1458 lacessiverit.

604 1472 798 1528 Verum
829 1488 935 1527 non
958 1474 1183 1528 multum
1201 1472 1455 1536 ponderis
1483 1473 1599 1528 haec
1616 1473 1849 1529 habent:
1883 1487 2027 1536 nam,
2051 1477 2113 1527 ut

534 1558 563 1597 a
583 1549 858 1612 postremo
872 1543 1140 1612 incipiam,
1165 1542 1493 1598 Nestoriana:
1508 1544 1672 1613 partis
1682 1543 1926 1613 homines
1944 1542 2112 1613 multa

534 1612 741 1667 mentiti
782 1621 925 1679 sunt,
984 1621 1039 1668 et
1085 1614 1187 1668 hoc
1230 1613 1482 1678 maxime,
1510 1612 1671 1681 quod
1709 1612 1960 1667 catholici
1987 1626 2112 1667 cum

538 1681 865 1753 Apollinario
889 1684 1177 1747 sentirent;
1196 1682 1261 1753 id
1288 1698 1418 1753 νειξο
1447 1680 1587 1753 apud
1614 1683 1758 1753 ipsos
1786 1680 1927 1753 idem
1972 1689 2108 1753 erat,

534 1750 677 1823 quod
700 1752 965 1823 capitibus
985 1752 1336 1823 subscribere.
1368 1750 1589 1823 Deinde,
1619 1750 1761 1823 quod
1790 1750 1865 1805 ait
1884 1750 2113 1823 Cyrillus

534 1821 845 1890 imperatori
876 1822 1135 1885 scribens,
1167 1822 1234 1875 de
1265 1821 1367 1876 fide
1397 1822 1631 1890 intelligo
1657 1821 1785 1876 dum
1812 1828 1896 1875 est
1921 1821 2115 1877 secun-

535 1891 616 1945 dis
638 1892 830 1945 litteris
858 1899 1133 1956 contenta,
1158 1892 1287 1946 etin
1311 1892 1544 1947 secunda
1569 1891 1753 1946 Romae
1773 1891 1978 1956 synodo
1998 1906 2120 1956 pro-

535 1961 681 2032 batu,
731 1976 839 2032 non
868 1961 997 2015 item
1026 1961 1093 2016 de
1121 1962 1387 2032 capitibus
1402 2031 1407 2032 γ
1431 1969 1553 2031 post
1571 1961 1831 2032 ejusmodi
1856 1961 2117 2032 synodum

534 2029 811 2100 confectis,
863 2038 922 2084 ut
971 2038 1154 2100 aperte
1187 2029 1553 2086 ostendimus.
1598 2029 1799 2095 Tertio,
1842 2029 2117 2086 decretum

536 2099 658 2171 fidei
690 2101 890 2154 nullum
920 2099 1121 2171 editum
1142 2101 1297 2171 estin
1323 2108 1435 2155 tota
1464 2101 1686 2171 synodo,
1709 2107 1905 2169 prteter
1924 2116 2119 2169 appro-

536 2168 810 2241 bationem
826 2169 1093 2241 secundae
1139 2169 1323 2241 Cyrilli
1370 2168 1631 2238 epistolm,
1671 2168 1727 2241 et
1771 2168 2118 2241 rejectionem

536 2240 797 2308 opposita:
825 2239 1075 2305 Nestorii,
1123 2239 1198 2294 uti
1217 2247 1429 2295 constat
1455 2256 1522 2295 ex
1549 2240 1878 2306 singulorum
1908 2240 2118 2308 episco-

535 2322 727 2377 porum
782 2310 1067 2373 sententia,
1111 2310 1380 2378 totiusque
1407 2309 1633 2365 actionis
1653 2310 1838 2379 primae
1866 2308 2114 2376 lectione,

537 2386 592 2432 et
620 2379 833 2433 concilii
861 2379 1035 2446 quarti
1056 2380 1298 2447 quintive
1327 2380 1568 2443 historia,
1593 2380 1647 2432 in
1666 2380 1859 2447 quibus
1879 2379 2017 2433 lecta
2037 2379 2120 2433 di-

536 2449 676 2519 citur
720 2448 953 2519 secunda
997 2448 1112 2519 hinc
1154 2447 1337 2519 Cyrilli
1366 2449 1614 2518 epistola,
1647 2463 1752 2519 non
1783 2448 1909 2519 item
1930 2450 2115 2519 tertia.

534 2517 792 2586 Denique,
824 2516 1060 2573 Joannes
1080 2516 1446 2573 Antiochenus
1474 2518 1889 2574 contradictorio
1917 2518 2119 2586 judicio

536 2586 820 2642 damnatus
849 2604 956 2643 non
983 2595 1092 2651 est;
1125 2588 1217 2656 qui
1237 2589 1380 2643 enim
1408 2590 1670 2657 potuisset
1701 2588 1883 2649 homo,
1908 2589 2001 2656 qui
2021 2604 2117 2642 va-

536 2657 832 2713 dimonium
874 2659 1263 2713 contumaciter
1306 2658 1578 2713 deseruit?
1606 2657 1673 2712 Et
1710 2665 1767 2711 ut
1806 2665 1966 2720 esset,
2013 2674 2120 2712 non

537 2725 735 2783 idcirco
765 2735 943 2782 tamen
971 2728 1204 2796 capitula
1258 2726 1436 2783 forent
1480 2737 1727 2797 recepta;
1777 2728 1871 2781 sed
1920 2727 2119 2795 rejecta

536 2797 715 2869 potius
735 2812 991 2869 pneceps,
1025 2797 1301 2869 injuriosa,
1325 2805 1381 2853 et
1408 2798 1681 2868 illegitima
1709 2797 1943 2852 auctoris
1980 2798 2121 2869 capi-

538 2874 649 2937 tum
673 2866 895 2921 inauditi
912 2866 1200 2937 depositio.

570 2974 589 2989 .
611 2935 835 3002 Quando
865 2935 1027 3005 igitur
1054 2938 1285 3005 primum
1310 2939 1417 2992 vim
1438 2952 1708 2993 canonum
1735 2937 2120 2993 obtinuerunt?

539 3005 829 3074 aliquando
850 3008 992 3061 enim
1014 3005 1310 3077 obtinuisse
1329 3007 1539 3063 videtur
1581 3008 1804 3077 innuere
1831 3006 2122 3077 Gregorius

538 3090 782 3147 maguus,
830 3092 951 3147 cum
998 3076 1261 3147 scribitin
1285 3077 1678 3147 exemplaribus
1707 3076 1961 3146 Ephesini
1989 3093 2120 3133 cou-

537 3146 644 3199 cilii
675 3144 933 3201 Ronnanis
979 3153 1141 3215 atque
1176 3144 1631 3210 Ravennensibus,
1664 3144 1794 3202 nihil
1821 3148 1966 3202 aliud
1994 3164 2121 3203 con-

538 3216 688 3287 tineri
734 3216 788 3269 in
817 3216 1115 3287 deﬁnitione
1153 3219 1500 3273 anathematis
1520 3225 1570 3273 et
1597 3217 1996 3287 reprobationis,
2024 3220 2125 3273 nisi

536 3285 673 3407 quod
696 3285 928 3369 capitula
955 3287 1118 3369 beata:
1144 3290 1404 3369 memoriae
1432 3287 1612 3371 Cgrilli
1634 3285 1910 3369 reprobant
1932 3287 2125 3370 (Epist.

576 3352 660 3407 J5.
692 3372 805 3407 ana:
832 3357 866 3407 ὅ
893 3356 1011 3407 libri
1033 3358 1208 3407 semul.
1233 3357 1432 3407 Verum
1453 3359 1542 3407 hic
1561 3356 1804 3407 Gregorii
1826 3357 1974 3407 locus
1995 3359 2125 3407 nihil

572 3352 660 3427 $35,
692 3352 805 3427 qua:
832 3357 866 3410 ὅ
893 3356 1011 3427 libri
1033 3358 1208 3427 sexti).
1233 3357 1432 3413 Verum
1453 3352 1542 3413 hic
1561 3352 1804 3427 Gregorii
1826 3352 1974 3412 locus
1995 3352 2127 3413 nihil

537 3424 823 3497 admodum
843 3424 1058 3482 conficit
1089 3447 1103 3480 :
1136 3424 1188 3480 id
1211 3443 1375 3482 unum
1403 3429 1545 3482 enim
1570 3424 1854 3496 significat,
1907 3428 1958 3481 in
1987 3440 2124 3497 prte-

537 3492 661 3549 fatis
688 3495 961 3551 codicibus
989 3513 1095 3550 non
1124 3497 1385 3552 contineri
1408 3498 1571 3552 ullum
1620 3492 1904 3551 anathema
1935 3492 2005 3551 in‘
2030 3513 2127 3553 eos

460 3624 471 3631 ἱ
538 3564 627 3648 qui
656 3573 957 3648 assererent
982 3566 1111 3620 Ada:
1132 3568 1359 3648 animum
1384 3569 1671 3648 inpeccat‘o
1692 3584 1796 3622 non
1817 3568 1976 3648 fuisse
1988 3584 2127 3622 mor-

540 3641 699 3697 tuam,
730 3633 824 3687 sed
850 3634 1011 3706 solos
1039 3641 1249 3706 tantum
1275 3633 1472 3706 Cyrilli'
1500 3633 1979 3706 anathematismos
2012 3655 2024 3688 :
2058 3653 2126 3692 ex

538 3715 646 3770 quo
675 3717 783 3757 non
811 3702 968 3775 video
998 3718 1104 3775 qua
1132 3702 1341 3775 ratione
1369 3705 1722 3775 concludatur
1742 3714 1964 3775 recepta
2007 3721 2126 3762 esse

539 3779 666 3827 tunc
695 3773 954 3843 temporis
978 3772 1214 3843 capitula
1238 3774 1403 3828 veluti
1449 3789 1684 3830 canones
1732 3772 1891 3829 ﬁdei.‘
1928 3774 2126 3840 Quam-

538 3857 699 3914 quam
722 3841 937 3914 aliunde
961 3842 1013 3897 id
1041 3841 1232 3898 confici
1265 3859 1374 3899 non
1403 3844 1701 3909 abnuerim,
1741 3859 1934 3914 nempe
1961 3860 2029 3898 ex
2056 3860 2124 3900 eo

537 3912 680 3980 quod
736 3912 980 3981 quintum
1021 3920 1339 3981 sextumque
1365 3914 1649 3970 concilium
1680 3921 1808 3969 tunc
1833 3912 2124 3969 admissum

537 3989 698 4054 esset,
722 3997 829 4054 quo
857 3982 910 4054 in
938 3988 1170 4052 utroque
1198 3984 1429 4053 capitula
1451 3992 1668 4054 recepta
1696 3993 1841 4039 sunt.

605 4050 937 4124 Crediderim
978 4050 1108 4124 gero
1155 4050 1280 4124 ngn'
1301 4068 1462 4121 aegre,
1513 4050 1594 4109 ea'
1631 4061 1949 4124 tempestate
1990 4054 2124 4111 Acta

535 4118 826 4193 Ephesiha,
849 4121 1170 4193 quzcltomat
1192 4118 1569 4193 Ravennzeque
1588 4118 1933 4190 haberentur,
1962 4124 2125 4181 fuisse

535 4191 821 4264 admodum
851 4192 1058 4264 mutila,
1092 4207 1197 4248 nec
1233 4193 1376 4264 aliud
1424 4191 1912 4264 comprehendisse,
1961 4209 2124 4264 quam

535 4262 677 4333 quod
705 4261 987 4333 Dionysius
1008 4261 1247 4333 Exiguus
1271 4263 1324 4318 in
1347 4261 1597 4318 Latinum
1616 4278 1921 4319 sermonem
1942 4261 2122 4320 trans-

536 4331 677 4403 tulit.
711 4330 871 4386 Certe
901 4330 1167 4403 incudiee
1202 4333 1597 4400 Bellovacensi,
1645 4349 1753 4403 quo
1797 4334 1878 4388 usi
1916 4349 2118 4401 sumus,

535 4400 753 4474 nomine
780 4402 994 4474 concilii
1020 4401 1277 4473 Ephesini
1306 4419 1477 4474 pauca
1503 4405 1638 4467 haec,
1662 4400 1789 4472 qua:
1836 4404 1889 4458 iu
1932 4400 2123 4473 praefa4

2214 492 2456 566 epistolas
2488 492 2768 566 transferre
2797 501 3099 566 curaverat,
3128 511 3160 547 a
3183 493 3419 566 ﬁdelibus
3455 492 3650 566 lingua:

2209 562 2455 639 fratribus
2484 562 3160 639 cogn‘osceudqsmwrwfat.
3184 562 3259 619 Vin
3283 562 3560 619 Sermones
3582 575 3633 619 et
3660 565 3788 639 Epi-

2205 630 2368 688 stolas
2389 630 2443 685 Ν
2445 630 2703 687 εειᾰήὶιαε
2725 630 2950 705 ϐυτ-ἰαὶ).

2930 724 3041 780 VII.

2209 814 2473 887 Sgnodus,
2503 832 2616 888 qua:
2642 818 2792 871 tertia
2816 816 3075 941 Batulum},
3096 815 3280 872 iisdem
3297 816 3615 883 consulibus,
3646 822 3796 876 nonis

2520 910 2523 913 -
2971 904 3061 941 an.

2520 910 2523 913 '
2911 904 3061 941 ιιαη.

2280 977 2565 1048 Postquam
2585 978 2862 1034 Nestorius
2883 978 3075 1034 litteris
3093 977 3317 1037 Joannis
3339 983 3667 1039 .sntiocheni
3686 999 3797 1040 mo-

2210 1049 2455 1131 nitus_est
2481 1048 2700 1131 allatum
2746 1049 2811 1103 iri
2835 1049 3149 1131 propediem
3179 1051 3461 1131 epistola-ui
3489 1050 3793 1131 Coelestini,

2210 1134 2316 1188 qua
2343 1119 2703 1188 damnationis
2729 1119 2997 1174 sententia
3028 1120 3081 1173 in
3124 1119 3353 1176 concilio
3394 1122 3645 1177 Romano
3693 1119 3801 1178 lata

2212 1187 2619 1260 signiﬁcaretur,
2644 1189 2777 1260 nihil
2798 1204 2907 1260 non
2935 1188 3151 1243 molitus
3177 1198 3277 1255 est,
3308 1206 3417 1260 quo
3439 1199 3655 1247 tantum
3684 1208 3800 1246 ma-

2214 1256 2321 1313 lum
2361 1259 2523 1329 capiti
2571 1274 2670 1313 suo
2698 1256 3011 1329 impendens
3048 1256 3343 1321 averteret,—
3382 1277 3484 1316 nec
3529 1260 3801 1319 efﬁcacius

2212 1329 2377 1400 ullum
2401 1329 2823 1400 praesentiusque
2841 1329 3134 1400 remedium
3159 1331 3382 1399 putavit,
3430 1346 3598 1400 quam
3626 1331 3674 1386 si
3706 1333 3802 1387 ob-

2213 1398 2417 1470 ticeret
2425 1398 2839 1470 abimperatore
2867 1399 3027 1470 indici
3048 1398 3355 1467 generalem
3375 1398 3669 1470 synodum,
3702 1417 3797 1457 cu-

2209 1468 2299 1541 jus
2325 1469 2393 1541 ad
2415 1467 2674 1541 judicium
2703 1470 2881 1523 omnia
2928 1467 3279 1541 deferrentur,
3331 1467 3663 1541 interimque
3710 1487 3802 1528 ne-

2220 1538 2352 1593 mini
2377 1538 2668 1607 quidquam
2697 1546 2961 1593 attentare
2988 1537 3066 1592 fas
3086 1547 3247 1593 esset.

2284 1607 2341 1663 Id
2363 1607 2431 1680 ab
2456 1609 2780 1680 imperatore
2808 1624 2914 1662 non
2936 1622 3084 1680 #:egre
3105 1609 3358 1675 obtinuit,
3388 1611 3593 1680 quippe
3620 1625 3801 1680 quem,

2216 1686 2328 1733 tum
2348 1679 2459 1733 suis
2474 1677 2700 1751 artibus,
2730 1687 2843 1751 tum
2864 1678 3157 1732 aulicorum
3176 1677 3419 1751 potentia
3435 1677 3663 1735 flectere
3682 1697 3805 1751 pos-

2215 1757 2299 1803 set
2335 1763 2497 1818 quam
2536 1748 2713 1819 vellet
2745 1748 2797 1802 in
2820 1757 3048 1819 partem,
3076 1756 3136 1819 et
3160 1751 3213 1803 in
3239 1749 3393 1803 istam
3420 1748 3725 1819 praesertim
3754 1752 3804 1805 in

2219 1833 2380 1886 quam
2408 1826 2463 1872 et
2508 1818 2895 1888 monachorum
2924 1818 3175 1887 impulsu,
3216 1833 3419 1888 suaque
3462 1818 3805 1875 Constantini

2220 1888 2503 1969 magnique
2525 1887 2831 1969 Theodosii,
2844 1889 3038 1969 quiex
3059 1889 3189 1942 orbe
3213 1887 3591 1960 toto’synodos
3615 1905 3807 1960 coege-

2219 1966 2360 2023 rant,
2390 1957 2728 2012 mmulatione
2756 1957 3063 2012 inclinabat.

2289 2027 2512 2097 Scripsit
2564 2041 2693 2095 ergo
2738 2027 3070 2082 Theodosius
3099 2027 3460 2083 evocatoriam
3496 2042 3714 2083 sacram
3744 2028 3804 2085 ad

2218 2113 2406 2152 omnes
2434 2097 2696 2165 majorum
2724 2098 2929 2151 sedium
2951 2098 3222 2168 praesules,
3250 2112 3355 2166 qua
3384 2098 3665 2167 przefatus,
3690 2100 3807 2153 reli-

2219 2168 2387 2241 gionis
2425 2176 2476 2221 et
2519 2168 2721 2241 imperii
2767 2184 2881 2241 eam
2928 2183 3039 2221 esse
3058 2169 3431 2241 cognatione_m,
3461 2176 3808 2241 utu_trumque

2219 2236 2430 2309 alterius
2451 2238 2765 2309 successibus
2792 2238 3106 2292 incrementa
3124 2236 3311 2309 suntut.
3339 2236 3504 2307 Reges
3544 2237 3650 2291 Dei
3695 2236 3809 2309 pro-

2219 2307 2459 2361 videntis:
2477 2307 2835 2379 hominumque
2862 2315 3163 2379 sequestres,
3213 2307 3354 2379 illius
3382 2307 3805 2379 esse_niinistros,

2219 2379 2435 2431 istorum
2455 2377 2525 2429 ad
2561 2378 2717 2431 vitam
2742 2375 2879 2449 piam
2927 2375 3215 2449 rectumque
3237 2376 3409 2429 duces.
3460 2375 3529 2429 Et
3563 2377 3806 2431 ecclesia—

2219 2449 2403 2501 sticum
2430 2456 2618 2500 statum
2652 2456 2757 2500 tum
2784 2447 2986 2501 demum
3015 2447 3242 2517 futurum
3260 2462 3409 2517 quem
3431 2462 3541 2499 esse
3583 2455 3803 2514 oportet,

2219 2533 2334 2570 cum
2359 2533 2534 2571 omnes
2563 2520 2790 2571 omnium
2813 2516 3053 2588 ordinum
3079 2516 3281 2579 clerici,
3303 2524 3354 2569 et
3382 2530 3525 2588 ntzuo
3551 2517 3808 2588 culpaque

2221 2589 2526 2657 pacaverint,
2550 2596 2600 2640 et
2633 2587 2909 2657 concordia
2943 2588 3373 2657 consensioneque
3403 2587 3578 2656 juncti
3622 2587 3809 2657 fuerint
3900 2604 3909 2611 ·

2221 2654 2261 2726 (Ι
2297 2665 2435 2780 p'art.
2463 2672 2603 2737 conc.
2638 2655 2827 2727 Ephes.
2858 2673 2972 2726 cap.
2997 2656 3107 2727 5‘2).

2350 2742 2421 2780 ox
2468 2727 2629 2780 Iubet.
2662 2726 2850 2780 adesse
2893 2737 3107 2780 metroni

2350 2742 2421 2797 ou
2461 2726 2629 2793 jubet,
2662 2724 2850 2782 adesse
2893 2724 3262 2796 metropolitas
3288 2742 3479 2783 omnes
3510 2725 3717 2797 Ephesi
3745 2724 3808 2797 ad

2219 2796 2362 2851 diem
2391 2795 2736 2851 Pentecostes
2756 2795 3133 2865 consequentis
3154 2798 3300 2862 anni,
3325 2805 3380 2852 et
3407 2795 3598 2854 secum
3617 2796 3811 2852 doctis-

2220 2867 2386 2920 simos
2432 2882 2674 2937 quosque
2720 2882 2829 2937 sua:
2875 2867 3161 2935 provincia:
3199 2868 3483 2937 episcopos
3511 2866 3808 2931 adducere;

2222 2945 2334 3010 tum
2373 2935 2562 3007 synodi
2606 2936 2857 3010 cogendae
2883 2952 3094 3010 __causas
3133 2935 3520 3010 exponit,iquo
3571 2938 3811 3010 nimirum

2223 3005 2415 3077 turbte,‘
2434 3021 2547 3077 qua?
2565 3022 2631 3059 ex
2654 3007 2829 3059 multis
2858 3005 3087 3077 dissidiis
3110 3015 3159 3077 et
3186 3005 3661 3062 concertationibus
3700 3009 3812 3060 hinc

2221 3076 2342 3130 inde
2355 3076 2524 3130 enatis
2547 3086 2683 3140 sunt,
2718 3076 2995 3130 secundum
3030 3076 3403 3131 ecclesiasticos
3437 3093 3669 3131 canones
3694 3090 3811 3128 con-

2150 3162 2195 3223 c
2227 3148 2524 3223 sapiantur;
2554 3155 2604 3198 et
2630 3146 2723 3199 illa
2742 3155 2993 3223 prseterea
3020 3162 3136 3218 qua:
3163 3163 3345 3223 parum
3374 3147 3618 3223 decenter
3647 3146 3814 3197 hach

2232 3216 2575 3287 nus_admissa
2596 3223 2716 3269 sunt
2742 3216 3097 3287 corrigantur;
3126 3216 3175 3270 et
3212 3219 3416 3287 pietatis
3457 3216 3681 3287 datique
3707 3227 3815 3287 qua:

2229 3287 2283 3339 in
2323 3285 2488 3339 Deum
2538 3295 2615 3340 est
2667 3284 2979 3358 publicaque
3027 3284 3264 3341 utilitatis
3305 3287 3549 3356 ﬁrmitati
3578 3284 3816 3338 consula-

2231 3366 2331 3410 tur.

2299 3426 2379 3480 Ad
2426 3427 2542 3481 lucc
2587 3433 2734 3481 vetat
2774 3441 2842 3481 ne
2877 3428 2985 3481 ulla
3012 3426 3246 3490 interim,
3279 3434 3404 3481 ante
3421 3425 3815 3480 sanctissimam

2227 3504 2468 3551 coactam
2514 3496 2793 3565 synodum,
2839 3510 3285 3565 communemque
3312 3495 3559 3563 ejusdem
3586 3510 3708 3562 qua:
3752 3492 3816 3548 de

2227 3566 2475 3620 omnibus
2511 3562 2723 3620 dabitur
2773 3567 3114 3631 sententiam,
3157 3562 3249 3619 ﬁat
3274 3562 3524 3635 privatim
3549 3580 3582 3618 a
3604 3578 3815 3635 cunnus-

2226 3650 2434 3699 cuuoua
2463 3636 2760 3690 innovatio.
2783 3635 3019 3690 Tandem
3043 3635 3241 3690 nullam
3268 3650 3327 3690 se
3354 3642 3591 3690 testatus
3621 3634 3814 3688 absen-

2228 3705 2315 3759 tia:
2342 3705 2740 3760 excusationem
2781 3715 3144 3775 accepturum,
3175 3720 3363 3760 omnes
3391 3706 3461 3760 ad
3487 3704 3637 3760 diem
3691 3718 3818 3759 con-

2227 3776 2470 3829 stitutum
2501 3775 2724 3843 impigre
2743 3775 2932 3830 adesse
2958 3775 3198 3829 mandat.

2296 3844 2495 3914 lsthaeg
2535 3841 2686 3914 saera
2710 3845 3065 3914 imperatoris,
3095 3859 3218 3898 cum
3245 3845 3368 3900 data
3396 3845 3468 3900 sit
3494 3841 3815 3898 Constanti-

2226 3914 2431 3977 nopoli,
2455 3913 2756 3969 Theodosio
2780 3913 2873 3969 xm
2899 3913 3273 3969 Valentiniano
3294 3931 3348 3970 ιιι
3368 3915 3482 3969 AA.
3513 3929 3661 3968 coss.
3703 3928 3811 3967 xm.

2227 3982 2438 4039 kalend.
2472 3983 2795 4054 Decembris,
2819 3984 3043 4040 Romam
3064 3985 3251 4054 procul
3277 3986 3440 4040 dubio
3460 3982 3668 4039 deferri
3712 3997 3815 4054 non

2225 4055 2401 4125 potuit
2427 4060 2554 4125 ante
2599 4052 2783 4125 linem;
2800 4050 3127 4125 Decembris,
3174 4061 3265 4107 aut
3303 4056 3465 4109 etiam
3487 4054 3703 4125 initium
3729 4050 3816 4125 Ja-

2226 4121 2400 4179 nuarii
2424 4142 2436 4176 :
2464 4123 2588 4178 hinc
2608 4131 2726 4178 orta
2745 4121 3035 4179 Caelestino
3064 4124 3354 4179 necessitas
3369 4123 3731 4186 deliberandi,
3750 4121 3816 4175 de

2224 4193 2498 4249 mittendis
2518 4191 2788 4263 Ephesum
2809 4194 3013 4262 legatis,
3042 4194 3134 4263 qui
3154 4192 3409 4249 Romana:
3436 4190 3699 4248 Ecclesiae
3726 4206 3815 4246 se-

2223 4263 2412 4345 disque
2436 4263 2744 4345 apostolicae
2763 4263 2939 4345 locum
2967 4272 3228 4345 tenerent.
3252 4263 3405 4330 Quod
3426 4279 3551 4319 cum
3573 4263 3648 4345 de
3666 4275 3816 4345 mose

2223 4330 2341 4389 ﬁeri
2362 4330 2588 4403 deberet
2616 4333 2668 4387 in
2713 4333 2938 4403 synodo,
2989 4334 3282 4403 praesertim
3312 4349 3432 4389 cum
3461 4341 3722 4401 ageretur
3747 4330 3816 4403 de

2225 4404 2327 4459 llde
2342 4400 2699 4484 Occidentalis
2711 4400 2962 4459 Ecclesiae
2976 4400 3310 4473 exponenda,
3327 4400 3620 4484 episcopos
3637 4401 3817 4484 coegit

535 4467 683 4524 tione
706 4471 943 4544 generali
971 4467 1356 4544 recensuimus,
1383 4489 1611 4544 quzeque
1654 4467 1879 4530 omnino
1926 4467 2121 4543 rejeci-
2150 4533 2193 4544 _‘
2223 4472 2465 4543 pontifex
2493 4472 2739 4544 Romam,
2765 4489 2868 4529 nec
2893 4467 3062 4544 parvo
3089 4489 3334 4537 numero,
3361 4467 3464 4544 nec
3482 4467 3681 4527 vicinis
3705 4467 3818 4526 tan-

534 4553 673 4610 mus,
700 4541 1253 4610 comprehenduntur.

606 4607 738 4686 Quis
766 4607 929 4686 porro
958 4611 1161 4686 primus
1185 4612 1468 4682 epistolam
1493 4613 1677 4686 Cyrilli
1707 4612 1998 4686 Latinitate
2013 4613 2120 4686 do-

534 4679 764 4745 naverit,
790 4679 1053 4755 incertum
1074 4679 1251 4737 adhuc
1277 4697 1395 4738 esse
1431 4679 1761 4755 non'ptuest,
1803 4699 1925 4755 cum
1980 4684 2121 4739 Mer-

532 4756 702 4824 cator,
726 4756 852 4824 ante
872 4750 1046 4821 ipsum
1074 4765 1289 4824 quoque
1311 4750 1596 4809 concilium
1616 4752 1967 4824 Ephesinum,
1999 4770 2122 4809 ana-

536 4820 935 4894 thematismos;
968 4836 1075 4877 non
1099 4820 1261 4891 longo
1300 4833 1426 4894 post
1453 4820 1717 4894 tempore,
1750 4824 2036 4894 epistolam
2066 4826 2122 4880 in

534 4889 784 4961 Latinum
806 4907 1111 4961 sermonem
1139 4889 1379 4949 verterit.
1428 4889 1605 4961 Quare
1633 4894 1766 4949 nihil
1785 4889 1994 4949 'habuit
2022 4894 2119 4949 ad-

531 4959 751 5037 modum
772 4976 946 5016 causa:
973 4960 1259 5037 Dionysius
1280 4959 1515 5037 Exiguus
1536 4964 1625 5035 (In
1641 4967 1790 5037 praef.
1816 4964 1894 5037 ad
1902 4962 2114 5019 Petrum

529 5029 715 5107 episc.)
745 5045 842 5086 cur
869 5039 1031 5107 Sexte
1044 5029 1578 5107 saeuulogloriaretu'r
1605 5029 1665 5089 se
1701 5029 1986 5107 epistolam
2025 5051 2118 5107 sy-

530 5099 779 5155 nodicam
802 5102 972 5156 sancti
992 5100 1177 5171 Cyrilli
1199 5099 1544 5158 Alexandrini
1564 5099 1832 5174 pontificis
1851 5104 1918 5159 de
1931 5099 2119 5160 Gneco

531 5168 586 5223 in
616 5167 867 5225 Latinum
913 5169 1186 5225 eloauium
1215 5173 1568 5225 transtulisse.
1598 5190 1696 5225 auo
1726 5176 1855 5225 tanti
1895 5175 2118 5225 doctoris

531 5170 586 5223 in
616 5170 867 5225 Latinum
913 5187 945 5226 e

530 5242 816 5313 apostolica
825 5242 966 5313 ﬁdes
994 5233 1186 5313 ercis
1218 5233 1527 5313 jamdudum
1555 5233 1681 5298 bene
1710 5254 1985 5313 comperta,
2026 5245 2120 5299 sed

530 5308 769 5380 ignorata
815 5308 1016 5366 Latinis
1046 5308 1313 5378 hactenus,
1352 5315 1680 5371 innotescat:
1710 5325 1766 5369 ut
1795 5308 2116 5369 Nestoriana

531 5378 668 5454 labes
697 5381 956 5454 euidenter
982 5392 1295 5454 agnoscatur
1342 5382 1405 5437 ab
1454 5385 1760 5450 hominibus,
1806 5394 1853 5437 et
1899 5401 1991 5454 pro
2020 5401 2117 5439 sua
2154 5407 2159 5412 ε

530 5450 854 5526 malignitate
882 5450 1064 5526 merito
1093 5461 1381 5526 respuatur,
1421 5472 1534 5526 quae
1583 5454 1675 5509 sub
1703 5450 1953 5526 prieteaitu
1982 5454 2107 5523 ﬁdei

532 5520 804 5595 perﬁdiam
832 5523 1095 5576 insinuare
1124 5520 1225 5595 non
1254 5520 1460 5587 desinit,
1491 5534 1540 5579 et
1563 5520 2104 5595 furochudaico'pa-

532 5588 658 5640 riter
685 5598 732 5640 et
755 5608 928 5663 errore
957 5593 1379 5663 tranquillitatem
1404 5588 1672 5649 catholij
1706 5594 1957 5649 Ecclesia:
2004 5588 2108 5651 toto

534 5669 786 5738 {errarunt
814 5661 933 5738 orbe
979 5661 1183 5730 diﬁ'usa:
1223 5665 1426 5738 turbare
1478 5666 1755 5738 coutcndit.
1812 5663 1957 5720 Nam
1985 5674 2112 5722 ante

533 5728 843 5799 Dionysium
862 5728 1128 5791 Mercator
1155 5751 1218 5789 ea:
1240 5733 1417 5791 (ἔνωεο
1446 5738 1498 5791 in
1536 5734 1777 5791 Latinum
1800 5753 2108 5803 sermonem,

1039 5169 1186 5245 ilium
1215 5169 1696 5245 transtulisse,'quo
1726 5176 1855 5228 tanti
1895 5175 2118 5230 doctoris
2159 5221 2173 5231 .

2148 4533 2202 4594 D
2224 4533 2335 4599 tum
2365 4558 2433 4598 ex
2462 4533 2801 4614 civitatibus:
2834 4533 3097 4614 siquidem
3122 4533 3530 4614 congregandus
3556 4551 3681 4614 erat
3700 4556 3815 4614 cm-

2223 4622 2305 4669 tus
2329 4614 2421 4737 qCui
2442 4612 2635 4668 merito
2663 4613 2766 4668 dici
2796 4611 2977 4683 posset
2990 4611 3348 4669 Occidentalis
3367 4614 3534 4668 totius
3556 4611 3816 4667 Ecclesiae

2223 4698 2357 4737 svno
2397 4699 2476 4737 us.

2223 4698 2476 4738 SVDOGUS.

2252 4700 2569 4823 ῐῖἰοιὲιιξέἰιιιί
2588 4754 2916 4823 mentionem
2936 4752 3098 4808 faciat
3121 4768 3373 4823 expresse
3400 4752 3609 4807 nullum
3636 4750 3771 4823 novi
3795 4767 3810 4803 :

2221 4822 2549 4879 subobscure
2574 4822 2702 4880 facit
2728 4823 3006 4894 Philippus
3024 4822 3305 4894 presbyter
3330 4823 3611 4894 leestiui
3632 4822 3816 4894 locum

2223 4900 2432 4958 tenens,
2462 4908 2584 4949 cum
2616 4894 2709 4960 ait,
2743 4893 3027 4947 Orientalis
3069 4902 3120 4947 et
3149 4892 3499 4947 occidentalis
3552 4892 3816 4946 Ecclesia

2220 4963 2532 5035 s_acerdotes,
2574 4981 2666 5034 per
2714 4981 2787 5029 se,
2833 4961 2911 5018 vel
2960 4979 3051 5033 per
3094 4979 3214 5035 suos
3267 4963 3463 5035 legatos
3490 4961 3815 5035 sacegdotali

2220 5032 2485 5104 Ephesino
2550 5031 2811 5089 consessui
2858 5031 3105 5087 interesse
3154 5031 3331 5103 (Part;
3356 5050 3393 5088 ιι
3426 5049 3575 5088 conc.
3610 5031 3811 5103 Ephes.

2220 5113 2323 5157 act.
2356 5104 2432 5157 '5).

2293 5104 2466 5245 [Datim
2504 5173 2701 5229 clarius
2744 5171 2974 5245 Cyrillus
3013 5173 3209 5245 legatos
3246 5173 3601 5245 interlocutus
3649 5173 3817 5243 depo«

2217 5246 2383 5299 suisse
2412 5242 2733 5315 Nestorium,
2756 5242 3045 5315 supplentes
3063 5242 3257 5315 locum
3300 5244 3440 5298 sedis
3471 5242 3811 5315 apostolica,

2220 5316 2472 5386 totiusque
2499 5314 2685 5386 synodi
2714 5313 3396 5386 sanctissimorumlfeoque
3444 5313 3820 5368 dilectissimo-

2219 5400 2333 5455 rum
2364 5383 2775 5440 Occidentalium
2801 5386 3154 5455 episcopqmm
3175 5383 3386 5455 (ιιιεω.

2290 5454 2571 5526 Manifeste
2610 5462 2726 5511 tota
2765 5452 3001 5526 synodus
3020 5452 3312 5526 Ephesina,
3336 5453 3643 5526 Theodosio
3663 5452 3816 5526 refe-

2221 5540 2348 5581 rens
2388 5525 2457 5581 de
2496 5522 2808 5595 legatorum
2840 5522 3084 5580 adventu'
3120 5522 3305 5593 (Ibid.,
3336 5525 3391 5578 in
3438 5523 3592 5578 relat.
3617 5524 3692 5576 ad
3713 5525 3819 5577 im—

2218 5596 2406 5667 perat).
2443 5593 2698 5659 Vestram,
2717 5593 3141 5667 Christianissimi
3168 5596 3521 5667 impergtorcs,
3547 5610 3681 5664 erga
3701 5596 3818 5664 pie-

2218 5662 2376 5722 tatem
2397 5684 2574 5723 curam
2593 5675 2643 5722 et
2662 5665 2886 5721 studium
2933 5662 3283 5721 universorum
3310 5662 3449 5735 Deus
3478 5662 3819 5735 grati—imae-

2219 5747 2513 5810 ccptumque
2559 5737 2769 5807 habens,
2812 5737 2965 5793 etiam
3032 5744 3324 5792 sanctorum
3386 5731 3816 5791 Occidentalium
