3992 6276
227 261 367 319 1185

226 442 362 499 ctum
375 442 709 507 vindicarent,
719 444 977 498 excitavit.
998 442 1140 499 Nam
1160 444 1276 498 licet
1295 447 1577 500 maximum
1601 446 1804 499 itineris

226 514 754 587 spatiumuniversam
779 513 927 568 illam
965 516 1409 587 sanctissimorum
1451 518 1806 587 episcoporum

226 584 604 657 multitudinem
647 584 716 637 ad
765 600 858 657 nos
904 588 1167 657 pervenire
1214 584 1559 657 prohibuerit;
1581 584 1805 638 attamen

226 657 333 711 illic
356 654 510 709 simul
536 656 856 726 congregati,
887 654 1156 711 Caelestino
1185 654 1509 710 sanctissimo
1556 657 1810 725 piissimo-

228 742 324 798 que
341 740 545 798 magna;
577 722 754 798 nemo}
771 727 1007 795 episcopo
1036 726 1365 796 prouidente,
1395 722 1630 779 etiam'et
1671 741 1807 798 nunc

227 794 459 849 nostram
506 795 570 847 de
611 794 715 866 ﬁde
728 794 1045 866 sententiam
1072 812 1259 866 magno
1280 811 1531 849 consensu
1552 794 1806 864 praedica-

227 872 369 936 runt,
392 880 576 936 eosque
600 865 684 934 qui
702 864 902 936 diversa
931 864 1177 936 sentiunt,
1208 865 1283 936 ab
1320 867 1457 936 omni
1486 880 1695 936 prorsus
1717 881 1811 936 sa-

229 935 443 1006 cerdotii
471 933 889 1006 sorte'graduque
907 935 1101 990 alienos
1122 951 1231 989 esse
1251 933 1584 1006 deﬁnierunt.
1615 933 1683 988 Et
1703 935 1810 990 lucc

230 1003 433 1076 quidem
453 1005 607 1076 eiiam
631 1003 907 1076 antequam
934 1006 1262 1059 sanctissima
1283 1003 1391 1059 hinc
1419 1004 1645 1076 synodus
1685 1021 1811 1059 con-

229 1072 439 1137 veniret,
467 1072 777 1147 Caelestinus'
792 1077 1145 1147 sanctissimus
1175 1091 1378 1147 magna:
1396 1072 1591 1147 Koma:
1617 1076 1813 1144 episco-

233 1161 330 1217 pus
384 1159 476 1217 per
523 1144 721 1217 litterus
767 1160 888 1217 suas
925 1144 1575 1217 indicaverat,'Cyrilloque
1599 1147 1815 1217 sanctis-

233 1212 391 1286 sima,
416 1212 622 1284 Deoque
640 1212 970 1286 dilectissimo
990 1231 1193 1286 magna:
1206 1212 1426 1269 civitatis
1447 1212 1815 1286 Alexandrina:

235 1285 493 1352 episcopo,
524 1294 714 1337 utsuas
728 1285 858 1338 vices
881 1284 1088 1349 subiret,
1107 1287 1450 1339 commiserat.
1482 1284 1588 1340 Sed
1614 1293 1664 1337 et
1679 1300 1814 1337 nunc

273 1370 401 1427 enuo
430 1353 546 1427 aliis
575 1355 730 1427 etiam
766 1354 953 1427 litteris
1001 1355 1442 1427 sanctaesynodo,
1462 1371 1623 1427 quam
1652 1363 1816 1427 vestra

236 1424 487 1495 majestas
505 1425 565 1495 in
586 1422 926 1495 Ephesiorum
960 1422 1813 1495 metropoli'convenire‘prazcepit,

239 1493 349 1547 haec
395 1493 705 1562 signiﬁcavit
734 1509 751 1545 :
798 1494 939 1547 misit
983 1493 1152 1549 autem
1180 1496 1275 1548 has
1311 1495 1505 1548 litteras
1534 1493 1625 1562 per
1652 1493 1816 1547 Arca-

240 1563 385 1636 dium
405 1561 764 1636 etProjectum
778 1565 1126 1636 sanctissimos
1145 1567 1428 1636 episcopos,
1451 1572 1499 1617 et
1520 1561 1818 1636 Philippum

238 1632 683 1706 religiosissimum
709 1632 1054 1706 presbyterum
1083 1632 1285 1705 magna:
1319 1632 1523 1706 'Rotntv,
1553 1636 1637 1706 qui
1662 1632 1821 1688 Caele-

239 1703 383 1776 stini,
413 1704 725 1776 sanctissimi
752 1703 954 1776 Deoque
981 1703 1296 1776 dilectissimi
1343 1703 1574 1776 episcopi
1594 1720 1823 1775 prtesen-

828 254 1133 317 DISSERT.
1173 258 1238 316 ll.
1279 251 1371 316 DE
1410 254 1696 317 SYNODIS
1732 253 2004 316 HABITIS
2041 256 2109 315 IN
2145 255 2370 316 CAUSA
2410 252 2873 315 NESTORIANA.

141 389 148 395 ’
226 376 576 446 episcoporum
601 373 801 427 animos
822 373 950 446 zelo,
978 372 1319 446 u‘t‘Christum
1339 374 1641 430 contumelia
1669 373 1802 442 alfe-
1830 379 1878 439 Α
1905 389 1973 430 ex
1999 375 2241 431 lnsubria
2268 382 2323 432 et
2348 374 2560 443 Sicilia;
2592 374 2753 446 idque
2779 374 3027 432 videntur
3053 376 3307 433 nonnulla
3353 393 3482 435 san-

3338 256 3480 321 “86

1905 454 2115 501 ctorum
2143 447 2276 502 Acta
2297 445 2553 501 indicare.

1976 514 2167 571 Actum
2191 516 2491 588 praesertim
2514 515 2583 571 de
2627 517 2900 573 mittendis
2944 516 3211 588 Ephesum
3264 518 3482 588 legatis;

1904 583 2225 655 quamquam
2246 594 2301 642 et
2326 586 2394 641 de
2422 583 2530 642 ﬁde
2557 594 2847 643 tractatum
2869 583 3122 643 credibile
3142 595 3244 654 est,
3266 583 3378 644 sive
3400 583 3487 644 rel-

1862 720 1867 725 .
1905 655 2137 729 cognitae
2184 656 2384 729 fuerint
2434 658 2849 729 praecedentium
2894 658 3119 729 duarum
3160 658 3486 729 synodorum

1906 724 2261 793 deﬁnitiones,
2312 724 2655 782 sive'iterum
2684 735 2888 784 vocata!
2908 728 2976 782 ad
3005 724 3229 783 examen
3257 727 3487 783 Nestorii

1910 793 2502 867 Cyrilliqueeepistolae,
2536 797 2650 867 sive
2676 811 2784 866 quo
2812 798 2919 853 alio
2962 797 3125 853 modo
3168 797 3272 853 dici
3318 799 3487 867 possit

1909 862 2043 938 tides
2058 862 2431 938 Occidentalis
2457 862 2711 938 Ecclesiae
2730 868 2991 938 exposita,
3012 874 3067 923 et
3084 862 3348 925 mandatis
3368 883 3486 937 quae

1909 933 2100 1019 legetis
2127 933 2822 1019 darentuncomprehensa'.

1980 1003 2171 1090 Fuucti
2213 1015 2376 1090 sunt“
2391 1003 2660 1090 legatione
2699 1016 2828 1090 tres,
2877 1006 3152 1090 Philippus
3188 1006 3486 1090 presbyter,

1912 1073 2177 1147 urcadius
2230 1083 2286 1129 et
2335 1073 2614 1145 Projectus
2659 1077 2914 1147 episcopi,
2944 1073 3137 1146 quibus
3165 1073 3381 1132 additus
3408 1085 3492 1132 est

1913 1144 2133 1225 Siricius
2182 1153 2376 1201 sanctae
2418 1144 2979 1203 eatlioliac'Ecclesite
3001 1147 3149 1204 urbis
3176 1147 3360 1203 Romte
3387 1161 3491 1202 no-

1914 1223 2104 1269 tarius.

1985 1282 2122 1350 Quid
2153 1284 2414 1356 baberent
2453 1286 2507 1340 in
2550 1287 2834 1352 mandatis,
2883 1285 3178 1356 intelligere
3204 1287 3346 1353 licet,
3379 1294 3492 1342 tum

1917 1355 2208 1426 exlitteris
2253 1354 2558 1426 Caelestini,
2591 1364 2702 1410 tum
2747 1373 2814 1412 ex
2853 1354 3151 1426 legatorum
3197 1358 3263 1412 ad
3308 1356 3496 1413 Patres

1916 1422 2216 1509 Ephesinos
2236 1425 2572 1509 sermonibus
2612 1428 2666 1509 in
2706 1422 2932 1483 concilio
2959 1445 2970 1479 :
2996 1426 3049 1480 id
3078 1442 3246 1509 unutn
3280 1442 3491 1509 nempe,

1918 1493 2105 1566 quoad
2131 1509 2222 1566 res
2259 1493 2525 1561 Nestorii,
2572 1503 2630 1566 ut
2676 1506 3098 1566 exsequerentur
3135 1512 3168 1551 a
3206 1493 3497 1552 Caelestino

1913 1565 2237 1639 jampridem
2274 1572 2505 1639 statuta;
2544 1565 2779 1639 alterum
2802 1565 2838 1629 ,’
2861 1567 3011 1639 quod
3032 1566 3099 1621 ad
3126 1567 3407 1639 synodum,
3438 1575 3499 1622 ut

1920 1632 2137 1707 decreta
2176 1635 2389 1707 concilii
2431 1632 2828 1707 confirmarent,
2859 1632 3096 1706 ipsisque
3131 1632 3342 1706 pondus
3369 1632 3500 1707 apo-

1924 1705 2129 1759 stolica:
2151 1704 2484 1760 auctoritatis
2511 1705 2787 1760 adderent.

242 1752 818 1842 ὶίἇὴὶέὶῷᾖιὲιὶὶΪραἶᾱ
829 1752 959 1844 ὶῖῥὶ)
982 1752 1318 1846 Ennii:qu
1344 1752 1620 1838 ἶν’ἐὶἱέιῖιῖιὶιῖ
1631 1752 1822 1846 Elidis
1851 1752 1898 1812 Β
1925 1752 2905 1846 ⁷⁷⁷(Ξῶἶᾶιῖιῖίὲ’ρἷἱὶίῐθῖξὶῖἴῷει
2956 1776 3024 1827 ad
3070 1776 3341 1845 synodum)
3366 1795 3380 1830 :
3405 1772 3502 1831 Di-

243 1857 621 1899 accmsa'nus
647 1858 859 1897 sane”;
901 1860 1081 1898 svnom
1119 1845 1424 1898 sententiam
1464 1854 1653 1898 nostra:
1706 1845 1822 1897 huic

241 1912 439 1982 synodo
462 1929 553 1986 per
565 1913 769 1986 litteras
791 1924 1149 1986 exposuerunt,
1207 1930 1509 1986 sensumque
1547 1914 1609 1967 de
1634 1914 1740 1984 ﬁde
1774 1924 1825 1969 et

188 2006 191 2011 ·
242 1986 431 2053 pietate
456 1982 601 2036 nobis
631 1982 905 2037 consonum
930 1983 1277 2049 declararunt,
1309 1993 1359 2038 et
1377 1982 1552 2038 eadem
1574 1982 1687 2053 qua:
1708 2000 1821 2049 nos,

245 2052 593 2124 decreverunt,
619 2062 724 2106 tum
752 2069 843 2123 per
863 2053 1081 2118 litteras,
1115 2064 1218 2107 tum
1241 2072 1332 2124 per
1349 2071 1411 2108 ea
1430 2071 1543 2124 qua:
1586 2052 1641 2106 in
1670 2070 1823 2107 man-

245 2123 379 2176 datis
417 2133 738 2194 acceperunt,
782 2140 897 2194 qua:
922 2133 973 2176 et
999 2126 1049 2177 in
1078 2123 1282 2194 scriptis
1326 2123 1704 2193 deposuerunt:
1734 2140 1826 2177 ne-

244 2194 487 2258 cessario,
531 2193 667 2264 quod
717 2193 869 2264 ofﬁcii
912 2196 1045 2247 ratio
1095 2193 1407 2264 postulabat,
1464 2193 1527 2246 de
1572 2208 1824 2264 consensu

243 2264 452 2317 illorum
471 2263 735 2317 nobiscum
764 2263 833 2315 ad
859 2264 1179 2333 majestatem
1202 2275 1418 2317 vestram
1447 2263 1732 2327 retulimus,
1769 2272 1825 2316 ut

243 2334 427 2404 pietati
454 2344 633 2388 vestra:
652 2342 790 2386 certo
811 2332 1006 2387 constet
1019 2334 1275 2403 judicium
1293 2332 1429 2404 quod
1448 2333 1601 2402 paulo
1647 2342 1767 2385 ante
1793 2349 1825 2385 a

246 2402 394 2473 nobis
422 2404 547 2457 exiit
575 2421 687 2457 esse
734 2418 892 2454 unam
921 2402 1333 2473 communemque
1375 2405 1526 2455 totius
1576 2409 1827 2455 terrarum

247 2471 385 2526 orbis
413 2475 740 2526 sententiam.
1048 2482 1058 2492 '

319 2541 445 2622 Ηιςρ
474 2544 667 2622 verba,
718 2543 830 2597 sive
869 2541 1168 2622 presbyteri
1206 2537 1453 2609 Philippi,
1486 2540 1597 2621 sive
1623 2539 1825 2622 Cyrilli,

247 2612 362 2665 sive
391 2608 631 2675 Patrum,
654 2626 829 2680 neque
855 2608 1157 2675 commode,
1196 2608 1395 2680 neque
1410 2611 1629 2664 omnino
1669 2608 1831 2665 intel-

250 2681 342 2748 ligi
366 2688 589 2752 possunt
615 2681 684 2752 de
699 2678 938 2752 Asecunda
958 2680 1164 2752 synodo
1194 2678 1456 2752 Romana,
1485 2679 1539 2735 in
1560 2695 1665 2749 qua
1697 2681 1830 2752 nihil

250 2748 399 2804 certe
428 2751 603 2819 potuit
628 2750 914 2806 deliberari
940 2748 1008 2805 de
1050 2749 1325 2819 mittendis
1353 2748 1420 2803 ad
1444 2748 1829 2805 (acunienicam

250 2816 513 2890 synodum
542 2820 748 2889 legatis,
773 2821 865 2890 qui
886 2821 1051 2876 totius
1073 2819 1267 2891 synodi
1286 2816 1705 2891 Occidentalium
1726 2821 1833 2891 epi-

249 2889 533 2959 seoporum
577 2898 760 2959 partes
795 2898 1035 2959 agerent,
1085 2889 1205 2945 cum
1233 2889 1470 2943 nondum
1500 2889 1829 2946 meumenica

247 2958 487 3028 synodus
507 2958 705 3015 indicta
726 2958 867 3016 esset
878 2978 905 3014 .:
936 2960 1069 3014 nihil
1096 2960 1298 3026 pariter
1325 2959 1498 3028 potuit
1516 2959 1743 3015 deliniri.
1765 2960 1832 3017 de

247 3027 382 3100 ﬁde“
407 3027 475 3083 ab
520 3030 786 3100 episcopis
828 3045 965 3099 quos
1008 3029 1150 3085 Deus
1178 3027 1562 3100 imperatorum
1595 3030 1829 3085 studium

247 3098 589 3164 conﬁrmans,
620 3098 737 3155 zelo
759 3098 1136 3165 succendisset,
1168 3098 1295 3169 cum
1332 3099 1564 3153 nondum
1592 3100 1825 3169 impera-
1856 3104 1901 3169 C

247 3177 428 3241 terum
448 3170 680 3241 studium
708 3178 1050 3241 perspectum
1077 3177 1239 3241 esset.
1280 3168 1482 3224 Deinde
1511 3168 1683 3225 voces
1713 3171 1830 3227 istas

247 3236 765 3311 CyrilliLetiamnu'm
790 3236 855 3294 ab
878 3242 1130 3311 episcopis
1157 3238 1261 3293 illis
1291 3242 1613 3311 congregatis
1642 3242 1832 3310 pradi-

246 3304 422 3363 cdtam
454 3304 682 3364 Orientis
710 3304 1037 3376 sententiam,
1050 3304 1132 3364 'an
1161 3324 1270 3363 non
1293 3304 1439 3364 clafe
1466 3304 1833 3365 demonstrant

247 3377 336 3433 bis
382 3387 753 3451 congregatos
807 3395 925 3435 esse
984 3380 1042 3451 in
1088 3379 1367 3451 synodum
1430 3378 1833 3451 Occidentales?

246 3449 485 3503 maxime
511 3446 634 3503 cum
661 3451 945 3506 consensio
972 3446 1391 3506 Occidentalium
1421 3464 1541 3504 cum
1585 3446 1832 3505 Orienta-

247 3517 621 3591 libusudicatur
639 3520 904 3591 contineri
925 3519 1209 3585 mandatis,
1237 3533 1357 3589 quae
1382 3519 1543 3587 legati
1571 3534 1602 3573 a
1627 3521 1833 3591 synodo

247 3585 678 3660 Occidentalium
707 3590 1059 3660 accepissent.

325 3658 635 3741 Quid‘quod
681 3675 750 3715 ex
803 3658 993 3741 tribus.
1021 3660 1207 3741 legatis
1253 3658 1529 3741 Philippus
1556 3660 1836 3741 presbyter

248 3728 451 3783 dicitur
475 3729 651 3784 locum
681 3741 864 3786 tenere
883 3730 1159 3785 leestini
1179 3728 1461 3794 pontiﬁcis,
1498 3728 1755 3783 Arcadius
1780 3735 1836 3784 et

247 3795 538 3870 Proiectus
581 3799 831 3870 episcopi
878 3795 1534 3870 legationefOccidentalis
1581 3798 1838 3855 Ecclesia}

250 3866 427 3937 fungi.
493 3866 644 3924 Fuit“
669 3866 830 3938 igitur
865 3866 1222 3925 Occidentalis
1274 3868 1515 3924 Ecclesia
1556 3869 1608 3922 in
1651 3870 1834 3925 conci-

246 3938 417 4063 liumt
434 3939 679 4063 eollecta,
723 3939 996 4009 quomodo
1021 3939 1165 3994 enim
1210 3938 1446 4007 alioquin
1492 3938 1698 4006 legatos
1732 3938 1835 3991 mi-

248 4024 393 4063 snsse

248 4009 417 4064 sisset

330 4078 523 4146 Causa,
548 4080 705 4150 locus
718 4087 773 4136 et
799 4072 996 4150 praeses
1019 4077 1229 4150 concilii
1274 4075 1558 4150 manifeste
1566 4083 1838 4150 constant

250 4163 329 4204 ex
376 4149 441 4204 iis
487 4164 608 4219 quae
658 4145 947 4205 dicta—sunt
976 4167 990 4203 :
1019 4148 1087 4204 de
1116 4155 1357 4219 tempere
1384 4147 1474 4219 vix
1496 4145 1613 4219 ulla
1636 4146 1839 4219 moveri

247 4226 438 4292 potest
458 4216 853 4292 controversia;
885 4234 1010 4292 nam
1031 4219 1221 4292 littera:
1240 4216 1605 4292 leestinieu
1619 4231 1685 4270 eo
1704 4216 1840 4292 data:

248 4285 354 4344 inn
381 4289 499 4344 idus
538 4288 720 4353 Maias,
769 4288 851 4345 vel
880 4289 1067 4359 pridie,
1100 4288 1151 4342 id
1172 4285 1635 4359 est,_uonis__blaiis
1662 4287 1841 4359 censi:

247 4367 510 4428 gnantur.
560 4359 742 4428 Neque
789 4356 919 4422 vero
966 4359 1140 4429 potuit
1180 4357 1301 4429 cogi
1319 4356 1606 4412 concilium
1636 4363 1760 4412 ante
1788 4356 1841 4429 id

253 4426 560 4499 iemporis:
604 4426 710 4498 qua
761 4429 901 4499 enim
948 4426 1193 4499 oratione
1230 4426 1428 4481 factum
1471 4434 1630 4499 esset,
1675 4426 1840 4499 ut_vel

248 4496 417 4556 sacra
439 4496 778 4568 imperatoris
804 4496 1103 4553 deferretur
1122 4496 1349 4568 Romam
1368 4504 1499 4568 ante
1538 4496 1699 4550 tinem
1736 4497 1841 4552 De-

251 4567 529 4634 cembris,’
540 4575 701 4637 atque
721 4569 880 4623 etiam
912 4568 1118 4623 initium
1142 4567 1381 4637 Januarii
1408 4568 1712 4635 sequentis;
1749 4575 1844 4622 aut

252 4639 518 4694 tractoria
542 4636 807 4709 pontiﬁcis
826 4638 892 4693 ad
911 4639 1228 4709 remotiores
1238 4636 1841 4709 Ecelesiasperveniret,

251 4709 369 4766 nisi
397 4704 592 4764 idoneo
621 4716 890 4779 tempore;
920 4708 1004 4779 vel
1051 4708 1287 4779 episcopi
1314 4704 1583 4762 Ecclesias
1602 4723 1732 4779 suas
1757 4708 1846 4764 de-

255 4786 509 4836 sererent
554 4777 797 4848 tempore
843 4777 1290 4846 Quadragesimae,
1315 4790 1422 4848 quo
1449 4778 1844 4848 catechumenis

255 4850 438 4906 veteri
467 4864 618 4904 more
637 4846 704 4903 ad
731 4849 1054 4918 baptismum
1074 4846 1409 4918 instituendis
1434 4847 1725 4918 vacabant;
1753 4857 1845 4904 aut

259 4921 482 4978 brevius
528 4928 738 4989 tempus
781 4916 942 4988 quam
992 4920 1154 4973 trium
1196 4916 1650 4989 hebdomadarum
1679 4919 1846 4989 conﬁ-

261 4991 461 5059 ciendo
488 4986 666 5045 itineri
696 4986 967 5059 episcopis
986 4987 1381 5059 indulgeretur?
1402 4986 1536 5059 Cum
1564 4987 1727 5055 igitur
1744 4988 1849 5044 hoc

263 5075 413 5116 anno
442 5058 647 5115 Pascha
669 5056 915 5115 inciderit
942 5060 996 5113 in
1015 5056 1157 5114 diem
1186 5056 1254 5112 l9
1272 5057 1486 5128 Aprilis,
1536 5073 1644 5112 non
1671 5059 1849 5127 potuit

266 5131 561 5186 convenire
580 5130 867 5185 concilium
887 5130 989 5184 nisi
1009 5129 1149 5184 circa
1176 5143 1346 5183 nonas
1366 5127 1549 5182 Maias.

306 5198 315 5203 “
342 5200 608 5255 Incertum
646 5200 756 5255 dixi
793 5207 951 5255 antea
976 5214 1084 5268 quo
1124 5212 1346 5269 numero
1374 5198 1642 5269 epis00pi;
1675 5200 1849 5254 incer-

271 5277 387 5324 tum
416 5271 609 5338 quibus
629 5286 660 5325 e
678 5270 982 5327 civitatibus
1008 5269 1213 5324 evocati
1240 5268 1348 5322 sint
1372 5285 1385 5321 :
1412 5268 1666 5323 Actorum
1704 5270 1848 5324 enim

272 5340 407 5394 nihil
429 5340 715 5396 admodum
739 5348 1002 5409 superest,
1025 5339 1169 5407 quod
1201 5346 1403 5409 certam
1432 5339 1739 5409 opinionem
1763 5339 1845 5394 la-

269 5410 404 5475 eiat,
435 5410 529 5465 sed
553 5411 698 5479 quod
718 5408 922 5465 tantum
946 5410 1269 5487 conjectura:
1295 5408 1475 5487 locum
1502 5409 1632 5463 dare
1654 5418 1844 5479 queat;

274 5495 558 5534 numerum
572 5478 765 5536 tamen
792 5478 1193 5550 oportet'luisse
1219 5494 1327 5533 non
1351 5478 1620 5547 exiguum,
1674 5478 1849 5550 neque

273 5563 311 5621 e
334 5551 522 5604 vicinis
532 5559 752 5621 _tantum
773 5548 1076 5621 civitatibus
1102 5548 1404 5621 collectum,
1451 5563 1573 5621 cum
1599 5548 1851 5621 synodus

275 5620 487 5675 dicatur
516 5618 862 5676 Occidentalis
901 5619 1161 5675 Ecclesiae.
1217 5617 1544 5674 Crediderim
1589 5617 1743 5677 facile
1783 5636 1851 5676 ex

277 5691 659 5751 remotioribus
685 5705 899 5764 quoque
926 5691 1057 5749 locis
1071 5687 1387 5755 convenisse
1404 5690 1677 5763 praeules,
1706 5692 1853 5749 velut

1867 4468 1921 4529 Β
1942 4512 2220 4579 numquam
2265 4468 2532 4568 displicere

1923 1846 2151 1916 reximus
2180 1861 2272 1915 pro
2295 1854 2473 1899 nostra
2495 1844 2839 1899 sollicitudine
2860 1852 3070 1916 sanctos
3094 1844 3279 1916 fratres
3300 1844 3347 1899 et
3375 1863 3502 1901 con-

1923 1913 2213 1984 sacerdotes
2241 1922 2473 1984 nostros,
2495 1916 2761 1969 unanimes
2782 1913 2927 1968 nobis
2948 1921 2999 1967 et
3017 1913 3403 1984 probatissimos
3429 1917 3503 1971 vi-

1924 2000 2009 2037 ros
2035 1983 2312 2058 Arcadium
2355 1993 2404 2037 et
2444 1983 2737 2058 Projectum
2776 1983 3068 2054 episcopos,
3113 1995 3169 2058 et
3206 1984 3505 2058 Philippum

1924 2053 2274 2126 presbyterum
2302 2053 2556 2118 nostrum,
2576 2056 2661 2125 qui
2688 2056 2750 2109 iis
2778 2053 2891 2126 quae
2914 2053 3137 2125 aguntur
3154 2053 3425 2122 intersint,
3456 2064 3506 2110 et

1923 2122 2269 2195 qutednobis
2300 2122 2665 2195 antea_statuta
2692 2122 2814 2177 sunt
2827 2122 3184 2195 exsequantur.

1996 2190 2273 2261 Philippus
2292 2193 2568 2262 postulans
2592 2193 2691 2248 sibi
2717 2190 2969 2249 exhiberi
2989 2208 3108 2263 quae
3136 2200 3262 2263 ante
3303 2194 3506 2250 adven-

1925 2268 2040 2315 tum
2069 2271 2187 2336 acta
2211 2261 2407 2336 essent,
2439 2278 2653 2336 causam
2679 2263 2872 2336 reddit,
2902 2261 3177 2334 quo‘juxta
3205 2261 3338 2336 beati
3357 2280 3509 2336 papa:

1925 2332 2089 2385 nostri
2111 2334 2477 2403 praesentisque
2504 2333 2655 2402 hujus
2687 2335 2851 2387 sancti
2880 2332 3035 2387 castus
3063 2332 3369 2388 sententiam
3389 2332 3507 2388 acta

1928 2416 2026 2470 nos
2047 2416 2243 2470 quoque
2263 2417 2646 2456 CONFIBMEIUS.

1999 2468 2275 2545 Arcadius.
2309 2471 2482 2545 secuti
2511 2474 2731 2545 formam
2746 2471 3006 2545 Caelestini
3025 2473 3337 2545 sanctissimi
3357 2491 3510 2545 papte

1929 2540 2226 2609 apostolica:
2252 2539 2409 2607 sedis,
2451 2539 2547 2616 qui
2584 2557 2679 2596 nos
2721 2541 2960 2613 dignatus
3005 2550 3083 2597 est
3128 2542 3279 2614 hujus
3315 2539 3509 2616 negotii

1929 2623 2301 2665 sxsscuroass
2329 2627 2451 2666 suos
2478 2613 2695 2675 mittere,
2724 2620 2826 2667 etc.

2002 2677 2297 2754 Projectus.
2322 2680 2435 2753 Ego
2455 2698 2667 2754 quoque,
2697 2683 2998 2754 auctoritate
3019 2682 3289 2754 legationis
3308 2693 3510 2754 aposto—

1930 2750 2045 2803 licte
2062 2749 2196 2823 sedis
2209 2767 2327 2823 una
2351 2749 2477 2806 cum"
2495 2749 2741 2823 fratribus
2770 2753 3039 2808 sententia:
3068 2749 3381 2809 isxsecuro'n
3400 2757 3510 2809 exi-

1930 2828 2088 2882 stens,
2121 2820 2333 2943 deKinio,
2364 2829 2468 2876 etc.
2496 2820 2504 2823 ⁷
3560 2864 3565 2871 .

2002 2888 2142 2943 Nihil
2212 2898 2420 2943 ctorum
2448 2899 2709 2943 superest.
2742 2891 2883 2943 auod
2910 2892 3127 2943 quidem
3154 2894 3338 2943 sciam.
3373 2909 3511 2943 nm-

2002 2888 2142 2965 Nihil
2167 2888 2420 2965 Actorum
2448 2899 2712 2965 superest_,
2742 2891 2883 2965 quod
2910 2892 3127 2965 quidem
3154 2894 3338 2958 sciam,
3373 2909 3511 2965 pra:-

1932 2967 2015 3030 ter
2042 2960 2296 3030 epistolas
2322 2968 2432 3016 tres
2459 2960 2653 3016 summi
2679 2960 2971 3026 Pontiﬁcis,
3012 2976 3238 3030 quarum
3278 2960 3391 3019 una
3430 2973 3513 3021 est
3560 3012 3563 3015 η

1933 3029 2000 3083 ad
2020 3028 2281 3100 synodum
2311 3032 2714 3100 (ecumenicam,
2747 3032 2915 3100 altera
2944 3032 3011 3086 ad
3030 3028 3392 3088 Theodosium
3414 3035 3513 3089 im-

2001 3099 2445 3172 ratorem,utertia
2472 3101 2538 3172 ad
2567 3099 2837 3172 Cyrillum.
2873 3099 3087 3172 Priores
3123 3102 3242 3172 dua:
3274 3119 3366 3158 vni
3388 3104 3514 3161 idus

1988 3169 2097 3239 aias
2126 3170 2451 3239 consignatae
2478 3169 2745 3239 leguntur,
2774 3171 2932 3225 tertia
2960 3171 3117 3226 nonis
3146 3171 3317 3227 Maiis.

1999 3238 2058 3293 In
2078 3239 2248 3311 prima
2268 3238 2451 3296 Patres
2470 3238 2709 3311 pontifex
2728 3241 2975 3295 hortatur
2992 3241 3060 3295 ad
3074 3241 3333 3311 tuendam
3354 3241 3513 3299 ﬁdem

1931 3309 2289 3379 coneorditer,
2322 3310 2374 3365 in
2405 3309 2485 3365 eo
2500 3310 2794 3379 prmsertim
2823 3311 2962 3375 loco,
2994 3310 3084 3365 ubi
3104 3326 3340 3379 praesens
3360 3314 3515 3368 ades-

1930 3387 2015 3454 set
2034 3376 2267 3454 Joannes
2288 3376 2581 3450 apostolus,
2604 3380 2897 3454 divinitatis
2916 3376 3123 3454 Christi:
3133 3382 3516 3454 charitatisque

1932 3448 2218 3520 singularis
2243 3448 2449 3520 praeco;
2481 3456 2595 3504 tum
2622 3450 2827 3517 legatos
2845 3450 3203 3505 commendat.

2002 3518 2060 3571 ln
2078 3518 2335 3590 secunda,
2370 3527 2492 3590 post
2519 3520 2790 3573 laudatam
2818 3520 3105 3575 Theodosii
3125 3520 3180 3574 in
3202 3519 3306 3576 ﬁde
3330 3523 3518 3578 catho-

1932 3587 2034 3660 lica
2060 3587 2394 3644 defendenda
2421 3590 2816 3660 constantiam,
2831 3590 3005 3660 ipsum
3025 3590 3290 3660 obsecrat,
3316 3592 3414 3647 sub
3435 3593 3517 3647 di.

1933 3658 2045 3712 vini
2071 3665 2252 3714 tamen
2279 3660 2639 3714 obtestatione
2655 3658 2869 3728 iudicii,
2889 3676 2955 3713 ne
2979 3658 3103 3728 quid
3124 3660 3341 3715 turbida:
3367 3664 3516 3716 novi-

1935 3729 2029 3782 tati
2059 3728 2224 3811 licere
2238 3732 2673 3811 permittat,_.neve
2700 3729 2922 3811 [dcultas
2951 3728 3127 3811 aliqua
3155 3729 3237 3782 his
3257 3732 3516 3811 qui-divi-

1934 3814 2018 3852 nte
2041 3797 2327 3868 majestatis
2355 3800 2637 3868 potentiam
2656 3797 2710 3850 in
2738 3798 2979 3852 humana:
3003 3797 3403 3868 dispensationis
3424 3817 3515 3853 ra-

1936 3866 2132 3921 tionem
2154 3866 2363 3938 arctare’
2384 3867 2717 3938 contendunt,
2746 3882 2844 3938 quo
2864 3866 3195 3938 perturbetur
3225 3884 3331 3938 pax
3355 3870 3517 3923 eccle-

1936 3938 2167 3999 siastica,
2199 3935 2539 4001 attribuatur;
2563 3934 2810 4006 majorem
2834 3934 2957 4006 ﬁdei
2979 3952 3188 4006 causam
3210 3934 3390 3991 debere
3406 3955 3518 3994 esse

1937 4022 2089 4079 quam
2111 4007 2286 4079 regni;
2315 4022 2408 4076 pro
2429 4007 2628 4079 imperii
2649 4005 2815 4079 salute
2836 4005 2945 4077 geri
2971 4005 3219 4079 quidquid
3238 4023 3333 4076 pro
3352 4011 3519 4079 quiete

1940 4074 2189 4147 Ecelesial'
2207 4076 2283 4129 vel
2300 4074 2492 4147 sancta:
2501 4074 2772 4147 religionis
2793 4074 3074 4147 reverentia
3103 4074 3383 4147 [aberaturl

2010 4143 2087 4226 Plx
2103 4153 2377 4226 postrema
2398 4143 2651 4226 discimus
2671 4143 3151 4226 censultnmluisse
3172 4143 3520 4226 Caelestinum

1940 4231 1972 4270 a
1992 4214 2212 4287 Cyrillo,
2244 4230 2313 4269 an
2340 4215 2679 4287 recipiendus
2706 4214 2845 4271 foret
2864 4214 3158 4287 Nestorius,
3183 4215 3228 4268 si
3256 4231 3352 4271 sua
3383 4216 3517 4287 dog-

1940 4284 2084 4340 mata
2111 4285 2418 4358 damnaret;
2457 4284 2741 4355 quoniam,
2784 4292 2907 4358 post
2940 4284 3279 4358 induciarum‘
3310 4284 3522 4358 tempus

1941 4371 2236 4423 emensum,
2266 4355 2548 4411 videbatur
2580 4355 2845 4411 sententia
2871 4355 3069 4410 dudum
3096 4356 3203 4410 lata
3233 4356 3340 4411 vim
3367 4355 3520 4413 suam

1942 4441 2217 4482 exercere.
2245 4425 2551 4497 Respondet
2576 4425 2834 4497 pontifex,
2858 4424 3000 4481 sedis
3019 4426 3326 4496 apostolicae
3348 4443 3519 4495 more,

2628 4514 2686 4569 eo
2725 4497 3065 4569 acceleratam
3093 4497 3155 4569 in»
3178 4514 3375 4569 quoquo
3403 4515 3521 4552 cor-

1942 4567 2235 4631 rectiOnem,
2268 4567 2380 4621 cum
2419 4584 2619 4622 omnem
2638 4567 2894 4622 hominem
2923 4567 3042 4621 velit
3075 4567 3270 4619 salvum
3291 4567 3433 4636 ﬁeri,
3474 4578 3524 4622 et

1942 4637 2112 4691 venire
2132 4637 2203 4690 ad
2228 4639 2496 4692 scientiam
2524 4638 2785 4702 veritatis;
2815 4637 3020 4691 studere
3038 4651 3102 4706 seu
3117 4637 3273 4706 quieti
3305 4637 3523 4690 catholi-

1943 4722 2039 4771 ctz,
2068 4707 2270 4761 studere
2291 4711 2546 4779 pereuntis
2566 4707 2741 4774 saluti,
2764 4709 2809 4762 si
2832 4716 2999 4760 tamen
3022 4704 3234 4759 voluerit
3256 4706 3523 4777 wgritudi-

1945 4793 2059 4849 nem
2081 4778 2336 4849 conﬁteri,
2362 4786 2466 4834 etc.

2016 4843 2331 4918 Priusquam
2352 4849 2531 4906 dicere
2557 4848 2795 4903 desinam
2832 4846 2954 4918 bac_
2967 4843 3288 4918 desynodo,
3333 4844 3521 4918 obser-

1945 4917 2120 4972 vanda
2149 4913 2390 4987 quaedam
2434 4935 2559 4974 reor
2585 4917 2652 4972 de
2693 4916 2881 4984 legatis
2916 4913 3525 4987 Philippopresbytero

1946 4995 2001 5042 et
2045 4982 2275 5069 Arcadio
2303 5005 2367 5044 ac
2402 4987 2650 5057 Proiecto
2688 4982 2982 5057 episcopis;
3022 4982 3118 5040 sed
3163 4982 3230 5040 de
3276 4982 3525 5056 Philippo

1945 5070 2198 5114 maxume.
2432 5110 2437 5115 .

2018 5127 2080 5180 10
2117 5127 2240 5184 Fuit
2258 5130 2348 5184 ille
2368 5127 2617 5183 Ecclesitc
2643 5127 3008 5197 apostolorum
3036 5125 3316 5197 presbyter
3342 5124 3521 5197 (Cone.

1946 5195 2138 5269 Ephes,
2171 5208 2273 5269 act.
2307 5198 2382 5267 '5),
2431 5194 2749 5269 yideturque
2796 5194 3412 5269 Baronio'_(ln_:annal_.,
3455 5196 3525 5269 ad

1948 5266 2229 5339 annudiS,
2258 5266 2396 5323 num.
2430 5268 2517 5339 77)
2536 5309 2550 5333 ,
2591 5266 2691 5339 nec
2719 5283 2850 5322 sane
2879 5266 3331 5339 improbabiliter,
3362 5266 3407 5320 is
3433 5266 3528 5334 qui

1949 5337 2188 5406 ejusdem
2211 5338 2460 5404 nominis,
2485 5336 2706 5403 Ordinis,
2730 5346 2786 5393 et
2805 5336 3060 5401 muneris,
3086 5343 3219 5406 ante
3231 5349 3399 5406 annos
3418 5343 3531 5391 tre-

1950 5404 2125 5479 decim
2162 5408 2357 5479 Zosimi
2399 5408 2664 5479 legatione
2710 5408 2922 5463 functus
2967 5414 3050 5462 est
3094 5408 3149 5462 in
3195 5404 3527 5479 Africacum

1950 5478 2206 5534 Faustino
2264 5475 2573 5534 Potentiam
2613 5478 2865 5534 Ecclesiae
2919 5480 3210 5548 episcopo,
3272 5483 3327 5531 et
3365 5475 3527 5548 Aselo

1950 5550 2293 5619 presbytero,
2325 5549 2389 5603 ad
2421 5551 2692 5618 negotium
2722 5547 3138 5618 appellationum
3166 5547 3523 5619 tractandum.

2024 5617 2088 5671 2°
2116 5617 2243 5673 Etsi
2266 5628 2374 5674 tres
2403 5620 2478 5674 illi
2498 5621 2683 5681 simul.
2714 5617 3010 5690 singulique
3039 5617 3354 5690 aliquando,
3386 5617 3530 5671 sedis

1956 5690 2279 5763 apostolica,
2311 5708 2403 5746 seu
2428 5692 2675 5747 Ιίῖρςῐτκςίτρ
2705 5687 2955 5746 Romani
2984 5687 3165 5765 legati,
3196 5687 3536 5767 supplcutes‘
