4022 6280
546 309 685 378 nos

1256 304 1348 360 AD
1383 302 1751 376 SECUNDAM
1792 305 2076 361 PARTEM
2115 306 2181 361 Μ.
2226 305 2668 363 MERCATORIS
2707 304 3076 366 APPENDIX.

3704 310 3829 368 “96

540 423 770 477 examini
800 422 959 487 dedit,
985 422 1074 493 sed
1100 420 1253 475 etiam
1283 420 1493 473 omnino
1515 417 1680 472 Deum
1711 435 1839 493 esse,
1870 420 1955 493 qui
1977 429 2128 493 natus
2159 425 2208 486 Α
2235 437 2299 474 ea:
2339 421 2522 475 litteris
2555 423 2668 493 tuis
2711 422 2961 493 oriturum
3002 438 3280 493 sperasset,
3325 438 3434 487 cur,
3465 423 3699 489 obsecro,
3728 427 3829 482 alia

539 503 634 558 est,
683 494 969 565 denegavit.
1004 491 1118 546 Nos
1165 502 1333 545 autem
1383 493 1604 565 [atem-ur
1647 491 1893 565 quoniam
1925 492 2027 565 qui
2067 492 2129 545 de
2225 493 2473 565 priuatim
2493 491 2563 544 ad
2583 509 2699 565 nos,
2727 502 2777 546 et
2795 493 2864 545 ad
2889 492 3189 565 Eudoirium
3218 493 3668 565 religiosissimum
3709 512 3832 558 conv

537 575 721 617 sancta
756 560 968 635 Virgine
995 574 1145 616 nat-us
1174 571 1343 635 est,_et
1363 560 1644 635 Cruci/imus
1659 560 1753 624 est,
1781 560 2031 635 Dominus
2053 571 2130 616 est
2225 560 2402 632 fugem
2422 579 2616 627 meam;
2647 564 2754 635 alia
2782 579 2898 616 vero
2928 563 2996 616 ad
3026 560 3356 635 Puta/teriam
3390 581 3624 618 sororem
3664 580 3831 622 nteant

537 635 720 706 gloria:
745 632 876 706 sica}
917 634 1041 688 dicit
1069 632 1345 706 Apostolus
1393 648 1409 686 :
1455 632 1515 706 Si
1555 634 1700 706 enim
1749 634 2124 706 cognovissent,

2231 642 2523 718 augustam,
2555 633 2892 718 eamdemque
2895 635 3108 718 pietatis
3128 634 3583 718 studiaainssimam,
3607 638 3832 705 perscri~

537 702 814 777 numquam
836 702 1123 777 Dominum
1135 705 1311 777 gloriae
1329 705 1726 777 cruciﬁxissent.
1751 702 1920 758 Porro
1945 702 2130 777 esto-
2233 705 2421 777 psisses
2446 704 2496 774 (ι
2523 713 2662 777 part.
2693 702 2840 777 conc.
2866 702 3060 772 Ephes.
3092 721 3208 775 cap.
3236 704 3363 777 at)?

535 777 642 847 tjus
673 773 816 828 dicit
847 792 864 829 :
895 796 912 827 ‹
946 775 1074 830 Noli
1121 773 1371 847 gloriari,
1420 773 1620 847 Iudae,
1662 789 1786 847 non
1817 775 2127 847 cruci/Emisti

535 844 732 919 Qeumr;
756 866 800 919 _r_
819 855 1078 919 tamquam
1115 843 1224 917 ipse
1254 845 1508 919 Dominus
1538 844 1737 919 gloria,
1769 843 1904 919 idem
1925 861 2030 919 non
2056 846 2128 899 sit

530 914 720 989 Deus.)
748 916 888 971 Nam
907 914 1029 989 quia
1052 914 1235 988 purum
1265 917 1521 970 hominem
1550 931 1655 969 non
1685 915 1810 980 dicit
1837 914 2122 981 Christum,

531 987 663 1040 sicut
690 987 966 1053 Photinus,
993 987 1098 1043 etc.

739 1089 812 1138 De
835 1089 1134 1153 TheOphane
1160 1089 1395 1140 Cerameo
1423 1089 1470 1137 in
1497 1086 1913 1150 Chronographia.

603 1193 853 1263 Quinque
877 1195 1091 1248 tradidit
1118 1193 1476 1262 Theophanes
1506 1208 1535 1245 a
1559 1193 1827 1262 prioribus
1852 1193 2122 1262 historicis

535 1268 912 1340 pizelermissa.
947 1264 1203 1340 Primum,
1237 1265 1304 1318 ab
1348 1263 1576 1340 Eusebio
1616 1270 1745 1340 tunc
1787 1267 2120 1340 σχολαστικῷ

531 1333 624 1395 ἑῆς
665 1335 930 1407 βασιλίδος
975 1337 1362 1406 reprehensum
1405 1335 1569 1388 fuisse
1616 1333 1947 1407 Nestorium,
1999 1333 2122 1391 cum

535 1405 693 1460 nemo
736 1408 994 1460 hactenus
1035 1405 1196 1459 ausus
1225 1414 1369 1460 esset
1397 1420 1622 1473 arguere
1650 1405 1944 1460 antistitem
1976 1408 2122 1462 urbis

534 1477 710 1546 regite,
741 1478 874 1530 aulm
904 1477 1216 1543 gratiosum,
1242 1487 1296 1530 et
1326 1476 1455 1529 nihil
1487 1491 1591 1528 non
1617 1476 1882 1530 valentem
1904 1477 2123 1545 aggredi

533 1557 812 1617 potentum
835 1562 957 1616 ope.
977 1547 1055 1600 Ab
1078 1547 1347 1600 historicis
1367 1547 1634 1615 prioribus
1654 1547 1781 1607 dixi,
1810 1561 1930 1599 nam
1956 1548 2123 1602 Leon-

531 1620 642 1690 tius
670 1617 993 1690 llyzantinus
1019 1618 1341 1690 jampridem
1372 1617 1838 1690 illud_tradiderat
1884 1617 2034 1687 (Lib.
2065 1637 2121 1675 nt

529 1686 728 1742 advers:
767 1687 1068 1742 Nestorian.
1112 1696 1161 1740 et
1201 1687 1436 1756 Eutyc.).
1470 1686 1706 1741 Alterum
1731 1726 1743 1747 ,
1778 1686 1918 1758 hunc
1949 1693 2120 1758 ipsum

529 1758 817 1813 Eusebium
842 1759 1124 1812 Anastasio
1154 1760 1468 1829 presbytero
1498 1759 1784 1829 anathema
1801 1757 1998 1813 dicenti
2022 1761 2118 1815 de-

529 1830 827 1884 fensoribus
841 1829 1082 1885 Θεοτόκου
1101 1825 1381 1882 restitisse.
1397 1828 1653 1890 Tertium,
1669 1844 1700 1880 a
1716 1825 1909 1884 Proclo
1924 1832 2121 1886 dictam

528 1916 666 1964 esse,
702 1902 1016 1970 praesidente
1060 1902 1113 1952 in
1153 1899 1394 1953 Ecclesia
1435 1898 1710 1962 Nestorio,
1743 1903 2120 1970 panegyricum

527 1971 595 2025 de
620 1971 836 2039 Virgine
870 1972 1093 2039 Deipara
1124 1971 1446 2024 orationem.
1482 1970 1764 2035 Quartum,
1795 1986 1914 2024 eam
1946 1973 2118 2040 ipsam

528 2043 831 2115 orationem
863 2043 1097 2095 habitam
1132 2042 1180 2094 ἐν
1218 2044 1310 2115 μίᾳ
1353 2048 1600 2115 κυριακῇ,
1643 2041 1824 2115 aliquo
1867 2043 1954 2115 die
1981 2041 2120 2115 festo

529 2112 854 2166 solemniore
873 2154 885 2175 ,
921 2127 1113 2180 nempe
1142 2101 1470 2164 aninmtiat'm
1509 2101 1770 2177 Virginis,
1803 2121 1860 2164 ut
1889 2101 2120 2169 diximus

528 2183 584 2235 in
614 2184 753 2235 notis
782 2183 846 2234 ad
878 2183 1198 2235 orationem.
1232 2180 1590 2245 Postremum,
1621 2197 1649 2233 a
1682 2181 1878 2251 Nonne
1907 2181 2120 2238 Edessa:

529 2254 783 2321 episcopo
813 2253 1069 2321 scriptum
1095 2251 1291 2304 Joanni
1325 2252 1658 2305 Antiocheno
1689 2251 1741 2304 in
1772 2252 1886 2306 haec
1912 2256 2073 2308 verba
2102 2273 2113 2308 :

506 2320 781 2392 Expurga
813 2320 1134 2392 Ecclesium,
1164 2323 1240 2374 vir
1281 2321 1408 2385 Dei,
1439 2339 1471 2374 a
1512 2321 1748 2375 Nestorii
1779 2323 2027 2392 zizaniis,
2070 2333 2120 2378 et

505 2391 699 2445 eorum
719 2391 970 2463 perﬁdia.
1012 2391 1161 2445 Uade
1183 2392 1547 2460 intelligimus,
1574 2392 1764 2463 Nonne
1795 2391 2113 2459 Rabbulam,

528 2463 785 2517 Rahhulie
808 2464 952 2516 lnam
977 2483 999 2514 δ
1027 2463 1296 2516 :ccessisse
1333 2463 1384 2514 in
1417 2464 1599 2516 sedem
1623 2462 1969 2518 Edessenam.

507 2563 510 2566 -
599 2534 664 2586 At
688 2550 792 2585 non
813 2535 904 2601 qui
929 2549 1050 2601 ique
1075 2541 1279 2585 tantum
1305 2535 1565 2601 peccavit.
1592 2534 1721 2601 Nam
1747 2533 1806 2584 10
1829 2535 2120 2590 ordinatio-

526 2619 648 2658 nem
680 2603 909 2657 Nestorii
936 2605 1101 2657 ret'ert
1129 2603 1194 2655 ad
1243 2619 1441 2656 annum
1487 2603 1684 2662 Christi
1732 2603 1856 2671 ωδ,
1897 2603 2118 2662 Joannis

528 2675 845 2728 Antiocheni
877 2674 928 2735 8,
963 2674 1137 2744 sancti
1158 2672 1357 2743 Praylii
1384 2673 1853 2744 Hierosolymitaui
1887 2676 1970 2739 15,
1994 2677 2118 2732 Ca)-

526 2745 704 2800 lestini
733 2746 926 2799 summi
961 2743 1224 2811 pontificis
1253 2746 1289 2795 '7
1305 2762 1317 2808 ;
1345 2760 1464 2812 quae
1493 2743 1672 2798 omnia
1705 2746 1889 2813 procul
1924 2750 2120 2805 absunt

524 2831 555 2871 a
582 2832 728 2878 vero,
757 2817 1124 2884 undecumque
1148 2817 1359 2869 tandem
1383 2815 1510 2868 anni
1529 2816 1738 2868 initium
1763 2815 2117 2885 Theophanes

523 2889 840 2956 sumpserit,
870 2889 983 2941 sive
1003 2901 1032 2938 a
1063 2886 1388 2954 Septembri,
1421 2893 1480 2937 ut
1509 2901 1697 2940 revera
1719 2888 1968 2955 sumpsit;
2001 2890 2117 2944 sive

522 2973 555 3011 a
582 2955 858 3019 Januario,
898 2967 954 3009 ut
988 2958 1078 3009 alii
1106 2957 1301 3010 solent.
1327 2955 1458 3008 Nam
1485 2957 1777 3010 secundum
1810 2960 2114 3015 unanimem

523 3029 763 3082 omnium
791 3029 1113 3081 sententiam
1143 3028 1420 3080 ordinatus
1447 3033 1530 3079 es’t
1560 3027 1834 3080 Nestorius
1857 3028 2032 3083 Tauro
2061 3040 2118 3086 et

511 3097 702 3153 Felice
741 3114 904 3161 coss.,
933 3106 1094 3165 atque
1135 3098 1207 3150 ita
1247 3112 1388 3150 anno
1435 3095 1632 3150 Christi
1674 3097 1797 3160 428,
1849 3101 2114 3167 siquidem

521 3169 780 3253 successit
793 3168 1056 3253 innsedem
1077 3167 1728 3253 Constantinopolitanam
1750 3168 1984 3253 Sis‘innio
2004 3172 2114 3253 vita
2144 3190 2188 3253 ρ

517 3239 706 3294 functo
725 3241 825 3294 sub
847 3239 1007 3292 linem
1029 3254 1155 3291 ann.
1181 3238 1302 3290 427.
1329 3238 1530 3292 Deinde
1548 3237 1786 3293 Joannes
1815 3240 2113 3298 Antiochia:

521 3313 805 3380 episcopus
832 3308 1087 3364 sulfectus
1115 3317 1198 3362 est
1227 3309 1294 3380 in
1322 3309 1499 3380 locum
1545 3307 1830 3380 Theodoti,
1861 3313 1952 3378 qui
1981 3328 2110 3367 ann.

521 3327 552 3366 e
593 3327 805 3380 iscopus
832 3327 1087 3364 sunectus
1115 3327 1198 3362 es:
1227 3327 1279 3361 In
1322 3327 1499 3363 iocum
1555 3327 1830 3373 ineouon,
1861 3327 1952 3378 qm
1981 3328 2110 3367 ann.

519 3327 624 3434 4&8
655 3382 834 3435 vivere
862 3380 1038 3450 desiit,
1071 3388 1208 3450 teste
1239 3378 1582 3450 Theodoreto
1615 3378 1752 3450 (Lib.
1779 3397 1811 3432 v
1836 3381 1975 3434 Hist.
2010 3384 2114 3437 Ec-

520 3453 644 3504 oles.
671 3469 785 3522 cap.
811 3449 928 3518 '59).
966 3448 1127 3522 Certe
1157 3448 1384 3522 Aeacius
1423 3448 1708 3522 Beroensis
1750 3451 1817 3503 ad
1854 3451 2114 3522 Cyrillum

521 3518 840 3583 rescribeus,
873 3535 997 3580 ann.
1031 3519 1154 3581 450,
1184 3518 1444 3573 Joannem
1475 3521 1550 3571 ait
1584 3535 1773 3574 recens
1804 3518 2109 3578 ordinatum

519 3593 571 3716 3|
600 3601 734 3659 part.
768 3606 911 3643 conc.
945 3589 1134 3658 Eplies.
1170 3606 1283 3658 cap.
1324 3589 1449 3656 ‘25).
1496 3587 1689 3645 Postea
1719 3589 1964 3662 Praylius
1992 3603 2116 3663 post

554 3673 782 3716 oannem
805 3659 1344 3716 Hierosolvmitanam
1369 3657 1662 3714 Ecclesium
1692 3664 1856 3716 rexit:
1879 3662 2114 3716 Joannes

554 3657 782 3716 oannem
805 3657 1344 3729 Hieros'olymitanam
1369 3657 1662 3714 Ecclesium
1692 3657 1856 3726 rexit;
1879 3657 2114 3720 Joannes

520 3745 651 3786 vero
677 3729 821 3803 diem
851 3730 1168 3803 suumuobiit
1202 3743 1326 3803 ann.
1360 3729 1483 3803 M6,
1516 3730 1688 3803 immo
1724 3730 1967 3803 Praylius
2000 3734 2114 3802 jam

519 3809 759 3859 cesserat
793 3798 1039 3854 Juvenali
1078 3800 1315 3853 moriens
1343 3799 1524 3855 sedem
1575 3800 1722 3854 urbis
1747 3798 1947 3856 sancta:
1989 3798 2115 3861 ante

442 3919 448 3924 .
519 3887 645 3924 ann.
689 3870 814 3936 428,
844 3877 902 3944 ut
939 3885 1008 3924 ex
1037 3870 1229 3944 eodem
1264 3869 1636 3944 Theo-dareta
1652 3881 1864 3944 constat
1887 3872 2109 3944 (Ibid),

517 3948 832 3997 recensente
850 3939 1162 3995 Juvenalem
1184 3957 1304 3995 cum
1327 3940 1582 3995 Sisinnio.
1608 3941 1848 4011 Denique
1869 3939 2113 4003 C'tnlestiL

520 4029 620 4066 nus
664 4019 848 4066 tenere
891 4011 1051 4078 cmpit
1079 4011 1261 4065 sedem
1292 4011 1642 4080 apostolicam
1673 4013 1932 4069 Bonifacii
1963 4018 2114 4073 obitu

517 4090 802 4137 vacantem
831 4081 918 4135 die
947 4083 980 4134 5
1009 4081 1326 4136 Novembris
1355 4097 1481 4134 ann.
1505 4081 1627 4146 425,
1656 4091 1819 4152 atque
1839 4086 1974 4141 adeo
2003 4105 2113 4143 non

516 4153 794 4224 princessit
812 4159 1020 4224 septem
1043 4153 1196 4206 annis
1218 4152 1522 4224 Nestorium
1550 4153 1638 4207 die
1668 4155 1731 4206 l0
1760 4156 1958 4224 Aprilis
1980 4173 2108 4218 ann.

518 4222 622 4275 428
653 4224 705 4276 in
735 4223 860 4278 sede
892 4224 1038 4277 urbis
1067 4224 1230 4289 regia:
1262 4223 1608 4277 collocatum.

588 4292 651 4344 2η
682 4292 881 4347 Scribit
926 4292 1276 4349 Ctelcstinum
1320 4293 1532 4346 dedisse
1586 4293 1793 4349 litteras
1838 4296 1905 4351 de
1949 4313 2112 4361 causa

518 4362 753 4435 Nestorii
777 4364 840 4417 ad
869 4363 1132 4419 Joannem
1155 4364 1547 4418 Antiocheuum
1575 4373 1630 4435 et
1659 4363 1928 4435 Praylium
1949 4369 2108 4423 simul

521 4433 1064 4504 Hierosolymitanum
1109 4453 1121 4486 :
1165 4442 1466 4504 repugnant
1504 4433 2110 4504 scribenti‘leestinus

519 4507 634 4574 ipse
663 4512 716 4560 et
741 4495 995 4574 Cyl-illus;
1028 4505 1117 4558 ille
1143 4495 1505 4574 enijnfmissis
1531 4519 1629 4572 per
1648 4499 2020 4561 Possidonium
2041 4511 2109 4565 ad

566 4573 873 4647 yrillum’de
899 4573 1188 4647 Joannect
1208 4573 1679 4647 Juvenalilitteris
1705 4594 1716 4626 ε
1749 4575 1949 4631 Eadem
1977 4580 2106 4646 haec,

519 4643 692 4723 inquit
715 4648 764 4718 (ι
786 4653 920 4716 part.
940 4661 1084 4723 rane.
1114 4643 1301 4715 Epltes.
1322 4661 1440 4723 cap:
1465 4644 1574 4714 15),
1601 4647 1670 4699 ad
1688 4659 1892 4723 sanctos
1913 4643 2111 4723 quoque

520 4714 709 4790 fratres
725 4714 1134 4790 Vat-coepiscopo:
1162 4714 1365 4790 nostros
1390 4714 1684 4790 _Joaun_em,
1716 4714 1935 4788 Rufum;
1955 4714 2110 4777 Ju've-

517 4787 690 4842 nalem
710 4797 758 4840 et
781 4787 1093 4841 Flavianum
1127 4787 1547 4854 perscripsimus;
1571 4787 1672 4841 iste
1697 4787 1826 4846 vero
1860 4791 1926 4843 ad
1947 4791 2108 4847 Juve—

519 4856 696 4910 nalem
716 4858 782 4911 de
804 4858 907 4910 illis
938 4857 1066 4926 ipsis
1091 4856 1366 4911 leestini
1389 4856 1581 4911 litteris
1608 4877 1619 4910 :
1654 4857 1780 4912 Cum
1801 4863 2111 4918 reverendis-

517 4929 718 5002 sinitis,_
739 4929 841 4991 ait,
874 4929 1232 5002 piissimusque
1262 4927 1514 4983 Romana:
1558 4927 1804 4984 Ecrlesite
1839 4933 2106 5002 episcopus

519 4995 820 5082 Caelestinus‘
849 4995 1128 5082 comperta.
1149 4995 1213 5050 de
1235 5015 1304 5082 eo.
1322 5001 1602 5082 scripserit,
1633 4995 2106 5082 ipsasque-litteras

518 5067 587 5119 ad
616 5083 697 5119 me
723 5067 946 5132 dederit;
966 5067 1210 5138 equidem
1246 5069 1365 5122 illas
1389 5067 1606 5123 vicissim
1647 5067 1716 5123 ad
1756 5067 1803 5123 te
1832 5073 2108 5129 mittendas

516 5138 825 5201 existimavi,
858 5147 960 5192 etc.

589 5207 650 5258 5°
684 5207 880 5281 Tradit,
897 5207 1185 5281 Cyrillum,
1232 5218 1353 5278 post
1391 5217 1638 5279 acceptas
1677 5212 1745 5265 ab
1785 5212 2107 5281 imperatore

518 5277 744 5350 littg'as,
775 5277 969 5350 quibus
998 5277 1382 5348 increparetur,
1415 5277 1691 5350 scripsisse
1719 5283 1787 5335 de
1830 5277 1972 5337 recta
2005 5285 2106 5340 lidc

518 5347 584 5400 ad
616 5341 1006 5424 TheOtiosiiiin,
1032 5358 1087 5404 et
1104 5341 1173 5424 ad
1197 5341 1409 5424 reginas
1429 5341 1664 5424 sorores,
1687 5368 1796 5422 quo
1823 5369 1882 5408 se
1912 5369 2104 5424 purga-

517 5424 621 5490 [εἰ.
667 5419 827 5490 Atqui
871 5421 1061 5475 littera:
1100 5421 1440 5489 imperatoris
1483 5419 1730 5478 falsitatis
1777 5419 2106 5480 convincunt

519 5485 904 5557 Theophanem
951 5509 962 5543 :
1013 5507 1138 5545 nam
1177 5485 1238 5544 in
1292 5493 1356 5546 iis
1402 5492 1533 5546 vitio
1579 5491 1739 5551 vertit
1769 5495 2102 5551 Theodosius

517 5553 741 5637 Cyrillo,
791 5561 934 5630 quod
984 5563 1089 5637 alio
1119 5563 1186 5637 ad
1215 5579 1302 5625 se,
1336 5563 1442 5617 alio
1471 5564 1539 5637 ad
1571 5562 1906 5619 Pulcheriam
1937 5583 2103 5636 opere

518 5627 728 5704 directo
756 5627 963 5685 tentare
993 5633 1247 5688 voluisset
1287 5634 1630 5690 concordiam
1681 5638 1843 5704 regiae
1888 5627 2099 5701 domus,

474 5733 478 5736 -
519 5695 844 5777 iratremqne
879 5718 999 5755 cuin
1030 5721 1214 5755 sorore
1237 5721 1581 5773 componere,
1613 5709 1713 5760 nisi
1743 5695 1953 5777 aliquod
1971 5695 2105 5762 inter

520 5783 611 5822 γωδ
643 5769 908 5822 dissidium
943 5790 1048 5823 esse
1081 5783 1328 5837 putasses,
1355 5769 1443 5826 aut
1471 5769 1603 5828 certe
1634 5769 2103 5845 aliquidejusmodi

2299 774 2357 826 4°
2397 773 2485 828 Ait
2519 775 2867 829 Caelestinum
2901 773 3187 830 excusasse
3215 773 3532 840 absentiam,
3564 773 3837 832 oblatio-

2221 859 2317 899 .res
2345 845 2559 899 hiemali
2591 851 2911 915 tempestate
2952 846 3005 899 in
3032 845 3168 900 mari
3198 845 3508 900 tolerandos
3533 863 3547 899 :
3579 853 3640 899 at
3666 862 3836 901 excu~

2221 916 2366 970 satio
2390 931 2566 984 neque
2582 931 2677 985 per
2701 931 2761 970 se
2789 916 2901 984 ipsa
2923 915 3117 971 idonea
3144 924 3246 981 est,
3277 931 3398 985 cum
3431 931 3592 977 verna
3621 925 3837 985 tempe-

2229 993 2368 1040 state
2397 987 2500 1040 iter
2526 984 3096 1047 cunliciendumesset,
3113 1000 3286 1054 eaque
3313 984 3530 1051 affecta,
3561 984 3837 1054 siquidem

2217 1055 2294 1108 ad
2318 1054 2689 1126 Pentecostem
2710 1055 3014 1112 condictum
3042 1063 3178 1119 erat,
3203 1056 3256 1109 id
3279 1065 3379 1120 est,
3403 1056 3471 1116 ad
3491 1057 3639 1113 diem
3666 1057 3838 1126 septi-

2227 1141 2372 1179 mum
2399 1125 2576 1196 Junii;
2610 1141 2784 1196 neque
2825 1140 2974 1189 vera,
3000 1141 3122 1181 cum
3146 1142 3176 1180 a
3205 1142 3414 1187 summo
3443 1127 3708 1196 pontilice
3732 1125 3834 1196 per

2216 1196 2432 1264 legatos
2455 1194 2712 1251 nilei-alui
2731 1197 2871 1260 alia,
2898 1212 3090 1265 nempe
3113 1197 3224 1265 jam
3255 1213 3364 1252 non
3393 1194 3480 1265 agi
3509 1196 3577 1252 de
3605 1194 3834 1253 ferenda

2218 1268 2510 1331 sententia,
2554 1266 2699 1336 quod
2743 1267 3081 1322 auctoritatis
3107 1275 3219 1330 est;
3263 1266 3358 1324 sed
3394 1268 3461 1322 de
3489 1267 3834 1322 exsecutioui

2225 1337 2565 1460 nauigandi},
2622 1337 2768 1406 quod
2822 1338 3067 1406 obsequii
3125 1338 3304 1407 potius
3359 1337 3567 1409 (Cone.
3628 1336 3830 1407 Eplies.

2225 1424 2286 1460 ac
2316 1449 2328 1460 .
2437 1449 2449 1460 .

2215 1418 2328 1460 .act.
2360 1410 2396 1460 2
2413 1410 2449 1472 ).

2395 1478 2519 1532 Vult
2538 1477 2801 1549 synodum
2827 1479 3134 1549 inchoatam
3159 1493 3281 1534 esse
3307 1478 3394 1534 die
3421 1478 3491 1541 20
3519 1477 3689 1549 Junii,
3715 1479 3830 1533 ela-

2223 1548 2335 1616 psis
2359 1564 2388 1601 a
2432 1548 2680 1605 condicto
2719 1551 2949 1605 termino
2981 1548 3170 1604 diebus
3197 1549 3485 1610 sexdecim.
3537 1548 3828 1614 Quomodo

2222 1634 2354 1673 vero
2375 1620 2490 1673 hanc
2517 1620 2810 1684 conterent,
2843 1629 2954 1675 tum
2975 1621 3096 1684 sibi,
3122 1628 3232 1676 tum
3250 1620 3394 1675 Actis
3424 1621 3680 1675 concilii?
3703 1636 3830 1685 nam

2223 1690 2505 1745 condictus
2531 1691 2789 1744 terminus
2827 1690 2929 1746 fuit
2953 1690 3068 1744 dies
3107 1689 3415 1746 Dominicus
3452 1689 3826 1757 Pentecostes,

2221 1761 2318 1828 qui
2347 1761 2533 1815 incidit
2559 1760 2612 1814 in
2630 1762 2918 1828 septimum
2946 1760 3108 1824 Junii,
3129 1769 3188 1814 ut
3205 1769 3354 1816 certa
3376 1762 3590 1816 ratione
3619 1769 3830 1831 tempo-

2225 1847 2345 1884 rum
2373 1839 2614 1902 constat;
2638 1830 2771 1902 Acta
2799 1847 2927 1902 vero
2951 1840 3136 1901 aperte
3163 1831 3454 1902 loquuntur
3477 1831 3704 1902 initium
3735 1830 3829 1902 'sy-

2225 1902 2370 1967 nodo
2407 1901 2610 1957 faetum
2638 1902 2725 1956 die
2752 1901 2820 1954 22
2847 1901 3021 1966 Junii,
3059 1910 3116 1956 et
3144 1917 3271 1958 vero
3315 1901 3428 1958 ﬁeri
3458 1901 3672 1966 debuit,
3705 1901 3829 1956 cum

2221 1972 2276 2025 in
2301 1988 2419 2026 eam
2447 1973 2592 2028 diem
2619 1972 2865 2027 inciderit
2884 1974 3017 2029 teria
3040 1972 3290 2037 secunda,
3315 1987 3420 2041 qua
3442 1973 3695 2028 solemne
3716 1979 3832 2034 erat.

2222 2042 2354 2113 dare
2383 2043 2594 2097 initium
2619 2042 2856 2113 synodis.

2295 2112 2352 2167 6°
2393 2112 2718 2176 Historiam,
2755 2114 2800 2167 si
2831 2122 3012 2169 tamen
3053 2113 3275 2168 historia
3301 2113 3371 2170 sit
3399 2121 3455 2172 et
3481 2128 3592 2167 non
3627 2113 3827 2179 tabula,

2223 2182 2292 2238 de
2313 2184 2658 2254 inchoatione
2684 2185 2896 2254 synodi,
2931 2184 3062 2242 texit
3090 2185 3232 2254 hunc
3253 2186 3306 2237 in
3329 2184 3548 2239 modum
3572 2203 3584 2236 :
3607 2184 3710 2250 Die
3730 2189 3830 2241 ita—

2292 2271 2319 2306 e
2345 2253 2492 2306 Junii
2531 2253 2726 2324 mensis
2775 2256 3019 2324 vigesima
3049 2253 3295 2308 celebrari
3335 2256 3484 2324 capit
3521 2257 3827 2322 concilium,

2208 2319 2490 2388 Nestorio,
2541 2319 2734 2393 Cyrilto
2774 2319 2843 2378 αι’
2867 2324 3084 2392 Praylio
3107 2326 3375 2380 concentui
3403 2319 3821 2393 praesidentibus,

2194 2393 2417 2463 TCyrillo
2449 2410 2563 2447 vero
2595 2394 2816 2449 Romani
2859 2396 3119 2463 pontiﬁcis
3165 2398 3331 2448 locum
3376 2396 3650 2459 obtinente,
3689 2414 3822 2450 cun-

2221 2466 2415 2536 ctisque
2453 2464 2516 2517 de
2545 2465 2803 2534 theologia
2834 2482 3116 2536 sermonem
3161 2465 3486 2536 facientibus,
3539 2463 3819 2521 Nestorius

2220 2533 2412 2605 marina
2432 2533 2736 2605 arrogantia
2764 2536 2938 2606 dixit:
2976 2556 2993 2586 ι
3040 2533 3169 2590 Non
3191 2553 3284 2605 ego
3305 2553 3418 2592 eum
3441 2537 3525 2606 qui
3563 2536 3825 2601 bimestris

2221 2616 2310 2659 aut
2351 2608 2619 2677 trimestris
2678 2608 2830 2677 fuerit
2883 2605 3050 2664 Deum
3099 2605 3461 2676 appellavero,
3507 2617 3827 2676 quapropter

2221 2676 2442 2748 nauidus
2471 2694 2584 2731 sum
2611 2695 2645 2730 a
2671 2676 2836 2734 uestro
2865 2679 3092 2748 omnium
3119 2679 3385 2746 sanguine,
3415 2693 3576 2748 neque
3605 2689 3826 2747 postmo-

2222 2747 2344 2800 dum
2373 2747 2442 2800 ad
2471 2764 2556 2802 vos
2586 2749 2805 2802 veniam.
2847 2768 2864 2798 ι
2899 2746 3028 2806 Cum
3059 2747 3196 2800 dicto
3219 2749 3375 2802 exi-vit
3405 2746 3501 2800 86.13-
3524 2746 3826 2802 comitanti-

2221 2816 2315 2871 bus
2340 2819 2609 2888 episcopis,
2647 2820 2732 2888 qui
2753 2819 2914 2889 ipsius
2934 2819 3199 2872 sententiae
3229 2816 3562 2872 (id/imrebant
3594 2835 3613 2870 :
3647 2817 3826 2888 (ξφ-ειη

2218 2903 2478 2959 sequaces,
2506 2889 2754 2958 postridie
2792 2890 3116 2959 congregati,
3139 2898 3242 2959 tres
3272 2890 3539 2958 episcopos
3573 2891 3825 2942 miserunt

2219 2957 2304 3028 qui
2337 2957 2637 3014 Nestorium
2665 2957 2926 3020 rocareut,
2968 2957 3073 3014 etc.
3107 2958 3236 3012 Nam
3276 2957 3468 3014 Cuncta
3513 2959 3634 3014 haec
3682 2959 3826 3014 Actis

2219 3030 2433 3084 concilii
2455 3030 2780 3098 pugnant(u
2810 3038 2945 3098 part.
2975 3047 3116 3086 conc.
3142 3028 3278 3098 Eph.
3299 3037 3401 3082 act.
3429 3028 3502 3098 l),
3535 3045 3609 3098 ex
3631 3031 3825 3097 quibus

2219 3113 2413 3166 nempe
2441 3097 2686 3162 Constat,
2723 3097 2963 3167 ereptam
3009 3099 3273 3168 synodum
3312 3099 3397 3152 die
3426 3097 3495 3150 ἐξ
3538 3097 3725 3164 Junii;
3756 3101 3821 3156 ad

2219 3184 2340 3223 eam
2361 3186 2470 3224 non
2501 3170 2711 3225 venisse
2740 3184 2994 3237 umquam
3016 3170 3341 3233 Nestorium,
3367 3170 3536 3223 multo
3570 3171 3753 3224 minus
3775 3171 3824 3236 in

2219 3254 2283 3293 ea
2315 3240 2658 3308 prmedisse;
2709 3239 3099 3309 blasphemiam
3129 3255 3159 3292 a
3188 3239 3434 3294 Nestorio
3467 3239 3742 3308 prolatam
3772 3242 3824 3295 in

2215 3309 2466 3364 familiari
2486 3325 2780 3378 congressu
2805 3325 2928 3365 cum
2957 3311 3156 3366 Acacio
3184 3310 3541 3368 Mclitenensi.
3569 3319 3627 3364 ct
3651 3310 3827 3367 Theo~

2215 3379 2346 3435 doto
2367 3379 2686 3451 Aucyrano;
2720 3397 2815 3438 eos
2845 3382 3042 3442 exiisse
3066 3380 3294 3436 Nestorii
3321 3381 3561 3449 hospitio
3597 3383 3824 3437 sacrile-

2216 3464 2338 3518 gam
2362 3467 2551 3505 vocem
2573 3461 2900 3506 exsecratus.

2285 3520 2387 3576 llic
2406 3522 2578 3577 oritur
2601 3523 2830 3590 quaestio
2871 3520 3126 3576 solvenda
3158 3521 3352 3585 obiter,
3383 3521 3475 3588 qui
3517 3521 3728 3577 factum
3757 3524 3826 3578 sit

2216 3600 2275 3645 ut
2304 3607 2425 3647 cum
2454 3592 2689 3664 synodus
2702 3592 2894 3664 haberi
2922 3592 3145 3664 coeperit
3172 3591 3258 3646 die
3280 3591 3550 3664 ‘227Junii,
3577 3595 3821 3664 episcopi

2216 3669 2396 3716 tamen
2427 3661 2493 3716 ea
2522 3663 2636 3732 ipsa
2659 3663 2746 3716 die
2775 3661 2843 3716 ad
2871 3661 3135 3732 synodum
3157 3662 3438 3716 retulerint
3459 3677 3520 3716 se
3542 3661 3727 3732 pridie
3758 3661 3824 3718 ad

2215 3733 2517 3788 vocandum
2543 3733 2851 3788 Nestorium
2889 3733 3082 3786 missos
3121 3747 3257 3803 esse,
3290 3733 3473 3801 utique
3496 3734 3822 3803 aisynodo;

2215 3812 2332 3858 erat
2353 3803 2514 3870 igitur
2541 3804 2713 3872 pridie
2730 3803 2844 3871 jam
2880 3803 3127 3872 collecta.
3154 3802 3352 3857 Verum
3374 3817 3497 3857 cum
3525 3802 3651 3858 dies
3679 3804 3826 3872 vige-

2215 3873 2349 3944 sima
2392 3871 2562 3941 prima
2592 3873 2870 3944 Dominica
2898 3871 3059 3928 fuerit
3077 3913 3091 3936 ,
3131 3874 3446 3944 convenisse
3471 3872 3540 3944 ad
3571 3871 3823 3944 synaxim

2204 3941 2403 3998 :Patres
2431 3944 2671 4014 oportuit
2697 3962 2708 3996 :
2743 3943 2883 3998 unde
2911 3959 3034 3998 cum
3061 3945 3272 4000 abesset
3303 3941 3664 4014 Nestorius,'a
3688 3961 3822 4014 qua-

2221 4023 2344 4069 tuor
2365 4011 2638 4084 episcopis
2663 4015 2945 4068 invitatum
2968 4015 3185 4082 quidem
3216 4015 3398 4068 venire
3427 4011 3493 4084 ad
3524 4011 3823 4072 crastinam

2213 4082 2499 4156 synodum,
2533 4082 2640 4139 non
2669 4087 2894 4141 citatum
2917 4085 3057 4156 jure,
3089 4087 3287 4155 quippe
3315 4101 3437 4156 cum
3467 4082 3645 4139 festus
3674 4096 3822 4141 esset

2213 4153 2346 4220 dies,
2374 4170 2475 4211 nec
2503 4156 2677 4210 adhuc
2717 4156 2957 4225 episcopi
2987 4153 3283 4224 legitimum
3318 4153 3574 4210 fecissent
3604 4157 3824 4211 initium

2211 4227 2428 4282 concilii
2461 4244 2472 4279 :
2501 4225 2641 4280 unde
2670 4226 2865 4282 factum
2896 4234 2954 4280 ut
2975 4226 3269 4285 secundum
3289 4241 3526 4281 canones
3563 4236 3822 4296 postmo-

2211 4297 2337 4351 dum
2369 4298 2528 4352 tertio
2557 4305 2779 4351 vocatus
2798 4297 2885 4361 sit,
2918 4312 3041 4352 cum
3061 4297 3272 4352 vocatio
3301 4297 3471 4366 prima
3503 4312 3619 4349 non
3652 4296 3823 4358 habe—

2212 4374 2296 4422 ret
2325 4369 2432 4422 vim
2460 4367 2706 4422 canonici
2738 4383 3041 4436 processus,
3066 4367 3163 4423 sed
3191 4367 3580 4426 admonitionis
3605 4376 3822 4429 tantum

2212 4445 2374 4506 atque
2403 4438 2754 4493 invitationis.

2286 4505 2338 4559 7°
2379 4508 2571 4564 Narrat
2605 4505 2868 4564 Joannem
2910 4507 3304 4564 Antiochenum
3339 4524 3462 4564 cum
3494 4509 3612 4574 suis
3655 4509 3823 4562 tertio

2138 4563 2190 4623 Π
2214 4586 2335 4647 post
2362 4563 2592 4648 emptam
2624 4563 2885 4649 synodum
2907 4579 2995 4634 die
3021 4563 3301 4636 advenisse
3326 4598 3337 4631 :
3363 4594 3471 4649 quo
3495 4565 3690 4649 errore
3721 4594 3823 4649 po-

2209 4649 2630 4721 sterioresalios
2659 4648 2957 4719 implicuit,
3000 4659 3190 4710 contra
3231 4648 3578 4704 manifestum
3626 4648 3822 4721 Cyr-illi

2211 4720 2576 4775 testimonium
2607 4728 2765 4778 ant-ca
2789 4721 3034 4776 relatum.

2279 4789 2338 4841 8°
2368 4789 2561 4844 Narrat
2590 4791 2792 4858 pariter
2829 4790 3132 4850 Nestorium
3177 4805 3297 4846 cum
3337 4788 3547 4844 Joanne
3581 4789 3821 4858 aliisque

2187 4860 2563 4916 .schismaticis
2577 4861 2902 4924 consedisse,
2922 4877 3042 4917 cum
3063 4862 3118 4916 in
3129 4859 3382 4931 Cyrillum
3398 4868 3452 4914 et
3459 4858 3820 4931 Memnonem

2207 4931 2472 4986 sententia
2493 4931 2844 5000 depositionis
2871 4931 3132 4988 ferretur:
3157 4929 3303 4999 atqui
3333 4930 3473 4994 istud
3497 4929 3646 5000 nulla
3678 4929 3820 4984 Acta

2207 5003 2505 5065 continent,
2537 4999 2700 5059 immo
2739 5002 2952 5058 silentio
2980 5018 3079 5056 suo
3120 5001 3513 5056 contradicunt.
3570 4999 3642 5054 Et
3684 5016 3821 5054 vero

2207 5071 2430 5127 Joannis
2451 5071 2684 5141 synodus
2705 5070 3008 5128 Nestorium
3029 5088 3137 5130 nou
3167 5072 3430 5141 restituit;
3458 5086 3637 5141 neque
3666 5071 3824 5124 enim

2205 5151 2440 5212 poterat,
2469 5157 2589 5199 cum
2619 5141 2795 5198 minor
2831 5150 2974 5202 esset
3017 5157 3079 5200 ea
3120 5157 3151 5196 a
3175 5157 3281 5210 qua
3317 5140 3565 5212 dejectus
3593 5140 3779 5212 fuerat
3806 5156 3821 5201 ;

2210 5211 2385 5282 neque
2423 5213 2467 5267 si
2515 5213 2794 5281 potuisset,
2843 5213 3055 5272 sivisset
3101 5221 3280 5270 tamen
3307 5211 3567 5278 Joannes,
3609 5211 3825 5280 quippe

2207 5285 2452 5352 ambiens
2472 5283 2830 5354 principatum
2847 5284 3056 5354 synodi,
3081 5283 3167 5342 cui
3196 5282 3476 5354 cupiditati
3505 5282 3824 5354 obstitisset

2211 5354 2505 5415 Nestorius,
2531 5351 2809 5422 privilegio
2835 5351 2944 5414 sua:
2969 5354 3130 5419 sedis,
3153 5351 3280 5420 quat
3301 5368 3332 5407 a
3352 5351 3825 5421 Constantinopos

2205 5425 2375 5548 litano
2412 5425 2641 5480 concilio
2698 5425 2932 5483 secunda
2985 5432 3111 5496 post
3166 5425 3462 5490 Romanam
3514 5423 3829 5488 constituta

2231 5505 2406 5548 uerat.

2225 5497 2406 5551 'uerat.

2280 5566 2336 5619 9"
2376 5568 2453 5621 De
2482 5567 2825 5624 Theodoreto
2856 5567 3094 5638 capitula
3116 5564 3300 5638 Cyrilli
3325 5572 3609 5638 urguente,
3654 5573 3717 5638 et
3750 5564 3831 5621 de

2207 5635 2408 5707 Cyl-illo
2431 5638 2828 5696 Theodoretum
2858 5635 3191 5701 confutante.
3213 5637 3462 5704 .lonuibir
3481 5637 3726 5705 perinde
3761 5651 3832 5694 ac

2208 5709 2252 5762 si
2267 5710 2614 5775 reprehensio
2635 5710 2793 5773 illius,
2812 5718 2867 5764 et
2881 5710 3034 5778 istius
3047 5708 3343 5778 responsio,
3355 5707 3554 5778 synodi
3569 5715 3834 5778 tempore

2210 5778 2447 5833 confecta
2478 5781 2561 5830 ςῑι.
2590 5779 2792 5844 Quibus
2823 5775 3148 5834 contradicit
3172 5775 3545 5833 Thc‘odorrctus
3582 5797 3590 5827 :
3623 5777 3830 5830 Priusc
