4174 6318
329 441 820 450 ᾡοᾉκυῡήηρ--ῄα
840 444 1511 455 “--ῠ-.--*--γδ.ι
1547 449 1591 455 _-
1652 450 1679 455 ,ο
1700 451 1753 455 .-,
1794 450 1807 454 ο
1896 442 2679 455 ,φρ-..ορκονκνψ-φ-η---ο--ἀα-
2698 439 2910 447 *τ’
2950 438 3016 444 ..⁸
3079 436 3119 442 ὼ
3290 435 3311 441 ,

3021 437 3071 443 -η
3122 434 3433 469 ηψπ-Γ
3368 460 3487 467 ..φ

632 640 754 728 IN
861 642 1317 734 LIBRUM
1422 644 1569 733 DE
1675 643 2484 735 VIRGINITATE

333 1043 486 1099 Hunc
516 1042 773 1098 eximium
813 1039 878 1095 de
911 1040 1227 1111 \‘irgiuitate
1264 1043 1458 1097 librum
1500 1041 1797 1098 Antiochiae
1822 1057 1854 1099 ι

262 1133 650 1206 Chrysostomo
677 1131 878 1186 editum
921 1129 1119 1206 fuisse,
1160 1133 1275 1200 ipse
1319 1133 1634 1187 testiﬁcatur
1664 1133 1716 1187 in
1750 1133 1875 1186 line-

265 1204 506 1280 unum
534 1222 601 1277 19
626 1224 676 1277 in
711 1223 999 1289 Epistulam
1031 1204 1067 1276 ι’
1091 1221 1156 1276 ad
1186 1221 1491 1290 Corinthios
1526 1224 1607 1277 his
1635 1224 1850 1277 verbis:

265 1315 326 1369 Si
352 1325 519 1368 autem
547 1312 880 1383 praeteriimus
910 1329 968 1364 ea
1005 1328 1118 1381 qua:
1145 1313 1362 1374 dicenda
1395 1324 1557 1374 essent
1587 1313 1649 1368 de
1684 1312 1854 1383 Virgi.

264 1408 444 1471 nitate,
477 1421 623 1458 nemo
652 1421 741 1457 nos
768 1404 1082 1473 negligentiae
1108 1403 1347 1469 damnet;
1373 1407 1562 1474 integer
1582 1406 1712 1475 enim
1733 1405 1856 1458 liber

266 1497 322 1550 in
361 1497 493 1548 hunc
525 1494 692 1550 locum
720 1512 750 1546 a
785 1494 925 1547 nobis
954 1505 1025 1548 est
1054 1495 1217 1549 editus
1238 1508 1257 1549 :
1278 1506 1324 1550 et
1352 1513 1467 1554 cum
1505 1513 1658 1565 quam
1684 1497 1853 1565 potui-

263 1603 376 1638 mus
395 1586 772 1638 accuratissime
793 1594 838 1637 et
859 1584 1240 1654 diligentissime
1256 1587 1425 1638 omnia
1445 1585 1550 1639 illic
1572 1586 1855 1656 persequuti

262 1678 442 1742 simus,
470 1691 892 1746 supervacaneum
923 1691 1029 1729 esse
1053 1675 1292 1732 duximus
1318 1694 1376 1730 ea
1400 1691 1573 1730 rursus
1593 1678 1675 1730 hic
1695 1694 1853 1743 expo-

265 1787 404 1823 nere.
433 1770 630 1822 Locum
665 1783 823 1836 porro
853 1768 1021 1832 illum,
1051 1783 1208 1837 quem
1245 1768 1470 1822 Homilia
1502 1769 1569 1824 il)
1601 1770 1651 1822 in
1684 1770 1849 1838 Epist.

266 1862 291 1914 i
328 1859 393 1913 ad
417 1859 721 1914 Corinthios
742 1859 792 1912 iu
815 1870 1186 1927 argumentum
1211 1860 1309 1915 sibi
1334 1863 1595 1928 proponit,
1617 1863 1849 1915 scilicet:

265 1951 469 2004 Bonum
498 1959 568 2003 est
598 1950 787 2002 homini
818 1949 1076 2002 mulierem
1104 1964 1205 2001 non
1235 1958 1472 2020 tangere,
1505 1960 1631 2012 etc.,
1671 1952 1722 2003 in
1756 1951 1854 2005 hoc

265 2044 338 2097 dc
364 2041 678 2110 Virginitate
725 2041 859 2094 libro
896 2047 1152 2109 perpetuo
1185 2051 1360 2093 versat
1402 2052 1455 2094 et
1495 2042 1736 2106 discutit;
1783 2041 1853 2110 ita

265 2143 330 2186 ut
359 2131 579 2201 perinde
609 2139 815 2185 certum
853 2131 920 2182 sit
953 2131 1095 2182 hunc
1121 2129 1190 2183 de
1215 2129 1534 2204 Virginitate
1570 2131 1760 2204 librum
1798 2129 1852 2185 ia

270 2222 503 2277 Homilia
543 2221 630 2274 illa
677 2220 1121 2283 commemorari,
1152 2228 1209 2272 ut
1235 2202 1436 2273 cerium
1467 2230 1548 2273 est
1577 2220 1692 2288 ipso
1722 2229 1854 2275 teste

265 2314 654 2384 Chrysostomo
684 2311 937 2365 iiomilias
973 2312 1026 2363 in
1061 2311 1359 2386 .Epistelam
1394 2313 1414 2364 i
1453 2312 1518 2365 ad
1546 2311 1852 2367 Corinthios

266 2405 568 2463 Antiochiae
596 2404 801 2457 habitas
829 2403 1011 2456 fuisse.
1035 2402 1332 2456 Antiochia:
1359 2404 1644 2471 igitur,'vel
1667 2404 1855 2458 tortas-

265 2497 348 2548 sis
375 2496 426 2548 in
453 2494 739 2547 solitudine
765 2494 848 2546 isti
879 2494 994 2547 urbi
1025 2494 1193 2546 vicina
1227 2493 1418 2552 librum
1457 2494 1522 2548 de
1542 2492 1854 2563 Virginitate

265 2585 451 2639 emisit
474 2584 885 2655 Chrysostomus
913 2599 925 2636 :
952 2592 1128 2640 utrum
1157 2586 1298 2638 enim
1327 2598 1447 2638 cum
1476 2585 1751 2654 presbyter
1769 2600 1853 2637 es-

271 2684 387 2738 set,
419 2690 483 2726 an
515 2690 635 2747 cum
665 2673 921 2739 diaconus
945 2715 960 2736 ,
989 2688 1054 2725 an
1087 2687 1212 2726 vero
1243 2682 1396 2726 antea
1440 2689 1559 2726 cum
1589 2673 1640 2726 in
1669 2674 1854 2727 solitu-

267 2767 396 2820 dine
425 2766 683 2837 degeret,
715 2781 820 2819 non
851 2767 920 2819 ita
949 2764 1294 2833 conspicuum
1321 2805 1336 2830 ,
1368 2774 1425 2819 ut
1454 2767 1582 2818 infra
1626 2765 1851 2820 dicetur.

341 2869 535 2924 Verum
566 2868 938 2924 Tiilemontius
968 2863 1169 2923 tantam
1207 2869 1330 2924 huic
1367 2871 1686 2925 enervanda:
1727 2886 1851 2926 scn-

264 2961 450 3014 tentite
477 2959 839 3012 difficultatem
877 2961 1105 3028 quodam
1136 2959 1186 3013 in
1219 2961 1336 3016 loco
1373 2961 1593 3031 hujusce
1630 2965 1696 3018 de
1731 2964 1851 3020 vu-

261 3055 489 3121 ginitate
522 3053 638 3104 libri
670 3066 732 3108 se
755 3054 1018 3120 reperisse
1040 3064 1208 3119 putat,
1239 3063 1293 3105 ut
1320 3054 1408 3106 illa
1430 3054 1686 3108 adductus
1712 3055 1851 3111 hunc

264 3144 462 3194 librum
492 3141 542 3193 in
572 3139 929 3210 episcopatum
954 3142 1068 3210 ejus
1094 3128 1680 3213 conlcrat.iveditumque
1710 3146 1849 3199 Con-

262 3234 610 3301 stantinOpoli
640 3243 800 3302 putet.
827 3235 874 3287 is
904 3235 1049 3288 locus
1071 3244 1151 3288 est
1169 3250 1319 3308 num,
1344 3235 1399 3298 9,
1420 3235 1506 3288 ubi
1525 3239 1600 3289 sic
1619 3239 1850 3305 loquitur

259 3322 682 3392 Chrysostomus
715 3341 726 3374 :
764 3323 1027 3389 Quomodo
1069 3325 1224 3394 igitur
1265 3327 1558 3395 conjugium
1595 3337 1732 3391 veto,
1762 3330 1849 3399 qui

262 3415 508 3482 conjuges
535 3429 636 3467 non
662 3417 926 3468 accusem?
951 3415 1144 3481 Stupra
1184 3425 1290 3469 veto
1329 3426 1378 3469 et
1417 3418 1667 3472 adulteria
1688 3466 1701 3482 ,
1733 3441 1844 3476 ma-

258 3505 556 3556 trimonium
595 3521 694 3557 non
724 3506 840 3558 item
865 3521 882 3557 :
903 3513 949 3557 et
977 3505 1069 3557 illa
1094 3504 1337 3558 audentes
1364 3505 1584 3570 castigo,
1614 3512 1764 3572 atque
1785 3506 1850 3558 ab

264 3592 512 3646 Ecclesia:
552 3602 680 3646 ccetu
721 3595 997 3664 proscribo.
1038 3593 1191 3655 Haec,
1235 3593 1405 3661 inquit
1442 3589 1845 3655 Tillcuioutius,

257 3682 476 3735 nonnisi
521 3684 804 3751 episcopus
837 3663 1081 3752 proferre
1111 3698 1270 3753 posse
1301 3682 1526 3745 videtur,
1555 3683 1675 3750 quia
1706 3684 1851 3735 solus

253 3772 542 3840 episcopus
571 3773 637 3826 ab
665 3773 918 3828 Ecclesia:
955 3783 1096 3828 cmtu
1137 3773 1350 3826 arcendi
1397 3772 1707 3826 facultatem
1752 3773 1848 3825 ha-

253 3866 347 3918 bet
381 3883 391 3917 :
425 3874 586 3939 atque
633 3867 719 3918 illa
769 3867 962 3920 ductus
1005 3866 1212 3919 ratione
1256 3864 1695 3935 Chrysostomum
1741 3865 1847 3934 jam

252 3957 567 4024 episcopum
599 3957 740 4012 hunc
768 3959 1009 4012 emisisse
1039 3959 1230 4012 librum
1278 3958 1550 4027 opinatur,
1572 3955 1659 4035 Sic
1687 3959 1849 4012 levis-

253 4047 393 4098 sima
411 4045 498 4099 ille
525 4047 828 4117 conjectura
855 4058 1058 4102 certum
1090 4048 1557 4117 indubitatumque
1582 4048 1847 4120 Chrysos—

255 4135 389 4189 torni
431 4137 791 4191 testimonium
843 4126 1166 4193 labefactare
1210 4140 1413 4192 nititur.
1443 4139 1665 4192 Etiamsi
1706 4140 1847 4194 enim

254 4224 672 4295 Chrysostomus
688 4227 917 4282 hocloco
934 4243 997 4282 ex
1015 4243 1240 4298 persona
1259 4243 1351 4282 sua
1369 4229 1693 4298 loqueretur,
1707 4229 1847 4298 quod

255 4327 435 4391 tamen
467 4333 570 4370 non
610 4319 892 4385 existimo,
922 4307 1027 4373 non
1072 4319 1265 4374 desunt
1304 4320 1544 4388 exempla
1577 4321 1663 4373 ubi
1695 4319 1846 4374 illum

254 4405 430 4458 adhuc
447 4393 814 4478 presbyterum
842 4409 1160 4477 imperiosius
1191 4409 1466 4480 loquutum
1490 4409 1849 4478 deprehendi-

255 4511 397 4550 mus.
421 4499 511 4551 Sic
540 4498 675 4552 infra
705 4498 931 4555 Homilia
959 4499 1031 4552 23
1059 4500 1126 4553 ad
1166 4501 1418 4570 pepulum
1442 4501 1845 4562 -Antiochemun

255 4601 414 4656 quam
428 4586 699 4641 homibam
715 4589 829 4643 sine
841 4589 1023 4655 dubio,
1042 4591 1262 4661 ipsoque
1277 4590 1473 4645 fatente
1484 4590 1846 4657 Tillemontto,

253 4679 551 4732 Antiochiae
580 4679 856 4750 presbyter
883 4680 1085 4746 habuit,
1110 4698 1176 4736 ex
1202 4696 1429 4750 persona
1453 4697 1546 4735 sua
1569 4681 1648 4736 sic
1673 4682 1846 4751 loqui-

259 4777 346 4820 tur
378 4784 396 4820 ι
430 4768 779 4844 Quadraginta
823 4770 929 4824 dies
966 4771 1078 4841 jam
1118 4769 1464 4840 praeterierunt
1496 4789 1518 4823 .·
1558 4772 1602 4824 si
1646 4771 1848 4827 Pascha

253 4874 452 4927 quoque
494 4877 695 4913 sacrum
743 4863 1068 4930 praeterierit,
1120 4863 1247 4915 nulli
1280 4863 1395 4931 jam
1436 4862 1616 4915 deinde
1655 4865 1847 4916 veniam

253 4949 408 5011 dabo,
431 4966 531 5008 non
569 4952 988 5018 admonitionem,
1013 4953 1098 5024 sed
1124 4954 1221 5010 vim
1243 4954 1439 5023 imperii
1460 4961 1511 5006 ‘et
1537 4967 1846 5007 severitatem

249 5058 355 5094 non
405 5043 822 5095 contemnendam
872 5044 1134 5097 adhibebo.
1166 5043 1288 5098 lam
1328 5045 1480 5113 igitur
1522 5045 1760 5098 denuntio
1801 5055 1847 5098 et

245 5134 599 5209 pratestot‘,ssi
628 5135 920 5199 conveniam
954 5135 1212 5206 singulos,
1251 5146 1300 5188 et
1328 5136 1721 5202 experimentum
1748 5154 1836 5188 su-

595 5897 867 5958 PsTnOL.
902 5895 1018 5959 Gtt.
1053 5899 1311 5965 XLVIII.

2596 631 3218 731 MONITUM.

1969 1057 2103 1093 mam
2133 1054 2150 1093 :
2180 1057 2296 1093 nam
2328 1042 2466 1095 haud
2493 1041 2643 1098 dubie
2669 1056 2904 1110 sumam;
2928 1044 3065 1113 quod
3101 1044 3147 1097 si
3187 1045 3558 1112 deprehendant

1967 1133 2162 1200 aliquos
2195 1132 2299 1184 [nec
2325 1135 2445 1186 vitia
2476 1151 2575 1187 non
2605 1135 2905 1206 correxisse,
2929 1140 3128 1203 poenam
3151 1135 3418 1204 irrogabo,
3449 1137 3558 1190 edi—

1968 1240 2078 1275 cam
2106 1232 2158 1275 ut
2188 1226 2312 1293 foris
2350 1235 2493 1278 extra
2528 1242 2674 1278 sacra
2703 1227 2941 1295 mysteria
2981 1227 3278 1280 consistant.
3328 1227 3457 1292 Hic,
3502 1238 3560 1282 ut

1968 1315 2132 1381 patet,
2160 1329 2223 1368 ex
2255 1329 2479 1383 persona
2508 1331 2606 1372 sua
2633 1318 2864 1386 loquitur
2885 1317 3299 1390 Chrysostomus
3333 1333 3424 1387 pre
3440 1321 3556 1391 shy-

1967 1413 2066 1468 ter,
2108 1419 2360 1476 episcopo
2394 1406 2438 1459 si
2476 1423 2583 1466 non
2627 1414 2924 1477 praesente,
2956 1411 3146 1465 saltem
3192 1411 3244 1464 in
3285 1413 3416 1466 urbe
3445 1423 3555 1466 tum

1963 1496 2208 1565 degente.
2241 1498 2597 1566 Quamobrem
2640 1500 2962 1556 Tillemontii
3007 1489 3320 1572 argttmeuto
3365 1519 3433 1560 ne
3469 1505 3553 1560 vel

1964 1588 2241 1642 minimum
2291 1589 2502 1658 quidem
2548 1581 2819 1661 impetitur
2856 1605 3058 1649 asserta
3107 1575 3276 1664 ipsius
3295 1595 3555 1666 Chryse:-

1966 1681 2094 1733 tomi
2124 1684 2442 1736 testimonio
2460 1689 2744 1740 sententia.

2026 1759 2162 1826 Quid
2194 1763 2334 1830 quod
2363 1764 2412 1815 in
2445 1773 2741 1817 memorato
2766 1762 2835 1819 de
2863 1761 3177 1832 Virginitate
3203 1762 3321 1819 loco
3351 1780 3456 1819 non
3485 1780 3550 1820 ex

1954 1865 2071 1914 sua,
2095 1845 2190 1912 scd
2216 1868 2278 1908 ex
2307 1853 2452 1914 I’atfii
2477 1869 2706 1923 persons
2733 1855 2874 1924 loqui
2905 1869 3122 1925 prorsus
3149 1855 3358 1910 videtur
3378 1857 3552 1928 Chry-

1956 1943 2423 2000 sostomus?Nam
2457 1953 2567 1997 toto
2598 1945 2755 2014 hujus
2793 1945 2861 2001 de
2894 1945 3210 2016 Virginitate
3238 1946 3360 2000 libri
3401 1949 3551 2017 priu-

1953 2031 2094 2102 cipio
2152 2043 2360 2087 contra.
2393 2026 2679 2091 luereticos
2728 2036 3070 2092 Marcionitas
3120 2046 3177 2091 et
3231 2037 3554 2093 Maniclueos

1953 2125 2081 2195 agit,
2114 2126 2202 2196 qui
2233 2126 2632 2182 matrimonium
2655 2127 2979 2192 damnabunt
3001 2147 3013 2181 :
3035 2128 3383 2200 adductisque
3402 2129 3551 2185 Pauli

1951 2213 2080 2267 locis
2102 2255 2115 2277 ,
2145 2215 2338 2283 quibus
2370 2216 2458 2270 ille
2483 2217 2549 2270 ad
2577 2217 2936 2288 virginitatem
2976 2218 3244 2281 hortatur.
3288 2229 3410 2289 post
3450 2221 3553 2274 ali-

1949 2315 2081 2375 quot
2104 2318 2416 2378 argumenta
2446 2309 2661 2365 demum
2705 2328 2853 2366 num.
2892 2313 2925 2368 9
2953 2314 3237 2369 luereticos
3267 2314 3382 2370 hinc
3409 2315 3550 2386 obji-

1949 2390 2155 2452 cientes
2205 2399 2405 2455 inducit
2444 2419 2457 2455 :
2500 2401 2579 2455 Tu
2629 2418 2747 2456 vero
2793 2421 2896 2457 non
2953 2415 3096 2460 vetas
3148 2406 3548 2460 matrimonium.

1947 2488 2124 2560 Apage
2149 2490 2167 2561 (
2182 2492 2472 2561 respondet
2499 2495 2729 2570 Paulus)
2754 2508 2808 2549 ut
2833 2507 2995 2552 tecum
3015 2515 3155 2570 aeque
3179 2501 3455 2554 insaniant.
3483 2501 3549 2554 Et

1949 2598 2041 2635 cur
2067 2583 2260 2652 (inquit
2286 2567 2839 2658 hmreticusfhorlaris
2883 2591 3262 2660 matrimonium
3298 2610 3551 2647 noncon-

1951 2674 2189 2733 trahere?
2210 2676 2358 2741 Quod
2383 2679 2718 2749 virginitatem
2737 2673 2968 2750 (reponit
2998 2681 3213 2755 Paulus)
3226 2685 3549 2757 matrimonio

1951 2764 2098 2834 longe
2125 2770 2525 2846 pra’stantiorem
2565 2761 2794 2824 sentiam.
2824 2771 2920 2826 Hic
2958 2783 3106 2828 certe
3136 2774 3358 2828 Paulum
3400 2775 3544 2845 loqui

1952 2856 2294 2912 manifestum
2335 2860 2579 2914 videtur:
2613 2877 2735 2918 nam
2788 2863 2878 2917 illc
2923 2873 3006 2918 est
3048 2865 3135 2933 qui
3185 2867 3431 2936 superius
3479 2866 3545 2920 ad

1947 2949 2304 3018 virginitatem
2349 2951 2638 3006 cohortans
2691 2953 2959 3009 inducitur
3004 2956 3089 3010 his
3140 2958 3368 3014 verbis:
3419 2958 3547 3014 Volo

1945 3056 2116 3093 omnes
2160 3041 2386 3096 homines
2415 3059 2519 3101 esse
2539 3084 2554 3108 ,
2586 3056 2641 3097 ut
2672 3061 2761 3115 ego
2790 3062 2904 3099 sum
2925 3087 2938 3112 ,
2972 3049 3325 3114 continentes;
3350 3058 3404 3104 et
3422 3090 3438 3116 ,
3469 3049 3550 3104 De

1947 3132 2219 3200 virginibus
2245 3143 2555 3202 prwceptum
2585 3133 2792 3188 Domini
2823 3154 2922 3190 non
2952 3139 3130 3203 habeo,
3158 3141 3428 3194 consilium
3451 3159 3550 3194 au-

1946 3233 2043 3276 tem
2084 3225 2168 3276 do.
2205 3224 2408 3280 Deinde
2452 3241 2580 3280 vero
2625 3235 2907 3298 postquam
2962 3229 3234 3285 haereticis
3282 3243 3339 3285 ut
3371 3247 3546 3302 supra

1948 3314 2326 3382 reSponderat,
2361 3317 2544 3386 paucis
2573 3303 2904 3388 interpositis
2934 3336 3049 3386 ,una
3090 3323 3230 3377 serie
3276 3323 3502 3378 resumit
3531 3339 3544 3377 :

1947 3405 2026 3457 Ad
2069 3407 2174 3459 lucc
2213 3407 2298 3474 qui
2334 3411 2591 3472 cohortor,
2622 3425 2724 3462 rem
2761 3409 2781 3481 (
2808 3410 2840 3462 i.
2876 3425 2926 3466 e.
2962 3415 3404 3483 matrimonium)
3440 3430 3544 3467 non

1943 3490 2208 3559 improbo;
2238 3506 2326 3542 uec
2369 3490 2455 3560 qui
2495 3506 2546 3544 se
2572 3491 2742 3543 induci
2780 3508 2880 3544 non
2919 3492 3202 3560 patiantur,
3243 3509 3546 3549 accuso.....

1946 3579 2214 3645 Quomodo
2239 3583 2394 3650 igitur
2423 3582 2717 3651 conjugium
2740 3591 2866 3646 veto,
2894 3583 2980 3651 qui
3000 3583 3238 3653 conjuges
3267 3599 3366 3635 non
3393 3598 3545 3637 accu-

1941 3673 2088 3726 sem?
2112 3672 2307 3741 Stupra
2337 3683 2443 3726 veto
2473 3683 2518 3727 et
2544 3673 2816 3738 adulteria,
2843 3672 3223 3729 matrimonium
3247 3691 3347 3728 non
3381 3676 3500 3731 item
3529 3694 3546 3729 :

1941 3774 1988 3816 et
2018 3763 2109 3816 illa
2148 3765 2392 3818 audentes
2423 3767 2649 3836 castigo,
2682 3755 2831 3835 atque
2872 3768 2933 3820 ab
2973 3765 3220 3820 Ecclesia:
3256 3777 3384 3820 coetu
3426 3784 3549 3838 pro-

1941 3857 2123 3908 scribo.
2149 3855 2274 3911 [huc
2301 3872 2431 3912 sane
2458 3857 2599 3911 dicta
2632 3859 2778 3911 Pauli
2809 3866 2951 3922 sunt,
2981 3873 3075 3912 seu
3108 3860 3284 3928 potius
3308 3859 3548 3931 Chryso-

1944 3947 2102 4002 stomi
2152 3948 2377 4002 Paulum
2421 3949 2726 4018 loquentem
2761 3950 3059 4016 inducentis
3087 3968 3099 4003 :
3128 3951 3222 4020 qui
3254 3958 3439 4019 tropus
3473 3950 3545 4004 ita

1941 4039 2328 4113 Chrysostomo
2359 4042 2634 4110 familiaris
2661 4052 2776 4121 est,
2803 4042 2942 4111 quod
2967 4043 3250 4112 jam~sa1pe
3277 4042 3540 4105 vidimus,

1941 4145 1999 4188 ut
2025 4136 2112 4204 qui
2162 4136 2289 4189 velit
2318 4136 2496 4190 omnia
2529 4145 2648 4204 qum
2693 4152 2758 4190 ex
2799 4135 3033 4208 aliorum
3083 4151 3311 4204 persona
3343 4135 3548 4205 profert

1938 4225 2378 4298 Cbrysostomus,
2409 4217 2561 4297 quasi
2593 4228 2759 4297 ipsius
2782 4227 2930 4299 dicta.
2949 4227 3016 4279 ad
3043 4226 3252 4280 literam
3275 4229 3541 4297 accipere,

1941 4333 2189 4387 magnam
2235 4321 2396 4374 rebus
2441 4319 2506 4372 ad
2552 4327 2796 4372 sanctum
2847 4317 3121 4372 doctorem
3173 4319 3542 4388 spectantibus

1939 4410 2220 4494 caliginem
2251 4410 2466 4464 inducat
2497 4425 2717 4465 necesse
2743 4411 2832 4464 sit.

2014 4503 2196 4571 itaque
2229 4501 2372 4556 hunc
2400 4501 2468 4559 de
2496 4495 2815 4571 Virginitate
2845 4501 3040 4557 librum
3087 4502 3332 4559 emisisse
3359 4502 3538 4574 Chry-
3568 4545 3575 4547 λ

1940 4590 2236 4646 sostomum
2265 4600 2390 4646 ante
2416 4607 2573 4661 quam
2600 4592 2884 4662 cpisc0pus
2911 4602 3049 4648 esset
3080 4609 3145 4648 ex
3189 4593 3353 4663 ipsius
3381 4582 3542 4663 supra

1940 4682 2106 4736 allato
2134 4683 2443 4737 testimonio
2468 4682 2600 4738 satis
2630 4698 2900 4753 superque
2937 4684 3214 4753 probatur.
3238 4683 3373 4739 Num
3413 4700 3544 4739 vero

1941 4775 2219 4848 presbyter
2249 4786 2357 4830 tum
2388 4783 2566 4840 esset,
2609 4776 2994 4843 amdia'eonus,
3038 4792 3105 4831 an
3155 4777 3207 4831 in
3257 4775 3543 4832 solitudine

1940 4865 2178 4935 degeret.
2204 4867 2406 4934 pariter
2429 4866 2726 4921 incert-um:
2752 4883 2817 4922 ex
2843 4867 3056 4938 scriptis
3085 4868 3230 4924 enim
3260 4869 3376 4937 ejus
3406 4868 3542 4923 nihil

1941 4956 2250 5026 hujusmodi
2283 4957 2547 5027 cxpiscari
2579 4972 2885 5025 possumus.
2920 4957 3149 5015 Joannis.
3169 4958 3374 5014 Livinei
3398 4959 3541 5015 Gan-

1943 5049 2192 5103 davensis
2218 5048 2741 5118 interpretationem,
2757 5051 3012 5112 nmltisin
3032 5051 3162 5114 locis
3180 5052 3539 5119 emendatam,

1942 5137 2279 5194 retinendam
2309 5138 2636 5195 censuimus.
