4206 6324
677 416 784 473 555

684 538 895 605 suscipe
923 552 941 588 :
970 532 1021 588 id
1052 539 1227 586 autem
1256 538 1340 585 est
1379 529 1626 584 inimicos
1674 528 1916 597 diligere.
1946 525 2078 579 Cum
2120 525 2278 593 igitur

687 628 919 697 undique
948 626 1049 679 hoc
1074 623 1229 678 nobis
1258 631 1468 675 ronsmt
1486 662 1500 686 ,
1527 620 1790 675 desistant
1819 618 2050 671 haeretici
2085 616 2280 668 frustm

689 734 746 775 se
771 718 1043 787 affligere;
1070 714 1266 769 nullam
1307 727 1450 765 enim
1498 709 1801 766 mercedem
1843 708 2102 776 accipient
2133 722 2146 757 :
2173 718 2278 757 non

686 810 805 879 quia
834 808 900 862 sit
932 807 1161 877 injustus
1188 804 1465 875 Dominus.
1495 800 1770 870 apage-sis;
1801 797 1894 852 sed
1924 795 2065 866 quod
2109 795 2279 862 impc-

686 904 769 956 riti
814 899 914 970 ipsi
950 906 1004 953 et
1059 895 1305 967 improbi.
1351 893 1488 960 Quid
1533 890 1681 945 ita‘?
1726 890 2156 944 Demonstratum
2198 893 2281 938 est

686 994 821 1062 fuga:
868 1000 1070 1045 tantum
1114 1005 1145 1043 a
1180 988 1334 1056 ,‘vitiis
1376 987 1577 1041 nultum
1625 984 1954 1054 propositum
1992 996 2113 1036 esse
2144 984 2285 1050 pr:c-’

683 1088 847 1140 mium
880 1102 893 1139 :
926 1085 1023 1154 ipsi
1052 1080 1229 1136 autem
1271 1079 1413 1150 quod
1456 1077 1856 1131 matrimonium
1897 1075 2146 1129 vitiosum
2176 1073 2277 1127 du-

681 1185 886 1241 cerent,
909 1191 975 1231 co
995 1175 1392 1230 abstinuerunt.
1417 1170 1534 1238 Quo
1558 1179 1712 1239 pacto
1739 1169 1898 1236 igitur
1925 1168 1992 1221 ob
2024 1166 2274 1219 vitiorum

680 1268 855 1338 fugam
888 1264 1190 1321 mercedem
1220 1262 1481 1333 poscent?
1511 1260 1644 1316 Nam
1672 1269 1730 1313 ιιι
1761 1273 1860 1313 nos
1882 1260 1969 1328 qui
1996 1272 2099 1311 non
2129 1256 2279 1310 adul—

683 1348 919 1416 teretnus
949 1359 1091 1429 digni
1125 1373 1228 1412 non
1261 1340 1462 1411 erimus
1497 1355 1585 1424 qui
1618 1369 1961 1419 coronemur,
1995 1354 2071 1405 sic
2106 1366 2279 1420 neque

678 1453 761 1505 illi
783 1454 879 1521 qui
904 1465 1124 1513 uxorem
1152 1464 1261 1503 neu
1292 1448 1516 1503 ducant.
1551 1442 1642 1499 lta‘
1668 1446 1809 1502 cnim
1839 1460 1932 1521 eos
1961 1445 2046 1498 illa
2078 1443 2164 1497 die
2195 1442 2276 1495 al-

679 1518 946 1620 loquetur,
977 1544 1065 1614 qui
1097 1544 1149 1597 in
1192 1557 1290 1596 nos
1331 1541 1653 1595 sententiam
1699 1518 1941 1593 dicturus
1990 1546 2072 1589 est
2108 1552 2120 1588 :
2154 1534 2273 1589 Non

679 1636 925 1707 muidem
959 1635 1021 1689 iis
1053 1634 1288 1689 honores
1328 1632 1615 1695 constitui,
1656 1630 1744 1698 qui
1784 1645 1812 1681 a
1844 1629 1987 1683 vitiis
2013 1627 2186 1683 solum
2216 1640 2277 1682 se

677 1731 1023 1784 contineant:
1053 1743 1171 1781 nam
1218 1726 1270 1780 id
1316 1724 1454 1795 apud
1497 1739 1590 1777 me
1628 1723 1874 1793 exiguum
1909 1732 2021 1787 est;
2052 1720 2147 1775 sed
2186 1721 2276 1790 qui

677 1823 927 1875 virtutem
977 1834 1190 1873 omnem
1233 1816 1542 1889 persequuti
1586 1816 1726 1879 sint,
1770 1830 1863 1867 eos
1902 1830 1953 1867 tn
1988 1827 2274 1882 perennem

680 1912 931 1972 mulorum
960 1909 1328 1963 hmreditatem
1362 1906 1663 1962 introduco.
1689 1903 1969 1973 Quomodo
2001 1904 2159 1973 igitur
2187 1902 2274 1971 qui

678 2001 1079 2055 matrimonium
1109 2000 1312 2055 fmdum
1341 2013 1403 2052 ac
1432 1997 1750 2067 flagitiosum
1773 1993 2007 2049 credatis
2028 2034 2042 2059 ,
2084 1992 2153 2047 ob
2184 1993 2279 2046 lla-

680 2096 931 2165 gitiorum
962 2095 1159 2162 fugam,
1188 2092 1405 2162 praemia
1435 2090 1498 2143 iis
1530 2089 1799 2158 proposita
1824 2129 1840 2153 ,
1870 2088 1960 2157 qui
1992 2084 2276 2156 praeclaras

678 2200 763 2239 res
793 2184 1075 2253 gesserint,
1101 2180 1417 2250 postulatis?
1439 2179 1519 2255 0b
1543 2178 1595 2232 id
1622 2177 1764 2231 enim
1793 2185 1848 2230 et
1872 2190 2037 2246 agnos
2057 2174 2277 2229 dextros

676 2276 904 2329 collocat
930 2274 949 2343 (
975 2273 1159 2326 Matth.
1183 2271 1273 2344 25‘.
1301 2272 1370 2325 '53
1390 2268 1432 2340 ),
1477 2278 1531 2324 et
1559 2266 1865 2331 collaudat,
1896 2266 2026 2320 etin
2056 2276 2275 2334 regnum

677 2368 942 2431 admittit,
976 2382 1079 2419 non
1129 2363 1270 2434 quod
1316 2363 1488 2416 aliena
1533 2377 1637 2415 non
1680 2360 1975 2430 rapuerint,
2009 2357 2101 2413 sed
2134 2349 2275 2426 quod

677 2458 836 2513 etiam
868 2472 961 2511 sua
1002 2456 1120 2509 aliis
1164 2454 1415 2523 itupertiti
1464 2453 1569 2506 sint
1604 2461 1699 2506 :ct
1743 2466 1865 2505 eum
1908 2450 1993 2504 cui
2042 2448 2278 2518 quinque

680 2553 876 2605 talenta
906 2548 1221 2604 credidisset
1247 2545 1609 2611 commendat,
1640 2560 1746 2599 non
1778 2542 1921 2613 quod
1952 2556 2059 2596 non
2090 2541 2271 2595 immi-

683 2643 921 2705 nuisset,
956 2639 1047 2693 sed
1089 2637 1227 2708 quod
1259 2637 1521 2692 creditum
1554 2636 1826 2699 auxisset,
1857 2649 1920 2688 ac
1950 2633 2277 2702 duplicatum

677 2729 975 2802 depositum
1017 2730 1287 2785 redderet.
1328 2728 1617 2797 Quousque
1648 2727 1809 2793 igitur
1856 2738 1961 2778 non
2007 2722 2278 2777 desistctis

677 2826 873 2881 frustra
904 2838 1121 2878 currere
1141 2864 1156 2889 ,
1188 2822 1541 2892 nequicquam
1572 2821 1815 2874 laborare
1837 2859 1852 2885 ,
1896 2828 2100 2872 temere
2126 2816 2278 2886 pugi-

680 2916 789 2970 latu
815 2923 1044 2978 certare,
1072 2928 1251 2968 aerem
1281 2913 1572 2977 verberare
1600 2910 1859 2980 (Philipp.
1883 2908 1938 2962 2.
1970 2909 2063 2971 l0;
2095 2909 2118 2961 l
2158 2908 2275 2961 Cor.

679 3007 731 3062 9.
756 3006 886 3076 26)?
908 3007 1082 3075 Atque
1109 3005 1312 3059 utinam
1340 3003 1542 3057 frustra
1570 3002 1730 3057 modo
1755 3020 1767 3055 :
1793 3002 1891 3056 etsi
1921 3018 2027 3057 non
2062 3000 2265 3056 medio-

679 3097 784 3151 eris
812 3098 1007 3167 utique
1047 3110 1204 3165 ptena
1248 3104 1368 3161 cst,
1411 3094 1501 3164 qui
1530 3094 1768 3165 graviter
1811 3093 2195 3157 laboraverint,
2223 3102 2278 3149 et

680 3188 958 3257 prtemium
1000 3196 1219 3257 sperent
1265 3184 1537 3240 laboribus
1583 3185 1784 3253 majus,
1822 3198 1981 3254 quem
2008 3183 2149 3239 diem
2177 3183 2278 3239 sibi

681 3280 969 3350 gloriosum
1003 3278 1118 3334 fore
1142 3279 1358 3345 ducant,
1388 3293 1454 3333 eo
1486 3278 1625 3332 inter
1652 3278 1910 3347 inglorios
1939 3278 2147 3337 haberi:

755 3372 819 3427 ll.
871 3371 1150 3427 [hereticos
1192 3371 1492 3443 virginitatis
1533 3370 1685 3424 etiam
1719 3368 1893 3439 posuit;
1940 3372 2175 3439 pendere.
2207 3400 2279 3410 —

684 3462 838 3521 Nunc
862 3479 969 3518 non
995 3464 1045 3517 id
1074 3463 1245 3518 solum
1272 3462 1467 3516 malum
1498 3470 1608 3525 est,
1637 3476 1809 3531 neque
1846 3460 1891 3515 is
1918 3462 2035 3530 ejus
2056 3450 2278 3530 jactura:

685 3556 915 3621 modus,
965 3563 1025 3609 ut
1064 3552 1294 3612 fructum
1334 3552 1539 3607 nullum
1586 3550 1816 3616 faciant,
1863 3551 1958 3606 sed
2013 3551 2281 3620 excipient

682 3648 782 3701 alia
811 3646 981 3701 multo
1002 3645 1067 3700 iis
1085 3627 1350 3716 graviora,
1382 3641 1519 3712 ig’nis
1548 3640 1919 3706 inexstinctus,
1946 3641 2146 3694 vermis
2176 3643 2278 3695 im-

664 3738 947 3801 mortalis,
1002 3737 1240 3791 tencbrte
1289 3734 1623 3800 exteriores,
1665 3748 1938 3798 terumnae,
1984 3732 2276 3788 afﬂictatio.

677 3830 865 3900 itaque
915 3836 1128 3884 centum
1175 3826 1332 3881 nobis
1379 3825 1570 3896 linguis
1612 3832 1667 3880 et
1708 3825 1945 3894 angelica
1972 3825 2198 3895 quadam
2229 3826 2278 3879 vi

682 3935 819 3992 opus
845 3920 953 3984 sit,
986 3928 1046 3973 ut
1087 3918 1200 3972 Deo
1230 3933 1326 3988 pro
1368 3917 1483 3985 ejus
1522 3917 1573 3970 in
1614 3929 1712 3970 nos
1742 3920 1870 3969 cura
1903 3915 2092 3985 dignas
2121 3930 2280 3985 agere

683 4014 880 4084 gratias
909 4012 1201 4082 possimus;
1244 4024 1308 4063 ac
1337 4024 1406 4063 ne
1450 4010 1528 4063 sic
1571 4023 1784 4078 quoque
1827 4010 2141 4076 possimus;
2173 4024 2281 4078 quo

685 4115 840 4176 pacto
869 4103 1053 4160 enim?
1093 4101 1425 4173 Virginitatis
1460 4100 1612 4154 labor
1652 4110 1702 4155 et
1736 4100 1889 4155 nobis
1918 4108 1976 4155 et
2014 4101 2281 4156 hzercticis

686 4214 782 4268 par
809 4205 925 4261 est;
950 4205 1109 4265 atque
1136 4194 1239 4250 illis
1268 4194 1491 4249 fortasse
1516 4192 1682 4247 multo
1705 4193 1867 4248 etiam
1891 4192 2062 4261 major
2092 4210 2104 4246 :
2133 4193 2281 4247 labo-

686 4306 802 4346 rum
833 4289 1034 4345 fructus
1062 4288 1233 4357 impar
1260 4286 1353 4341 sed
1380 4286 1501 4340 illos
1531 4293 1587 4347 et
1611 4286 1841 4352 vincula,
1876 4296 1929 4340 et
1959 4286 2205 4358 lacrymae
2228 4294 2283 4340 et

687 4382 924 4453 ploratus
956 4389 1011 4436 et
1041 4378 1368 4434 immortales
1398 4386 1615 4432 manent
1644 4378 1945 4443 cruciatus;
1988 4392 2086 4432 nos
2115 4393 2280 4448 ange-

687 4485 859 4531 lorum
891 4484 1085 4541 sortes,
1124 4469 1417 4540 Splendida:
1447 4468 1712 4533 lucernaz,
1747 4476 1803 4523 et
1843 4467 1984 4538 quod
2016 4468 2282 4522 bonorum

685 4568 924 4622 omnium
965 4572 1122 4634 caput
1151 4572 1233 4617 est
1251 4602 1267 4627 ,
1308 4561 1488 4631 sponsi
1516 4558 1865 4640 consuetudo.
1894 4558 1998 4615 Sed
2020 4560 2281 4629 quamob-

687 4665 800 4714 re’m
847 4656 1162 4712 eormndcm
1209 4654 1451 4708 laborum
1518 4642 1782 4717 contraria
1832 4654 2055 4724 przemia
2123 4652 2283 4708 sunt?

687 4750 839 4819 Quod
870 4749 944 4803 illi
971 4745 1261 4811 sanciendo
1299 4744 1467 4815 legem
1497 4743 1688 4799 divinae
1723 4744 2082 4799 adversariam
2114 4744 2280 4823 virgi-

690 4843 915 4899 nitatem
936 4852 1060 4896 sunt
1087 4839 1315 4909 amplexi
1353 4856 1365 4891 :
1409 4853 1509 4893 nos
1544 4845 1602 4891 ut
1630 4836 1747 4906 ejus
1772 4836 2096 4892 voluntatem
2120 4851 2283 4905 exse-

688 4947 934 5007 quamur,
964 4932 1016 4987 id
1049 4932 1291 4988 facimus.
1322 4931 1488 4986 Deum
1524 4944 1750 4999 namque
1788 4928 1925 4984 velle
1964 4944 2151 4985 omnes
2180 4929 2281 4984 ho-

688 5028 860 5085 mines
880 5041 909 5080 a
933 5024 1181 5095 eonjugio
1205 5022 1495 5087 abstinere,
1518 5022 1562 5074 is
1586 5020 1736 5075 testis
1762 5030 1863 5084 est,
1891 5022 1978 5091 qui
2008 5021 2279 5075 Christum

692 5122 750 5175 in
776 5128 834 5175 se
862 5119 1166 5189 loquentem
1198 5116 1357 5170 habet
1384 5130 1399 5167 :
1437 5112 1565 5168 γοιο
1584 5114 1748 5177 enim,
1780 5114 1967 5183 inquit,
1991 5131 2163 5168 omnes
2183 5117 2279 5168 tto-

688 5213 847 5266 inines
870 5211 943 5271 sie
966 5224 1074 5263 esse
1092 5249 1109 5275 ,
1140 5218 1196 5261 ut
1223 5214 1483 5282 ego.sum,
1503 5205 1838 5261 continentes
1866 5205 1944 5273 (l.
1972 5204 2091 5261 Cor.
2115 5205 2170 5260 7.
2200 5206 2279 5278 7).

690 5303 798 5355 Sed
828 5301 1074 5355 salvator
1102 5301 1261 5356 nobis
1289 5315 1542 5371 parcens,
1575 5309 1629 5355 et
1662 5300 1911 5371 spiritum
1938 5310 2278 5373 promptum,

690 5406 910 5445 carnem
940 5390 1212 5446 inﬁrmam
1247 5377 1370 5447 esse
1398 5392 1579 5461 sciens
1600 5390 1929 5475 tuan/1.26.
1954 5394 2068 5465 41),
2100 5393 2153 5447 id
2178 5392 2282 5447 sub

690 5475 939 5544 pra-copti
980 5476 1350 5529 necessitatem
1376 5489 1481 5529 nou
1513 5476 1807 5541 conclusit,
1835 5477 1931 5531 sed
1954 5479 2071 5546 ejus
2100 5481 2278 5549 optio-

655 5621 659 5624 .
689 5583 810 5622 nem
834 5565 1026 5620 animis
1054 5564 1251 5619 nostris
1275 5564 1692 5641 permisittNaut
1718 5567 1763 5619 si
1795 5570 2163 5638 praescriptum
2189 5586 2282 5627 es-

688 5667 769 5714 set
796 5667 954 5728 atque
976 5657 1060 5713 lex
1080 5699 1096 5725 ,
1119 5657 1209 5727 qui
1242 5655 1294 5711 id
1326 5655 1696 5726 perfecissent,
1728 5657 1983 5715 honorem
2010 5666 2116 5717 neu
2148 5678 2281 5719 cou-

686 5759 1059 5820 scquercntur,
1085 5749 1189 5835 sed,
1221 5749 1354 5805 illud
1383 5750 1659 5819 audirent,
1687 5751 1912 5810 Fecistis
1936 5756 2077 5827 quod
2104 5756 2282 5816 facere

749 5865 776 5899 ι
794 5867 977 5927 'voees,
1001 5862 1125 5930 Quid
1148 5862 1261 5917 itas?
1282 5867 1333 5917 in
1354 5873 1467 5931 Reg.
1488 5866 1687 5919 desunt.

1390 410 1448 467 S.
1490 407 1770 466 JO.\NNlS
1799 402 2277 489 CllllYSOSTOlll
2321 405 2648 466 ARClllEP.
2690 410 3235 472 CONSTANTINOP.

3877 424 3983 478 555

2396 528 2654 585 debuistis
2695 532 2860 592 (Luc.
2895 534 2983 603 t7,
3036 533 3140 608 to)
3183 550 3197 585 :
3251 549 3422 605 neque
3455 536 3520 591 iis
3544 526 3630 607 qui
3674 553 3776 591 uou
3805 504 3990 593 essent

2390 625 2660 692 assequuti
2700 625 3086 694 ignosceretur,
3119 626 3211 680 sed
3253 629 3499 697 exlegum
3540 644 3727 698 pmnas
3757 629 3985 682 luerent.

2390 714 2541 770 Nunc
2589 731 2709 770 eum
2741 718 2952 782 dixerit,
2987 720 3087 787 Qui
3135 731 3294 790 potest
3323 738 3517 792 capere,
3552 726 3721 794 capiat
3770 724 3986 794 (Matth.

2360 808 2477 892 λθ.
2512 808 2649 879 19.),
2690 810 2778 879 qui
2838 826 2943 865 non
2974 822 3191 880 possent
3219 813 3356 866 haud
3392 813 3663 869 damnavit
3695 833 3706 867 :
3740 822 3828 884 qui
3861 831 3984 885 pos-

2389 908 2529 962 sent,
2556 901 2619 953 iis
2645 916 2804 970 grave
2833 912 2993 972 atque
3023 903 3208 973 ingens
3233 913 3508 959 certamen
3555 910 3847 974 proposuit.
3880 907 3975 959 Ita-

2386 1006 2491 1059 que
2512 1002 2565 1046 ct
2586 992 2802 1055 Paulus,
2842 992 3076 1063 Magistri
3102 994 3337 1063 vestigiis
3368 996 3641 1059 insidens,
3674 996 3748 1050 De
3771 998 3989 1066 virgini-

2388 1082 2478 1135 bus
2504 1083 2519 1113 ί
2547 1122 2561 1145 ,
2598 1082 2798 1152 inquit,
2840 1093 3141 1152 prwceptnm
3161 1084 3365 1139 Domini
3385 1104 3485 1140 non
3515 1088 3693 1155 habeo,
3716 1074 3991 1143 consilium

2388 1184 2556 1227 autem
2578 1174 2643 1227 do
2674 1174 2749 1245 (tl.
2775 1174 2891 1229 Cor.
2925 1177 2976 1229 7.
3005 1176 3119 1248 25).
3566 1160 3567 1163 η

2456 1263 2543 1317 Ill.
2588 1264 2903 1319 Matrimonii
2941 1266 3320 1321 detestationem
3361 1270 3604 1323 satanira:
3641 1271 3991 1324 immanitatis

2385 1372 2513 1410 esse.
2544 1386 2615 1397 —
2644 1359 2713 1411 At
2738 1372 2868 1411 ν.το
2899 1374 3071 1428 neque
3111 1358 3342 1414 Marcion
3365 1401 3381 1425 ,
3415 1377 3585 1431 neque
3633 1356 3944 1416 Valentinus
3968 1404 3985 1426 ,

2388 1462 2560 1517 neque
2598 1447 2777 1501 Manes
2806 1464 2924 1503 eam
2960 1450 3397 1505 moderationem
3439 1461 3723 1507 tenuerunt
3764 1471 3776 1505 :
3811 1468 3986 1522 neque

2384 1538 2528 1595 enim
2572 1538 2847 1601 Christum
2878 1540 2929 1594 in
2973 1555 3032 1596 se
3071 1541 3372 1611 loquentem
3419 1542 3718 1606 habebant,
3755 1545 3988 1613 qni'ovi-

2384 1630 2485 1687 bus
2518 1632 2630 1686 suis
2670 1632 2873 1701 parcit,
2913 1641 2965 1686 et
2996 1648 3092 1701 pro
3120 1633 3184 1686 iis
3224 1633 3383 1687 vitam
3418 1634 3673 1701 impendit
3695 1677 3710 1695 .
3744 1634 3835 1688 sed
3880 1634 3989 1687 hu-

2390 1718 2646 1771 micidam
2677 1717 3137 1780 illum,mendacii
3164 1727 3442 1786 parentem
3471 1712 3655 1788 (Joan.
3690 1718 3776 1773 10.
3810 1720 3897 1785 11;
3921 1723 3983 1772 ὃν.

2389 1809 2504 1879 44).
2525 1810 2707 1879 Itaque
2735 1811 2827 1878 qui
2859 1827 2917 1865 se
2950 1811 3222 1873 audirent,
3257 1825 3448 1865 omnes
3478 1810 3852 1881 perdiderunt,
3881 1825 3984 1863 eos

2393 1888 2481 1958 hic
2510 1903 2794 1958 inutilibus
2822 1913 2985 1971 atque
3013 1903 3692 1958 intoleranclisrlaboribus
3724 1918 3984 1972 premen-

2392 2002 2492 2056 tes,
2526 1994 2635 2048 illic
2656 1993 2711 2047 in
2730 2002 2977 2063 paratum
2999 1992 3103 2047 sibi
3127 1994 3303 2062 ignem
3334 2009 3440 2047 una
3463 2009 3649 2048 secum
3676 1986 3979 2046 trahentes.

2455 2086 2544 2141 1V.
2602 2086 2880 2140 Hazretiros
2932 2086 3150 2155 virgines
3208 2087 3359 2139 etiam
3399 2088 3631 2157 gentibus
3700 2087 3988 2139 miseriores

2382 2194 2507 2232 esse.
2534 2208 2607 2218 —
2625 2176 2669 2233 Ο
2699 2192 2794 2231 vos
2823 2178 2982 2231 etiam
3012 2176 3260 2246 gentibus
3284 2177 3620 2232 miseriores!
3648 2194 3766 2230 nam
3792 2186 3988 2246 gentes

2381 2267 2596 2337 quidem
2628 2267 2728 2321 etsi
2750 2267 3009 2336 gehennae
3035 2268 3290 2337 supplicia
3320 2276 3656 2336 exspectant,
3685 2277 3739 2322 at
3761 2268 3843 2322 hic
3867 2268 3982 2320 stilo

2378 2368 2489 2413 tem
2522 2359 2840 2428 voluptatem
2871 2358 3066 2426 nuptiis
3096 2358 3494 2427 frequentandis
3516 2401 3530 2422 ,
3566 2360 3784 2427 pecunia
3814 2369 3981 2412 crete-

2382 2450 2562 2517 risque
2587 2450 2705 2503 vita:
2735 2451 3084 2504 suavitatibus
3110 2452 3422 2516 tractandis,
3449 2452 3665 2520 capiunt
3697 2470 3709 2505 :
3743 2468 3837 2505 vos
3867 2462 3983 2504 tor-

2383 2551 2563 2595 menta
2607 2550 2661 2595 et
2705 2556 2972 2595 mrumnas
3018 2541 3317 2612 utrobique,
3349 2552 3402 2596 et
3434 2542 3519 2596 hic
3547 2551 3757 2611 sponte.
3790 2552 3840 2596 ct
3875 2543 3986 2596 illic

2383 2634 2531 2689 inviti
2581 2634 2874 2688 sustinetis.
2908 2633 3013 2687 Illis
3065 2649 3163 2704 pro
3187 2634 3391 2703 jejunio
3439 2643 3494 2688 et
3537 2634 3836 2702 virginitate
3882 2642 3987 2689 n'ee

2383 2724 2686 2779 mercedem
2712 2726 2903 2779 tribuat
2927 2726 3230 2795 quisquam,
3263 2741 3362 2779 nec
3389 2725 3709 2795 supplicium
3739 2726 3935 2794 irrogct
3962 2743 3978 2778 :

2384 2833 2480 2872 vos
2501 2832 2727 2888 quorum
2767 2819 2983 2873 nomine
3012 2820 3300 2884 immensas
3327 2804 3508 2873 laudes
3542 2819 3788 2888 speratis,
3817 2818 3886 2871 ob
3913 2831 3985 2871 ea

2383 2919 2651 2964 extremas
2684 2925 2869 2978 poenas
2898 2910 3079 2973 luetis,
3126 2918 3181 2964 et
3210 2925 3329 2963 cum
3358 2909 3475 2963 aliis
3506 2909 3766 2976 audietis,
3794 2909 3950 2973 Disce

2384 3000 2489 3053 dite
2516 3016 2546 3052 a
2571 3016 2650 3052 me
2668 3001 2720 3052 in
2740 3000 2905 3070 ignem
2935 3010 3192 3063 retentum,
3229 3010 3464 3069 paratum
3486 3001 3687 3054 diabolo
3710 3011 3756 3053 et
3784 3000 3984 3069 angelis

2385 3092 2494 3162 ejus
2525 3090 2735 3161 (Matth.
2762 3091 2853 3147 25.
2886 3091 2999 3162 41),
3031 3108 3150 3146 cum
3182 3091 3280 3146 hoc
3310 3101 3488 3146 vestro
3514 3092 3716 3161 jejunio
3746 3101 3796 3146 et
3820 3091 3951 3158 virgi
3981 3122 3984 3125 η

2384 3184 2570 3238 nitate.
2594 3183 2725 3237 Nam
2758 3200 2855 3239 nec
2874 3185 3131 3254 jejunium
3152 3225 3168 3249 ,
3208 3199 3305 3239 nec
3332 3185 3607 3265 virginitas
3638 3200 3732 3254 per
3761 3200 3818 3238 se
3839 3184 3981 3237 bona

2383 3279 2469 3331 vel
2501 3278 2638 3331 mala
2670 3287 2815 3341 sunt,
2845 3280 2937 3332 sed
2966 3261 3033 3332 ex
3060 3293 3242 3333 eorum
3274 3279 3359 3344 qui
3396 3294 3455 3332 ea
3489 3261 3742 3332 exercent
3783 3291 3985 3345 propo-

2386 3373 2489 3427 sito
2519 3372 2835 3426 alterutrum
2869 3370 3025 3425 fiunt.
3055 3371 3120 3424 Et
3146 3371 3392 3439 gentibus
3427 3371 3749 3424 infructuosa
3779 3386 3841 3424 ca
3868 3371 3983 3423 vir-

2386 3475 2469 3519 tus
2497 3474 2580 3521 est
2605 3482 2617 3518 :
2652 3481 2759 3519 non
2791 3465 2992 3520 habent
3020 3465 3159 3519 enim
3184 3479 3331 3518 suam
3356 3464 3680 3529 mercedem,
3703 3463 3843 3533 quod
3873 3478 3981 3516 non

2388 3557 2478 3611 Dei
2523 3566 2666 3612 metu
2706 3572 2823 3612 eam
2856 3556 3085 3611 obierint
3115 3573 3127 3607 :
3168 3569 3265 3607 vos
3293 3556 3378 3624 qui
3419 3555 3557 3609 bello
3598 3570 3718 3607 cum
3754 3554 3862 3608 Deo
3889 3568 3987 3623 ge-

2384 3646 2572 3715 rendo,
2604 3659 2762 3719 atque
2782 3650 2900 3719 ejus
2926 3648 3177 3717 operibus
3203 3647 3549 3702 eriminandis
3575 3664 3691 3702 eam
3718 3648 3984 3714 obieritis,

2379 3746 2491 3796 non
2523 3740 2683 3795 modo
2728 3740 3030 3795 mercedem
3056 3748 3301 3793 'vestram
3350 3754 3455 3791 non
3509 3738 3752 3802 habetis,
3802 3737 3893 3791 sed
3926 3747 3987 3791 et

2387 3833 2739 3902 plectemini':
2772 3847 2834 3886 ac
2875 3832 3014 3902 quod
3061 3832 3252 3885 attinet
3294 3830 3357 3883 ad
3402 3830 3687 3899 dogmata,
3718 3846 3837 3882 cum
3880 3830 3986 3885 illis

2385 3924 2873 3996 cettsebimini,'qui
2908 3924 3129 3991 perinde
3154 3932 3311 3992 atque
3337 3922 3580 3991 gentiles.
3605 3938 3733 3977 vero
3761 3922 3871 3975 Deo
3894 3936 3983 3975 re~

2382 4018 2545 4087 jecto,
2575 4019 2795 4073 deorum
2829 4017 3216 4071 multitudinem
3251 4017 3557 4069 iuvexeritis
3589 4033 3600 4067 :
3639 4015 3778 4084 quod
3806 4015 3870 4069 ad
3900 4014 3980 4067 vi-

2388 4116 2495 4163 tam
2523 4119 2723 4173 autem,
2757 4109 2947 4162 melius
2968 4124 3088 4162 cmn
3118 4108 3226 4161 illis
3255 4123 3413 4176 quam
3445 4107 3717 4162 vobiscum
3746 4116 3933 4176 agetur
3964 4124 3979 4161 :

2387 4215 2511 4253 nam
2540 4199 2643 4253 illis
2672 4200 2771 4253 hoc
2802 4200 2973 4253 solum
3002 4199 3180 4253 damni
3209 4210 3321 4265 est,
3364 4199 3492 4252 nihil
3527 4199 3651 4253 boni
3692 4201 3981 4268 consequi,

2376 4289 2539 4343 ’vohis
2565 4291 2723 4345 etiam
2748 4291 3002 4359 supplicia
3039 4296 3144 4359 pati
3168 4308 3181 4343 :
3211 4299 3370 4360 atque
3399 4292 3501 4345 illis
3528 4291 3579 4345 in
3596 4290 3707 4346 ‘hac
3735 4293 3836 4344 vita
3869 4308 3985 4343 ont-

2389 4382 2545 4436 nibus
2572 4383 2671 4437 frui
2716 4384 2880 4443 licuit,
2912 4398 3007 4436 vos
3035 4381 3273 4451 utrisque
3311 4384 3526 4451 caretis.
3564 4384 3645 4436 Au
3694 4399 3848 4451 pmna
3879 4384 3984 4437 ulla

2386 4476 2600 4545 gravior
2627 4490 2744 4532 esse
2774 4485 2967 4543 potem,
2991 4489 3147 4543 quam
3178 4473 3431 4542 supplicia
3458 4473 3699 4527 labormu
3732 4458 3794 4528 ac
3818 4474 3984 4528 sudo-

2388 4582 2506 4621 rum
2536 4569 2807 4634 prtcmium
2837 4566 3063 4635 capere?
3091 4565 3331 4627 Adulter,
3356 4565 3721 4629 defraudator,
3744 4583 3833 4636 qut
3855 4567 3987 4620 alie-

2390 4676 2454 4714 na
2498 4661 2731 4716 suaviter
2754 4660 3066 4729 abliguriat,
3102 4667 3156 4712 et
3199 4650 3427 4727 proximi
3455 4658 3591 4712 bona
3619 4660 3808 4733 rapiat,
3840 4658 3985 4711 sola-

2392 4752 2519 4824 tium
2544 4749 2756 4820 aliquod
2788 4749 3004 4814 habent,
3034 4750 3193 4803 breve
3224 4748 3274 4801 id
3302 4749 3537 4818 quidem,
3562 4749 3655 4803 sed
3685 4749 3877 4803 habent
3904 4759 3985 4801 ta-

2390 4861 2553 4912 men,
2602 4844 2742 4915 quod
2771 4859 2955 4898 eorum
2987 4843 3202 4897 nomine
3250 4844 3572 4913 p'ectantur,
3622 4858 3846 4911 quorum
3902 4842 3987 4896 hic

2389 4940 2618 4995 fructum
2663 4937 2982 4991 habuerunt.
3014 4938 3080 4990 At
3108 4936 3197 5005 qui
3229 4945 3591 5004 patmerIatcm
3637 4943 3827 5004 Sponte
3848 4932 3981 4998 init,

2390 5043 2449 5089 ut
2480 5033 2585 5087 illic
2624 5031 2997 5100 locupletetttr,
3035 5030 3125 5099 qui
3166 5028 3486 5099 virginitatis
3515 5029 3725 5082 labores
3745 5069 3760 5094 ,
3791 5038 3848 5080 ut
3878 5027 3987 5082 illic

2390 5140 2511 5181 cum
2543 5123 2746 5195 angelis
2788 5123 3015 5179 choreas
3041 5123 3234 5176 ducat:
3275 5122 3319 5176 is
3357 5121 3399 5181 si
3442 5108 3665 5190 repente
3691 5136 3752 5174 ac
3796 5129 3989 5189 prrrter

2390 5231 2606 5272 onmem
2636 5216 3089 5284 exspectationem
3112 5215 3181 5269 ob
3207 5229 3267 5265 ea
3300 5228 3486 5281 pennas
3512 5212 3623 5277 det,
3655 5211 3725 5266 ob
3747 5214 3864 5281 quae
3900 5211 3985 5264 itt-

2390 5323 2521 5379 gens
2547 5308 2823 5378 praemium
2855 5301 3158 5375 speraverat
3180 5348 3193 5369 ,
3225 5305 3494 5358 infandum
3528 5314 3783 5375 quantum
3811 5319 3874 5359 ex
3906 5303 3989 5356 in-

2391 5410 2605 5473 sperato
2638 5409 2829 5456 eventu
2869 5400 3111 5454 dolorem
3141 5382 3336 5468 capiat.
3383 5399 3491 5468 Ego
3519 5399 3661 5453 enim
3700 5408 3821 5453 eum
3850 5412 3987 5452 con-

2390 5494 2613 5550 scientia
2640 5508 2791 5563 seque
2825 5502 2985 5562 atque
3024 5491 3233 5545 flamma
3264 5492 3553 5545 crueiatum
3596 5491 3660 5544 iri
3684 5490 3985 5569 ‘existimo,

2391 5602 2511 5643 cum
2544 5588 2597 5641 in
2627 5596 2859 5641 mentem
2883 5584 3078 5649 veniet,
3102 5583 3192 5655 qui
3219 5598 3396 5653 parem
3421 5598 3601 5637 secum
3631 5581 3868 5641 laborem
3900 5595 3992 5634 ce-

2390 5680 2591 5751 perint,
2618 5693 2738 5733 cnm
2781 5678 2996 5734 Christo
3036 5676 3230 5747 degere
3260 5693 3272 5730 :
3307 5690 3364 5730 se
3412 5684 3589 5729 autem
3614 5715 3629 5741 ,
3654 5672 3727 5727 ob
3756 5689 3873 5742 qure
3916 5673 3989 5727 illi

2457 5815 2473 5847 ι
2510 5820 2639 5870 Hice,
2667 5810 2727 5870 de
2752 5806 3033 5870 virginibus,
3071 5806 3251 5859 desunt
3295 5809 3341 5857 in
3366 5805 3531 5858 litorei.
3568 5814 3619 5857 et
3650 5799 3872 5867 Plautia,
3898 5806 3988 5855 sed

2393 5868 2637 5927 habentur
2661 5868 2870 5923 iu‘savil.
2898 5872 3019 5921 etin
3044 5877 3160 5932 Reg.
