4206 6324
100 61 443 439 F
356 282 363 299 1
448 59 459 269 I

164 394 183 409 ιη
319 403 330 410 .

190 410 221 419 ντ-
301 410 311 433 ’
330 405 349 437 )
1106 414 1108 418 .

242 496 304 551 δέ
328 498 445 547 ἐστι
488 491 551 546 τὸ
583 492 711 555 τοὺς
738 488 969 561 ἐχθροὺς
991 490 1231 560 ἀγαπᾷν.
1268 483 1421 540 Ἐπεὶ
1448 482 1542 540 οῦν
1568 484 1836 539 πάντοθεν

245 582 376 651 ήμῖν
410 576 573 631 τοῦτο
605 574 1080 646 συνωμολόγηται,
1129 572 1537 626 παυσάσθωσαν
1576 572 1753 641 μάτην
1786 570 1835 638 οἱ

245 663 520 734 ιῑρετικοὶ
567 658 863 722 κόπτοντες
906 658 1163 721 ἑαυτούς·
1211 657 1401 711 οὐδένα
1435 656 1545 727 γὰρ
1570 652 1832 723 λήψονται

247 746 461 815 μισθόν
475 746 578 798 οὑκ
595 742 783 815 ἐπειδὴ
803 746 831 796 ό
847 742 1052 813 Κύριος
1068 741 1271 806 ἀδικος,
1292 740 1494 810 ἄπαγε,
1515 739 1631 793 ἀλλ’
1649 736 1837 807 ἐπειδὴ

243 830 401 885 αὐτοὶ
448 827 771 899 ἀγνώμονες
806 827 901 880 καὶ
940 826 1189 898 πονηροί.
1232 827 1385 891 Πῶς;
1436 823 1837 877 Ἀποδέδεικται

250 914 527 984 μηδεμίαν
555 912 772 966 κεῖσθαι
793 910 1003 981 δωρεὰν
1035 912 1173 985 μόνῃ
1192 913 1259 982 τῇ
1274 909 1384 963 τῶν
1408 908 1628 979 φαύλων
1649 908 1797 977 φυγῇ
1819 922 1833 936 ⁸

244 997 342 1050 τὸν
396 997 453 1050 δε
496 995 678 1065 γάμον
722 993 879 1047 αὑτοὶ
916 993 1121 1063 φαῦλον
1152 993 1475 1064 νομίσαντες
1512 990 1687 1053 οὑτως
1708 988 1839 1056 ἐφυ-

245 1097 381 1147 γονο
422 1079 543 1143 πῶς
578 1074 673 1133 οὖν
705 1078 848 1150 ὑπὲρ
873 1078 975 1148 τῆς
1015 1076 1125 1131 τῶν
1172 1076 1392 1145 φαύλων
1433 1074 1840 1144 ἀναχωρήσεως

244 1165 573 1237 δυνήσονται
601 1162 798 1234 μισθὸν
828 1162 1115 1224 ἀπαιτεῖνς
1144 1159 1357 1231 Ὥσπερ
1378 1158 1489 1229 γὰρ
1513 1159 1671 1228 ἡμεῖς
1697 1152 1839 1226 ὑπὲρ

244 1249 344 1303 τοῦ
370 1236 458 1320 μὴ
498 1246 772 1319 μοιχεύειν
803 1243 1198 1315 στεφανοῦσθαι
1243 1245 1344 1297 οὑκ
1381 1241 1709 1312 ἀξιώσομεν,
1744 1236 1838 1293 οῦ-

243 1351 361 1396 τως
392 1333 516 1386 οὑδέ
542 1332 683 1402 ὑπὲρ
698 1330 792 1384 τοῦ
822 1331 896 1402 μή
915 1333 1115 1400 γαμεῖν
1146 1330 1362 1382 ἐκεῖνοι.
1407 1328 1554 1392 Ἐρεῖ
1574 1326 1682 1396 γάρ
1703 1324 1841 1395 πρὸς

247 1418 453 1481 αὑτοὺς
470 1419 498 1469 ὁ
515 1419 633 1469 κατ’
652 1415 867 1485 ἐκείνην
884 1415 981 1485 τὴν
1012 1418 1042 1483 ἡ
1053 1414 1225 1485 μέραν
1247 1412 1449 1482 κρίνων
1470 1411 1617 1481 ἡμᾶς
1633 1422 1679 1450 ι’
1700 1407 1842 1475 Ἐγὼ

246 1502 351 1565 τὰς
385 1485 555 1571 τίμάς
594 1496 745 1569 [270]
770 1498 830 1550 οὑ
859 1500 973 1560 τοῖς
1004 1496 1113 1550 τῶν
1157 1494 1410 1567 πονηρῶν
1437 1492 1841 1564 ἁπεσχημένοις

245 1584 477 1637 τέθεικα
504 1584 664 1653 μόνον
696 1580 917 1652 (μικρὸν
939 1579 1047 1651 γάρ
1073 1580 1202 1651 παρ’
1221 1579 1347 1649 ἐμοὶ
1363 1576 1522 1631 τοῦτο
1547 1576 1607 1630 τὸ
1630 1575 1840 1657 μέρος),

246 1668 390 1722 ἀλλά
409 1669 539 1728 τοὺς
560 1667 780 1719 ἃπασαν
796 1664 1119 1726 ἐπελθόντας
1140 1660 1619 1733 ἀρετὴν,.τούτους
1636 1664 1714 1723 είς
1743 1659 1842 1729 τήν

248 1753 453 1820 ἀγήρω
499 1748 609 1801 τῶν
637 1747 883 1818 οὐρανῶν
918 1746 1125 1814 εἰσάγω
1166 1744 1556 1817 κληρονομίαν.
1599 1741 1725 1806 Πῶς
1750 1738 1845 1796 οὖν

250 1835 412 1905 ὑμεῖς
445 1834 680 1904 πρᾶγμα
702 1831 1015 1902 ἀκάθαρτον
1048 1832 1143 1883 καὶ
1172 1829 1364 1897 ἐναγὲς
1386 1823 1526 1881 εἶναι
1550 1827 1641 1895 τδν
1666 1828 1845 1897 γάμον

249 1916 601 1985 νομίσαντες,
634 1915 735 1984 τῆς
761 1913 872 1967 τῶν
912 1914 1124 1981 ἐναγῶν
1157 1912 1479 1981 ἀπαλλαγῆς
1517 1910 1589 1964 τὰ
1615 1911 1847 1982 κείμενα

247 2002 366 2062 τοῖς
408 1999 673 2070 ἐργάταις
703 1997 812 2050 τῶν
861 1992 1081 2065 ἀγαθῶν
1121 1998 1406 2050 ἀπαιτεῖτε
1454 1993 1701 2059 ἐπαθλα;
1746 1992 1846 2046 Διά

247 2081 413 2134 τοῦτο
433 2082 545 2151 γάρ
568 2082 659 2134 καὶ
688 2080 816 2142 τοὺς
840 2079 1010 2149 ἄρνας
1036 2086 1102 2136 ἐκ
1130 2079 1320 2145 δεξιῶν
1341 2078 1371 2119 δ
1399 2079 1600 2153 ἵστησι,
1636 2077 1732 2131 καὶ
1756 2077 1847 2129 εὑ-

250 2167 424 2233 λογεῖ,
474 2166 572 2218 καὶ
615 2165 698 2228 είς
735 2163 834 2235 τήν
870 2163 1149 2233 βασιλείαν
1210 2165 1441 2232 εἰσάγει,
1476 2162 1576 2231 οὑχ
1622 2162 1703 2214 ὅτι
1742 2160 1848 2231 οὑχ

247 2250 517 2318 ἥρπασαν
541 2248 610 2300 τά
641 2247 919 2317 ἀλλότρια,
943 2246 1155 2301 ἀλλ’ὅτι
1187 2247 1367 2300 καὶτά
1397 2246 1606 2299 ἑαυτῶν
1637 2244 1848 2315 ἐτέροις

249 2333 558 2401 διένειμαν.
581 2331 692 2388 Καὶ
716 2330 807 2382 τὸν
826 2330 895 2383 τά
921 2330 1083 2383 πέντε
1104 2330 1341 2385 τάλαντα
1359 2329 1414 2381 δὲ
1436 2327 1849 2399 ἐγχειρισθέντα

256 2415 614 2484 ἀποδέχεται,
645 2415 744 2483 οὑχ
770 2414 853 2467 ὅτι
875 2415 975 2467 οὑκ
998 2412 1286 2484 ἐμείωσεν,
1309 2412 1424 2464 ἀλλ’
1444 2415 1525 2465 ὅτι
1553 2411 1846 2465 ἐπλεόνασε

258 2498 325 2550 τὸ
355 2482 532 2563 δοθέν,
565 2482 659 2550 κάὶ
702 2482 899 2567 διπλῆν
932 2482 1043 2567 τὴν⁷
1062 2496 1535 2566 παρακαταθήκην
1576 2494 1846 2548 ἀπέδωκε.

198 2618 209 2621 Α
255 2582 443 2652 Μέχρι
479 2580 626 2643 τίνος
669 2576 761 2633 οὗν
806 2580 866 2633 οὐ
901 2580 1164 2651 στήσεσθε
1216 2579 1629 2651 τρέχοντες-είς
1671 2577 1848 2641 κενὸν,

254 2667 354 2717 καὶ
401 2665 711 2727 κοπιῶντες
760 2663 963 2734 μάτην,
1015 2664 1110 2717 καὶ
1164 2664 1289 2734 εἰκῆ
1330 2662 1716 2727 πυκτεύοντες,
1758 2663 1853 2716 καὶ

250 2749 351 2802 τὸν
380 2750 519 2820 ἀέρα
552 2749 833 2820 δέροντες;
880 2748 992 2800 Καὶ
1022 2747 1134 2802 εἴθε
1161 2747 1321 2818 μόνον
1353 2747 1503 2817 εἰκῆ,
1522 2746 1699 2800 καίτοι
1729 2744 1853 2799 οὑδέ

252 2833 420 2885 τοῦτο
448 2832 646 2904 μικρὸν
664 2832 744 2894 είς
770 2832 1054 2894 κολάσεως
1074 2831 1234 2900 λόγον
1252 2830 1315 2884 τὸ
1343 2830 1514 2885 πολλά
1547 2829 1848 2899 καμόντας,

259 2919 363 2969 καὶ
400 2917 624 2987 μείζονα
658 2915 772 2969 τῶν
817 2916 997 2969 πόνων
1063 2915 1549 2986 προσδοκήσαντας
1611 2911 1849 2975 ἐπαθλα,

254 3001 406 3053 κατά
421 3001 514 3052 τὸν
546 3000 738 3071 καιρὸν
763 3009 785 3036 ο
802 2997 904 3067 τῆς
921 3000 1087 3069 τιμῆς
1111 3000 1168 3051 ἐν
1191 3000 1302 3062 τοῖς
1332 2998 1548 3067 ἀτίμοις
1568 2994 1850 3064 τετάχθαι.

334 3085 408 3136 B'.
429 3084 456 3119 τί
472 3084 628 3137 Ἐστι
655 3081 713 3134 δὲ
741 3082 835 3134 νῦν
866 3082 925 3134 οὑ
947 3081 1104 3134 τοῦτο
1133 3081 1293 3151 μόνον
1314 3080 1375 3133 τὸ
1402 3080 1596 3142 δεινὸν,
1621 3077 1741 3132 οὑδὲ
1766 3076 1854 3148 μέ-

254 3184 356 3239 χρι
375 3167 469 3220 τοῦ
497 3167 571 3236 μὴ
602 3165 862 3235 κερδᾶναι
878 3166 947 3217 τά
964 3164 1062 3234 τῆς
1080 3164 1285 3234 ζημίας
1312 3164 1516 3225 αὑτοῖς,
1544 3162 1659 3215 ἀλλ’
1689 3162 1855 3232 ἔτερα

252 3251 448 3321 πολλῷ
472 3249 677 3302 τούτων
701 3247 976 3312 ἐκδέξεται
999 3247 1380 3319 χαλεπώτερα,
1400 3247 1463 3300 τὺ
1480 3245 1592 3317 πῦρ
1612 3246 1674 3299 τὸ
1691 3246 1854 3300 ἀσὸεο

258 3353 411 3400 στον,
451 3334 480 3386 6
515 3332 730 3404 σκώληξ
768 3335 797 3386 6
837 3331 1219 3402 ἀτελεύτητος,
1252 3332 1313 3384 τὸ
1344 3331 1533 3395 σκότος
1566 3331 1626 3384 τὸ
1658 3329 1855 3395 ἐξώτε-

256 3436 380 3488 ρον,
409 3420 443 3486 ή
482 3416 691 3486 θλῖψις,
728 3419 761 3486 ἡ
798 3415 1151 3485 στενοχωρία.
1181 3414 1343 3466 Ὠστε
1375 3415 1586 3486 μυρίων
1615 3416 1748 3485 ἡμῖν
1775 3414 1857 3468 δεῖ

258 3499 553 3569 στομάτων
577 3497 670 3551 καὶ
698 3498 797 3567 τῆς
826 3498 1074 3565 ἀγγέλων
1093 3496 1397 3565 δυνάμεως,
1420 3497 1507 3549 ἴνα
1533 3496 1854 3567 δυνηθῶμεν

254 3584 363 3651 τῆς
393 3584 474 3644 εἰς
500 3584 651 3652 ἡμᾶς
676 3580 1004 3651 κηδεμονίας
1039 3580 1393 3650 εὐχαριστίαν
1438 3579 1730 3631 ἀποδοῦναι
1777 3580 1856 3650 τῷ

255 3664 386 3736 Θεῷ
435 3664 531 3735 τὴν
583 3664 769 3729 ἀξίαν·
805 3664 1004 3734 μᾶλλον
1037 3663 1093 3716 δὲ
1118 3663 1240 3716 οὑδέ
1270 3662 1414 3715 οὑτω
1442 3662 1687 3716 δυνατόν.
1727 3662 1856 3726 Πῶς

256 3749 431 3818 γάρ;’
453 3748 511 3801 '0
540 3748 639 3819 μὲν
670 3751 829 3811 πόνος
860 3759 883 3786 θ
915 3747 1057 3818 ὑπὲρ
1106 3748 1205 3818 τῆς
1236 3746 1537 3817 παρθενίας
1582 3748 1714 3817 ήμῖν
1760 3748 1855 3799 καὶ

253 3836 379 3894 τοῖς
409 3833 707 3902 αίρετικοῖς
732 3831 865 3894 ἴσος,
894 3830 1034 3900 τάχα
1064 3830 1121 3883 δὲ
1142 3828 1236 3883 καὶ
1259 3829 1440 3899 πολλῷ
1474 3828 1676 3882 πλείων
1706 3829 1854 3882 ἐκεί.

255 3932 378 3977 νοις
399 3932 412 3944 ·
440 3916 469 3967 6
488 3914 543 3967 δὲ
590 3914 805 3983 καρπὸς
830 3912 937 3966 τῶν
970 3913 1149 3966 πόνων
1175 3912 1276 3965 οὑκ
1312 3912 1447 3976 ῖσος,
1480 3912 1594 3964 ἀλλ’
1623 3913 1855 3975 ἐκείνοις

262 3999 370 4068 μὲν
393 3996 567 4066 δεσμά
590 3997 683 4049 καὶ
702 3996 913 4067 δάκρυα
934 3996 1029 4050 καὶ
1057 3996 1297 4065 οἰμωγαὶ
1320 3997 1412 4048 καὶ
1439 3994 1500 4048 τὸ
1526 3994 1853 4060 κολάζεσθαι

257 4082 533 4148 ἀθάνατα,
559 4080 763 4151 ήμῖνδὲ
791 4082 847 4133 αἱ
877 4080 987 4132 τῶν
1015 4079 1262 4148 ἀγγέλων
1282 4079 1485 4149 λήξεις,
1518 4080 1612 4132 καὶ
1640 4080 1696 4133 αί
1726 4096 1854 4149 φαι-

257 4165 391 4237 δραὶ
420 4164 725 4235 λαμπάδες,
750 4166 843 4217 καὶ
865 4165 925 4217 τὸ
949 4165 1166 4219 πάντων
1193 4162 1488 4231 κεφάλαιον
1503 4162 1610 4215 τῶν
1634 4163 1853 4230 ἀγαθῶν

259 4250 297 4317 ἡ
343 4248 481 4317 μετά
504 4246 599 4299 τοῦ
632 4246 869 4316 νυμφίου
894 4247 1159 4317 διαγωγή.
1194 4247 1259 4298 Τί
1282 4246 1479 4315 δήποτε
1505 4241 1598 4299 οὖν
1619 4246 1727 4298 τῶν
1757 4246 1855 4299 αύ-

256 4330 377 4383 τῶν
423 4329 600 4381 πόνων
644 4331 862 4383 ἐναντία
897 4329 966 4383 τὰ
1006 4331 1290 4401 ἐπίχειρα;
1324 4329 1449 4381 Ὅτι
1486 4330 1684 4382 ἐκεῖνοι
1733 4329 1854 4400 μὲν,

261 4417 359 4467 ἵνα
384 4414 916 4484 ἀντινομοθετήσωσι
932 4414 1008 4485 τῷ
1030 4414 1283 4485 Θεῷ,τὴν
1301 4412 1601 4485 παρθενίαν
1626 4414 1851 4479 εἵλοντο,

258 4502 431 4570 ἡμεῖς
459 4497 515 4551 δὲ
544 4498 631 4551 ἵνα
652 4497 940 4567 ἀνύσωμεν
956 4499 1121 4551 αὑτοῦ
1152 4494 1473 4567 τίδ’θέλημα,
1492 4498 1651 4551 τοῦτο
1681 4500 1858 4568 πράτ-

256 4598 454 4651 τομεν.
488 4584 608 4634 ’Ότι
652 4582 761 4653 γὰρ
793 4584 822 4634 6
846 4583 978 4646 Θεὸς
1012 4582 1262 4652 βούλεται
1292 4582 1502 4645 πάντας
1535 4582 1856 4655 ἀνθρώπους

260 4667 576 4737 ἀπέχεσθαι
604 4667 810 4737 γάμου,
844 4669 936 4720 καὶ
972 4669 1183 4738 μάρτυς
1212 4664 1353 4719 ὁτὸνκ
1374 4666 1608 4738 Χριστὸν
1639 4667 1778 4738 έχων
1800 4670 1857 4720 ἐν

260 4750 450 4820 ἐαυτῷ
482 4750 747 4805 λαλοῦντα
768 4767 781 4780 ⁶
806 4752 1110 4821 Βούλομαι
1138 4751 1269 4822 γὰρ,
1310 4754 1464 4820 φησὶ,
1491 4750 1724 4817 πάντας
1753 4752 1859 4804 ἀν-

260 4834 541 4902 θρώπους
566 4833 720 4889 εἷναι
753 4836 832 4902 ὡς
861 4837 959 4890 καὶ
984 4837 1265 4905 ἐμαυτὸν,
1293 4837 1350 4889 ἐν
1385 4835 1701 4907 ἐγκρατείᾳ.
1736 4836 1860 4888 Φει-

258 4920 492 4989 δόμενος
541 4918 558 4957 τ
595 4920 653 4973 δὲ
705 4920 862 4992 ἡμῶν
902 4924 932 4975 6
971 4921 1165 4993 Σωτὴρ
1197 4922 1245 4985 ⁸,
1279 4922 1418 4973 «αι’
1450 4918 1607 4983 είδὼς
1671 4920 1753 4972 ὅτι
1796 4921 1859 4973 τὸ

262 5004 372 5074 μὲν
405 5003 620 5066 πνεῦμα
659 5004 960 5075 πρόθυμον,
1006 5007 1039 5075 ή
1078 5005 1134 5058 δὲ
1171 5004 1307 5075 σὰρξ
1349 5005 1603 5073 ἀσθενής,
1639 5005 1739 5056 οὑκ
1779 5006 1860 5068 εἰς
1934 5043 1942 5049 -

257 5086 488 5155 ἐντολῆς
522 5089 770 5156 ἀνάγκην
804 5087 865 5139 τὸ
919 5089 1154 5158 πρᾶγμα
1197 5086 1569 5149 κατέκλεισεν,
1613 5086 1727 5139 ἀλλ’
1762 5088 1861 5139 ἐπ-

258 5170 497 5245 έτρεψεν
529 5170 695 5222 αὑτοῦ
713 5169 812 5241 τήν
842 5171 1053 5240 αἵρεσιν
1082 5172 1201 5233 ταῖς
1228 5169 1527 5240 ἡμετέραις
1548 5170 1766 5240 ψυχαῖς.
1798 5171 1859 5222 Εἰ

248 5255 377 5321 Δγὶιρ
400 5248 469 5321 ἦν
494 5253 775 5323 ἐπίταγμα
802 5254 894 5305 καὶ
916 5253 1101 5323 νόμος,
1134 5254 1234 5305 οὑκ
1252 5253 1315 5307 ἂν
1330 5255 1383 5310 οι
1410 5253 1860 5324 κατορθώσαντες

262 5335 435 5404 τιμῆς
485 5334 829 5405 ἀπήλαυσαν,
878 5336 992 5389 ἀλλ’
1053 5337 1297 5407 ήκουσαν
1357 5337 1446 5403 ἂν,
1493 5340 1561 5390 Ἀ
1599 5337 1860 5406 ὠφείλετε

327 5477 354 5541 f
385 5475 541 5536 Ἣμᾶς
560 5476 705 5541 deest
725 5480 776 5527 in
803 5479 928 5541 Reg.

331 5536 622 5603 δ-ιὶεεηκαῖ
663 5540 727 5586 τὰ
761 5536 980 5597 πρόεἷιτα
1008 5542 1064 5590 ἐκ
1092 5542 1271 5597 δεξιῶν.
1310 5540 1438 5590 Infra
1463 5541 1513 5589 δέ
1559 5545 1672 5603 posl
1690 5540 1859 5590 τάλαν-

258 5614 325 5646 τα
349 5599 495 5648 doesl
516 5601 565 5647 in
592 5602 715 5661 Reg.

331 5664 355 5725 ξ
378 5661 507 5725 Erg:
531 5664 667 5709 solus
693 5663 871 5725 ἔπαθλα
892 5663 1119 5711 ἐνστάντα
1140 5664 1222 5710 τὸν
1239 5662 1420 5725 καιρόν.

327 5722 356 5787 ἁ
378 5722 544 5787 Ιιισῄἱη
573 5726 794 5784 margine
818 5724 943 5785 Reg.
959 5732 1012 5773 et
1030 5726 1180 5787 Savil.
1206 5722 1552 5787 argumentum
1575 5725 1779 5787 legitur,
1792 5725 1864 5774 ὅτι

257 5786 346 5849 καί
370 5784 650 5849 κολάζονται
675 5788 719 5832 οἱ
740 5784 966 5849 αἱρετικοὶ
986 5786 1064 5835 διὰ.
1079 5787 1135 5835 τὸ
1157 5784 1489 5847 παρθενεῦσαι.

323 5847 357 5909 ‘_
379 5848 499 5909 Heg.
530 5848 557 5909 6
582 5847 667 5907 μὲν
690 5863 779 5909 γαρ
794 5847 959 5903 πόνος.

330 5905 357 5971 ς
385 5905 504 5971 Reg.
533 5905 593 5955 ἐν
606 5905 856 5971 ἐγκρατείᾳ
881 5909 1116 5967 δηλονότι.
1140 5911 1274 5959 σίἐιδ.

325 5970 461 6020 δνὸὶις
485 5982 515 6020 e
542 5971 756 6033 Samio;
785 5970 953 6022 aberat
985 5973 1169 6037 Σωτήρ.
1191 5972 1325 6022 Enn.

1558 371 1645 426 DE
1682 363 2148 427 VIRGINITATE.

3386 390 3388 393 ν
3422 365 3525 423 556

1945 479 2192 549 ποιῆσαι,
2247 482 2611 553 πεποιήκατε,
2642 480 2767 535 οὔτε
2809 482 2859 534 οῑ
2908 479 3371 552 διαμαρτάνοντες
3394 500 3531 553 συγ-

1943 563 2169 635 γνώμης
2222 558 2432 635 ἔτυχον,
2488 565 2627 620 ἀλλά
2666 564 2767 637 τήν
2801 565 2912 619 τῶν
2958 564 3424 636 παρανομούντων
3467 568 3534 622 ἀν

1942 648 2258 718 ὑπέστησαν
2286 648 2444 720 δίκην
2465 666 2478 679 ⁸
2509 649 2605 705 νῦν
2636 649 2693 704 δὲ
2721 648 2916 708 εἰπὼν.
2960 649 3023 703 '0
3052 647 3391 720 δυνάμενος
3418 669 3535 720 χω·

1933 731 2066 796 ρεῖν
2093 726 2563 800 ,χωρείτωζτοὺς
2624 733 2724 804 μὲν
2777 732 2853 804 μή
2903 729 3239 804 δυναμένους
3280 734 3341 787 οὑ
3399 750 3536 788 κατ-

1942 813 2145 885 έκρινε,
2173 814 2281 868 τῶν
2327 816 2385 868 δὲ
2412 816 2729 887 δυναμένων
2759 816 2927 870 πολὺν
2967 817 3061 870 καὶ
3100 816 3409 888 ὑπέρογκον
3443 816 3539 871 τὸν

1938 899 2128 967 ἀγῶνα
2166 899 2438 966 ἀπέδειξε.
2480 899 2580 953 Διά
2612 900 2771 953 τοῦτο
2792 901 2887 954 καὶ
2921 902 2949 952 6
2980 899 3195 964 Παῦλος
3236 902 3359 954 κατ’
3391 901 3538 971 ἴχνος

1944 981 2140 1053 βαίνων
2163 982 2259 1037 τοῦ
2279 973 2636 1049 Διδασκάλουξ
2660 977 2801 1048 Περὶ
2816 976 2883 1030 δὲ
2898 977 3020 1035 τῶν
3034 982 3349 1053 παρθένων
3364 986 3394 1026 ιι
3411 986 3538 1039 ἐστι⁴

1939 1065 2134 1153 ταγὴν
2153 1067 2399 1134 Κυρίου,
2431 1067 2618 1140 φησὶν,
2648 1070 2762 1123 οὐκ
2788 1065 3200 1153 ἔχωηγνώμην
3215 1067 3284 1122 δὲ
3303 1069 3534 1140 δίδωμι.

2013 1150 2088 1218 Γ’.
2107 1162 2244 1215 Ἀλλ’
2259 1163 2380 1217 οὑδέ
2392 1164 2676 1235 Μαρκίων,
2691 1164 2812 1217 οὑδέ
2825 1150 3199 1232 Οὑαλεντῖνος,
3211 1166 3333 1221 οὑδέ
3344 1158 3537 1238 Μάνης
3574 1236 3579 1239 ι

1941 1247 2146 1319 ταύτης
2170 1249 2429 1319 ἠνέσχετο
2452 1251 2553 1330 ’τῆς
2576 1250 2939 1321 συμμετρίας.
2969 1250 3045 1303 Οὑ
3071 1250 3181 1322 γάρ
3210 1245 3356 1321 εἶχον
3382 1249 3536 1323 [271]

1945 1333 2003 1385 ἐν
2029 1334 2242 1397 ἑαυτοῖς
2269 1334 2535 1388 λαλοῦντα
2561 1334 2652 1387 τὸν
2684 1333 2942 1406 Χριστὸν,
2978 1333 3072 1387 τὸν
3096 1335 3206 1388 τῶν
3236 1336 3378 1389 ίδίων
3405 1353 3541 1408 προ-

1944 1415 2125 1470 ϐάτων
2151 1417 2491 1488 φειδόμενον,
2515 1417 2610 1471 καὶ
2629 1416 2728 1490 τὴν
2751 1416 2930 1489 ψυχὴν
2951 1417 3116 1471 αὑτοῦ
3143 1417 3365 1472 τιθέντα
3400 1420 3540 1491 ὑπὲρ

1944 1501 2146 1565 αὐτῶν,
2176 1499 2312 1567 ἀλλά
2344 1501 2434 1555 τὸν
2464 1500 2911 1572 ἀνθρωποκτόνον
2937 1500 3028 1553 τὸν
3061 1500 3156 1553 τοῦ
3185 1500 3418 1571 ψεύδους
3443 1521 3543 1557 παο

1943 1584 2100 1655 τέρα.
2123 1584 2223 1637 Διά
2249 1602 2333 1638 τοι
2354 1584 2513 1638 τοῦτο
2543 1585 2785 1648 καὶτοὺς
2817 1583 3175 1654 πειθομένους
3198 1586 3380 1650 αὑτοῖς
3410 1587 3545 1641 πάν·
3572 1636 3575 1641 .

1945 1685 2044 1732 τας
2079 1668 2390 1731 ἀπώλεσαν,
2438 1668 2695 1723 ἐνταῦθα’
2730 1669 2829 1739 μὲν
2874 1667 3073 1730 αὑτοὺς
3117 1670 3398 1741 ἀνονήτοις
3447 1674 3544 1728 καὶ

1948 1744 2243 1823 ἀφορήτοίς
2268 1751 2594 1823 βαρύνοντες
2627 1752 2834 1816 πόνοις,
2874 1754 2991 1806 ἐκεῖ
3028 1755 3083 1808 δὲ
3115 1756 3195 1822 είς
3226 1756 3288 1809 τὺ
3314 1758 3544 1829 ήτοιμαὶ

1951 1836 2153 1909 σμένον
2179 1836 2410 1899 ἐκείνοις
2442 1835 2557 1909 πῦρ
2590 1837 3151 1906 συγκατασπάσαντες
3177 1841 3412 1906 ἑαυτοῖς.

2018 1916 2092 1973 Δ’.
2129 1914 2199 1971 Ὦ
2215 1919 2310 1973 καὶ
2338 1919 2605 1990 Ἐλλήνων
2625 1920 2784 1990 ὑμεῖς
2797 1919 3138 1993 ἀθλιώτεροι·
3156 1924 3424 1995 Ἕλληνας
3445 1927 3543 1997 μὲν

1950 2002 2060 2075 γὰρ
2088 2006 2136 2056 εί
2161 2005 2256 2057 καὶ
2281 2004 2348 2058 τὰ
2376 2005 2475 2075 τῆς
2498 2003 2725 2075 γεέννης
2754 2005 3034 2076 ἐκδέχεται
3056 2006 3226 2073 δεινά,
3255 2009 3372 2063 ἀλλ’
3394 2011 3544 2081 ὅμως

1948 2088 2009 2140 τὸ
2040 2086 2171 2157 γοῦν
2210 2087 2447 2142 ἐνταῦθα
2492 2087 2848 2160 καρποῦνται,
2879 2090 2999 2161 ήδὺ,
3045 2091 3246 2162 γάμοις
3290 2093 3545 2164 ὁμιλοῦν-

1949 2188 2062 2236 τες,
2105 2172 2200 2225 καὶ
2230 2171 2532 2243 χρημάτων
2562 2170 2949 2238 ἀπολαύοντες,
2981 2175 3072 2227 καὶ
3104 2174 3204 2245 τῆς
3258 2176 3425 2247 άλλης
3452 2180 3548 2233 ἀν-

1951 2258 2120 2320 έσεως
2160 2259 2262 2327 τῆς
2303 2254 2590 2326 βιωτικῆς
2623 2257 2752 2327 ὑμῖν
2798 2257 2856 2310 δὲ
2897 2260 2963 2311 τὸ
3012 2257 3404 2328 βασανίζεσθαι
3452 2254 3547 2317 καὶ

1949 2340 2419 2412 ταλαιπωρεῖσθαι
2463 2340 2826 2412 ἑκατέρωθεν,
2875 2342 3111 2407 ἐνταῦθα
3164 2346 3263 2414 μὲν
3302 2345 3542 2411 ἑκοῦσιν,

1951 2425 2071 2477 ἐκεῖ
2105 2424 2161 2477 δὲ
2197 2426 2272 2494 μὴ
2307 2423 2669 2493 βουλομένοις.
2710 2425 2820 2478 Καὶ
2852 2425 3081 2497 Ἕλλησι
3116 2426 3217 2498 μὲν
3266 2429 3405 2502 ὑπὲρ
3448 2448 3547 2502 νη-

1954 2508 2137 2571 στείας
2171 2508 2267 2561 καὶ
2305 2507 2605 2579 παρθενίας
2646 2505 2769 2560 οὔτε
2830 2507 3031 2581 μισθὸν.
3065 2509 3228 2564 δώσει
3275 2530 3380 2577 τις,
3422 2513 3546 2567 οὔτε

1954 2590 2173 2653 κόλασις
2192 2590 2543 2644 ἀποκείσεται
2562 2605 2577 2619 ο
2605 2590 2762 2661 ὑμεῖς
2782 2590 2839 2644 δὲ
2869 2587 3011 2663 ὑπὲρ
3032 2586 3105 2646 ὧν
3128 2594 3354 2666 μυρίους
3379 2614 3549 2669 προσ-

1954 2676 2247 2746 εδοκήσατε
2288 2676 2565 2738 ἐπαίνους,
2604 2675 2746 2743 ὑπὲρ
2793 2676 2997 2729 τούτων
3038 2679 3139 2747 τὴν
3184 2680 3421 2752 ἐσχάτην
3452 2680 3551 2735 δὼ-

1956 2776 2077 2813 σετε
2099 2762 2111 2799 ί
2137 2759 2316 2827 δίκην,
2350 2759 2445 2811 καὶ
2472 2757 2612 2828 μετά
2632 2758 2741 2811 τῶν
2772 2758 2947 2835 ἀλλων
2978 2760 3301 2829 ἀκούσεσθε,
3344 2765 3553 2819 Ἀπέλο

1955 2844 2085 2895 θεῖε
2122 2843 2223 2896 ἀπ’
2271 2841 2419 2909 ἐμοῦ
2459 2844 2548 2908 εὶς
2575 2840 2642 2895 τὸ
2667 2841 2787 2910 πῦρ
2830 2843 2898 2896 τὸ
2939 2844 3181 2899 αἰώνιον
3210 2845 3278 2900 τὸ
3308 2848 3552 2917 ἡτοιμα-

1955 2925 2187 2995 σμένον
2216 2924 2295 2990 τῷ
2325 2923 2586 2988 διαϐόλῳ
2624 2926 2721 2979 καὶ
2756 2925 2882 2991 τοῖς
2910 2926 3188 2995 ἀγγέλοις
3220 2930 3432 2993 αὑτοῦ,
3467 2931 3552 2986 ὅτι

1955 3008 2341 3081 ὲνηστεύσατε,
2372 3008 2456 3062 ὅτι
2477 3008 2941 3079 ἐπαρθένεύσατε.
2981 3011 3045 3063 Ἡ
3075 3011 3185 3083 γὰρ
3211 3013 3432 3084 νηστεία
3456 3016 3553 3067 καὶ

1953 3098 1987 3166 ἠ
2031 3093 2301 3166 παρθενία
2344 3094 2466 3148 οὔτε
2499 3092 2669 3149 καλὸν
2690 3092 2814 3149 καθ’
2846 3094 3025 3158 ἑαυτὸ,
3059 3094 3182 3149 οὔτε
3216 3097 3406 3164 κακὸν,
3435 3098 3554 3152 ἀλλ’

1956 3180 2065 3234 ἀπὸ
2095 3180 2193 3249 τῆς
2220 3180 2330 3232 τῶν
2362 3180 2656 3246 μετιόντων
2699 3178 3075 3253 προαιρέσεως
3109 3181 3373 3251 ἑκάτερον
3406 3182 3553 3251 γίνε-

1955 3279 2065 3331 ται.
2095 3264 2203 3316 Καὶ
2233 3262 2459 3334 Ἕλλησι
2489 3265 2587 3334 μὲν
2617 3264 2865 3335 ἄκαρπος
2894 3267 2928 3336 ή
2956 3266 3179 3339 τοιαύτη
3208 3266 3411 3343 ἀρετή·
3454 3274 3554 3327 ἀπ.

1958 3350 2144 3421 έχουσι
2177 3349 2286 3420 γὰρ
2329 3348 2510 3404 αὑτῶν
2556 3349 2649 3402 τὸν
2684 3349 2897 3419 μισθὸν,
2940 3351 3029 3403 ὅτι
3072 3352 3148 3423 μὴ
3194 3353 3282 3406 διὰ
3325 3355 3417 3408 τὸν
3456 3357 3551 3409 τοῦ

1955 3435 2093 3488 Θεοῦ
2142 3434 2306 3504 φόϐον
2350 3431 2615 3503 μετῆλθον
2662 3433 2869 3504 αὑτήν·
2915 3433 3075 3504 ὑμεῖς
3107 3433 3162 3487 δὲ
3201 3435 3285 3507 ὅτι
3329 3436 3406 3507 τῷ
3435 3438 3552 3509 Θεῷ

1960 3518 2281 3591 μαχόμενοί
2302 3517 2397 3570 καὶ
2431 3516 2813 3579 διαϐάλλοντες
2848 3517 3015 3571 αὑτοῦ
3048 3517 3119 3571 τὰ
3156 3516 3453 3591 κοίσματα,
3489 3523 3551 3576 οὑ

1960 3602 2121 3675 μόνον
2153 3603 2387 3671 ἀπέχετε
2416 3601 2506 3654 τὸν
2554 3602 2744 3672 μισθὸν
2776 3601 2949 3672 ὑμῶν,
2980 3602 3116 3656 ἀλλά
3148 3604 3245 3656 καὶ
3279 3603 3553 3675 κολασθή-

1960 3687 2140 3745 σεσθε.
2167 3686 2261 3739 καὶ
2280 3685 2569 3756 δογμάτων
2597 3687 2695 3756 μὲν
2724 3686 2910 3738 ἐνεκεν
2942 3688 3065 3755 μετ’
3092 3687 3318 3743 ἐκείνων
3338 3690 3553 3755 τετάξε-

1959 3769 2073 3834 σθε,
2109 3770 2191 3823 ὅτι
2235 3769 2439 3839 ὁμοίως
2483 3769 2671 3833 αὑτοῖς
2715 3768 2806 3822 τὸν
2852 3768 2982 3822 ὄντα
3020 3768 3152 3821 Θεὸν
3186 3770 3554 3844 ἀθετήσαντες

1960 3854 2251 3908 πολυθεῖαν
2314 3854 2677 3924 είσηγάγετεο
2736 3852 2839 3922 τῆς
2891 3853 2948 3906 δὲ
2994 3853 3289 3919 πολιτείας
3342 3856 3551 3921 ἕνεκεν,

1957 3939 2182 4009 ἄμεινον
2220 3938 2374 4009 ὑμῶν
2398 3940 2598 3991 ἐκεῖνοι
2622 3937 2912 4007 πράξουσι.
2936 3939 3072 4001 Τοῖς
3104 3938 3203 4008 μὲν
3237 3940 3347 4012 γὰρ
3386 3943 3418 4011 ή
3453 3943 3553 4013 ζη-

1961 4023 2057 4093 μία
2095 4023 2256 4092 μέχρι
2284 4020 2380 4081 τοῦ
2417 4021 2583 4091 μηδὲν
2619 4019 2805 4073 λαϐεῖν
2840 4021 3066 4089 ἀγαθὸν,
3102 4022 3229 4092 ὑμῖν
3257 4023 3312 4077 δὲ
3338 4024 3554 4079 καὶτοῦ

1959 4106 2106 4167 κακά
2141 4104 2506 4176 προσλαϐεῖνο
2556 4104 2651 4157 καὶ
2690 4107 2804 4168 τοῖς
2853 4105 2952 4170 μὲν
2993 4106 3137 4158 κατά
3182 4107 3275 4160 τὸν
3309 4110 3555 4178 παρόντα

1962 4187 2072 4257 βίον
2093 4185 2400 4240 ἀπολαῦσαι
2424 4184 2643 4240 πάντων
2664 4180 2927 4256 ὑπῆρξεν,
2958 4187 3116 4256 ὑμεῖς
3136 4186 3192 4239 δὲ
3227 4190 3557 4262 ἀμφοτέρων

1957 4267 2275 4337 ἐστέρησθε.
2329 4262 2479 4336 Ἀρά
2524 4265 2609 4329 τίς
2651 4267 2768 4317 ἐστι
2800 4265 3006 4336 ταύτης
3045 4266 3269 4331 κόλασις
3300 4268 3555 4339 χαλεπώ-

1957 4347 2114 4416 τέρα,
2160 4346 2340 4399 πόνων
2388 4345 2486 4398 καὶ
2531 4343 2773 4415 ἱδρώτων
2824 4344 3097 4415 τιμωρίας
3142 4347 3557 4418 ἀπολαμϐάνειν

1958 4425 2056 4488 τὰς
2078 4425 2344 4496 ἀμοιϐάς
2386 4425 2444 4477 '0
2471 4424 2679 4495 μοιχὸς,
2712 4423 2807 4477 καὶ
2838 4426 2867 4477 6
2890 4424 3242 4495 πλεονέκτης,
3275 4430 3369 4481 καὶ
3392 4430 3419 4481 ὁ
3443 4433 3555 4494 τοῖς

1958 4502 2261 4575 ἀλλοτρίοις
2296 4503 2600 4575 ἐντρυφῶν,
2648 4504 2745 4557 καὶ
2776 4503 2842 4557 τά
2870 4503 2966 4557 τοῦ
3008 4504 3237 4575 πλησίον
3268 4508 3555 4577 ἁρπάζων,

1961 4583 2143 4653 ἔχουσί
2195 4601 2317 4637 τινα
2361 4581 2741 4655 παραμυθίαν,
2797 4582 3061 4653 βραχεῖαν
3104 4586 3224 4654 μὲν,
3272 4576 3454 4658 ἔχουσι
3498 4590 3557 4642 δὲ
3650 4576 3655 4581 ’

1958 4665 2129 4734 ὅμως,
2164 4665 2225 4717 τὸ
2256 4664 2396 4734 ὑπὲρ
2421 4663 2629 4716 τούτων
2668 4662 3010 4727 κολάζεσθαι,
3025 4665 3163 4738 ὑπὲρ
3200 4659 3556 4721 ὦν.ἐνταῦθα

1962 4744 2311 4797 ἀπέλαυσαν·
2354 4745 2382 4796 ό
2413 4742 2704 4807 δέηπενίαν
2744 4743 2844 4812 μὲν
2884 4742 3134 4797 ἐκούσιον
3170 4746 3433 4813 ὑποστὰς,
3471 4749 3559 4802 ἵνα

1964 4826 2081 4877 ἐκεῖ
2116 4823 2343 4892 πλουτῇ,
2393 4822 2488 4875 καὶ
2538 4822 2668 4886 τοὺς
2713 4822 2811 4892 τῆς
2859 4822 3161 4893 παρθενίας
3212 4824 3428 4892 πόνους,
3470 4829 3581 4881 ἴνα

1961 4906 2079 4956 ἐκεῖ
2111 4901 2249 4973 μετὰ
2280 4901 2528 4969 ἀγγέλων
2573 4900 2799 4971 χορεύῃ,
2829 4897 2950 4955 εἶτα
2983 4902 3244 4972 ἐξαίφνης
3279 4908 3374 4959 καὶ
3406 4909 3559 4979 παρὰ

1962 4985 2146 5062 πᾶσαν
2191 4981 2522 5062 προρδοκίαν
2565 4981 2708 5062 ὑπὲρ
2737 4980 2945 5062 τούτων
2984 4982 3372 5062 κολαζόμενος,
3415 4990 3559 5062 ὑπὲρ

1960 5056 2034 5115 ὧν
2072 5060 2282 5132 μυρίων
2310 5061 2538 5131 ἤλπισεν
2575 5058 2983 5113 ἀπολαύσεσθαι
3012 5060 3218 5125 καλῶν,
3252 5064 3372 5116 οὑδὲ
3411 5056 3561 5122 ἐστιν

1963 5143 2138 5196 εἰπεῖν
2163 5143 2297 5210 ὅσην
2326 5139 2618 5208 ὑφίσταται
2640 5139 2740 5209 τὴν
2772 5138 3043 5208 ἀλγηδόνα
3074 5140 3154 5212 τῷ
3174 5144 3304 5212 παρ’
3336 5143 3562 5210 ἐλπίδας

1962 5221 2136 5275 ταῦτα
2166 5215 2379 5288 modo.
2621 5219 2730 5291 γὰρ
2758 5218 2817 5295 ἐξ
2850 5218 2971 5290 ττι-ης
3003 5219 3097 5273 τοῦ
3125 5222 3295 5293 πυρὸς
3332 5224 3437 5276 ὑπὸ
3464 5226 3560 5280 τοῦ

1965 5300 2267 5363 συνειδότος
2313 5299 2477 5352 αὑτὸν
2510 5294 2667 5369 οἶμαι
2719 5294 3097 5368 μαστίξεσθαι.
3150 5303 3281 5355 ὅταν
3330 5305 3562 5377 ἐννοήσῃ

1962 5382 2089 5442 τοὺς
2110 5380 2209 5451 μὲν
2236 5379 2306 5432 τά
2331 5379 2472 5433 αὑτά
2501 5379 2650 5449 αὑτῷ
2679 5380 3061 5449 πεπονηκότας
3084 5380 3163 5451 τῷ
3187 5382 3409 5453 Χριστῷ
3432 5401 3563 5439 συν·

1964 5462 2145 5525 όντας,
2203 5460 2366 5513 αὑτὸν
2413 5461 2470 5513 δὲ
2515 5461 2657 5530 ὑπὲρ
2693 5454 2768 5514 ὧν
2816 5463 3015 5514 ἐκεῖνοι
3068 5461 3178 5515 τῶν
3226 5464 3562 5535 ἀπορρήτων

1965 5541 2335 5625 ἀπολαύουσιν
2380 5539 2624 5625 ἀγριθῶν,
2656 5540 3048 5625 ὑπέρΙτούτων
3078 5541 3190 5625 τήν,
3210 5544 3449 5625 ἐσχάτην
3478 5544 3561 5625 τί-

1968 5630 2127 5667 νοντα
2167 5611 2343 5681 δίκην,
2379 5612 2474 5664 καὶ
2524 5610 2632 5663 τῶν
2660 5610 2977 5666 ἀκολάστων
3010 5615 3103 5666 καὶ
3132 5610 3348 5682 λάγνων
3374 5610 3465 5669 τὸν
3500 5615 3561 5668 ἐν

1970 5692 2263 5761 σεμνότητι
2289 5690 2619 5757 διαγαγόντα
2650 5691 3011 5762 χαλεπώτερα
3033 5691 3334 5763 πάσχοντα.

2030 5782 2057 5821 h
2082 5785 2215 5840 Haec,
2238 5784 2345 5844 περὶ
2373 5783 2425 5831 δὲ
2446 5785 2543 5846 τῷν
2565 5785 2827 5846 παρθένων,
2854 5784 3036 5833 desunt
3056 5784 3108 5833 in
3128 5784 3305 5833 Morel.
3335 5788 3389 5833 ct
3413 5784 3564 5834 Plan-

1971 5849 2082 5903 lim,
2104 5846 2194 5907 sed
2220 5843 2465 5907 habemur
2488 5843 2711 5907 inisaﬂ‘il.
2740 5853 2790 5893 el
2816 5849 2862 5895 in
2894 5846 3013 5904 Reg.
3146 5850 3152 5856 ’

2037 5907 2053 5947 ἰ
2076 5904 2237 5975 ῥυνίι.
2275 5909 2323 5954 in
2348 5904 2511 5975 legl‘u,
2539 5906 2714 5956 Morel.
2757 5915 2809 5956 cl
2835 5908 3053 5958 Plautia.
3092 5909 3324 5969 δώσεσθε,
3348 5909 3475 5975 Reg.
3516 5920 3571 5968 et

1974 5970 2125 6021 Snvil.
2150 5972 2199 6019 in
2224 5983 2374 6032 ηιμ-ε.
2404 5968 2602 6018 δώσετε.
