4206 6324
242 402 345 457 537

239 517 451 573 arcanis
486 513 643 573 bonis
672 516 935 584 fruantur,
966 516 1035 572 ob
1062 531 1125 572 ea
1153 523 1421 572 extremas
1448 529 1638 585 pcenas
1665 514 1835 582 luere,

239 618 298 664 ct
326 609 413 679 qui
444 609 609 664 vitam
642 587 1089 680 egerit‘severam
1109 650 1124 676 ,
1147 609 1363 681 gravius
1389 605 1637 662 mulctari
1681 622 1842 676 quam

237 700 530 756 dissolutos
558 715 622 766 ac
648 700 774 755 lusu
805 700 1067 772 perditos.
1269 760 1277 765 _

314 790 380 846 Ὺ.
415 790 788 847 Hcreticorum
819 793 1160 864 uirginitatem
1185 790 1262 845 vel
1297 789 1548 844 adulterio
1581 789 1843 862 [meliorem

237 901 369 938 esse.
395 885 689 940 —Etenim
713 885 1087 940 haereticorum
1109 885 1435 939 continentia
1455 885 1601 940 omni
1621 892 1704 938 est
1721 873 1841 939 libi-

235 977 369 1032 dine
397 976 563 1046 pejor.
612 976 739 1031 ﬂzec
782 970 1012 1048 namque
1053 975 1302 1047 injuriam
1331 975 1638 1031 hominibus
1663 975 1838 1029 solum

237 1069 420 1132 infert,
449 1069 536 1123 illa
557 1084 678 1124 cum
713 1069 822 1123 Deo
847 1059 1067 1138 pugnat,
1095 1077 1258 1138 atque
1289 1065 1550 1123 infinitam
1579 1067 1725 1122 illam
1748 1082 1840 1121 sa-

237 1162 498 1230 pientiam
529 1160 710 1216 laedit:
739 1160 1002 1230 ejusmodi
1031 1162 1248 1232 laqueos
1275 1161 1386 1215 suis
1405 1160 1699 1215 cultoribus
1726 1159 1842 1214 dia-

235 1253 398 1308 bolus
430 1253 616 1307 tendit.
659 1252 792 1308 Nam
820 1251 1195 1308 haereticorum
1223 1251 1580 1321 virginitatem
1610 1251 1838 1306 vafritiei

234 1344 357 1412 ejus
393 1343 579 1415 procul
599 1341 762 1397 dubio
786 1342 1060 1398 inventum
1091 1333 1232 1410 esse,
1265 1359 1371 1397 non
1397 1357 1516 1413 ego,
1549 1342 1644 1397 sed
1667 1343 1710 1396 is
1736 1357 1838 1396 au-

233 1443 358 1487 ctor
382 1442 486 1500 est,
514 1433 605 1503 qui
625 1433 743 1502 ejus
776 1433 998 1488 consilia
1030 1449 1136 1488 non
1167 1433 1393 1504 ignorat.
1418 1433 1557 1500 Quid
1601 1433 1761 1504 igitur
1791 1434 1836 1489 is

233 1527 354 1579 ait?
375 1525 604 1596 Spiritus
629 1527 896 1598 manifeste
928 1526 1070 1592 dicit,
1099 1528 1219 1596 quia
1244 1527 1301 1579 in
1326 1526 1612 1580 novissimis
1636 1535 1836 1595 tempo-

233 1616 376 1669 ribus
401 1617 656 1670 discedent
685 1617 894 1686 quidam
922 1633 954 1669 a
976 1616 1097 1684 fide,
1119 1617 1435 1670 attendentes
1461 1615 1722 1685 spiritibus
1750 1633 1834 1668 er-
1870 1671 1872 1674 ,

233 1708 390 1773 roris,
415 1717 462 1761 et
490 1708 733 1762 doctrinis
753 1700 1141 1774 daemoniorum,
1163 1709 1216 1761 in
1235 1708 1493 1779 hypocrisi
1527 1709 1837 1777 loquentium

231 1798 558 1853 mendacium
582 1841 598 1865 ,
630 1808 677 1853 et
716 1800 1047 1854 cauteriatam
1086 1799 1378 1852 habentium
1403 1816 1549 1852 suam
1575 1799 1839 1853 conscien-

231 1891 380 1954 tiam,
410 1890 780 1958 prohibentium
809 1890 1014 1957 nubere,
1046 1890 1295 1944 abstinere
1320 1907 1352 1943 a
1375 1891 1500 1945 cibis
1541 1907 1665 1961 quos
1695 1889 1834 1944 Deus

229 1981 424 2034 creavit
450 1979 528 2050 (l.
561 1980 692 2034 Tim.
722 1981 777 2035 4.
809 1981 949 2051 1-5).
981 1981 1081 2054 Qui
1111 1981 1269 2051 igitur
1293 1980 1443 2051 virgo
1468 1978 1631 2036 fuerit
1657 1997 1775 2050 quae
1800 1996 1833 2036 a

230 2068 342 2123 ﬁde
360 2068 560 2136 deficit,
582 2085 701 2140 qua:
724 2069 909 2140 planos
930 2062 1098 2138 audit,
1131 2087 1248 2141 qua:
1267 2071 1603 2128 dmatonibus
1626 2073 1834 2128 obtem-

231 2171 408 2229 perat,
440 2177 560 2231 quaa
593 2162 931 2217 mendacium
955 2163 1126 2217 colit?
1160 2162 1373 2233 ecquid,
1413 2165 1652 2235 inquam,
1683 2166 1834 2235 virgo

229 2262 340 2319 est,
363 2268 482 2323 qua:
510 2254 747 2327 cauterio
784 2255 1018 2309 inustam
1046 2254 1206 2310 habet
1240 2256 1665 2314 conscientiam?
1697 2256 1832 2312 Nam

227 2345 386 2415 virgo
431 2360 538 2399 non
569 2345 742 2400 solum
771 2361 998 2416 corpore
1017 2386 1034 2414 ,
1062 2347 1158 2402 sed
1181 2348 1343 2402 etiam
1374 2349 1556 2402 animo
1594 2363 1724 2416 pura
1763 2347 1834 2402 sit

225 2448 469 2507 oportet,
498 2454 620 2508 quae
648 2448 892 2493 sanctum
933 2440 1081 2494 illum
1108 2437 1364 2509 sponsum
1397 2450 1682 2510 exceptura
1703 2449 1787 2494 cst
1815 2457 1828 2493 :

225 2530 352 2585 base
373 2539 450 2584 tot
476 2531 667 2585 inustis
694 2532 837 2585 notis
864 2532 954 2600 qui
976 2531 1189 2586 tandem
1209 2547 1340 2600 pura
1364 2530 1470 2585 sit?
1491 2530 1623 2585 Nam
1648 2531 1697 2585 si
1725 2540 1834 2585 ter—

226 2638 392 2677 renas
417 2623 577 2678 etiam
603 2637 760 2678 curas
783 2623 852 2679 ab
876 2622 980 2678 hoc
1005 2623 1240 2677 thalamo
1265 2632 1444 2678 arceat
1473 2636 1700 2678 necesse
1724 2630 1828 2687 est,

225 2724 286 2768 ut
311 2730 434 2784 qua:
454 2729 576 2768 cum
605 2701 675 2768 iis
702 2724 892 2770 ornata
919 2729 1040 2769 esse
1067 2722 1314 2785 nequeat,
1338 2714 1610 2785 quomodo
1629 2713 1832 2784 cogita-

225 2809 380 2861 tione
409 2808 671 2876 sacrilega
702 2807 846 2862 intus
869 2807 1191 2863 observante
1219 2806 1550 2880 Ivirgiuitatis
1579 2805 1834 2876 splendo-

221 2913 346 2953 rem
371 2897 618 2952 tueatur?

302 2988 395 3043 VI.
431 2987 712 3043 ﬂlereticos
737 2989 956 3061 virgines
985 3000 1087 3043 n‘on
1115 2989 1312 3043 animas
1340 2989 1535 3054 solum,
1568 2988 1657 3042 sed
1677 2989 1832 3042 etiam

223 3100 452 3154 corpora
480 3081 726 3153 polluere.
757 3112 829 3123 —
866 3082 1000 3137 Nam
1025 3083 1126 3137 etsi
1151 3083 1200 3136 ei
1239 3097 1436 3151 corpus
1474 3082 1679 3136 salvum
1709 3090 1828 3147 est,

221 3175 397 3228 animi
425 3183 622 3238 tamen,
651 3189 772 3242 quae
800 3157 922 3242 pars
949 3182 1032 3228 est
1056 3175 1252 3243 potior,
1282 3183 1407 3227 sunt
1426 3182 1676 3242 corrupta
1702 3187 1831 3226 cou-

219 3265 371 3322 eilia.
392 3263 530 3333 Quid
557 3264 923 3332 autemtrefert
945 3264 1173 3334 disjeeto
1195 3264 1395 3333 templo
1421 3271 1572 3334 septa
1600 3262 1830 3318 restare?

221 3365 323 3409 aut
351 3355 536 3424 quanti
565 3355 787 3410 interest
813 3370 1006 3424 purum
1031 3369 1152 3410 esse
1172 3355 1293 3408 solii
1318 3355 1515 3421 locum,
1549 3354 1684 3409 solio
1713 3369 1833 3408 sor-

219 3445 390 3500 dibus
434 3444 752 3516 iuquinato?
800 3445 1135 3515 Quamquam
1176 3459 1276 3500 nec
1322 3447 1476 3498 abest
1503 3460 1531 3498 a
1571 3446 1826 3514 piaculo:

219 3537 560 3607 blasphemia
603 3538 747 3592 enim
776 3547 937 3606 atque
983 3537 1161 3606 impize
1190 3551 1351 3592 voces
1388 3552 1510 3591 cum
1540 3541 1684 3591 intus
1714 3537 1822 3591 for-

222 3637 477 3694 mentur,
521 3629 666 3682 intus
691 3628 745 3682 in
774 3629 956 3682 animo
983 3643 1088 3682 non
1121 3637 1360 3691 manent,
1393 3627 1488 3682 sed
1515 3636 1569 3682 et
1592 3628 1827 3702 linguam

220 3735 326 3775 ore
357 3721 578 3788 prolata:
604 3720 661 3773 et
688 3734 846 3774 aures
866 3735 987 3788 qua:
1006 3719 1300 3787 suscipiant
1325 3718 1586 3788 polluuut,
1613 3727 1668 3773 et
1687 3719 1831 3772 velut

220 3809 505 3865 mortifera
534 3803 736 3864 venena
772 3810 826 3864 in
855 3809 1094 3863 animum
1135 3809 1344 3879 illapsu,
1372 3791 1606 3864 radicem
1638 3822 1827 3863 corro-

220 3905 365 3959 dunt
390 3905 576 3974 quavis
605 3903 745 3957 tinea
775 3903 1007 3971 gravius,
1034 3916 1155 3956 cum
1180 3915 1351 3970 caque
1375 3900 1639 3968 reliquum
1669 3913 1829 3954 omne

220 4009 427 4065 corpus
451 3993 708 4062 perdunt.
739 3992 920 4060 Quare
958 3992 1003 4046 si
1030 3991 1349 4062 virginitatis
1373 3989 1613 4045 definitio
1642 3999 1745 4055 est,
1776 3998 1832 4044 et

220 4086 412 4140 animo
436 4093 490 4138 et
522 4098 751 4153 corpore
795 4091 1035 4137 sanctam
1064 4096 1223 4136 esse:
1255 4081 1374 4136 haec
1398 4096 1518 4150 quae
1548 4090 1830 4148 utramque

222 4176 280 4230 in
314 4183 524 4244 partem
547 4171 774 4243 profana
805 4181 859 4228 et
892 4172 1153 4228 scelerata
1174 4172 1273 4235 sit,
1303 4171 1394 4241 qui
1434 4161 1647 4225 tandem
1680 4172 1829 4241 virgo

220 4265 426 4321 fuerit?
460 4268 526 4317 At
554 4267 698 4318 enim
729 4263 860 4317 mihi
889 4271 944 4318 et
970 4257 1034 4318 os
1068 4262 1357 4332 pallidum,
1394 4269 1450 4316 et
1481 4262 1710 4331 graciles
1736 4277 1827 4316 ar-

221 4367 336 4423 tus,
363 4365 416 4410 et
456 4357 616 4410 vilem
647 4355 903 4410 amictum
935 4362 990 4408 et
1020 4365 1294 4423 aspectum
1325 4353 1545 4422 prmfert
1573 4369 1827 4409 mansue-

220 4458 366 4502 tum.
391 4446 458 4499 Et
475 4446 600 4515 quid
624 4454 734 4500 tum
758 4454 964 4514 postea,
987 4445 1034 4499 si
1055 4443 1337 4514 impudens
1357 4451 1440 4499 est
1462 4445 1685 4499 interior
1702 4459 1832 4500 ocu—

215 4538 345 4594 Ius?
375 4537 512 4603 Quid
542 4538 688 4591 enim
717 4552 784 4592 eo
812 4546 1034 4606 aspectu
1074 4535 1439 4606 impudentius
1482 4544 1584 4602 est,
1614 4536 1706 4605 qui
1733 4552 1830 4590 ex—

177 4629 456 4684 'teriores
505 4628 690 4683 oculos
742 4627 992 4693 inducat,
1045 4642 1134 4680 res
1186 4640 1215 4678 a
1273 4625 1382 4680 Deo
1433 4636 1642 4681 creatas
1685 4628 1829 4683 velut

220 4724 447 4778 vitiosas
474 4721 773 4791 usurpare?
806 4721 986 4776 Omnis
1012 4721 1177 4791 gloria
1202 4720 1325 4789 ﬁlia:
1350 4721 1481 4791 regis
1507 4731 1580 4776 est
1619 4721 1830 4777 interior

221 4814 354 4884 (Ps.
383 4815 470 4882 μ.
498 4816 604 4887 Η)
633 4831 647 4868 :
682 4813 798 4868 haec
825 4813 1083 4867 orationis
1117 4813 1311 4867 seriem
1354 4814 1589 4879 invertit,
1619 4823 1671 4868 et
1696 4813 1829 4869 foris

219 4906 399 4975 gloria
423 4908 615 4958 amlcta
641 4903 788 4956 omni
815 4903 960 4957 intus
985 4903 1224 4958 foeditate
1254 4903 1481 4957 laborat.
1509 4904 1641 4958 Illud
1671 4921 1824 4958 nam-

220 5012 335 5068 que
363 4996 632 5066 indignum
656 4996 863 5049 facinus
889 5005 990 5059 est,
1014 5010 1134 5065 quae
1161 4984 1475 5049 modeSIiam
1499 5012 1624 5066 erga
1648 4996 1825 5050 homi-

223 5103 326 5143 nes
358 5103 617 5141 summam
645 5096 885 5158 pnnstet,
918 5102 1037 5142 eam
1069 5087 1119 5139 in
1153 5087 1319 5140 Deum
1348 5095 1643 5141 creatorem
1670 5102 1826 5141 suum

222 5193 467 5235 extrema
486 5179 690 5233 insania
713 5179 792 5233 uti
813 5195 828 5242 ;
852 5187 905 5232 et
923 5194 1043 5247 qua:
1059 5179 1230 5232 virum
1254 5179 1335 5232 vel
1360 5179 1556 5234 intueri
1579 5196 1683 5234 non
1707 5196 1826 5234 sus-

224 5272 416 5335 tineat,
448 5271 633 5340 siqua:
659 5279 838 5324 tamen
863 5270 916 5323 in
945 5271 1008 5323 iis
1045 5270 1177 5324 tales
1207 5278 1352 5336 sunt,
1377 5271 1681 5326 mortalium
1717 5272 1826 5326 Do-

225 5360 431 5416 minum
457 5358 856 5430 impudentibus
885 5361 1052 5415 oculis
1080 5371 1323 5430 spectare
1343 5403 1357 5427 ,
1399 5372 1693 5432 contraque
1729 5378 1826 5417 ex-

222 5455 430 5509 celsum
469 5453 670 5508 nefaria
696 5453 843 5523 loqui
877 5469 891 5508 :
919 5452 1091 5509 buxea
1114 5454 1179 5508 iis
1203 5453 1368 5508 facies
1397 5462 1500 5521 est,
1526 5458 1828 5526 mortuique

222 5544 438 5599 similis.
461 5544 541 5598 0b
563 5544 617 5600 id
641 5545 786 5616 enim
809 5544 990 5600 multis
1017 5545 1272 5617 Iacrymis
1291 5561 1353 5600 ac
1382 5547 1630 5602 lamentis
1652 5548 1827 5618 dignae

219 5622 374 5700 sunt,
406 5634 549 5707 quod
577 5653 687 5692 non
715 5636 888 5691 solum
914 5636 1136 5702 frustra,
1168 5636 1260 5691 sed
1288 5637 1450 5692 etiam
1483 5639 1536 5691 in
1566 5637 1648 5692 sui
1681 5641 1828 5708 capi-

219 5731 289 5784 tis
314 5729 608 5796 perniciem
632 5736 840 5782 tantum
861 5742 1222 5783 aerumnarum
1251 5730 1608 5798 susceperint.

293 5816 407 5876 γη.
463 5817 720 5893 Virginem
765 5835 866 5875 non
907 5819 1119 5886 vestitu,
1147 5818 1235 5875 sed
1282 5820 1451 5875 animo
1496 5820 1825 5891 spectandam

1603 400 1687 454 ns
1728 374 2190 456 VIRGl-NITATB.

3400 401 3546 458 .553

1956 531 2082 569 esse.
2111 545 2183 556 —
2213 514 2345 581 Vilis
2371 522 2454 570 est
2473 515 2699 571 amictus
2733 533 2746 570 :
2779 524 2833 571 at
2862 530 2967 572 non
3001 517 3055 572 in
3081 517 3314 573 vestibus
3343 528 3434 574 aut
3457 534 3550 574 co-

1951 604 2087 672 lore,
2114 606 2208 660 sed
2241 606 2292 660 in
2318 607 2499 662 animo
2534 616 2697 677 atque
2718 623 2944 678 corpore
2973 609 3248 678 virginitas
3279 618 3379 664 est.
3413 609 3546 664 Nam

1950 710 2072 751 cum
2102 712 2203 752 nec
2229 697 2602 767 philosophum
2629 713 2784 753 coma
2802 741 2818 765 ,
2844 707 2940 754 aut
2961 698 3152 754 bacqu
3170 741 3185 762 ,
3219 709 3311 753 aut
3340 699 3545 765 abolla,

1949 787 2045 846 sed
2070 788 2312 843 moribus
2331 796 2386 842 et
2408 789 2592 854 animo
2612 778 2926 856 meiiamur;
2957 806 3054 845 nec
3075 791 3297 844 militem
3330 790 3549 859 paluda-

1948 891 2154 948 mento,
2184 889 2277 936 aut
2304 882 2506 949 balteo,
2537 881 2635 936 sed
2661 883 2855 937 robore
2876 892 2930 937 et
2965 883 3402 954 magnanimitate
3434 899 3447 934 :
3478 896 3548 936 au

1947 989 2054 1029 non
2079 961 2368 1029 absurdum
2396 975 2467 1030 sit
2503 973 2732 1044 virgini,
2759 974 2840 1030 rei
2863 984 2968 1030 tam
3009 975 3279 1046 pracclaraa
3298 1015 3313 1040 ,
3333 984 3401 1030 et
3428 991 3548 1046 quas

1947 1066 2185 1119 humana
2212 1066 2394 1120 omnia
2419 1074 2665 1135 superet,
2691 1065 2871 1136 capilli
2892 1067 3214 1137 squalorem,
3249 1066 3428 1120 vultus
3452 1066 3553 1121 de-

1945 1157 2278 1224 missionem,
2307 1173 2372 1214 ac
2393 1157 2592 1228 pullam
2618 1167 2847 1225 vestem,
2877 1167 3082 1213 temere
3109 1173 3237 1212 sane
3263 1173 3324 1223 ac
3352 1158 3545 1227 supine

1944 1250 2127 1304 virtuti
2153 1249 2372 1318 ducere,
2401 1265 2500 1306 nec
2527 1251 2647 1320 ejus
2676 1250 2859 1305 animo
2884 1249 3152 1304 denudato
3172 1291 3187 1316 ,
3218 1248 3354 1305 Iude-
3369 1249 3545 1304 studia

1943 1341 2060 1411 ejus
2084 1353 2334 1397 accurate
2373 1344 2695 1414 explorare?
2725 1345 2795 1397 At
2821 1344 2925 1397 non
2958 1343 3008 1397 id
3038 1343 3318 1413 permittit,
3344 1343 3434 1412 qui
3457 1344 3545 1397 Iu-

1942 1442 2044 1486 ctua
2072 1432 2395 1505 hujus‘Ieges
2438 1435 2614 1489 sanxit
2647 1453 2660 1485 :
2695 1445 2868 1504 neque
2905 1435 3048 1489 enim
3079 1450 3195 1501 eos,
3236 1434 3412 1505 quiin
3444 1434 3547 1490 hoc

1943 1532 2216 1578 certamen
2261 1539 2321 1579 se
2365 1510 2679 1595 conjiciunt,
2728 1527 2945 1593 vestitu,
2996 1525 3092 1581 sed
3131 1526 3467 1596 dogmatibus
3491 1535 3548 1582 et

1941 1614 2122 1668 animo
2151 1616 2573 1683 spectarijubet.
2609 1617 2713 1684 Qui
2737 1618 2870 1670 enim
2895 1627 3088 1682 certat,
3123 1619 3313 1688 inquit,
3345 1618 3406 1672 ab
3432 1627 3547 1674 om;

1941 1705 2089 1758 nibus
2103 1722 2158 1759 se
2194 1707 2411 1760 continet
2436 1707 2512 1778 (Ι.
2535 1705 2652 1763 Cor.
2677 1707 2732 1763 9.
2753 1708 2870 1780 25),
2906 1710 3112 1764 scilicet
3137 1726 3254 1780 quae
3279 1711 3442 1765 animi
3460 1727 3548 1782 sa-

1941 1796 2161 1850 nitatem
2207 1797 2495 1852 infestent:
2524 1808 2598 1860 et,
2650 1797 2818 1852 Nemo
2844 1808 3134 1866 coronatur,
3183 1801 3283 1853 nisi
3325 1802 3562 1870 legitime

1940 1886 2201 1940 certaverit
2229 1885 2306 1958 (2.
2335 1886 2471 1939 Tim.
2496 1886 2551 1940 ‘2.
2583 1886 2657 1958 5).
2704 1888 2834 1955 Qua:
2861 1898 2986 1942 sunt
3013 1888 3172 1959 igitur
3201 1889 3356 1944 lucta:
3387 1890 3546 1960 hujus

1939 1974 2123 2045 leges?
2144 1977 2283 2031 Audi
2309 1977 2562 2032 eumdem
2586 1978 2875 2044 dicentem,
2904 1981 2984 2033 vel
3013 1981 3192 2050 potius
3219 1981 3271 2035 iu
3299 1970 3365 2035 eo
3387 1981 3545 2036 Chri-

1940 2076 2082 2121 stum
2126 2068 2442 2122 certaminis
2483 2078 2757 2124 auctorem
2793 2086 2808 2122 :
2840 2064 3154 2124 Honorabile
3182 2081 3256 2124 est
3283 2073 3549 2126 matrimo-

1939 2159 2082 2209 nium
2110 2167 2156 2210 et
2182 2167 2332 2234 torus.
2349 2158 2704 2213 immaculatus
2737 2159 2895 2233 (Ilcb.
2929 2161 3015 2216 13.
3043 2159 3122 2232 4).

2013 2247 2147 2302 VIII.
2194 2232 2387 2320 Virgini
2422 2268 2541 2320 erga
2586 2232 2825 2323 conjuges
2858 2258 3048 2322 fastum
3086 2254 3387 2309 detrimento
3414 2272 3540 2310 esse.

1938 2370 2010 2380 —
2037 2341 2174 2408 Quid
2207 2358 2335 2397 vero
2377 2342 2482 2398 hoc
2506 2343 2573 2398 ad
2604 2359 2722 2410 me,
2755 2346 2960 2415 inquit,
3009 2363 3129 2417 qua:
3159 2349 3403 2402 nuntium
3429 2365 3544 2403 ma-

1941 2433 2193 2488 trimonio
2218 2435 2440 2489 remisi?
2463 2434 2519 2488 Id
2544 2436 2710 2501 enim,
2735 2438 2951 2503 misera,
2978 2437 3029 2491 id
3057 2447 3107 2492 te
3127 2439 3372 2508 perdidit,
3399 2441 3551 2510 quod

1937 2524 2070 2580 nihil
2095 2525 2191 2580 tibi
2210 2540 2330 2579 cum
2360 2541 2427 2581 eo
2453 2525 2704 2597 dogmate
2731 2543 3016 2583 commune
3038 2518 3334 2584 existimas.
3359 2529 3546 2601 Itaque

1939 2635 2054 2675 rem
2067 2634 2185 2676 eam
2201 2629 2444 2675 extremo
2462 2628 2772 2689 contemptu
2793 2631 3136 2692 prosequuta,
3152 2634 3208 2677 et
3221 2622 3311 2676 Dei
3330 2623 3543 2693 sapien-

1937 2710 2025 2765 tiae
2067 2712 2447 2766 centumeliam
2497 2711 2688 2777 fecisti,
2719 2721 2775 2767 et
2819 2724 3063 2767 naturam
3091 2729 3269 2769 rerum
3318 2731 3537 2770 omnem

1936 2801 2217 2856 criminata
2238 2817 2317 2856 es.
2341 2788 2474 2856 Nam
2497 2803 2542 2856 si
2570 2803 2839 2872 impurum
2863 2805 3266 2859 matrimonium
3295 2814 3397 2872 est,
3421 2805 3538 2859 ani-

1935 2902 2148 2949 mantes
2186 2894 2347 2947 etiam
2388 2909 2459 2947 ex
2483 2909 2555 2948 eo
2596 2903 2860 2964 susceptae
2901 2895 3122 2964 impurae
3153 2911 3343 2950 omnes
3372 2879 3536 2964 sunt,

1936 2993 2097 3054 atque
2125 2983 2261 3039 adeo
2284 2992 2337 3038 et
2363 2999 2462 3038 vos
2488 3003 2500 3038 :
2526 2987 2699 3054 neque
2725 2986 2868 3039 enim
2891 2985 3116 3040 dixerim
3146 2986 3419 3042 hominum
3445 3004 3541 3041 na-

1936 3082 2132 3130 turam.
2161 3074 2444 3142 Quomodo
2475 3075 2634 3146 igitur
2657 3077 2806 3146 virgo
2832 3085 2948 3142 cst;
2981 3094 3099 3147 qua:
3129 3077 3380 3148 impura?
3405 3079 3537 3134 Nam

1936 3168 2102 3222 altera
2136 3164 2251 3222 hmo
2272 3209 2287 3235 ,
2328 3166 2438 3222 imo
2465 3179 2519 3223 et
2549 3168 3032 3248 tertia‘excogitata
3063 3161 3223 3226 vobis
3244 3171 3457 3228 foeditas
3485 3184 3542 3228 et

1936 3257 2216 3328 impuritas
2243 3267 2356 3324 est;
2379 3273 2442 3312 ac
2470 3244 2590 3329 quae
2617 3244 3016 3315 matrimonium
3050 3253 3195 3316 velut
3215 3262 3546 3333 ﬂagitiosum-

1935 3349 2231 3419 rcfugistis,
2264 3365 2330 3405 eo
2358 3350 2475 3419 ipso
2504 3351 2649 3427 quod
2677 3351 2970 3427 refugistis,
3015 3355 3255 3410 omnium
3278 3357 3408 3427 estis
3440 3358 3538 3413 fla-

1935 3425 2654 3515 gitiosissimte,virginitate
2673 3423 2861 3513 stupro
2880 3443 3104 3500 foediore
3130 3425 3538 3517 invenianum

1936 3545 2059 3584 nam
2092 3520 2252 3601 igitur
2281 3531 2401 3586 loco
2430 3547 2530 3586 vos
2567 3533 2874 3603 ponemus?
2900 3549 3019 3588 cum
3050 3535 3286 3602 Judaeis?
3320 3540 3389 3593 At
3429 3547 3542 3597 non.

1935 3621 2275 3676 sustinebunt
2311 3639 2323 3674 :
2367 3637 2488 3676 nam
2538 3631 2592 3678 et
2638 3625 3038 3679 matrimonium
3079 3627 3300 3695 colunt,
3354 3639 3408 3685 et
3443 3631 3539 3687 Dei

1935 3713 2262 3768 creationem
2294 3715 2615 3785 suspiciunt.
2663 3719 2746 3770 An
2779 3717 3095 3772 nobiscum?
3144 3721 3214 3774 At
3260 3720 3534 3784 Christum

1937 3820 2034 3874 per
2057 3805 2279 3860 Paulum
2310 3793 2576 3863 dicentem
2606 3807 2792 3864 audire
2821 3809 3088 3879 noluistis,
3115 3810 3433 3869 Honorabile
3463 3827 3540 3870 est

1935 3897 2312 3950 matrimonium
2337 3907 2386 3951 et
2425 3908 2564 3952 torus
2603 3900 2956 3956 immaculatus
2978 3891 3133 3973 (Heb.
3168 3904 3254 3959 I5.
3286 3905 3362 3976 4).
3392 3906 3540 3961 Reli—

1934 4003 2098 4058 quum
2129 3996 2214 4043 est
2233 3989 2393 4059 igitur
2415 4000 2472 4045 ut
2503 4007 2624 4046 cum
2658 3994 2906 4063 gentibus
2927 4010 3087 4064 porro
3117 3997 3444 4054 consistatis.
3469 4001 3539 4055 At

1937 4079 2040 4132 illze
2062 4079 2222 4133 etiam
2252 4095 2349 4135 vos
2377 4073 2431 4135 ut
2457 4097 2518 4137 se
2543 4084 2714 4151 magis
2739 4084 2930 4154 impios
2959 4087 3238 4155 repellent.
3263 4072 3394 4143 Na'm
3415 4089 3540 4145 Pla-

1937 4169 2074 4224 tonis
2107 4172 2370 4226 sententia
2397 4180 2481 4227 est
2511 4171 2604 4240 (ιη
2624 4172 2861 4245 Timaeo),
2892 4175 3096 4230 Bonum
3128 4177 3289 4234 fuisse
3307 4182 3397 4252 qui
3429 4181 3532 4238 hoc

1935 4277 2096 4318 omne
2126 4262 2342 4317 molitus
2371 4269 2473 4328 est,
2513 4271 2569 4319 et
2588 4305 2600 4328 ,
2631 4265 2838 4320 Bonum
2866 4267 3063 4324 nullius
3095 4271 3171 4326 rei
3199 4288 3323 4342 erga
3352 4291 3539 4344 quem-

1935 4368 2095 4422 quam
2122 4353 2316 4408 invidia
2346 4354 2507 4424 tangi.
2531 4354 2611 4408 Tu
2635 4349 2836 4411 malum
2864 4358 3037 4428 ipsum
3065 4360 3321 4430 appellas,
3345 4376 3398 4418 et
3423 4382 3538 4419 tuu-

1936 4444 2107 4498 larum
2140 4460 2318 4499 rerum
2339 4455 2662 4502 creatorem.
2691 4447 2890 4502 Verum
2916 4465 2985 4504 ne
3009 4454 3300 4508 extimesco
3327 4473 3339 4508 ε
3371 4454 3538 4512 habes

1935 4535 2193 4590 doctrina:
2235 4546 2516 4591 consortes
2560 4535 2833 4592 diabolum
2861 4539 3084 4610 ejusque
3126 4545 3381 4613 angelos;
3430 4547 3538 4602 'rrno

1935 4644 2036 4684 nec
2063 4645 2157 4684 eos
2181 4629 2396 4700 quidem
2430 4647 2444 4681 :
2476 4645 2651 4699 neque
2684 4632 2826 4686 enim
2857 4634 2945 4703 qui
2979 4644 3031 4689 te
3061 4635 3114 4690 in
3150 4652 3273 4691 eum
3301 4639 3538 4695 furorem

1937 4720 2265 4784 induxeriut,
2292 4706 2432 4774 idem
2458 4722 2620 4775 etiam
2640 4723 2840 4778 sentire
2868 4726 3207 4780 existimandi
3235 4739 3377 4782 sunt.
3402 4730 3535 4785 Nam

1934 4812 2075 4865 scire
2101 4826 2196 4865 eos
2226 4811 2391 4866 Deum
2421 4812 2620 4866 bonum
2664 4828 2804 4879 esse,
2856 4815 2979 4868 audi
3023 4816 3338 4886 clamantes,
3370 4838 3532 4891 nunc,

1938 4899 2143 4954 Scimus
2181 4911 2227 4954 te
2254 4902 2340 4970 qui
2374 4902 2443 4954 sis
2464 4945 2477 4964 ,
2518 4901 2737 4958 Sanctus
2766 4902 2863 4958 Dei
2888 4905 3082 4974 (Marc.
3113 4909 3164 4962 I.
3197 4909 3322 4980 2.4);
3358 4899 3500 4969 nunc
3519 4955 3546 4988 λ

1940 4990 2008 5045 lli
2034 4991 2261 5045 homines
2286 4994 2415 5045 servi
2437 4991 2534 5046 Dei
2558 4993 2742 5048 excelsi
2760 5005 2896 5062 sunt,
2926 4998 3012 5066 qui
3039 4999 3175 5053 vobis
3197 5001 3330 5054 viam
3355 5004 3539 5059 salutis

1936 5084 2174 5137 nuntiant
2209 5083 2342 5154 (Act.
2376 5084 2460 5139 I6.
2500 5085 2608 5155 l7).
2641 5087 2708 5140 Et
2730 5086 2905 5142 adhuc
2929 5091 3285 5160 virginitatem
3309 5083 3531 5164 jactabi-

1937 5176 2026 5241 tis,
2058 5175 2125 5230 de
2156 5191 2327 5246 eaque
2353 5167 2729 5246 gloriabimini,
2783 5195 2847 5234 ac
2885 5197 2992 5236 non
3047 5175 3226 5253 potiu's
3275 5188 3530 5245 abeuntes

1935 5275 2169 5322 vestram
2211 5267 2561 5353 dcplorahitis
2587 5283 2650 5324 ac
2679 5269 2928 5340 lugebitis
2968 5277 3278 5343 amentiam,
3306 5295 3409 5348 qua
3440 5297 3532 5337 vos

1936 5361 2181 5416 diabolus
2232 5361 2382 5415 velut
2424 5376 2585 5414 manu
2632 5372 2820 5432 captos
2873 5365 3150 5437 colligatos
3179 5371 3230 5424 in
3272 5372 3533 5440 gehennae

1937 5454 2114 5523 ignem
2161 5451 2362 5506 trahit?
2404 5450 2804 5508 Matrimonium
2854 5470 2959 5510 non
3010 5459 3214 5528 iniisti?
3244 5471 3298 5515 at
3348 5479 3454 5519 non
3482 5466 3533 5520 id

1936 5545 2216 5614 virginitas
2248 5553 2332 5599 est
2362 5561 2375 5597 :
2405 5558 2528 5599 nam
2559 5560 2680 5613 quae
2705 5561 2825 5601 cum
2857 5549 3120 5619 integrum
3161 5562 3304 5609 esset
3332 5557 3529 5614 nubere

1935 5636 2334 5703 detrectaverit,
2363 5651 2481 5694 eam
2521 5652 2619 5708 ego
2643 5638 2904 5708 virginem
2937 5641 3165 5698 dixerim
3194 5663 3209 5699 :
3236 5657 3289 5701 at
3315 5663 3438 5703 cum
3472 5669 3535 5706 eu

1937 5729 2278 5795 interdictum
2310 5728 2477 5795 dicas,
2503 5743 2607 5783 non
2635 5730 2747 5798 jam
2783 5731 2834 5786 id
2861 5743 3010 5790 recte
3039 5715 3236 5792 factum
3271 5741 3376 5798 tuis
3403 5758 3536 5805 con,-

1934 5820 2090 5892 siliis,
2139 5819 2234 5877 sed
2283 5819 2416 5892 legis
2468 5821 2773 5879 necessitati
2821 5824 3161 5885 tribuendum
3206 5841 3308 5887 est.
3360 5833 3538 5902 Quare
