4174 6318
700 391 800 445 559

700 504 887 556 Persas
929 499 1017 568 qui
1068 505 1265 553 matres
1311 514 1510 552 umres
1552 514 1657 551 non
1690 498 1889 551 ducunt
1933 498 2275 562 admiramur,

701 594 968 647 lieutauus
995 608 1101 646 ltutt
1135 593 1259 644 item
1292 609 1304 644 :
1339 591 1424 644 hic
1450 606 1680 660 namque
1716 589 1782 642 ad
1819 605 1983 643 unum
2029 588 2277 641 omnibus

698 684 747 757 id
777 683 1162 738 exsecrandum
1195 683 1419 745 videtur,
1454 682 1560 736 illic
1589 682 1874 750 impunitas
1903 695 1965 733 ea
1996 678 2279 748 designan-

698 777 748 830 di
775 775 975 836 effecit,
1007 785 1064 829 ut
1091 774 1179 844 qui
1216 774 1283 827 ab
1321 789 1386 827 eo
1409 773 1693 827 concubitu
1739 771 2068 825 abstinerent
2095 770 2278 823 lauda-

699 880 899 922 rentur.
937 866 1015 920 Ad
1062 866 1308 920 eumdem
1353 865 1567 918 modum
1609 873 1662 918 ct
1701 863 1768 917 de
1808 861 2146 916 matrimonio
2186 860 2279 914 ha-

700 960 865 1013 benda
898 958 1122 1028 quurstio
1150 966 1249 1011 est.
1290 955 1399 1010 Nos
1433 957 1600 1019 enim,
1627 953 1764 1023 apud
1793 966 1928 1022 quos
1958 951 2010 1004 id
2031 950 2278 1005 omnibus

702 1051 1014 1120 permissum
1042 1048 1130 1113 sit,
1158 1047 1348 1101 merito
1377 1061 1470 1101 eos
1490 1046 1578 1114 qui
1603 1044 1998 1098 matrimonium
2027 1058 2131 1096 non
2153 1056 2279 1096 con-

700 1145 908 1195 trahant
939 1139 1195 1194 miramur
1250 1156 1265 1190 :
1317 1151 1412 1190 vos
1441 1137 1530 1205 qui
1566 1135 1616 1188 id
1668 1135 1719 1188 in
1750 1135 2014 1187 malorum
2053 1133 2276 1187 classem

701 1231 1013 1301 rejeceritis,
1041 1228 1171 1281 nihil
1196 1235 1280 1281 est
1312 1226 1454 1295 quod
1487 1224 1695 1278 laudem
1728 1240 1792 1278 ex
1819 1223 1920 1278 hac
1952 1239 2009 1277 re
2031 1223 2275 1292 captctis.

699 1323 828 1377 Nam
861 1321 1042 1375 vetitis
1080 1320 1388 1383 abstinere,
1425 1317 1631 1372 id-vcro
1655 1332 1759 1370 non
1788 1324 1869 1370 est
1891 1315 2050 1368 animi
2081 1313 2278 1369 excelsi

697 1425 854 1484 atque
875 1413 1080 1466 strenui
1104 1429 1115 1463 :
1150 1408 1399 1479 perfecta:
1424 1408 1564 1463 enim
1585 1409 1794 1462 virtutis
1821 1416 1924 1473 est,
1955 1421 2058 1460 non
2087 1421 2150 1459 ea
2173 1421 2278 1459 non

697 1526 710 1553 ‹
729 1507 1050 1566 ommittere,
1081 1517 1199 1572 quw
1217 1501 1259 1553 si
1292 1500 1687 1553 committamus
1707 1497 1845 1568 apud
1872 1510 2058 1551 omnes
2083 1496 2281 1565 impro-

698 1595 748 1648 bi
783 1595 1093 1657 habeamur,
1147 1590 1242 1645 sed
1274 1591 1338 1643 iis
1377 1589 1660 1654 excellere,
1704 1603 1822 1657 qua:
1853 1601 2025 1658 neque
2055 1600 2148 1640 eos
2189 1586 2279 1655 qui

697 1687 1015 1749 detrectent,
1041 1699 1108 1739 eo
1140 1683 1356 1738 nomine
1381 1681 1580 1750 culpari
1612 1678 1979 1748 patiantur,'et
2005 1678 2093 1747 qui
2115 1677 2281 1732 susci-

700 1783 842 1846 piant
868 1795 931 1833 ac
959 1778 1359 1848 perfungautur,
1390 1789 1495 1827 non
1526 1772 1779 1840 opinione
1810 1771 2165 1840 improbitatis
2193 1785 2282 1823 so-

699 1875 806 1926 lum
836 1870 1082 1932 libet-ent,
1114 1867 1208 1922 sed
1234 1867 1395 1922 etiam
1419 1864 1570 1919 bonis
1595 1871 1928 1921 acccnseant.
1956 1862 2084 1916 Nam
2109 1873 2166 1916 ut
2189 1876 2282 1915 eu-

699 1964 902 2018 nuchos
928 1962 995 2016 de
1032 1959 1331 2029 virginitate
1361 1956 1541 2010 laudet
1561 1969 1740 2018 nemo,
1765 1954 1854 2024 qui
1879 1953 2278 2007 matrimonium

705 2073 802 2110 non
845 2054 1182 2116 contrahant,
1227 2051 1304 2104 sic
1331 2063 1428 2102 nec
1455 2062 1551 2100 vos
1579 2065 1591 2099 :
1630 2063 1750 2100 cum
1779 2045 1919 2115 quod
1950 2046 2054 2098 illis
2079 2053 2283 2104 natura:

697 2145 1015 2209 necessitas,
1046 2141 1098 2195 id
1125 2139 1276 2195 vobis
1300 2140 1370 2192 sit
1404 2145 1670 2205 corruptae
1709 2135 2058 2190 conscientia:
2097 2134 2283 2188 antici-

697 2236 840 2305 patio
877 2251 890 2286 :
933 2248 996 2302 ac
1040 2229 1487 2302 quemadmodum
1518 2226 1794 2281 eunuchos
1825 2224 2070 2294 corporis
2099 2224 2282 2277 vitium

695 2330 886 2397 cjusce
902 2327 977 2381 rei
1008 2322 1173 2395 gloria
1199 2322 1424 2390 dejeeil,
1453 2321 1525 2373 ita
1546 2335 1641 2373 vos
1663 2317 1906 2372 diabolus
1931 2359 1945 2380 ,
1975 2327 2160 2369 natura
2188 2330 2283 2369 vo-

697 2421 779 2474 bis
801 2420 946 2473 salva
993 2423 1358 2486 permanente,
1384 2413 1528 2466 sanis
1555 2411 1797 2466 consiliis
1835 2409 2061 2464 resectis
2081 2450 2097 2474 ,
2126 2416 2286 2476 atque

697 2512 751 2563 in
781 2506 1154 2562 necessitatem
1202 2501 1474 2572 coniectos
1518 2502 1810 2564 cmlibatus,
1845 2515 1965 2554 cum
2013 2498 2285 2553 laboribus

699 2607 873 2669 urget,
925 2607 1034 2652 tum
1085 2595 1286 2648 laudari
1329 2609 1434 2648 non
1483 2592 1629 2647 sinit.
1662 2591 2058 2646 Matrimonium
2101 2591 2286 2646 vetas?

697 2689 999 2744 ennobrem
1029 2694 1084 2741 et
1107 2685 1380 2739 cmlibatus
1405 2683 1707 2737 mercedem
1739 2696 1846 2754 non
1876 2682 2127 2751 accipies,
2162 2682 2269 2735 imo

699 2792 884 2850 pinnas
907 2769 1066 2832 etiam
1096 2791 1158 2830 ac
1188 2774 1506 2844 supplicium
1535 2774 1670 2828 lues.

771 2870 859 2924 IX.
883 2869 962 2921 Ad
991 2867 1321 2937 virginitatem
1346 2865 1559 2931 hortari,
1584 2880 1902 2934 nequaquam
1928 2865 2038 2934 ejus
2069 2879 2175 2917 esse
2201 2864 2288 2932 qui

698 2960 1071 3014 matrimonium
1112 2965 1256 3010 vetet.
1293 2983 1362 2994 -—
1402 2955 1480 3009 Tu
1511 2970 1638 3009 vero
1659 2996 1674 3020 ,
1709 2956 1910 3024 inquit,
1956 2970 2059 3007 non
2092 2955 2288 3008 velas?

701 3053 880 3122 Apage
903 3059 960 3103 ut
988 3059 1160 3104 tecum
1189 3062 1338 3116 teque
1363 3047 1644 3101 insaniam.
1680 3046 1747 3100 Et
1776 3048 1866 3115 qui
1891 3086 1906 3112 ,
1937 3047 2135 3115 inquit,
2167 3046 2287 3098 hor-

704 3143 830 3199 taris
859 3139 1252 3195 matrimonium
1285 3153 1390 3191 non
1428 3137 1784 3192 contrahere?
1826 3136 1975 3203 Quod
2006 3136 2286 3205 virginita-

703 3249 809 3291 tem
847 3232 1191 3288 matrimonio
1233 3231 1388 3300 longe
1422 3229 1846 3300 praestantiorem
1878 3230 2104 3284 sentiam
2141 3249 2152 3284 :
2184 3245 2284 3284 nec

701 3343 828 3382 τίετο
859 3334 1137 3395 propterea
1165 3321 1558 3377 matrimonium
1591 3320 1642 3373 in
1669 3301 1825 3374 malis
1853 3335 2014 3389 pono,
2042 3321 2168 3389 quin
2197 3336 2286 3374 ve-

705 3421 977 3472 hementer
1005 3416 1164 3470 etiam
1196 3413 1384 3478 laudo;
1428 3423 1511 3468 est
1539 3413 1678 3466 enim
1714 3413 1776 3466 tis
1803 3413 1890 3481 qui
1935 3421 2078 3466 recte
2105 3427 2172 3466 eo
2211 3412 2285 3466 uti

701 3510 865 3563 velint
892 3500 1233 3560 continentiae
1265 3513 1481 3571 portus,
1514 3511 1753 3556 naturam
1785 3501 1992 3556 efferari
2023 3519 2126 3555 non
2155 3517 2275 3570 per-

704 3601 939 3652 mittens.
984 3595 1115 3649 Nam
1144 3593 1379 3663 legitimo
1406 3592 1581 3656 coitu,
1612 3593 1761 3660 quasi
1798 3592 2031 3662 scopulis
2059 3592 2284 3660 quibus-

704 3691 822 3742 dam
851 3685 1074 3754 objectis
1114 3683 1180 3736 ad
1207 3682 1547 3750 excipiendos
1577 3676 1808 3734 libidinis
1835 3681 2026 3733 fluctus
2045 3722 2058 3744 ,
2109 3695 2206 3734 nos
2233 3682 2283 3733 in

703 3794 908 3832 summa
947 3773 1330 3843 tranquillitate
1361 3771 1586 3835 collocat
1613 3785 1676 3823 ac
1709 3779 1903 3850 tqetur.
1937 3769 2131 3824 Verum
2164 3779 2287 3823 sunt

703 3870 897 3938 quibus
927 3866 1056 3919 nihil
1086 3878 1220 3930 opus
1250 3862 1317 3916 sit
1347 3876 1411 3916 co
1441 3860 1706 3929 prmsidio,
1740 3860 1832 3914 sed
1864 3859 1979 3928 ejus
2007 3859 2124 3912 loco
2147 3859 2286 3927 jeju-

711 3959 832 4022 niis,
856 3955 1066 4023 vigiliis,
1091 3950 1438 4012 chameuniis,
1467 3959 1520 4003 et
1546 3949 1744 4016 reliqua
1769 3948 1819 4002 id
1844 3963 2011 4018 genus
2033 3947 2282 4012 duritate,

710 4058 908 4102 natura!
935 4045 1166 4099 furorem
1192 4041 1429 4095 cicurcnt
1458 4056 1472 4092 :
1497 4040 1594 4093 hos
1611 4039 1869 4092 cohortor
1888 4039 2283 4092 matrimonium

709 4154 812 4193 non
839 4133 1157 4190 contrahere
1175 4172 1191 4197 ,
1218 4145 1317 4184 nec
1341 4129 1734 4183 matrimonium
1765 4139 1903 4182 veto.
1938 4123 2161 4182 Interest
2186 4146 2279 4182 au-

708 4246 812 4287 tetn
844 4231 983 4282 inter
1013 4229 1114 4280 hoc
1156 4233 1209 4278 et
1249 4220 1377 4276 illud
1424 4221 1704 4290 plurimum
1729 4260 1743 4282 ,
1789 4231 2043 4288 quantum
2082 4221 2287 4274 scilicet

708 4321 991 4376 discrimen
1036 4325 1118 4371 est
1161 4315 1297 4368 inter
1340 4312 1712 4366 necessitatem
1757 4320 1806 4363 et
1851 4312 2141 4378 optionem.
2186 4312 2284 4379 Qui

710 4415 850 4468 enim
881 4409 1127 4472 consulit,
1159 4406 1383 4460 liberum
1419 4403 1668 4472 relinquit
1695 4401 1917 4455 auditori
1945 4418 2062 4471 qua:
2092 4418 2285 4456 consu-

708 4507 780 4558 lat
806 4500 958 4568 sequi
986 4517 998 4550 :
1029 4497 1115 4565 qui
1160 4504 1319 4557 vetat,
1353 4495 1396 4547 is
1436 4495 1482 4548 ei
1526 4492 1826 4546 facultatem
1869 4508 1984 4546 eam
2027 4495 2282 4561 prmripit.

705 4593 785 4648 Ad
819 4591 931 4643 hare
959 4588 1047 4657 qui
1079 4585 1358 4647 cohortor,
1387 4598 1497 4635 rem
1529 4597 1634 4635 non
1673 4581 1951 4650 improbo;
1984 4599 2083 4636 nec
2111 4583 2197 4648 qui
2225 4599 2284 4636 se

705 4681 880 4736 induci
911 4694 1014 4732 non
1052 4675 1279 4744 patiatur
1308 4687 1500 4726 accuso
1527 4688 1538 4722 :
1577 4682 1629 4724 lu
1662 4672 1748 4741 qui
1781 4672 1832 4724 id
1861 4671 2081 4725 damnes
2114 4687 2176 4726 ac
2202 4675 2281 4726 vi-

705 4776 896 4826 tiosum
919 4769 1101 4830 ducas,
1125 4777 1178 4819 ct
1199 4762 1533 4833 legislatoris,
1559 4777 1662 4815 non
1687 4761 1970 4815 consiliarii
1999 4777 2280 4830 personam

699 4864 924 4932 arripias
944 4901 959 4924 ,
985 4858 1177 4912 merito
1213 4869 1306 4909 eos
1329 4853 1418 4924 qui
1447 4870 1550 4907 non
1582 4853 1832 4908 obcdiant
1857 4854 2016 4907 odisti
2050 4871 2064 4919 ;
2095 4863 2150 4908 at
2176 4871 2279 4909 non

705 4969 829 5022 ego,
858 4950 948 5004 sed
975 4963 1094 5004 cum
1125 4960 1219 5001 eos
1247 4945 1481 4999 admiror
1519 4945 1606 5012 qui
1634 4943 1699 4997 ad
1731 4943 1831 4998 hoc
1859 4954 2129 5012 certamen
2180 4962 2278 4998 no-

707 5045 845 5097 tnina
874 5039 1140 5106 dederint,
1172 5049 1281 5090 tum
1309 5035 1396 5104 qui
1437 5045 1587 5093 eXtra
1614 5042 1897 5097 maneant,
1929 5049 2034 5088 non
2065 5049 2277 5087 accuso.

702 5136 832 5190 Nam
862 5129 1131 5185 accusatio
1167 5124 1379 5186 demum
1407 5125 1547 5193 justa
1589 5125 1657 5178 sit
1672 5113 1692 5189 i,
1739 5125 1783 5178 si
1828 5125 1947 5193 quis
1973 5124 2111 5194 quod
2145 5124 2281 5177 haud

701 5225 861 5280 dubie
885 5221 1132 5274 vitiosum
1160 5219 1248 5283 sit,
1274 5225 1627 5286 prosequatur
1655 5232 1667 5268 :
1700 5224 1753 5268 at
1777 5215 1866 5283 qui
1894 5214 2152 5267 minorem
2177 5217 2281 5267 vir-

702 5327 867 5371 tutem
900 5321 1114 5375 nactus,
1152 5311 1407 5380 majorem
1455 5325 1558 5361 non
1606 5308 1800 5372 adeat,
1844 5308 1889 5362 is
1917 5308 2277 5376 quidemmon

703 5421 823 5460 cum
856 5404 1059 5460 fortiori
1083 5401 1376 5456 laudandus
1404 5412 1456 5453 et
1481 5399 1822 5456 admirandus
1845 5407 1945 5463 est,
1979 5412 2078 5452 nec
2103 5406 2277 5450 tamen

703 5498 822 5551 ideo
865 5493 1180 5564 culpandus.
1223 5489 1421 5560 Ecquid
1463 5490 1621 5558 igitur
1657 5488 1957 5557 conjugium
1987 5498 2147 5553 veto,
2192 5487 2278 5555 qui

702 5590 959 5658 conjuges
1007 5603 1110 5641 non
1154 5583 1442 5638 accusem?
1489 5567 1698 5650 Stupra'
1726 5593 1849 5634 veto
1895 5591 1948 5634 et
1995 5578 2275 5641 adulteria,

702 5679 1095 5734 matrimonium
1143 5688 1245 5727 no‘u
1293 5673 1417 5727 item
1465 5691 1476 5725 :
1521 5682 1573 5725 ct
1623 5672 1708 5724 illa
1757 5673 2012 5724 audentes
2051 5670 2274 5738 castigo,

701 5777 860 5840 atque
905 5769 971 5823 ab
1020 5766 1266 5824 Ecclesia:
1320 5773 1461 5819 etetu
1509 5759 1821 5833 proscribo';
1869 5761 1968 5814 hoc
2015 5775 2138 5816 vero
2185 5759 2276 5832 qui

1395 389 1451 444 S.
1492 386 1769 444 JOANNIS
1808 384 2281 445 CIIRYSOSTOMI
2321 382 2640 440 ARCIIIEP.
2681 386 3222 443 CONSTANTINOP.

3855 385 3958 439 5N)

2387 499 2600 565 faciant,
2625 501 2749 554 dum
2776 501 3030 566 modeste,
3055 501 3267 557 assidue
3287 500 3444 556 etiam
3465 501 3637 554 laudo.
3665 499 3738 554 Ita
3763 501 3961 570 duplex

2386 590 2587 643 lucrum
2620 590 2678 643 flt
2713 609 2724 642 :
2756 607 2915 644 unttm
2938 631 2953 657 ,
2991 591 3131 660 quod
3165 590 3254 645 Dei
3287 592 3552 658 opificium
3593 607 3696 643 non
3738 589 3961 646 damne-

2386 696 2536 743 mus;
2565 680 2826 746 alterum,
2854 682 2993 749 quod
3047 698 3150 734 non
3190 682 3363 735 solum
3404 683 3674 751 virginitas
3703 680 3962 750 dignitate

2385 787 2479 825 sua
2506 787 2610 825 non
2637 769 2972 841 dispulietur,
3004 772 3098 827 sed
3125 772 3293 827 multo
3315 774 3472 826 etiam
3501 772 3758 827 illustrior
3783 773 3958 826 decla-

2385 871 2549 916 retur.

2454 951 2524 1006 Χ.
2551 951 2649 1019 Qui
2677 953 3052 1007 matrimonium
3074 954 3298 1019 damnet,
3321 970 3433 1008 eum
3453 954 3782 1023 virginitatem
3808 942 3970 1007 etiam.

2385 1042 2585 1096 ledere.
2616 1072 2687 1085 --
2723 1045 2928 1115 Etenim
2955 1045 3046 1116 qui
3077 1046 3468 1098 matrimonium
3506 1045 3751 1111 damnat,
3784 1045 3828 1103 is
3853 1045 3962 1098 vir-

2383 1135 2622 1204 ginitatis
2657 1136 2816 1191 etiam
2849 1138 3067 1207 gloriam
3089 1137 3297 1206 carpit;
3327 1137 3415 1207 qui
3443 1137 3640 1203 laudat,
3671 1137 3715 1190 is
3743 1136 3961 1205 virgini-

2386 1237 2545 1280 tatem
2587 1227 3036 1282 admirabiliorem
3081 1229 3546 1297 augustioremque
3590 1227 3782 1282 reddit.
3829 1226 3964 1280 Nam

2384 1318 2522 1386 quod
2546 1317 2826 1372 deterioris
2854 1321 3248 1387 comparatione
3273 1318 3468 1376 bonum
3491 1317 3718 1381 videtur,
3747 1317 3797 1370 id
3821 1315 3964 1369 haud

2386 1425 2515 1462 sane
2540 1409 2825 1463 admodum
2855 1410 3049 1468 bonum
3075 1420 3190 1474 est;
3221 1409 3358 1479 quod
3380 1419 3555 1464 autem
3579 1409 3813 1464 omnium
3840 1423 3967 1462 sen-

2387 1501 2549 1555 tentia
2578 1499 2731 1555 bouis
2758 1501 2980 1565 melius,
3020 1501 3070 1556 id
3087 1498 3369 1557 "excellens
3409 1502 3603 1556 bonum
3638 1510 3722 1556 est
3747 1519 3759 1554 :
3786 1500 3966 1570 cujus-

2387 1591 2527 1645 modi
2572 1605 2670 1645 nos
2694 1591 3050 1661 virginitatem
3092 1607 3211 1647 esse
3252 1592 3524 1646 docemus.
3562 1589 3738 1657 Quare
3771 1601 3827 1645 ut
3868 1582 3974 1660 qui

2387 1682 2780 1760 matrimonium
2838 1682 3121 1749 damnant,
3176 1682 3333 1751 hujus
3383 1682 3641 1736 encomiis
3687 1683 3966 1737 fraudandi

2386 1760 2529 1838 sunt,
2560 1772 2631 1826 ita
2659 1773 2747 1840 qui
2778 1771 2829 1826 id
2856 1788 2884 1826 a
2913 1773 3138 1828 crimine
3176 1771 3385 1838 liberat,
3417 1789 3520 1828 non
3550 1782 3654 1828 tam
3689 1773 3738 1833 id
3760 1817 3775 1841 ,
3805 1789 3967 1844 quam

2389 1857 2742 1933 virginitatem
2776 1864 2971 1919 laudat.
3004 1864 3136 1919 Nam
3163 1874 3215 1920 et
3241 1880 3494 1934 corpora,
3527 1881 3630 1920 non
3660 1881 3780 1935 qua:
3805 1867 3968 1920 ntuli-

2389 1955 2456 2009 lis
2477 1996 2492 2020 ,
2525 1955 2618 2009 sed
2646 1971 2764 2024 quae
2793 1957 3010 2025 integris
3037 1965 3091 2012 ct
3116 1957 3242 2010 vitio
3273 1957 3420 2010 nullo
3461 1957 3764 2026 praepeditis
3790 1957 3972 2011 excel-

2389 2047 2530 2111 lant,
2563 2062 2621 2101 ea
2665 2048 2884 2118 pulchra
2913 2048 3160 2103 dicimus.
3193 2049 3395 2102 Bonum
3422 2058 3506 2104 est
3531 2048 3923 2103 matrimonium
3951 2066 3967 2113 ;

2390 2148 2666 2208 propterea
2697 2139 3003 2194 admiranda
3030 2140 3305 2210 virginitas
3332 2147 3434 2208 est,
3465 2156 3585 2210 qua:
3610 2141 3752 2195 bono
3778 2141 3972 2195 melior

2390 2229 2479 2294 sit,
2507 2244 2679 2298 eoque
2705 2230 2911 2294 melior,
2941 2246 3047 2299 quo
3070 2232 3244 2284 nautis
3263 2232 3606 2300 gubernator,
3629 2241 3682 2285 et
3711 2231 3972 2284 militibus

2390 2318 2515 2372 dux.
2546 2320 2648 2375 Sed
2676 2318 3123 2388 quemadmodum
3153 2321 3425 2376 subduCtis
3452 2337 3483 2376 e
3521 2323 3640 2375 navi
3683 2322 3973 2390 remigibus

2391 2413 2565 2464 navim
2598 2411 2904 2481 demergas,
2939 2423 2991 2467 et
3015 2413 3268 2467 militibus
3293 2429 3357 2468 ex
3383 2415 3496 2468 acie
3523 2415 3746 2468 sem‘otis
3777 2415 3972 2468 ducem

2392 2501 2635 2556 hostibus
2662 2502 2892 2557 vinctum
2928 2503 3103 2558 tradas
3137 2521 3150 2558 :
3180 2505 3250 2558 ita
3277 2513 3330 2559 et
3356 2504 3470 2569 hic,
3499 2505 3543 2558 si
3572 2505 3972 2559 matrimonium

2389 2591 2456 2646 de
2486 2607 2693 2646 summo
2716 2593 2882 2662 gradu
2909 2593 3146 2662 dejicias,
3172 2595 3487 2665 virginitatis
3504 2595 3710 2650 laudem
3749 2597 3972 2664 prodas,

2391 2694 2547 2754 atque
2575 2683 2641 2738 ad
2669 2694 2964 2739 extremum
2988 2685 3185 2739 malum
3209 2687 3441 2755 redigas.
3463 2687 3672 2741 Bonum
3702 2696 3786 2743 est
3809 2689 3944 2757 virgi
3962 2722 3974 2735 .

2393 2779 2562 2843 nitas;
2591 2786 2645 2832 et
2665 2792 2764 2846 ego
2785 2778 3099 2842 consentio;
3129 2794 3192 2833 ac
3217 2779 3556 2833 matrimonio
3575 2779 3734 2834 etiam
3759 2779 3970 2844 melior,

2391 2876 2444 2921 et
2473 2867 2572 2921 hoc
2601 2867 2879 2922 confiteor.
2923 2867 2990 2920 Et
3024 2868 3067 2922 si
3107 2868 3278 2936 placet
3300 2910 3314 2932 ,
3355 2878 3551 2938 quanto
3581 2871 3739 2924 etiam
3775 2870 3974 2925 melior

2392 2959 2458 3011 sit
2498 2957 2687 3011 addam
2715 2976 2729 3011 :
2758 2968 2956 3028 quanto
2995 2958 3188 3012 ctelum
3232 2967 3370 3012 terra
3394 3001 3408 3025 ,
3439 2970 3637 3028 quanto
3669 2961 3976 3013 hbminibtts

2392 3051 2582 3119 angeli.
2618 3050 2727 3103 lmo
2754 3061 2810 3104 ut
2851 3049 3039 3104 fortius
3065 3051 3264 3120 aliquid
3291 3051 3513 3119 dicam,
3533 3051 3691 3105 ctiam
3718 3052 3974 3119 amplius.

2393 3139 2523 3193 Nam
2553 3140 2726 3208 angeli
2765 3140 2863 3193 etsi
2897 3155 2995 3193 nec
3035 3139 3236 3194 ducunt
3273 3154 3501 3205 uxores,
3544 3155 3642 3195 nec
3682 3140 3976 3205 ducuntur,

2392 3239 2444 3282 at
2476 3245 2579 3282 non
2619 3240 2744 3284 sunt
2783 3244 2946 3284 carne
2982 3239 3036 3284 ct
3075 3231 3329 3299 sanguine
3365 3233 3753 3299 coagmentati,
3784 3246 3886 3284 non
3918 3233 3977 3286 in

2395 3322 2548 3376 terris
2587 3331 3022 3386 commorantur,
3066 3337 3169 3376 non
3201 3322 3478 3375 libidinum
3507 3333 3667 3376 :estus
3710 3323 3977 3388 sentiunt,

2393 3431 2497 3467 non
2521 3414 2623 3468 cibi
2655 3424 2741 3466 aut
2771 3424 2924 3480 potus
2955 3414 3210 3482 indigent,
3241 3428 3344 3466 non
3374 3415 3519 3467 suavi
3549 3424 3705 3466 cantu
3732 3413 3978 3477 deliniri,

2393 3521 2496 3560 non
2538 3505 2740 3559 liberali
2772 3507 2974 3571 forma,
3003 3513 3095 3558 aut
3138 3506 3242 3558 alio
3285 3505 3400 3572 ejus
3430 3507 3640 3573 generis
3682 3506 3790 3559 ullo
3830 3506 3981 3562 ﬂecti

2393 3606 2648 3665 possunt;
2697 3597 2790 3650 sed
2832 3597 2968 3650 sicut
3020 3611 3230 3650 sun‘nno
3275 3597 3495 3650 meridie
3540 3597 3730 3651 ca-lttm
3757 3639 3770 3663 ,
3824 3599 3978 3655 nulla

2391 3689 2637 3742 affectum
2667 3688 2806 3741 nube
2835 3703 3022 3756 purum
3069 3677 3359 3755 spectatur,
3392 3689 3460 3741 ita
3492 3696 3545 3742 et
3573 3689 3782 3742 illorum
3812 3700 3977 3744 natu-

2394 3795 2484 3841 rte,
2515 3794 2543 3832 a
2567 3778 2784 3832 libidine
2809 3779 3023 3847 quietzc,
3059 3779 3294 3832 illustres
3323 3795 3385 3834 ac
3415 3780 3699 3849 perlucida:
3722 3791 3978 3837 maneant

2389 3880 2618 3938 Oportet.

2461 3961 2552 4014 ΧΙ.
2590 3959 2934 4029 Virginitatem
2981 3976 3064 4013 eos
3091 4001 3107 4023 ,
3133 3959 3220 4028 qui
3249 3959 3390 4013 illam
3420 3976 3530 4013 vere
3557 3971 3923 4029 persequuntur
3957 4007 3974 4030 ,

2390 4052 2596 4123 angelos
2645 4068 2707 4104 ea:
2768 4051 3050 4104 hominibus
3097 4051 3302 4119 efﬁcere.
3337 4081 3406 4090 —
3449 4052 3747 4106 Humanum
3789 4065 3976 4109 autem

2389 4159 2556 4212 genus
2601 4151 2785 4196 natura
2840 4143 3007 4196 beatis
3057 4143 3072 4173 ί
3120 4143 3224 4198 illis
3263 4143 3597 4208 concedens,
3650 4145 3792 4197 vires
3845 4159 3979 4200 suas

2393 4241 2575 4301 urget,
2617 4247 2738 4286 cum
2771 4233 2939 4300 iisque
2971 4247 3068 4299 pro
3094 4232 3230 4286 virili
3262 4232 3458 4300 mquari
3481 4247 3685 4286 summa
3714 4247 3814 4300 ope
3839 4235 3977 4304 niti-

2393 4333 2493 4376 tur.
2519 4322 2633 4389 Quo
2663 4323 2849 4392 pacto?
2874 4322 2983 4377 Nec
3020 4321 3221 4375 ducunt
3262 4336 3455 4377 uxores
3488 4323 3660 4391 angeli
3693 4364 3707 4388 ,
3737 4338 3834 4376 nec
3864 4323 3975 4377 du-
4049 4376 4057 4384 κ

2390 4424 2598 4468 cuntur.
2625 4415 2692 4466 At
2717 4426 2814 4467 nec
2839 4415 3008 4482 virgo.
3027 4415 3292 4467 Assistunt
3311 4424 3562 4481 perpetuo
3580 4428 3641 4467 ac
3667 4413 3978 4469 ministrant

2393 4506 2521 4561 Deo.
2550 4505 2734 4558 Itidem
2763 4514 2815 4558 et
2842 4504 3007 4573 virgo.
3034 4505 3204 4570 Quare
3220 4504 3377 4557 etiam
3397 4503 3590 4557 Paulus
3618 4517 3709 4557 eas
3727 4503 3794 4556 ab
3821 4505 3976 4557 omni

2399 4582 2770 4655 sollicitudine
2799 4611 2970 4664 arcet,
3003 4613 3062 4655 ut
3096 4603 3331 4657 assiduae
3349 4603 3460 4657 sint
3487 4613 3542 4657 et
3571 4604 3857 4678 indivulsaa
3879 4606 3964 4676 (I.

2390 4687 2587 4742 Cor.7.
2617 4689 2730 4759 54).
2761 4689 2917 4755 Quod
2945 4691 2991 4745 si
3017 4701 3075 4746 ut
3097 4693 3176 4744 illi
3203 4693 3258 4746 in
3284 4694 3484 4747 etnlnm
3513 4693 3640 4747 hinc
3655 4696 3970 4752 ascendere

2402 4796 2510 4834 non
2551 4791 2803 4850 possunt,
2826 4762 2990 4838 carne
3012 4799 3107 4838 eas
3136 4784 3498 4854 deprimente,
3543 4795 3597 4838 at
3623 4787 3710 4841 hic
3739 4803 3971 4856 quoque

2392 4872 2663 4941 insignem
2699 4873 2897 4926 habent
2911 4875 3365 4940 consolationem,
3385 4893 3506 4945 qua:
3523 4879 3698 4946 ipsum
3718 4879 3840 4932 cudi
3864 4878 3975 4934 Do-

2392 4961 2599 5012 minum
2623 4960 2920 5029 excipiant,
2946 4960 2991 5014 si
3018 4961 3240 5030 quidem
3261 4964 3375 5015 sint
3400 4979 3634 5031 corpore
3660 4975 3821 5033 atque
3847 4967 3973 5034 spi-

2390 5041 2499 5104 ritit
2532 5061 2755 5108 sanctae.
2777 5053 2969 5109 Viden’
2988 5056 3319 5124 virginitatis
3352 5057 3558 5112 decus?
3583 5074 3769 5120 eorum
3790 5061 3883 5127 qui
3911 5063 3970 5115 in

2397 5143 2560 5197 terris
2577 5142 2782 5207 degunt
2799 5159 2924 5198 cum
2940 5147 3216 5201 caelitibus
3234 5148 3356 5201 vita:
3371 5148 3783 5207 similitudinem
3803 5153 3974 5205 moli-

2398 5241 2508 5296 tur,
2535 5248 2768 5303 corpore
2785 5236 3015 5291 vestitos
3040 5238 3182 5291 vinci
3201 5239 3269 5292 ab
3287 5239 3626 5308 incorporeis
3651 5239 3975 5299 Virtutibus

2393 5339 2500 5376 non
2529 5325 2818 5392 permittit,
2840 5328 3100 5381 mortales
3132 5330 3449 5399 angelorum
3496 5330 3726 5385 aemulos
3759 5332 3972 5391 reddit.

2396 5413 2503 5469 Sed
2524 5416 2662 5469 nihil
2682 5416 2784 5471 hoc
2802 5417 2866 5471 ad
2888 5433 3003 5480 vos,
3020 5419 3111 5487 qui
3131 5427 3186 5473 et
3208 5435 3321 5473 rem
3343 5416 3552 5474 tantam
3571 5425 3970 5490 corrumpatis,

2392 5515 2444 5560 et
2473 5506 2761 5586 Dominum
2781 5510 3038 5577 culpetis,
3071 5512 3383 5580 malumque
3403 5513 3698 5567 nominctis
3719 5531 3733 5566 :
3753 5518 3972 5572 etenim

2393 5613 2491 5652 vos
2516 5599 2749 5666 improbi
2786 5601 2926 5654 servi
2958 5600 3288 5671 supplicium
3310 5595 3780 5660 manet.Ecclesite
3798 5604 3966 5675 virgi-

2449 5765 2463 5797 ί
2503 5770 2638 5825 ncg.,
2668 5762 2809 5812 beatis
2833 5758 3028 5826 angelis.
