4174 6318
198 148 297 179 r
320 148 325 149 ,

209 518 348 567 εἶναι
392 519 499 589 ςῇς
550 511 728 584 [274],
771 510 954 565 οὐκέτι
997 511 1099 581 τῆς
1161 508 1263 581 σῆς
1313 509 1688 581 προαιρέσεως
1738 508 1801 563 τδ

204 596 545 667 κατόρθωμα
571 598 802 665 γίνεται,
820 594 955 648 ἀλλὰ
986 594 1086 660 τῆς
1106 593 1353 663 ἀνάγκης
1379 592 1473 645 τοῦ
1493 593 1682 663 νόμου.
1704 592 1804 646 Διά

200 679 369 733 τοῦτο
403 679 623 748 Πέρσας
655 679 752 749 μὲν
792 680 866 749 μὴ
900 676 1389 748 μητρογαμοῦντας
1426 674 1799 746 θαυμάζομεν,

214 762 532 830 Ῥωμαίους
592 762 649 813 δὲ
708 760 921 814 οὐκέτι’
978 759 1214 813 ἐνταῦθα
1272 759 1371 830 μὲν
1427 758 1539 830 γὰρ
1597 758 1803 811 ἅπασιν

203 834 415 913 ἐφεξῆς
440 844 501 897 τδ
545 846 776 915 πρᾶγμα
826 842 1079 914 βδελυρὸν
1125 836 1265 894 εἶναι
1304 842 1470 907 δοκεῖ,
1513 843 1631 894 ἐκεῖ
1669 841 1726 894 δὲ
1767 842 1802 911 ἡ

198 928 317 981 τῶν
348 927 523 981 ταῦτα
551 926 872 998 τολμώντων
894 926 1056 979 ἄδεια
1088 926 1217 989 τούς
1252 925 1363 978 τῶν
1406 924 1663 979 τοιούτων
1683 925 1804 982 ,άπ-

199 1011 503 1082 εχομένους
532 1011 733 1080 μίξεων
749 1009 1087 1063 ἐπαινεῖσθαι
1114 1001 1406 1079 πεποίηκε.
1422 1008 1583 1062 Κατά
1604 1007 1695 1061 τὸν
1716 1008 1805 1061 αὐσ

196 1093 299 1146 τὸν
330 1093 395 1163 δὴ
429 1093 586 1161 λόγον
630 1094 725 1153 καὶ
758 1093 852 1146 ἐπὶ
889 1091 985 1145 τοῦ
1016 1092 1200 1163 γάμου
1229 1092 1329 1163 τὴν
1369 1091 1615 1156 ἐξέτασιν
1646 1092 1804 1162 ποιή-

198 1177 410 1229 σασθαι
446 1177 575 1247 χρή.
618 1176 811 1245 Ἡμεῖς
841 1176 944 1246 μὲν
975 1176 1085 1244 7&9
1111 1175 1301 1246 ἐπειδὴ
1338 1175 1399 1228 τὸ
1430 1176 1663 1245 πρᾶγμα
1694 1174 1803 1227 πᾶ-

199 1276 292 1311 σιν
333 1260 545 1326 ἐφεῖται
585 1260 716 1328 παρ’
747 1260 899 1329 ἡμῖν,
944 1258 1174 1321 εἰκότως
1214 1258 1342 1320 τούς
1382 1257 1457 1328 μὴ
1487 1256 1829 1328 γαμοῦντας.

196 1342 584 1413 θαυμάζομεν*
610 1343 768 1412 ὑμεῖς
784 1342 840 1396 δὲ
858 1343 937 1405 είς
960 1342 1061 1413 τὴν
1082 1341 1193 1395 τῶν
1217 1339 1478 1412 χειρόνων
1502 1342 1633 1397 αὐτὸ
1648 1340 1803 1406 τάξιν

194 1427 467 1491 ὤσαντες,
500 1428 681 1481 οὐκέτ’
707 1427 775 1481 ἂν
801 1426 1055 1481 δύναισθε
1080 1426 1191 1479 τῶν
1218 1426 1328 1479 ἀπὸ
1356 1424 1450 1478 τοῦ
1475 1426 1801 1497 πράγματος

192 1512 607 1571 ἀντιποιεῖσθαι
636 1510 898 1564 ἐπαίνων.
935 1508 1012 1562 Τὸ
1044 1508 1155 1580 7&9
1188 1508 1302 1561 τῶν
1334 1509 1802 1580 ἀπηγορευμένων

190 1593 531 1664 ἀπέχεσθαι,
563 1593 718 1646 οὔπω
747 1592 1002 1660 γενναίας
1036 1591 1132 1645 καὶ
1170 1582 1427 1662 νεανικῆς
1458 1592 1659 1669 ψυχῆς.
1700 1592 1804 1645 Τε-

189 1677 354 1741 λείας
390 1677 501 1747 γάρ
540 1676 742 1748 ἀρετῆς
778 1675 931 1728 οὐτὸ
959 1675 1135 1729 ταῦτα
1170 1672 1244 1746 μὴ
1281 1674 1547 1744 πράττειν
1584 1676 1620 1729 ἀ
1658 1674 1804 1746 πρά-

190 1759 399 1825 ξαντες
432 1759 585 1829 παρά
625 1760 793 1812 πᾶσιν
826 1753 969 1812 εῖναι
1009 1758 1235 1828 δόξομεν
1266 1759 1447 1821 κακοὶ,
1479 1756 1618 1811 ἀλλά
1650 1758 1711 1811 τὸ
1744 1758 1805 1813 ἐν

185 1842 415 1907 τούτοις
446 1840 584 1897 εἶναι
619 1842 937 1915 λαμπρούς,
971 1842 1007 1897 ἀ
1040 1843 1182 1913 μήτε
1209 1843 1337 1905 τοὺς
1380 1841 1457 1913 μὴ
1512 1842 1803 1913 ἑλομένους

183 1926 397 1996 ἀφίησι
426 1939 453 1967 ι
477 1926 566 1980 διὰ
594 1927 753 1993 τοῦτο
769 1925 1118 1991 κακίζεσθαι,
1150 1925 1279 1990 τούς
1301 1942 1361 1978 τε
1393 1926 1687 1998 ἑλομένους
1707 1929 1803 1981 καὶ

188 2009 660 2081 κατορθώσαντας
681 2010 742 2063 οὐ
771 2010 931 2080 μόνον
955 2010 1061 2079 τῆς
1087 2010 1199 2063 τῶν
1218 2008 1443 2078 φαύλων
1469 2011 1800 2065 ἀπαλλάττει

184 2092 360 2163 δόξης
378 2134 393 2158 ,
430 2093 569 2148 ἀλλά
597 2094 694 2148 καὶ
723 2097 805 2157 εις
830 2092 930 2164 τὴν
961 2092 1073 2146 τῶν
1103 2092 1328 2160 ἀγαθῶν
1352 2093 1595 2163 ἐγκρίνει
1623 2092 1798 2160 τάξιν.

187 2176 421 2248 Ὠσπερ
440 2170 561 2248 ’γάρ
588 2177 714 2240 τοὺς
739 2174 1034 2248 εὐνούχους
1061 2176 1236 2240 οὐδεὶς
1264 2176 1332 2231 ἂν
1354 2178 1697 2233 ἐπαινέσειεν
1720 2180 1801 2243 είς

166 2250 508 2329 ’παρθενίαξ
522 2260 701 2328 λόγον,
729 2262 813 2315 ὅτι
848 2261 922 2331 μὴ
952 2260 1247 2331 γαμοῦσιν,
1278 2260 1459 2324 οὕτως
1488 2262 1611 2315 οὐδὲ
1631 2262 1797 2331 ὑμᾶς.

191 2345 264 2396 Ὃ
293 2344 408 2415 γάρ
430 2344 659 2408 ἐκείνοις
686 2346 719 2416 ἡ
753 2345 854 2415 τῆς
888 2343 1105 2413 φύσεως
1139 2344 1377 2415 ἀνάγκη,
1410 2343 1577 2398 τοῦτο
1601 2345 1732 2415 ὑμῖν
1761 2346 1795 2414 ἡ

181 2426 293 2495 τῆς
315 2429 568 2497 πονηρᾶς
586 2427 944 2503 συνειδήσεως
962 2427 1238 2503 πρόληψις
1261 2429 1454 2497 γέγονε
1474 2445 1487 2459 ο
1513 2429 1609 2482 καὶ
1631 2429 1799 2483 καθά-

185 2526 317 2578 περ
347 2512 477 2572 τοὺς
504 2510 797 2581 εὐνούχους
886 2510 982 2564 τοῦ
1014 2500 1269 2581 σώματος
1296 2513 1547 2584 πήρωσις
1570 2512 1671 2582 τῆς
1705 2512 1800 2565 ἐπὶ

182 2593 269 2662 τῷ
302 2595 595 2665 πράγματι
623 2594 939 2665 φιλοτιμίας
960 2593 1238 2661 ἐξέϐαλεν,
1262 2594 1440 2659 οὕτως
1470 2596 1615 2667 ὑμᾶς
1635 2598 1663 2649 6
1683 2595 1799 2649 διά-

183 2676 373 2739 ϐολος,
394 2677 493 2747 τῆς
522 2676 739 2745 φύσεως
772 2679 903 2748 ὑμῖν
931 2677 1193 2745 ἀκεραίου
1235 2677 1525 2748 μενούσης,
1560 2679 1686 2741 τοὺς
1706 2677 1801 2748 69-

185 2760 326 2823 θοὺς
352 2761 656 2831 περικόψας
674 2761 989 2832 λογισμοὺς,
1017 2762 1112 2814 καὶ
1133 2760 1307 2824 οὓτως
1330 2764 1411 2825 εἰς
1427 2762 1527 2831 τὴν
1549 2761 1799 2831 ἀνάγκην

183 2842 293 2899 τοῦ
325 2844 404 2915 μὴ
440 2848 641 2913 γαμεῖν
675 2846 1026 2916 καταστήσας
1046 2885 1061 2908 ,
1089 2845 1399 2897 κατατείνει
1429 2845 1529 2916 μὲν
1555 2847 1668 2908 τοῖς
1701 2843 1799 2896 πό-

183 2944 346 2991 νοις,
378 2926 647 2996 τιμᾶσθαι
678 2928 732 2981 δὲ
767 2929 867 2981 οὐκ
904 2926 1120 2997 ἀφίησι.
1154 2926 1405 2991 Κωλύεις
1444 2930 1674 2998 γαμεῖν;
1708 2926 1798 2981 διά

183 3010 359 3065 τοῦτο
382 3010 479 3063 τοῦ
504 3010 578 3081 μὴ
598 3013 799 3080 γαμεῖν
824 3010 885 3064 οὐ
910 3009 1155 3065 κείσεταί
1179 3026 1261 3063 σοι
1294 3011 1510 3081 μισθὸς,
1540 3010 1678 3064 ἀλλά
1702 3011 1798 3063 καὶ

183 3092 442 3163 τιμωρία
471 3094 566 3145 καὶ
588 3093 833 3159 κόλασις.

259 3176 345 3230 Θ’.
375 3176 451 3229 Σύ
470 3176 546 3241 δὲ,
573 3176 760 3248 φησὶν,
786 3178 846 3229 οὐ
878 3175 1144 3243 κωλύεις;
1180 3178 1419 3245 ¹Ἄπαγε,
1456 3176 1529 3247 μή
1559 3192 1692 3230 ποτε
1728 3175 1799 3231 τά

184 3260 340 3316 αὐτὰ
370 3277 453 3313 σοι
503 3261 754 3332 μανείην.
795 3260 922 3324 Πῶς
953 3256 1069 3324 οῦν,
1112 3262 1293 3332 φησὶ,
1328 3258 1671 3329 παρακαλεῖς
1720 3261 1795 3331 μὴ

184 3345 433 3413 γαμεῖνς
469 3343 592 3396 Ὀτι
631 3342 894 3412 πείθομαι
928 3342 1109 3414 πολλῷ
1146 3342 1483 3414 τιμιωτέραν
1530 3335 1671 3394 εἶναι
1701 3342 1793 3395 τοῦ

184 3428 381 3496 γάμου
399 3425 499 3496 τὴν
520 3425 821 3497 παρθενίαν
840 3442 853 3454 '
881 3426 944 3479 οὐ
975 3427 1082 3497 μὴν
1107 3424 1195 3480 διά
1220 3424 1381 3478 τοῦτο
1406 3427 1463 3477 ἐν
1491 3428 1604 3488 τοῖς
1628 3441 1796 3496 πονη-

190 3513 313 3582 ροῖς
340 3512 435 3564 τὸν
455 3512 633 3581 γάμον
658 3509 902 3580 τίθεμαι,
934 3508 1072 3563 ἀλλά
1093 3510 1189 3563 κα⁴ι
1220 3507 1341 3561 λίαν
1365 3508 1528 3561 αὐτὸν
1559 3509 1790 3563 ἐπαινῶ.

188 3594 384 3665 Λιμὴν
414 3593 525 3664 γάρ
563 3594 680 3647 ἐστι
720 3591 1080 3663 σωφροσύνης
1114 3593 1228 3655 τοῖς
1264 3590 1614 3662 βουλομένοις
1645 3591 1794 3663 αὐτῷ

136 3734 141 3735 ί
187 3676 436 3749 χρῆσθαι
490 3675 707 3738 καλῶς,
748 3675 850 3727 οὐκ
892 3674 1075 3744 ἀφιεὶς
1123 3673 1428 3745 ἀγριαίνειν
1466 3674 1568 3744 τὴν
1605 3674 1790 3743 φύσιν.

200 3760 356 3815 ’ἀντὶ
370 3758 482 3830 γάρ
504 3757 786 3829 προϐόλων
807 3759 1122 3828 προστήσας
1136 3756 1237 3826 τὴν
1260 3755 1486 3827 ἔννομον
1509 3756 1677 3826 μίξιν,
1698 3758 1793 3812 καὶ

184 3843 369 3911 ταύτῃ
398 3840 471 3894 τὰ
485 3841 585 3910 τῆς
604 3840 898 3909 ἐπιθυμίας
920 3839 1213 3910 δεχόμενος
1234 3837 1478 3910 κύματα,
1506 3840 1567 3891 ἐν
1584 3839 1792 3913 γαλήνη

188 3926 367 3995 πολλῇ
398 3924 723 3995 καθίστησιν
746 3924 893 3994 ἡμᾶς
918 3923 1012 3976 καὶ
1038 3921 1309 3995 διατηρεῖ.
1350 3922 1490 3974 ’Δλλ’
1515 3923 1623 3975 είσί
1649 3940 1795 3987 τινες

184 4011 238 4063 οἱ
273 4009 355 4079 μὴ
378 4007 625 4077 δεόμενοι
653 4004 862 4077 ταύτης
888 4003 990 4074 τῆς
1018 4003 1343 4074 ἀσφαλείας,
1368 4003 1484 4057 ἀλλ’
1509 4003 1632 4058 ἀντὶ
1661 4005 1794 4059 ταύ-

188 4109 293 4161 της
345 4093 626 4160 νηστείαις
651 4132 667 4157 ,
715 4088 1079 4160 ἀγρυπνίαις,
1131 4088 1459 4159 χαμευνίαις
1481 4127 1496 4152 ,
1526 4090 1594 4159 τῇ
1628 4086 1789 4158 λοιπῇ

191 4174 594 4246 σκληραγωγία
620 4172 1006 4228 τιθασσεύουσι
1032 4170 1132 4249 τὴν
1176 4172 1275 4241 τῆς
1308 4170 1522 4240 φύσεως
1556 4170 1755 4241 μανίαν
1774 4189 1789 4203 ’

187 4259 407 4325 τούτοις
432 4258 685 4329 παραινῶ
704 4258 779 4329 μὴ
796 4258 1015 4326 γαμεῖν,
1040 4255 1104 4307 οὐ
1137 4254 1363 4308 κωλύων
1393 4258 1614 4326 γαμεῖν.
1648 4255 1791 4310 Πολὺ

186 4341 246 4394 δέ
270 4340 466 4394 τούτου
494 4341 748 4395 κάκείνου
768 4340 831 4391 τὸ
854 4338 1041 4409 μέσον,
1064 4329 1157 4391 καὶ
1177 4337 1455 4401 τοσοῦτον,
1475 4337 1600 4391 ὅσον
1622 4338 1793 4407 ἀνάγ-

190 4442 297 4496 κης
331 4425 429 4479 καὶ
477 4424 850 4495 προαιρέσεως
874 4422 936 4475 τὸ
968 4421 1244 4492 διάφορον.
1287 4421 1345 4474 Ὀ
1389 4421 1487 4491 μὲν
1516 4422 1625 4493 γὰρ
1654 4438 1792 4492 συμ-

190 4508 469 4563 ϐουλεύων
498 4506 691 4577 ἀφίησι
716 4505 809 4560 τὸν
838 4503 1105 4559 ἀκούοντα
1144 4502 1335 4574 κύριον
1373 4498 1513 4558 εἶναι
1543 4504 1644 4575 τῆς
1680 4503 1791 4557 τῶν

190 4584 544 4664 πραγμάτων
571 4588 837 4661 αἱρέσεως
868 4587 1012 4658 ὑπὲρ
1041 4579 1118 4640 ὧν
1152 4588 1392 4639 ποιεῖται
1419 4587 1521 4658 τὴν
1549 4585 1791 4657 συμϐου-

190 4674 291 4745 λήν
313 4691 329 4706 ’
378 4675 409 4726 6
440 4673 498 4726 δὲ
526 4671 754 4726 κωλύων
783 4672 1139 4743 παραιρεῖται
1177 4670 1273 4723 καὶ
1297 4669 1471 4739 αὐτὴν
1503 4668 1603 4740 τὴν
1636 4667 1790 4735 ἐξου-

191 4759 317 4811 σίαν
358 4755 527 4811 αὐτοῦ
562 4756 611 4809 δ.
664 4754 810 4826 Πρὸς
847 4752 1064 4817 τούτοις
1094 4752 1222 4821 ἐγὼ
1253 4752 1353 4823 μὲν
1400 4751 1685 4824 παραινῶν
1727 4750 1790 4805 οὐ

190 4840 410 4904 κακίζω
428 4840 489 4891 τὸ
505 4842 759 4909 πρᾶγμα,
777 4839 898 4892 οὐδὲ
919 4835 1014 4891 τοῦ
1034 4838 1113 4909 μὴ
1138 4835 1454 4900 πεισθέντος
1470 4835 1788 4906 κατηγορῶ·

193 4926 258 4978 σύ
288 4924 352 4977 δέ
376 4922 679 4976 διαϐάλλων
714 4922 867 4988 αὐτὸ,
907 4921 1003 4975 καὶ
1041 4919 1248 4991 φαῦλον
1282 4916 1421 4974 εἶναι
1462 4916 1660 4989 λέγων,
1692 4921 1790 4975 καὶ

190 5007 291 5080 τὴν
310 5006 409 5061 τοῦ
439 5006 877 5076 νομοθετοῦντος,
902 5004 1020 5060 ἀλλ’
1043 5005 1104 5059 οὐ
1132 5004 1232 5075 τὴν
1257 5002 1353 5057 τοῦ
1386 5002 1790 5074 συμϐουλεύον-

192 5109 283 5155 τος
306 5091 467 5158 τάξιν
493 5092 773 5162 ἁρπάζων,
807 5090 1032 5153 εἰκότως
1060 5090 1188 5151 τοὺς
1210 5088 1285 5159 μὴ
1317 5087 1673 5159 πειθομένους
1702 5107 1791 5160 μι-

195 5178 312 5239 σεῖς
331 5193 345 5206 ·
370 5174 488 5229 ἀλλ’
507 5175 610 5227 οὐκ
635 5172 768 5242 ἐγὼ,
792 5172 929 5227 ἀλλά
951 5171 1220 5243 θαυμάζω
1244 5172 1341 5242 μὲν
1360 5172 1487 5235 τοὺς
1509 5172 1589 5234 είς
1603 5170 1790 5225 τοῦτον

194 5258 698 5343 ἀπογραψαμένους
733 5257 827 5343 τδν
869 5254 1079 5343 ἀγῶνα,
1121 5254 1508 5343 οἰδ-κατηγορῶ
1632 5253 1787 5343 [275]

193 5343 300 5397 τῶν
323 5343 433 5408 ἔξω
454 5342 554 5412 ἧς
569 5337 851 5409 ἀθλήσεως
877 5339 1169 5411 μενόντων.
1194 5338 1514 5409 Κατηγορία
1537 5337 1649 5410 γάρ
1667 5338 1789 5392 τότε

196 5429 259 5481 ἂν
291 5427 510 5496 γένοιτο
552 5422 799 5486 δικαίως,
826 5424 969 5477 πὸταν
1000 5439 1085 5485 τις
1112 5422 1249 5492 πρὸς
1272 5422 1334 5474 τὸ
1363 5421 1790 5492 ὡμολογημένον

197 5512 338 5581 ρέψῃ
359 5508 533 5564 κακόν
552 5528 566 5539 ·
589 5510 618 5561 6
706 5507 767 5561 τὸ
789 5506 1009 5561 ἔλαττον
1033 5507 1145 5577 μένι
1156 5506 1295 5576 ἔχων
1310 5505 1534 5579 ἀγαθὸν,
1553 5506 1648 5560 τοῦ
1670 5506 1786 5576 μεί-

195 5597 348 5659 ζονος
376 5594 435 5647 δέ
458 5594 563 5646 οὐκ
590 5590 1001 5659 ἐφικνούμενος,
1030 5589 1126 5644 τοῦ
1158 5591 1257 5660 μὲν
1286 5591 1633 5645 ἐπαινεῖσθαι
1669 5590 1786 5661 μετ’

195 5679 405 5732 ἐκείνου
428 5676 525 5728 καὶ
546 5671 923 5744 θαυμάζεσθαι
946 5672 1341 5743 ἀπεστέρηται,
1360 5672 1788 5744 κατηγορεῖσθαι

194 5764 246 5816 δέ
272 5764 380 5815 οὐκ
417 5761 486 5815 ἂν
511 5761 597 5829 εἴη
636 5759 865 5821 δίκαιος.
910 5756 1035 5819 Πῶς
1072 5751 1168 5810 οῦν
1201 5755 1397 5809 κωλύω
1430 5759 1653 5826 γαμεῖν,
1680 5756 1789 5810 τῶν

195 5844 521 5916 γαμούντων
542 5845 617 5914 μὴ
644 5840 988 5913 κατηγορῶν;
1013 5837 1308 5909 Πορνεύειν
1331 5838 1524 5892 κωλύω
1550 5840 1643 5894 καὶ
1673 5857 1787 5910 μοιο

254 5974 280 6002 ³
309 5972 435 6031 Reg,
466 5970 498 6017 ἃ
518 5970 597 6017 καὶ
619 5968 726 6031 τούς
749 5965 1191 6031 μῆέλομένους-οὐκ
1215 5964 1399 6031 ἀφίησι.

254 6035 279 6075 ὶν
308 6025 433 6093 Heg.
462 6030 764 6096 παραιρεῖται
784 6025 955 6087 ταύτης
976 6034 1061 6086 τῆς
1084 6025 1293 6084 ἐξουσίας
1318 6026 1491 6092 αὐτὸν.⁴

1557 395 1646 451 οε
1684 393 2157 453 vmcmmm
2226 376 2227 379 ‘

1904 510 2107 581 χεύειν,
2139 512 2339 581 γαμεῖν
2366 511 2424 566 δὲ
2446 512 2725 566 οὐδέποτε.
2750 510 2863 565 Καὶ
2881 510 3010 574 τούς
3039 510 3140 580 μέν
3164 511 3350 566 ἐκεῖνα
3378 513 3501 573 τολξ

1906 590 2123 659 μῶντας
2149 590 2397 655 κολάζω,
2422 592 2518 644 καὶ
2544 589 2639 643 τοῦ
2671 589 3042 662 πληρώματος
3070 590 3365 645 ἀπελαύνω
3397 593 3500 663 τῆς

1915 673 2262 743 Ἐκκλησίας,
2290 675 2417 737 τοὺς
2445 675 2503 727 δέ
2533 674 2695 727 τοῦτο
2720 674 3031 737 ποιοῦντας,
3054 676 3105 726 εί
3132 676 3498 746 σωφρονοῦσι,

1903 758 1997 809 καὶ
2018 756 2260 811 ἐπαινῶν
2283 756 2532 811 διατελῶ.
2559 757 2717 811 Οὕτω
2738 758 2848 829 γὰρ
2871 757 2964 810 δύο
2983 758 3193 826 γίνεται
3214 758 3282 811 τά
3306 760 3499 830 κέρδη,

1902 841 1962 893 ἒν
1996 841 2097 911 μὲν
2137 841 2197 895 τὸ
2228 841 2303 912 μὴ
2332 841 2638 901 διαϐάλλειν
2673 841 2772 913 τὴν
2807 842 2903 895 τοῦ
2937 840 3074 894 Θεοῦ
3106 841 3499 912 δημιουργίαν,

1899 924 2153 996 δεύτερον
2170 924 2233 977 δὲ
2246 926 2307 978 τὸ
2335 926 2410 998 μὴ
2423 925 2715 995 καθαιρεῖν
2737 924 2798 977 τὸ
2817 925 2916 995 τῆς
2932 924 3233 996 παρθενίας
3253 926 3500 997 ἀξίωμα,

1901 1006 2039 1060 ἀλλὰ.
2064 1005 2245 1077 πολλῷ
2277 1008 2612 1080 σεμνοτέραν
2641 1007 2979 1077 ἀποφαίνειν.
3002 1007 3197 1077 αὐτήν.

1974 1089 2025 1143 Ι’.
2046 1089 2104 1143 Ὀ
2123 1091 2223 1158 μὲν
2238 1090 2348 1163 7&9
2362 1091 2454 1144 τὸν
2467 1092 2646 1163 γάμον
2664 1090 2907 1155 κακίζων
2932 1091 3029 1144 καὶ
3051 1091 3150 1163 τὴν
3172 1091 3273 1162 τῆς
3292 1091 3501 1162 παρθε-
3560 1120 3563 1121 ν

1901 1173 2019 1236 νίας
2048 1162 2414 1245 ὑποτέμνεταί
2446 1176 2607 1242 δόξαν
2625 1191 2637 1205 ·
2673 1177 2703 1229 6
2729 1175 2786 1228 δέ
2799 1174 3006 1230 ,τοῦτον
3028 1176 3271 1229 ἐπαινῶν
3298 1162 3503 1247 μᾶλλον

1902 1256 2122 1327 ἐκείνης
2153 1257 2375 1330 ἐπαίρει
2402 1258 2465 1311 τὸ
2490 1258 2678 1328 θαῦμα
2708 1259 2804 1313 καὶ
2824 1259 3213 1331 λαμπρότερον
3239 1264 3401 1315 ποιεῖ.
3426 1262 3500 1315 Τί.

1906 1341 2005 1409 μὲν
2030 1340 2139 1414 γάρ
2166 1344 2233 1413 τῇ
2261 1342 2399 1413 πρὸς
2419 1342 2481 1395 τδ
2507 1345 2690 1414 χεῖρον
2721 1342 3024 1414 παραθέσει
3045 1343 3373 1415 φαινόμενον
3400 1362 3503 1399 κα-

1901 1423 1992 1477 λὸν
2020 1426 2120 1479 οὐκ
2148 1424 2215 1478 ἂν
2238 1425 2325 1497 εῐη
2357 1426 2564 1497 σφόδρα
2590 1426 2778 1489 καλὸν,
2809 1426 2873 1480 τὺ
2898 1426 2957 1480 δέ
2980 1426 3095 1480 τῶν
3122 1427 3500 1497 ὁμολογουμέ-

1901 1526 2010 1563 νων
2043 1508 2267 1577 ἀγαθῶν
2305 1509 2552 1585 άμεινον,
2588 1509 2749 1562 τοῦτό
2786 1511 2905 1562 ἐστι
2938 1510 3000 1562 τὸ
3030 1509 3154 1581 μεθ’
3187 1510 3503 1582 ὑπερϐολῆς

1901 1594 2067 1647 καλόν
2082 1610 2095 1625 δ
2124 1595 2264 1665 ὅπερ
2279 1593 2375 1665 τὴν
2398 1593 2697 1666 παρθενίαν
2720 1594 3117 1666 ἀποδείκνυμεν
3136 1591 3300 1648 οὖσαν
3313 1598 3500 1666 ἡμεῖς.

1903 1678 2115 1749 ’Ὠσπερ
2148 1675 2241 1731 οὖν
2269 1680 2315 1732 οί
2348 1679 2441 1731 τὸν
2479 1678 2657 1749 γάμον
2686 1678 3006 1743 κακίζοντες
3033 1682 3146 1741 τοῖς
3170 1678 3376 1749 ταύτης
3402 1683 3499 1748 ἐγ-

1901 1762 2133 1831 κωμίοις
2161 1762 2539 1832 λυμαίνονται,
2561 1759 2706 1815 οὕτω
2734 1760 2992 1834 διαϐολῆς
3014 1762 3378 1817 ἀπαλλάττων
3402 1764 3503 1817 αὐ-

1899 1846 1992 1898 τὸν
2013 1847 2074 1899 οὐ
2097 1845 2287 1899 τοῦτον
2314 1843 2521 1915 μᾶλλον
2555 1844 2589 1915 ἢ
2624 1845 2724 1912 τὴν
2754 1843 3348 1917 παρθενίαννέπῄνεσε.
3388 1845 3502 1901 Καὶ

1899 1928 2009 2001 7&9
2053 1929 2286 1984 ἐπὶτῶν
2335 1929 2608 2000 σωμάτων
2637 1929 2734 1998 οὐχ
2772 1929 2873 1981 ὅσα
2909 1928 3019 1980 τῶν
3049 1929 3498 2001 πεπηρωμένων,

1899 2014 2013 2066 ἀλλ’
2048 2014 2147 2067 ὃσα
2180 2014 2289 2071 τῶν
2338 2011 2540 2084 ἀρτίων
2572 2012 2667 2064 καὶ
2690 2010 2964 2083 μηδεμίαν
2991 2010 3227 2085 λώϐηνᾼο
3266 2012 3524 2085 ἐχόντων

1898 2099 2044 2171 ἐστὶν
2082 2098 2328 2168 ἀμείνω,
2379 2082 2556 2150 ταῦτα
2590 2095 2773 2167 ὡραῖα
2805 2090 2945 2171 εἷναί
2992 2082 3199 2164 φαμεηῖ
3246 2096 3430 2150 Καλὸν
3473 2098 3502 2150 6

1896 2168 2095 2253 γάμοςο
2122 2181 2217 2235 καὶ
2232 2179 2320 2233 διά
2340 2179 2544 2251 τοῦτοή
2566 2178 2835 2250 παρθενία
2862 2168 3199 2249 θαυμαστὸν,
3224 2180 3307 2247 ὅτι
3330 2178 3500 2233 καλοῦ

1897 2258 2146 2336 κρεῖττόν
2173 2263 2432 2330 totum;
2456 2263 2700 2333 τοσούτῳ
2727 2265 2997 2334 κρεῖττον,
3020 2264 3133 2335 ὅσῳ
3154 2263 3266 2317 τῶν
3284 2262 3503 2316 ναυτῶν

1895 2352 1923 2403 ὁ
1939 2350 2306 2420 κυϐερνήτης,
2334 2349 2428 2402 καὶ
2454 2348 2561 2401 τῶν
2582 2347 2935 2417 στρατιωτῶν
2955 2348 2983 2401 6
3009 2347 3340 2419 στρατηγός.
3358 2345 3503 2400 Ἀλλ’

1895 2432 2086 2499 ῶσπερ
2111 2434 2205 2486 ἐπὶ¹
2236 2431 2332 2485 τοῦ
2367 2430 2554 2485 πλοίου
2580 2431 2706 2493 τοὺς
2733 2429 3056 2499 ἐρέττοντας
3087 2429 3154 2484 ἀν
3179 2430 3410 2502 ἀφέλῃς,
3436 2431 3502 2484 τὸ

1897 2511 2107 2579 σκάφος
2137 2510 2461 2573 κατέδυσας,
2490 2509 2584 2561 καὶ
2612 2510 2706 2561 ἐπὶ
2728 2508 2969 2579 πολέμου
2992 2510 3122 2573 τοὺς
3154 2510 3502 2581 στρατιώτας

1896 2590 1964 2643 ἂν
1998 2591 2342 2661 ἀποστὴσης,
2383 2588 2711 2661 παρέδωκας
2744 2585 3033 2655 δεδεμένον
3063 2590 3179 2651 τοῖς
3218 2589 3525 2659 πολεμίοις.

1894 2667 1987 2721 τὸν
2026 2669 2365 2741 στρατηγόν·
2403 2668 2549 2722 οὕτω
2598 2669 2692 2721 καὶ
2732 2667 2972 2721 ἐνταῦθα
3005 2667 3073 2721 ἂν
3120 2668 3224 2737 τῆς
3266 2669 3501 2737 ἀρίστης

1893 2747 2102 2811 τάξεως
2127 2747 2399 2821 ἐκϐάλλῃς
2420 2746 2447 2786 ἀ
2479 2747 2571 2800 τὸν
2592 2747 2791 2815 γάμον,
2826 2746 2927 2815 τῆς
2959 2746 3263 2818 παρθενίας
3284 2748 3386 2817 τὴν
3413 2748 3503 2801 δό-

1896 2823 1994 2890 ξαν
2020 2825 2345 2897 προύδωκας
2366 2866 2379 2886 ,
2406 2825 2502 2879 καὶ
2524 2825 2605 2888 είς
2625 2824 2851 2894 ἔσχατον
2880 2824 3088 2895 ἤγαγες
3105 2831 3293 2879 κακόν.
3318 2826 3500 2882 Καλὸν

1894 2907 1928 2976 ἡ
1976 2904 2274 2974 παρθενία·
2332 2903 2593 2975 σύμφημι
2635 2903 2827 2972 κάγώο
2865 2903 3002 2957 ἀλλά
3049 2905 3145 2958 καὶ
3182 2905 3280 2958 τοῦ
3317 2906 3500 2976 γάμου

1892 2984 2160 3056 κρείττων
2179 3000 2191 3012 ·
2227 2985 2322 3037 καὶ
2350 2983 2511 3038 τοῦτο
2545 2982 2918 3053 συνομολογῶ.
2938 2984 3065 3036 -Καὶ
3091 2985 3140 3037 εί
3170 2983 3375 3059 βούλει,
3402 2985 3501 3040 καὶ⁵

1892 3066 1955 3118 τὸ
1982 3064 2106 3117 ὅσον
2138 3063 2406 3134 κρείττων
2442 3062 2804 3133 προστίθημι,
2836 3065 2963 3116 ὅσον
2991 3066 3095 3133 τῆς
3127 3063 3233 3133 γῆς
3263 3067 3291 3117 6
3328 3065 3500 3136 οὐρα-

1893 3142 2003 3205 νὸς,
2028 3142 2153 3195 ὅσον
2179 3142 2290 3194 τῶν
2323 3139 2629 3211 ἀνθρώπων
2655 3142 2705 3193 οί
2731 3140 2957 3210 ἄγγελοι
2976 3159 2989 3172 ·
3020 3144 3069 3195 εἰ
3091 3142 3147 3195 δέ
3178 3145 3285 3213 χρή
3318 3161 3372 3196 τι
3403 3145 3501 3199 καὶ

1894 3218 2222 3289 βιασάμενον
2262 3221 2460 3293 είπεῖν,
2495 3220 2589 3272 καὶ
2630 3218 2814 3273 πλέον.
2845 3220 3109 3288 Ἀγγελοι
3142 3221 3242 3290 μέν
3276 3220 3407 3293 γάρ,
3450 3225 3499 3277 εί

1892 3298 1987 3352 καὶ
2026 3298 2100 3367 μὴ
2134 3290 2375 3368 γαμοῦσι
2416 3294 2553 3368 μηδέ
2604 3296 3037 3366 ἐκγαμίζονται,
3088 3300 3205 3352 ἀλλ’
3246 3290 3500 3356 οὐκέίσὶ

1866 3375 2375 3447 συμπεπλεγμένοι
2431 3375 2595 3445 σαρκὶ
2624 3375 2720 3428 καὶ
2741 3376 2958 3444 αἵματι,
2988 3376 3111 3429 οὐδὲ
3136 3379 3230 3430 ἐπὶ
3264 3380 3362 3448 τῆς
3392 3378 3499 3449 γῆς

1890 3457 2076 3527 ἔχουσι
2106 3456 2206 3520 τὰς
2232 3455 2541 3527 διατριϐάς,
2584 3455 2706 3507 οὐδέ
2740 3454 2897 3525 ὄχλον
2927 3456 3239 3527 ἐπιθυμιῶν
3267 3457 3499 3527 ἀνέχον-ι

1895 3553 2002 3601 ται,
2033 3534 2155 3589 οὐδέ
2184 3535 2333 3588 σίτου
2364 3535 2575 3587 δέονται
2610 3535 2706 3588 καὶ
2730 3534 2927 3598 ποτοῦ,
2956 3536 3079 3588 οὐδὲ
3103 3536 3267 3606 μέλος
3295 3537 3497 3600 αὐτοὺς

1891 3617 1990 3686 ἡδὺ
2027 3615 2266 3686 μαλάξαι
2297 3613 2506 3667 δύναιτ’
2538 3612 2627 3679 ἂν,
2668 3613 2791 3667 οὐδέ
2825 3612 2950 3683 ὄψις
2987 3616 3307 3686 ἐπικάμψαι
3348 3615 3495 3686 λαμ-

1892 3693 2028 3765 πρἀ,
2061 3693 2185 3746 οὐδὲ
2225 3692 2355 3748 ἄλλο
2380 3693 2490 3747 τῶν
2522 3692 2787 3745 τοιούτων
2833 3692 3018 3746 οὐδέν·
3064 3693 3205 3748 ἀλλὰ
3238 3693 3497 3766 καθάπερ

1889 3772 1979 3826 τὸν
2007 3773 2235 3844 οὐρανὸν
2259 3775 2317 3825 ἐν
2337 3772 2658 3843 μεσημϐρίᾳ
2672 3771 2934 3842 σταθερᾷ,
2964 3773 3194 3842 μηδενὸς
3216 3772 3498 3843 ἐνοχλοῦν-

1888 3869 1980 3916 τος
1999 3853 2215 3922 νέφους,
2246 3852 2395 3906 ἐστιν
2421 3852 2548 3905 ίδεῖν
2576 3851 2839 3922 καθαρὸν,
2860 3850 3005 3905 οὐτω
3033 3846 3129 3921 καὶ
3146 3854 3247 3916 τάς
3268 3853 3496 3907 ἐκείνων

1890 3932 2105 4011 φύσεις,
2123 3932 2243 3986 οὐδε
2252 3933 2381 4011 μιᾶς
2394 3930 2719 4011 ἐνοχλούσης
2736 3928 2898 3985 ἐπιθυ
2906 3932 3057 4011 μίας,
3076 3934 3260 4004 μένειν
3276 3934 3494 4007 ἀνάγκη

1889 4009 2134 4077 διαυγεῖς
2162 4011 2259 4063 καὶ⁸
2286 4009 2353 4062 λα
2362 4010 2571 4080 μπράς.

1962 4090 2062 4142 IA’.
2078 4089 2152 4141 T6
2164 4088 2221 4142 δέ
2230 4088 2339 4141 τῶν
2353 4087 2450 4141 ἀνθ
2461 4088 2659 4158 ρώπων
2672 4088 2826 4155 γένος
2839 4086 2948 4140 τῶν
2965 4088 3255 4159 μακαρίων
3267 4090 3495 4144 ἐκείνων

1888 4171 1955 4239 τῇ
1984 4168 2147 4238 φύσει
2177 4179 2202 4207 θ
2223 4168 2549 4238 λειπόμενον
2582 4166 2833 4238 βιάζεται
2856 4159 2953 4237 τὴν
2974 4166 3156 4220 οίκίαν
3193 4169 3370 4239 ίσχύν,
3399 4171 3494 4224 καὶ

1889 4246 2190 4315 φιλονεικεῖ
2219 4246 2309 4300 διά
2332 4246 2433 4316 τῆς
2457 4244 2696 4314 σπουδῆς
2728 4244 2871 4297 κατά
2899 4244 3132 4314 δύναμιν
3160 4244 3494 4318 ἐξισωθῆναι

1888 4326 2141 4389 ἐκείνοις.
2195 4324 2322 4387 Πῶς
2367 4320 2500 4389 οὗν;
2542 4323 2618 4376 Οὐ
2664 4322 2958 4394 γαμοῦσιν,
2996 4323 3119 4376 οὐδὲ
3166 4324 3494 4394 γαμίζονται

1887 4404 2141 4473 ἄγγελοι·
2165 4402 2282 4458 ἀλλ’
2311 4403 2435 4457 οὐδὲ
2464 4406 2498 4473 ἡ
2524 4401 2815 4472 παρθένος.
2843 4402 3231 4472 Παρεστήκασι
3262 4404 3496 4458 διαπαν-

1885 4484 1978 4549 τὸς
2003 4486 2100 4538 καὶ
2124 4482 2506 4555 λειτουργοῦσι
2526 4482 2604 4554 τῷ
2630 4481 2752 4553 Θεῷ
2774 4498 2789 4512 ·
2823 4482 2983 4535 τοῦτο
3005 4483 3101 4537 καὶ
3123 4485 3155 4553 ἡ
3196 4483 3490 4555 παρθένος.

1887 4563 1979 4616 Att
2013 4562 2353 4626 καὶκΠαῦλος
2381 4561 2553 4625 αὐτὰς
2579 4562 2801 4615 πάντων
2825 4561 3105 4631 ἀπέστησε
3138 4556 3248 4615 τῶν
3270 4564 3491 4632 φροντίς

1886 4643 2015 4707 δων,
2049 4641 2224 4696 διάτὸ
2252 4640 2622 4713 εὐπρόσεδρον
2657 4640 2753 4694 καὶ
2785 4640 3220 4712 ἀπερίσπαστον.
3248 4640 3406 4713 [276}
3428 4644 3491 4700 Εἰ

1885 4720 1943 4774 δὲ
1969 4719 2045 4791 μὴ
2072 4718 2329 4774 δύναιντο.
2351 4721 2432 4783 είς
2452 4719 2545 4773 τὸν
2570 4718 2800 4790 οὐρανὸν
2822 4718 3092 4789 ἀναϐῆναι
3116 4718 3256 4783 τέως
3273 4760 3288 4780 ,
3319 4722 3491 4778 καθάο

1888 4816 1995 4871 περ
2026 4801 2249 4863 ἐκεῖνοι,
2274 4801 2375 4871 τῆς
2404 4800 2607 4870 σαρκὸς
2625 4798 3000 4869 καθελκούσης
3017 4798 3209 4864 αὐτάς,
3241 4800 3376 4854 ἀλλ’εά
3396 4804 3492 4857 καὶ

1887 4879 1947 4931 ἐν
1976 4877 2154 4949 τούτῳ
2188 4877 2392 4948 πολλὴν
2420 4876 2608 4949 έχουσι
2639 4878 2740 4949 τὴν
2785 4877 3164 4951 παραμυθίαν,
3199 4880 3363 4951 αὐτὸν
3397 4882 3491 4935 τὸν

1886 4954 1995 5011 τῶν
2026 4948 2272 5026 οὐρανῶν
2300 4948 2704 5028 ὑποδεχόμεναι
2728 4948 3030 5028 Δεσπότην,
3064 4948 3132 5010 ἂν
3168 4951 3302 5011 ῶσιν
3333 4948 3489 5027 ἅγιαι

1885 5035 1964 5105 τῷ
2007 5034 2224 5105 σώματι
2263 5036 2361 5087 καὶ
2396 5034 2477 5105 τῷ
2515 5034 2811 5105 πνεύματι.
2853 5027 3012 5099 Εἶδες
3041 5030 3141 5106 τῆς
3187 5037 3490 5105 παρθενίας

1884 5112 1947 5167 τὸ
1974 5112 2216 5182 ἀξίωμα,
2248 5112 2366 5176 πῶς
2393 5109 2414 5150 ί
2439 5114 2568 5177 τοὺς
2598 5115 2694 5167 ἐπὶ
2712 5114 2813 5183 τῆς
2841 5114 2948 5183 γῆς
2970 5112 3351 5184 διατρίϐοντας
3375 5118 3491 5179 τοῖς

1886 5194 1945 5245 ἐν
1970 5194 2222 5263 οὐρανοῖς
2245 5192 2628 5263 δῖαιτωμένοις
2656 5192 2861 5263 ὁμοίως
2893 5192 3275 5247 πολιτεύεσθαι
3310 5200 3487 5259 ποιεῖς

1885 5271 2013 5334 τοὺς
2033 5271 2265 5341 σώματα
2283 5272 2703 5343 περικειμένους
2719 5270 2830 5323 τῶν
2847 5271 3159 5341 ἀσωμάτων
3175 5273 3277 5327 οὐκ
3292 5274 3488 5343 ἀφίησι

1885 5350 2170 5405 λείπεσθαι
2202 5350 2511 5420 δυνάμεων,
2540 5349 2863 5421 ἀνθρώπους
2892 5350 3055 5416 δντας
3086 5352 3166 5415 είς
3198 5352 3292 5405 τὸν
3323 5348 3491 5405 αὐτὸν

1885 5430 1996 5484 τῶν
2037 5430 2290 5499 ἀγγέλων
2331 5430 2455 5499 άγει
2500 5428 2683 5501 ζῆλον.
2726 5428 2865 5483 Ἀλλ’
2908 5429 3064 5483 οὐδὲν
3098 5432 3306 5489 τούτων
3344 5432 3489 5501 ’πρὸς

1888 5508 2054 5579 ὑμᾶς,
2098 5511 2227 5573 τοὺς
2261 5508 2487 5563 τοσοῦτο
2513 5510 2751 5579 πρᾶγμα
2780 5509 3237 5582 λυμαινομένους,
3266 5511 3359 5563 καὶ
3393 5511 3487 5563 τὸν

1887 5589 2167 5659 Δεσπότην
2202 5589 2613 5653 διαϐάλλοντας,
2643 5591 2741 5643 καὶ
2775 5580 3484 5662 πονηῴνήάποκαλοῦντας.

1901 5670 1964 5722 Ἦ
1994 5668 2105 5740 γάρ
2130 5668 2227 5723 τοῦ
2252 5668 2494 5739 πονηροῦ
2523 5669 2713 5740 δούλου
2746 5669 2967 5734 κόλασις
2996 5671 3141 5741 ὑμᾶς
3173 5670 3453 5737 ἐκδέξεται

1948 5777 1977 5807 ⁸
2000 5776 2123 5846 βςε.
2151 5774 2385 5846 μηδεμίαν
2427 5773 2625 5837 βλάϐην.
2658 5773 2783 5824 Infra
2829 5773 2961 5825 idem
3001 5776 3285 5839 στρατηγὸς,
3321 5777 3501 5843 ὥσπερ

1888 5838 1976 5900 γὰρ
1998 5837 2181 5900 ἐπὶτοῦ
2200 5837 2385 5900 πλοίου.
2408 5862 2412 5866 -

1938 5896 1983 5938 νὶΙ
2010 5899 2131 5960 Reg.
2159 5906 2212 5946 et
2232 5896 2382 5947 Savil.
2410 5900 2458 5961 in
2486 5898 2893 5961 ωκγτεηὺιϐάλῃς.
2920 5897 3017 5948 ΑΙῘὶ
3042 5898 3291 5961 ἐκϐάλλῃς.

1956 5963 1982 6022 ⁸7
2000 5961 2121 6022 Ιὶεξες.
2146 5962 2241 6008 τῶν
2280 5960 2526 6022 μακαρίων
2548 5960 2759 6020 ἀγγέλων
2780 5960 2836 6019 τῇ
2862 5961 3016 6021 φύσει.

1968 6021 1985 6062 ι
2013 6020 2195 6073 ΛΗΩΙἭ
2219 6024 2336 6082 πῶς,
2360 6020 2485 6071 hanc
2514 6022 2733 6070 \‘oculam
2758 6034 2784 6069 ο
2812 6020 2995 6072 Ξειιίιὶο
3024 6023 3321 6083 recepimus.
3348 6020 3476 6072 Eon.
