4174 6318
169 353 271 409 541

165 467 340 535 uibus
359 471 526 525 multa
549 487 614 528 ac
638 489 832 547 magna
857 479 1152 535 obvenient
1180 481 1346 542 bona,
1373 497 1495 552 qua:
1534 489 1590 537 et
1614 497 1749 537 ocu-

164 565 270 619 los.
305 570 362 616 et
393 576 579 629 aures,
615 577 669 622 et
702 569 996 626 humanam
1035 571 1425 645 cogitationem
1463 582 1748 644 superent.

164 649 358 720 Itaque
381 653 450 708 iis
471 653 718 715 dimissis
751 659 911 732 (satis
941 670 1024 717 est
1043 663 1188 718 enim
1209 662 1324 733 jam
1361 678 1487 718 cum
1521 663 1590 719 iis
1625 679 1752 720 ver-

162 738 390 810 borum)
426 752 499 800 ad
526 745 787 806 Ecclesiae
821 752 962 809 ﬁlios
987 769 1300 830 sermonem
1331 753 1706 812 conferamus.

232 837 606 894 XII.-Paulum
631 841 718 911 qui
743 841 910 907 dicat,
942 843 1178 917 Reliquis
1204 861 1304 916 ego
1326 847 1476 914 dico,
1509 864 1616 904 non
1643 848 1754 903 Do-

159 916 363 997 minus,
404 931 686 984 humanum
713 931 767 987 id
795 934 1061 990 consilium
1091 953 1198 991 esse
1223 953 1325 991 non
1352 939 1656 1007 signiﬁcare.
1680 967 1755 980 —-

160 1018 317 1077 Unde
380 1021 539 1092 igitur
598 1033 815 1096 praestat
859 1029 1155 1081 orationem
1206 1019 1486 1083 exordiri?
1549 1029 1633 1083 Ab
1686 1028 1752 1083 Iis

158 1112 371 1189 Domini
400 1115 576 1169 verbis
609 1157 624 1182 ,
656 1132 777 1186 qua:
817 1132 912 1186 per
955 1119 1166 1178 beatum
1206 1118 1427 1175 Paulum
1465 1120 1745 1190 profatur:

155 1217 280 1256 nam
308 1202 466 1279 hujus
483 1206 912 1264 cohortatiouem
941 1209 1152 1268 Domini
1186 1211 1607 1268 cobortationem
1629 1229 1749 1270 esse

153 1289 480 1350 credendum
528 1307 629 1354 est.
658 1299 793 1355 Cum
832 1303 976 1357 enim
1013 1304 1142 1359 dicit
1171 1347 1187 1369 ,
1230 1305 1541 1377 Conjugibus
1580 1317 1748 1363 autem

152 1387 440 1456 principio,
472 1405 572 1442 non
595 1407 686 1460 ego
709 1433 724 1457 ,
753 1391 844 1445 sed
863 1391 1116 1449 Dominus
1143 1412 1161 1448 :
1178 1405 1232 1450 et
1273 1412 1507 1464 rursum,
1540 1397 1747 1452 Ceteris

158 1487 252 1535 ego
279 1472 424 1537 dico,
457 1490 561 1535 non
595 1475 856 1533 Dominus
881 1481 957 1550 (1,
981 1482 1102 1538 Cor.
1125 1485 1174 1540 7.
1200 1487 1267 1541 I0
1303 1500 1352 1544 et
1381 1492 1498 1557 I2);
1530 1509 1639 1549 non
1687 1496 1740 1552 id

159 1560 316 1624 dicit,
344 1561 449 1615 alia
479 1579 578 1618 sua
594 1581 740 1631 esse,
760 1571 871 1637 alia
889 1572 1126 1629 Domini.
1151 1576 1285 1632 Nam
1307 1582 1400 1650 qui
1425 1582 1739 1654 loquentem

159 1651 213 1702 in
246 1667 306 1705 se
335 1652 614 1708 Christum
640 1658 883 1726 haberet,
903 1666 995 1732 qui
1032 1682 1134 1722 nec
1158 1669 1339 1724 vivere
1366 1651 1661 1743 satageret,
1681 1685 1740 1733 ut

159 1741 212 1793 in
246 1757 309 1796 se
333 1742 591 1801 Christus
624 1749 848 1816 viveret,
868 1755 961 1822 qui
985 1771 1239 1826 regnum,
1267 1762 1457 1829 vitam,
1490 1741 1736 1834 angelos,

157 1832 495 1899 Potestates,
527 1854 856 1910 omnemque
875 1854 1186 1902 creaturam
1210 1853 1394 1918 aliam,
1432 1832 1599 1925 atque
1622 1874 1741 1912 oru-

157 1921 290 1975 uino
336 1928 519 1978 omnia
552 1929 670 1994 ejus
696 1934 868 1986 amori
904 1945 1278 2006 postponeret,
1313 1960 1424 2012 quo
1449 1921 1608 2015 pacto
1642 1959 1736 2002 aut

155 2011 340 2080 eloqui
372 2024 465 2069 aut
499 2021 744 2086 cogitare
767 2023 974 2092 aliquid
1007 2029 1060 2080 in
1106 2032 1350 2086 animum
1399 2036 1732 2105 induxisset,

153 2103 296 2170 quod
333 2103 558 2162 Christo
590 2127 700 2165 non
732 2114 991 2185 plaperet.
1011 2105 1312 2188 praesertim
1337 2144 1460 2181 eum
1485 2131 1626 2187 hanc
1656 2103 1734 2189 le;

152 2203 269 2286 gem
291 2193 608 2286 conderet?
641 2198 782 2264 Quid
810 2214 895 2258 est
925 2221 1057 2276 ergo
1084 2213 1230 2278 quod
1268 2214 1422 2278 dicit,
1460 2215 1593 2286 Ego,
1628 2237 1730 2275 non

150 2277 270 2342 ego?
290 2276 459 2346 Leges
480 2283 642 2338 nobis
663 2302 728 2340 ac
757 2287 1010 2359 dogmata
1029 2276 1229 2364 partim
1255 2315 1350 2368 per
1371 2276 1428 2354 se
1450 2276 1739 2371 Cliristus,

152 2363 348 2427 partini
377 2381 473 2434 per
494 2372 776 2437 apostolos
807 2363 1066 2443 prodidit.
1089 2379 1224 2435 Nam
1252 2363 1360 2439 non
1389 2391 1571 2444 omnia
1603 2363 1727 2446 eum

151 2460 242 2511 per
259 2462 320 2500 se
340 2451 626 2517 statuisse,
660 2457 789 2509 audi
809 2460 939 2527 quid
967 2463 1112 2516 dicat
1137 2485 1149 2519 :
1186 2465 1365 2521 Multa
1392 2471 1564 2537 habeo
1584 2476 1727 2531 vobis

151 2533 344 2596 dicere,
377 2539 468 2588 sed
496 2556 598 2591 non
619 2545 838 2608 potestis
865 2548 1079 2629 poi-tare
1100 2553 1254 2607 modo
1280 2554 1460 2623 (Joan.
1499 2534 1587 2615 I6.
1619 2563 1722 2632 12).

150 2617 338 2715 Itaque
376 2623 507 2678 illud
534 2645 546 2677 :
570 2625 715 2682 Uxor
746 2648 778 2683 α
800 2634 912 2686 viro
936 2627 1259 2693 ue‘discedat
1283 2617 1358 2711 tl.
1385 2647 1508 2701 Cor.
1539 2648 1587 2703 7.
1612 2617 1723 2721 I0'),

145 2704 252 2773 jam
286 2717 414 2763 ante
440 2723 719 2781 sanxerat,
757 2733 881 2772 cum
915 2721 1166 2793 in_terris
1191 2742 1357 2784 carne
1378 2733 1604 2788 indutus
1628 2704 1724 2791 de-

147 2803 292 2860 geret
330 2815 345 2849 :
383 2797 615 2868 ideoque
662 2803 816 2870 dicit,
863 2807 1187 2881 Conjugibus
1230 2827 1406 2871 autent
1445 2825 1719 2890 prmcipio,

147 2894 242 2932 non
268 2898 384 2953 ego,
411 2887 501 2937 sed
541 2887 831 2945 Dominus.‘
861 2893 1017 2960 Quod
1053 2899 1120 2952 ad
1152 2903 1396 2961 inﬁdeles
1438 2887 1717 2976 attineret,

148 2984 385 3034 praesens
416 2973 552 3027 nihil
577 2975 844 3041 edixerat.
873 2984 967 3037 sed
991 2985 1058 3038 ad
1090 2987 1142 3040 id
1179 2987 1333 3044 Pauli
1363 3004 1600 3049 mentem
1629 2973 1720 3052 in;
1783 3031 1786 3036 -

144 3055 317 3112 citaus
354 3059 518 3129 legem
559 3062 769 3119 ferebat
857 3087 869 3122 :
906 3069 1110 3140 itaque,
1155 3072 1280 3130 Non
1314 3078 1598 3147 Dominus,
1629 3085 1717 3138 in-

143 3143 273 3210 quit,
318 3149 409 3198 sed
446 3165 537 3214 ego
569 3167 588 3203 :
629 3168 735 3207 non
776 3143 868 3226 qui
907 3150 1277 3229 signiﬁcatum
1305 3168 1487 3233 vellet,
1527 3143 1717 3225 huuia-

143 3247 261 3286 num
285 3249 412 3289 esse
442 3238 588 3304 quod
617 3240 894 3297 diceretur
922 3264 934 3299 :
974 3248 1109 3300 nihil
1140 3250 1322 3307 minus
1347 3271 1361 3318 ;
1392 3256 1486 3310 sed
1509 3272 1711 3325 przece-

143 3326 286 3381 ptum
328 3320 380 3373 id
414 3323 480 3375 ab
513 3339 580 3377 eo
630 3338 902 3394 praesente
938 3331 1229 3403 discipulis
1278 3320 1556 3407 proditum
1599 3361 1710 3399 non

142 3420 276 3466 esse,
312 3410 405 3462 sed
435 3426 586 3465 nunc
611 3413 830 3469 deruum
867 3434 964 3487 per
995 3436 1073 3498 se.
1108 3421 1291 3489 Quare
1322 3434 1379 3480 ut
1411 3429 1564 3493 illud,
1597 3431 1711 3485 Do-

141 3490 322 3555 minus,
357 3511 456 3554 non
480 3514 595 3566 ego,
633 3499 776 3556 haud
807 3503 928 3571 ejus
960 3490 1160 3577 estqui
1193 3510 1396 3568 Christi
1419 3490 1578 3582 jusso
1610 3519 1707 3573 ad-

139 3589 377 3632 versetur
402 3599 414 3634 :
439 3582 514 3636 ita
540 3584 664 3648 hoc,
696 3585 831 3656 Ego,
856 3606 960 3644 non
981 3592 1264 3662 Dominus,
1299 3615 1408 3652 non
1428 3603 1700 3670 privatum

137 3663 406 3733 quiddam,
438 3679 492 3722 et
522 3683 721 3739 praeter
753 3673 846 3728 Dei
887 3688 1121 3734 mentem
1158 3663 1563 3756 edicentis-est,
1605 3694 1700 3750 sed

138 3751 228 3804 hoc
261 3755 436 3808 solum
480 3757 802 3826 iudicantis,
841 3777 1029 3834 pcr‘se
1075 3784 1410 3842 praeceptum
1453 3777 1504 3832 id
1555 3796 1701 3836 nunc

137 3838 295 3900 prodi.
328 3839 461 3922 Illam
496 3844 566 3900 de
598 3847 762 3901 vidua
808 3838 1319 3920 quttcns,ﬁBeatior
1354 3873 1454 3925 est,
1492 3865 1693 3934 inquit,

349 3916 355 3922 .
878 3916 893 3920 -
1045 3916 1056 3919 ’
1444 3916 1453 3925 ’
1494 3916 1498 3917 ⁷
1537 3916 1542 3917 ⁷
1571 3916 1693 3934 ¹“”“Ἶ

132 3925 244 3983 sisic
271 3933 632 3996 permanserit,
663 3939 937 3993 secundum
965 3959 1127 3997 meum
1151 3949 1419 4003 consilium
1455 3949 1475 4023 (
1496 3953 1547 4006 I.
1576 3952 1696 4008 Cor.

131 4012 174 4062 ἵ.
201 4014 315 4084 40);
346 4032 406 4072 ac
436 4034 505 4082 ue
532 4022 758 4079 audiens
782 4069 797 4093 ,
856 4029 1149 4087 Secundum
1190 4053 1354 4090 meum
1394 4043 1659 4099 consilium
1680 4086 1694 4110 ,

130 4099 396 4162 humanum
425 4124 790 4177 commentum
816 4119 1064 4177 crederes
1085 4164 1099 4188 ,
1138 4127 1498 4194 suspicionem
1527 4133 1683 4187 addi.

131 4202 343 4252 lamenta
362 4215 427 4254 eo
455 4205 705 4273 sustulit,
737 4207 870 4264 Puto
897 4223 1062 4272 autem
1099 4219 1241 4285 quod
1265 4230 1310 4272 et
1339 4238 1430 4291 ego
1460 4227 1696 4294 spiritum

126 4281 211 4345 Dei
235 4289 457 4346 habeam.
491 4294 674 4375 Itaque
705 4309 760 4353 ut
784 4317 905 4371 qua:
933 4281 1155 4373 spiritus
1185 4281 1650 4384 essent-eloquens
1673 4361 1690 4387 ,

125 4389 255 4430 suam
299 4386 613 4441 sententiam
663 4401 857 4459 vocat,
915 4411 1016 4451 nec
1063 4411 1344 4468 prapterea
1398 4386 1689 4465 humanum

125 4465 291 4521 scitum
319 4471 588 4546 dicemus:
619 4478 690 4532 ita
720 4489 774 4534 et
810 4498 948 4538 nunc
974 4465 1094 4541 cum
1127 4465 1296 4561 inquit
1319 4533 1334 4558 ,
1376 4494 1490 4566 Ego
1531 4500 1645 4552 dico
1671 4544 1686 4568 ,

125 4569 210 4610 non
231 4559 474 4619 Dominus
501 4609 516 4634 ,
546 4585 614 4622 ne
641 4571 771 4626 mihi
805 4573 1003 4631 ideirco
1039 4579 1186 4636 Pauli
1229 4599 1531 4644 sermonem
1569 4606 1689 4648 esse

123 4650 399 4713 existimes:
427 4658 868 4746 habebatquippe
895 4669 1199 4740 loquentem
1225 4676 1277 4738 in
1299 4694 1358 4734 se
1389 4681 1681 4752 Christum;

130 4750 280 4810 neque
318 4761 478 4805 ausus
533 4751 722 4809 fuisset
750 4742 951 4814 tantum
990 4763 1180 4834 dogma
1225 4773 1510 4826 sontentiai
1533 4742 1684 4832 more

124 4847 326 4905 ponere,
356 4844 452 4896 nisi
481 4844 652 4915 legem
697 4849 821 4905 inde
870 4854 1127 4920 petiisset.
1172 4858 1248 4916 Ita
1283 4864 1422 4917 enim
1469 4881 1588 4920 cum
1617 4885 1683 4925 eo

122 4926 350 4995 quispiam
398 4934 652 5003 loquutus
696 4940 917 4997 fuisset:
958 4945 1074 5000 Non
1115 4951 1354 5007 sustineo
1381 4955 1472 5024 qui
1509 4957 1680 5015 ﬁdelis

121 5015 205 5114 sim
233 5033 342 5074 eum
374 5023 598 5092 Itliideil,
623 5031 710 5097 qui
741 5048 905 5102 purus
929 5052 1049 5092 cum
1079 5039 1282 5110 impura
1306 5045 1500 5116 degere
1526 5067 1539 5113 ;
1571 5060 1678 5106 tute

235 5109 438 5179 dicebas
470 5157 484 5178 ,
526 5120 641 5173 haec
669 5131 719 5175 te
764 5123 948 5180 dicere
980 5169 994 5192 ,
1037 5101 1168 5185 non.
1189 5101 1492 5192 Dominbm.
1524 5101 1677 5198 IJnde

122 5190 253 5286 igitur
275 5201 398 5256 mihi
427 5206 620 5280 pignus
637 5222 794 5281 atque
814 5190 1018 5271 Iidem?
1044 5221 1111 5273 At
1127 5221 1348 5279 dixisset
1375 5190 1670 5286 ei

119 5281 181 5340 be
206 5297 423 5352 verearis
450 5317 465 5363 ;
497 5299 618 5356 ideo
643 5304 784 5358 enim
812 5306 929 5362 dixi
953 5350 968 5377 ,
1012 5310 1212 5369 habere
1242 5331 1330 5372 me
1359 5317 1670 5390 loquentem

172 5497 181 5521 "
213 5499 314 5558 “88.
338 5511 390 5550 et
412 5505 553 5574 savii:
581 5506 763 5562 habent
795 5525 808 5560 :
846 5522 1009 5578 legem
1030 5517 1213 5589 ferebat
1250 5521 1414 5592 dicens
1444 5539 1461 5575 :
1485 5526 1535 5577 si
1563 5530 1670 5597 quis

172 5568 284 5597 rem
305 5561 440 5597 hnhol
465 5567 710 5597 ηιΙπΙοΙη...
759 5581 802 5597 ι..
823 5575 922 5597 1...-
951 5587 1173 5597 --μημιη
1199 5581 1221 5597 ι
1238 5596 1246 5597 ,
1264 5582 1276 5597 ι
1316 5592 1324 5597 .

119 5561 728 5650 (tasquiuﬁdelein,
754 5581 802 5622 et
817 5561 929 5625 licet!
1435 5561 1544 5650 id};

118 5619 832 5712 firmaque-1
850 5619 1027 5712 mulier
1034 5619 1188 5712 'l'wbet

117 5676 252 5766 ἕλξει
262 5688 484 5766 {persentit
492 5676 722 5766 ﬂabit—are
1551 5676 1666 5766 ﬁlii:

117 5746 219 5794 ςυω
235 5744 369 5814 igitur
393 5749 522 5815 digit
549 5766 568 5806 :
593 5764 692 5807 Non
714 5744 1350 5836 nbﬂiziiiéi.

1506 364 1595 422 DE
1639 364 2099 424 VIRGINITATE.

3358 373 3467 428 5‘2

1869 481 1922 536 in
1945 499 2031 539 me
2057 484 2329 542 Christum
2357 505 2370 542 :
2397 495 2454 544 et
2474 531 2490 556 ,
2526 489 2695 546 videri
2721 507 2809 548 me
2843 508 3056 565 quoque
3083 494 3322 550 divinum
3350 491 3450 552 hs-

1867 571 1997 629 bere
2021 575 2264 645 spiritum
2296 619 2312 646 ,
2355 594 2422 634 ne
2443 579 2570 649 quid
2601 596 2792 637 eorum
2829 600 2948 653 quae
2972 584 3229 641 dixissem
3257 586 3450 652 buma-

1865 677 1993 731 pum
2020 667 2374 736 suspicarere.
2406 669 2516 724 Nisi
2537 673 2681 726 enim
2714 673 2784 727 ita
2809 685 2985 740 esset,
3015 692 3305 747 numquam
3330 691 3453 733 eam

1862 757 2232 823 auctoritatem
2285 759 2421 815 meis
2470 762 2879 832 cogitationibus
2926 752 3263 827 tribuissem:
3312 767 3452 823 Sunt

1861 846 1992 899 enim
2042 848 2331 904 mortalium
2374 852 2700 922 cogitationes
2753 856 2964 920 timide,
3000 874 3268 926 eorumque
3309 875 3455 913 cous-

1860 930 2025 991 menta
2052 940 2335 1008 periculosa
2373 941 2531 1012 (Sap.
2561 944 2614 999 9.
2647 945 2760 1015 ﬂ).
2788 945 2906 1001 Iam
2954 964 3083 1003 vero
3125 949 3255 1019 legis
3283 951 3449 1030 etiam

1858 1023 1962 1082 vim
1985 1029 2132 1085 orbis
2163 1041 2424 1087 terrarum
2454 1034 2694 1091 Ecclesia
2733 1037 3106 1106 demonstrat,
3147 1056 3266 1096 eam
3289 1027 3446 1098 accu-

1859 1128 1976 1174 rate
2003 1135 2242 1189 servans,
2282 1123 2692 1196 haudquaquam
2713 1139 3013 1196 servatura,
3041 1131 3141 1186 uisi
3169 1133 3450 1202 explorate

1855 1222 2220 1280 cognosceret,
2245 1213 2296 1267 id
2325 1215 2525 1275 dictum
2562 1216 2758 1272 Christi
2795 1234 2914 1275 esse
2941 1220 3271 1295 mandatum.
3300 1221 3442 1290 Quid

1855 1299 2013 1368 igitur
2056 1301 2249 1358 Paulus
2307 1305 2515 1360 Domini
2556 1308 2810 1364 instinctu
2857 1310 3104 1366 incitatus
3151 1313 3324 1367 dicit?
3363 1313 3447 1369 De

1820 1379 1824 1383 ’
1850 1391 2029 1458 quibus
2055 1404 2222 1448 autent
2250 1397 2376 1449 mihi
2389 1399 2659 1467 scripsistis
2690 1443 2704 1466 ,
2737 1400 2924 1456 bonum
2952 1414 3078 1470 esset
3099 1405 3292 1458 homini
3322 1422 3439 1459 tnu-

1849 1481 2020 1534 lierem
2047 1500 2149 1537 non
2168 1494 2370 1556 tangere
2391 1473 2469 1556 (1.
2497 1487 2614 1543 Cor.
2648 1493 2702 1546 7.
2729 1490 2804 1564 I).
2837 1492 2934 1547 IIic
2959 1495 3288 1563 approbandi
3315 1506 3442 1551 sunt

1846 1570 2128 1640 Corinthii,
2152 1578 2241 1646 qui
2273 1579 2416 1632 nuIIo
2444 1592 2663 1651 accepto
2685 1598 2716 1637 a
2745 1596 3076 1654 praeceptore
3106 1589 3335 1642 consilio
3361 1588 3435 1643 de

1846 1663 2168 1732 virginitate,
2198 1668 2295 1736 ipsi
2326 1684 2568 1739 quarere
2589 1683 2944 1729 antevertant.
2969 1679 3145 1746 Atque
3176 1679 3300 1732 hinc
3320 1681 3433 1753 jam

1843 1756 1922 1810 eis
1946 1757 2131 1823 gratia:
2157 1773 2319 1828 Opera
2349 1762 2543 1817 factam
2573 1767 2939 1822 accessionem
2987 1770 3239 1824 ostendit.
3290 1771 3428 1826 Nam

1842 1862 1908 1900 ex
1938 1849 2101 1902 veteri
2131 1849 2473 1906 Testamento
2502 1869 2588 1910 res
2613 1855 2773 1910 dubia
2801 1874 2906 1911 non
2946 1869 3081 1925 erat,
3114 1869 3218 1914 non
3247 1861 3423 1916 solum

1840 1936 2059 2006 reliquis
2087 1941 2336 2009 omnibus
2367 1984 2382 2006 ,
2414 1943 2508 1998 sed
2539 1944 2736 2000 Levitis
2763 1948 2924 2001 etiam
2954 1957 3008 2002 et
3031 1950 3377 2018 pontiﬁcibus
3404 1993 3422 2019 ,

1839 2035 1997 2096 atque
2034 2028 2150 2097 ipso
2189 2031 2441 2098 pontiﬁce
2483 2035 2749 2101 maxime,
2781 2038 3122 2093 matrimonio
3149 2039 3205 2094 in
3231 2040 3422 2110 primis

1837 2131 2057 2185 operam
2084 2119 2355 2176 dantibus.

1907 2207 2045 2262 XIII.
2087 2210 2188 2264 Cur
2206 2213 2273 2264 ad
2298 2230 2410 2267 eum
2439 2215 2502 2268 de
2529 2217 2814 2288 virginitate
2830 2218 3078 2296 Corinthii
3102 2224 3415 2291 scripserint,

1835 2314 1925 2351 nec
1970 2301 2079 2370 ipse
2116 2319 2208 2357 eos
2253 2307 2395 2374 prior
2439 2301 2731 2363 cohortatus
2782 2313 3128 2369 sit.—Unde
3171 2316 3330 2385 igitur
3370 2318 3425 2372 in

1832 2393 2182 2458 quaestionem
2206 2399 2510 2451 venerunt?
2529 2401 2696 2454 Acute
2720 2401 2771 2454 id
2793 2417 2854 2455 ac
2878 2406 3133 2472 prmclare
3154 2407 3423 2476 viderunt,

1831 2483 2023 2550 majori
2053 2484 2156 2538 sibi
2184 2487 2378 2542 virtute
2402 2504 2536 2558 opus
2565 2507 2706 2557 esse,
2738 2495 2827 2563 qui
2854 2497 3024 2564 majus
3049 2497 3249 2554 donum
3271 2514 3426 2555 acce-

1831 2574 2055 2642 pissent.
2098 2578 2229 2632 Illud
2259 2580 2416 2634 etiam
2448 2584 2910 2640 animadversione
2937 2588 3156 2658 dignum
3181 2601 3290 2656 est,
3325 2608 3423 2647 cur

1831 2664 1880 2719 id
1907 2667 1985 2720 eis
2011 2671 2288 2724 consilium
2321 2689 2423 2726 non
2454 2657 2795 2743 exposuerii;
2830 2696 3003 2753 neque
3028 2684 3173 2737 enim
3202 2685 3246 2738 si
3290 2687 3420 2762 quid

1826 2756 2089 2825 ejusmodi
2132 2761 2437 2831 audissent,
2490 2767 2679 2820 iterum
2730 2785 2794 2823 ex
2837 2786 2902 2824 eo
2945 2787 3040 2840 per
3067 2773 3245 2828 literas
3275 2759 3417 2832 idem

1824 2849 2211 2916 quaesivissent.
2241 2852 2373 2907 Nam
2415 2864 2468 2910 et
2497 2856 2584 2911 hic
2625 2858 2993 2915 admirabilem
3025 2863 3175 2918 Pauli
3201 2867 3418 2934 sapien-

1823 2940 1950 2993 tiam
1994 2953 2317 3011 cognoscere
2364 2957 2464 3000 est.
2515 2947 2698 3023 Neque
2744 2951 2888 3023 enim
2936 2961 3137 3009 temere
3189 2970 3254 3010 ac
3299 2958 3418 3014 sine

1822 3046 1980 3085 causa
2006 3048 2118 3108 rem
2151 3045 2348 3090 tantam
2379 3051 2599 3094 monere
2629 3041 2808 3096 omisit
2827 3085 2860 3108 ,,
2885 3044 2979 3100 sed
3007 3048 3259 3102 sustinuit
3285 3049 3414 3105 dum

1819 3123 1918 3190 ipsi
1945 3105 2092 3192 prius
2119 3127 2348 3198 aliquam
2387 3131 2504 3199 ejus
2539 3133 2780 3186 notitiam
2820 3138 3136 3204 consequuti
3175 3139 3229 3193 in
3256 3142 3412 3209 cupi-

1818 3214 2034 3269 ditatem
2065 3221 2330 3288 venirent,
2363 3230 2418 3275 ut
2447 3238 2632 3277 eorum
2659 3225 2866 3279 animos
2895 3213 3082 3283 nactus
3103 3231 3213 3298 jam
3244 3234 3410 3304 virgi-

1818 3305 1968 3359 nitati
1997 3308 2226 3372 deditos,
2260 3311 2462 3366 utiliter
2487 3302 2640 3368 hisce
2667 3314 2736 3377 de
2766 3316 2926 3370 rebus
2951 3302 3408 3394 sermonesxser'e-

1814 3406 1916 3462 ret,
1945 3399 2244 3455 auditorum
2275 3402 2325 3456 in
2358 3418 2470 3458 rem
2499 3405 2676 3459 studio
2705 3406 2891 3476 ingens
2942 3409 3307 3478 adjumentum
3337 3415 3406 3469 ad

1812 3487 2197 3545 cohortationis
2238 3492 2622 3549 admissionem
2669 3505 3073 3565 prtestantezet
3095 3502 3295 3572 alioqui
3326 3507 3406 3561 rei

1811 3582 2232 3655 magnitudinem
2284 3593 2442 3656 atque
2490 3589 2754 3658 insignem
2799 3593 3116 3678 gravitatem
3147 3598 3402 3653 ostendit.

1809 3668 1941 3723 Nam
1992 3673 2045 3725 ni
2091 3676 2161 3727 ita
2191 3687 2354 3742 esset,
2389 3693 2495 3732 non
2522 3691 2832 3750 exspectato
2861 3668 3256 3742 eorum‘studio
3288 3690 3404 3758 ipse

1810 3763 1863 3817 id
1892 3765 2057 3832 prior,
2085 3769 2128 3820 si
2160 3779 2355 3846 non‘ut
2378 3771 2586 3841 jussum
2610 3789 2674 3829 ac
2698 3785 3047 3848 praeeptum,
3080 3789 3136 3834 at
3173 3791 3320 3837 certe
3346 3791 3403 3838 ut

1807 3853 2232 3913 cohortatiuncm
2262 3870 2421 3930 atque
2449 3865 2731 3919 consilium
2761 3868 3100 3936 prodidisset.
3132 3871 3283 3928 Nunc
3307 3877 3399 3944 qui

1807 3958 1980 4012 neque
2024 3946 2076 3999 id
2125 3949 2268 4016 prior
2315 3950 2490 4006 facere
2530 3954 2766 4009 animum
2820 3956 3127 4026 induxerit,
3177 3951 3401 4020 evidens

1805 4036 1961 4091 nobis
1992 4037 2114 4092 fecit
2137 4081 2153 4104 ,
2189 4054 2347 4110 egere
2373 4043 2725 4111 virginitatem
2753 4047 2903 4101 multi
2929 4050 3143 4104 sudoris
3173 4063 3399 4108 conten-

1806 4125 2072 4196 tionisque
2091 4143 2414 4200 permagnus.
2431 4133 2602 4204 Atque
2619 4135 2670 4189 id
2689 4136 2776 4191 hic
2791 4152 3131 4196 communem
3153 4151 3397 4200 nostrum

1803 4214 2088 4288 Dominum
2136 4219 2374 4274 imitatus
2409 4222 2551 4288 fecit,
2593 4227 2683 4295 qui
2719 4227 2787 4282 de
2816 4230 3116 4298 virginitate
3147 4244 3256 4288 tum
3285 4236 3396 4292 dis-

1801 4309 1990 4374 seruit,
2018 4323 2138 4364 cum
2168 4326 2290 4368 eum
2317 4313 2563 4384 discipuli
2609 4330 2886 4388 rogarunt.
2918 4321 3049 4376 Nam
3077 4333 3197 4378 cuin
3225 4325 3395 4382 dixis-

1799 4408 1940 4462 sent,
1971 4399 2033 4454 Si
2058 4418 2121 4454 ea
2143 4413 2216 4457 est
2252 4405 2348 4458 viri
2370 4423 2485 4460 cum
2525 4424 2682 4464 uxore
2709 4412 2952 4480 conditio,
2985 4418 3187 4482 expedit
3218 4420 3395 4472 aratri-

1798 4489 2024 4552 monium
2065 4507 2166 4545 non
2193 4497 2508 4561 contrahere,
2541 4501 2840 4568 respondit,
2870 4501 3005 4557 Sunt
3033 4507 3272 4570 eunuchi,
3303 4510 3390 4576 qui

1795 4582 1865 4634 sei
1869 4599 1984 4650 psos
1996 4595 2204 4654 propter
2217 4587 2414 4641 cteleste
2429 4605 2638 4659 regnum
2657 4591 2942 4648 castrarunt
2959 4594 3173 4664 (Matth:
3191 4598 3276 4655 I9.
3298 4600 3385 4656 I0.

1795 4669 1906 4741 12).
1934 4671 2030 4726 Ubi
2059 4675 2199 4728 enim
2226 4675 2411 4746 ingens
2433 4689 2513 4732 est
2544 4689 2686 4734 recte
2707 4681 2923 4748 factum,
2948 4695 3108 4755 atque
3140 4688 3257 4743 ideo
3287 4707 3387 4745 nec

1792 4762 1893 4815 sub
1923 4766 2174 4833 przecepti
2226 4770 2544 4824 necessitate
2573 4773 2930 4841 concluditur,
2966 4779 3385 4846 exspectandum

1792 4862 1877 4907 est
1899 4855 2226 4910 desiderium
2257 4873 2441 4913 eorum
2469 4861 2557 4930 qui
2587 4877 2652 4916 eo
2682 4865 3012 4934 perfuncturi
3035 4880 3176 4934 sunt,
3207 4882 3261 4924 et
3283 4873 3384 4927 alia

1791 4944 2016 5012 quadam
2065 4949 2272 5003 ratione
2302 4966 2402 5004 uec
2437 4963 2684 5020 suspecta
2721 4958 2928 5011 animus
2974 4959 3038 5011 iis
3081 4970 3240 5030 atque
3270 4974 3381 5017 stn-

1787 5035 1934 5099 djuui
1963 5045 2046 5090 est
2073 5041 2365 5106 parandum
2397 5060 2408 5096 :
2440 5044 2580 5113 quod
2622 5046 2837 5114 quidem
2875 5058 2928 5103 et
2966 5049 3208 5107 Christus
3236 5053 3379 5111 fecit.

1783 5125 1967 5195 Neque
2006 5131 2148 5182 enim
2194 5146 2286 5185 eos
2318 5133 2420 5186 ulla
2470 5135 2538 5189 de
2579 5138 2879 5206 virginitate
2922 5137 3282 5211 diSputa‘tione
3314 5149 3369 5202 in

1784 5217 2102 5286 virginitatis
2151 5224 2383 5278 studium
2439 5222 2724 5296 conjecit,
2762 5232 2856 5284 sed
2913 5233 2980 5286 de
3029 5237 3402 5292 matrimonio-

1785 5313 1960 5368 solum
1989 5314 2259 5384 loquutus,
2285 5318 2335 5371 in
2358 5319 2582 5392 ejusque
2607 5321 2923 5384 difﬁcultate
2945 5323 3377 5385 commonstran-

1779 5404 1845 5458 da
1888 5405 2095 5461 lia-reus
2140 5418 2300 5480 atque
2324 5414 2728 5482 conquiescens,
2755 5431 2869 5471 rem
2914 5418 3051 5474 adeo
3088 5422 3377 5489 prudenter

1780 5501 2088 5556 moderatus
2113 5513 2212 5567 est,
2239 5514 2294 5558 ut
2314 5507 2404 5574 qui
2427 5505 2494 5561 de
2519 5523 2623 5561 non
2646 5509 3011 5565 centrahendo
3034 5515 3376 5572 matrimonio

1777 5591 1909 5652 nihil
1935 5594 2244 5662 audissent,
2279 5611 2374 5652 sua
2404 5609 2594 5669 sponte
2621 5598 2893 5667 dicerent,
2943 5603 3165 5677 Expedit
3189 5618 3368 5661 matr:-

1778 5684 2002 5736 monium
2047 5701 2146 5737 non
2194 5688 2491 5742 contra/tere
2529 5688 2704 5759 (Ibid.
2751 5679 2799 5745 ὅ.
2846 5692 2968 5764 10).
3022 5697 3193 5766 Atque
3251 5698 3371 5753 ideo

1782 5775 1940 5832 ctiam
1974 5774 2192 5848 Paulus,
2221 5777 2418 5837 Christi
2451 5781 2705 5848 imitator,
2738 5783 2812 5839 De
2838 5784 3018 5856 quibus
3041 5799 3242 5857 autem,
3286 5790 3361 5845 ln-
