4206 6324
695 516 832 586 quit,
863 515 985 567 mihi
1009 512 1284 591 scripsistis
1306 528 1325 565 :
1347 511 1491 566 velut
1528 526 1586 564 se
1617 509 1681 562 iis
1708 506 1883 565 verbis
1910 505 1961 558 in
1991 504 2127 556 hanc
2156 517 2281 555 scn-

699 609 919 660 teiitiam
948 619 1221 675 purgans:
1251 602 1509 672 Equidem
1545 614 1641 652 vos
1667 597 1731 651 ad
1760 595 1983 673 sublime
2008 593 2107 647 hoc
2135 591 2281 646 lasti-

696 699 839 766 giuni
864 706 1079 767 propter
1104 694 1179 749 rei
1201 692 1566 747 difilcultatem
1588 687 1854 767 adducere
1874 699 1977 738 non
1999 681 2280 735 audebam.

697 787 847 841 Nune
884 801 1013 851 vero
1064 800 1187 838 cum
1241 785 1446 853 priores
1502 781 1599 849 ipsi
1664 779 1731 831 ad
1778 792 1864 831 me
1918 772 2281 842 scripseritis,

699 878 867 931 lidens
894 877 1109 930 demum
1138 874 1381 929 consulo.
1420 871 1525 926 Cur
1559 872 1701 924 enim
1743 883 1862 924 cum
1893 865 2071 919 multis
2099 864 2165 916 de
2196 877 2284 915 re-

700 969 797 1021 bus
822 967 1171 1036 scripserint,
1218 978 1480 1032 nusquam
1522 960 1574 1014 id
1619 958 1856 1028 adjecit?
1899 955 2052 1011 Nulla
2082 954 2185 1007 alia
2217 952 2283 1005 de

695 1073 876 1119 causa,
908 1072 1065 1126 quam
1092 1071 1154 1109 ea
1174 1095 1190 1119 ,
1234 1070 1393 1124 quam
1436 1066 1578 1105 nunc
1604 1050 1748 1114 dixi;
1778 1065 1847 1102 ne
1874 1047 1992 1116 quis
2014 1043 2159 1103 enim
2187 1058 2282 1096 eo-

698 1149 1055 1203 hortationem
1083 1147 1262 1216 inique
1289 1146 1588 1212 acciperet,
1616 1140 1799 1194 literas
1823 1138 1921 1201 eis,
1954 1148 2085 1204 quas
2111 1133 2285 1187 misis-

706 1242 846 1293 sent,
872 1237 937 1281 ad
967 1244 1163 1281 ιιιυιιιοι
1182 1232 1285 1279 iam
1313 1238 1555 1280 revocat.
1585 1228 1660 1282 Ac
1682 1246 1751 1284 ne
1768 1231 1848 1283 sic
1876 1228 2096 1297 quidem
2115 1238 2278 1279 ocea-

707 1323 914 1376 sionem
937 1336 1055 1374 eam
1080 1329 1276 1385 nactus
1295 1320 1754 1375 vehementiorem
1785 1321 2007 1374 adhibet
2031 1316 2281 1371 admoni-

708 1415 935 1475 tionem,
967 1412 1062 1467 sed
1094 1411 1386 1466 admodum
1420 1413 1732 1481 benignam,
1758 1413 1812 1465 in
1842 1427 1907 1465 eo
1934 1412 2095 1463 etiam
2123 1408 2282 1463 Chri-

706 1515 851 1558 stum
880 1504 1124 1558 inuitatus
1152 1522 1172 1557 τ
1198 1520 1323 1557 nam
1355 1503 1617 1558 Servator
1649 1504 1901 1558 absoluto
1933 1516 2185 1557 sermone
2212 1501 2280 1554 de

705 1596 1018 1663 virginitate
1032 1593 1376 1659 additlitﬂui
1391 1603 1560 1662 potest
1573 1610 1758 1662 capere
1770 1595 1943 1660 capiat
1965 1592 2177 1661 (.llattli.
2190 1591 2210 1641 1
2223 1590 2277 1643 9.

706 1690 814 1753 12).
845 1687 985 1753 Quid
1008 1688 1173 1755 igitur
1191 1687 1299 1741 ait?
1319 1687 1392 1741 De
1408 1688 1596 1757 quibus
1617 1697 1796 1739 autent
1816 1684 2270 1752 mihiscripsistis,

703 1777 894 1830 bonum
916 1778 1207 1832 esthomini
1225 1778 1494 1830 mulierem
1520 1794 1623 1830 non
1640 1786 1850 1844 tangere
1880 1775 1953 1845 (1.
1980 1772 2107 1829 Cor.
2130 1774 2180 1826 7.
2203 1774 2278 1843 1).

766 1862 904 1916 XIV.
951 1861 1175 1927 Objectio
1222 1877 1394 1914 eorum
1443 1861 1528 1925 qui
1572 1858 1906 1927 virginitatem
1954 1855 2193 1924 ejiciunt,
2238 1861 2282 1903 et

695 1953 1112 2007 solatia—Sed
1163 1950 1390 2005 fortasse
1433 1949 1577 2002 dicat
1616 1948 1843 2015 aliquis:
1870 1946 1938 1997 At
1980 1944 2026 1997 si
2067 1950 2283 2011 praestet

695 2044 975 2097 mulierem
1015 2058 1119 2097 non
1152 2052 1387 2111 tangere,
1417 2056 1516 2108 qua
1542 2039 1608 2092 de
1637 2051 1794 2090 causa
1824 2037 1874 2088 in
1903 2036 2059 2087 vitam
2092 2032 2282 2085 invasit

695 2135 1123 2189 matrimonium?
1147 2134 1412 2201 Quorsum
1438 2142 1611 2185 autem
1640 2131 1863 2183 muliere
1894 2136 2127 2193 utemur,
2158 2142 2280 2196 qua:

695 2239 864 2293 neque
909 2224 976 2278 ad
1017 2224 1448 2287 matrimonium,
1496 2236 1669 2291 neque
1710 2220 1776 2274 ad
1816 2220 2107 2273 liberorum
2148 2233 2278 2290 pro-

695 2318 1020 2370 creationem
1066 2316 1299 2371 serviat?
1354 2314 1555 2383 Ecquid
1601 2329 1727 2367 vero
1776 2311 2075 2381 prohibebit
2120 2326 2282 2365 omne

695 2409 969 2467 heminam
996 2424 1163 2479 genus
1203 2407 1405 2472 deleri,
1439 2421 1563 2460 cum
1589 2415 1643 2458 et
1673 2419 1815 2457 mors
1845 2404 1895 2456 id
1921 2404 2157 2472 quotidie
2182 2402 2279 2455 de-

693 2508 875 2567 pascat
904 2513 965 2552 ac
994 2498 1259 2564 concidat,
1289 2507 1343 2550 et
1370 2512 1429 2550 ea
1458 2496 1720 2549 sententia
1750 2495 1880 2549 alios
1911 2494 1963 2547 in
1998 2493 2277 2548 defuncto-

695 2607 811 2643 rum
842 2591 1012 2643 locum
1040 2590 1320 2643 restituere
1349 2605 1452 2642 non
1482 2587 1785 2656 permittat?
1821 2586 1954 2641 Nam
1995 2586 2038 2639 si
2081 2586 2277 2640 bonum

691 2685 741 2738 id
778 2684 1006 2738 universi
1032 2692 1405 2737 consectemur
1428 2720 1443 2743 ,
1493 2695 1592 2734 nec
1640 2679 1889 2733 mulieres
1916 2677 2237 2746 attingamus
2259 2717 2275 2743 ,

690 2776 869 2832 omnia
914 2773 1246 2836 dilabentur,
1285 2782 1339 2825 et
1393 2773 1586 2836 urbes,
1640 2779 1695 2825 et
1747 2770 1966 2833 domus,
2021 2778 2075 2823 et
2120 2769 2269 2838 agri,

687 2876 742 2921 et
776 2876 939 2929 artes,
997 2874 1051 2919 et
1101 2865 1433 2926 animantes,
1486 2872 1541 2917 et
1589 2863 1802 2931 stirpes.
1848 2862 1916 2917 Ut
1960 2862 2103 2915 enim
2146 2876 2274 2930 pro-

687 2966 855 3008 strato
895 2956 1214 3023 imperatore
1260 2955 1400 3023 cogit
1438 2953 1727 3007 necessitas
1756 2967 1967 3006 omnem
2012 2952 2277 3007 exercitus

686 3046 929 3100 ordinem
960 3046 1205 3114 dissipari
1234 3046 1349 3099 :sic
1378 3045 1620 3107 homine,
1669 3044 1999 3099 terrestrium
2036 3047 2274 3098 omnium

688 3152 834 3205 rege,
863 3135 1185 3189 matrimonii
1218 3134 1448 3201 defectu,
1480 3135 1762 3200 exsdncto,
1807 3145 2121 3195 cmterorum
2146 3135 2274 3188 nihil

689 3229 1106 3281 incolumitatem
1135 3242 1282 3282 suam
1314 3228 1663 3296 ordinemque
1685 3228 1944 3291 tuebitur;
1977 3228 2047 3280 ita
2076 3226 2299 3293 bellum.

690 3318 791 3371 hoc
847 3318 1129 3371 consilium
1184 3317 1476 3371 innumeris
1526 3318 1710 3371 orbem
1763 3318 1917 3370 malis
1966 3317 2271 3386 complebit.

689 3409 976 3462 Enimvero
998 3409 1040 3461 si
1062 3407 1177 3461 hzcc
1200 3408 1427 3461 hostium
1451 3407 1621 3462 solum
1644 3418 1801 3477 atque
1823 3407 2110 3461 inlidclium
2133 3406 2274 3460 dicta

686 3509 895 3561 essent,
928 3514 989 3553 ea
1020 3499 1168 3568 parti
1209 3499 1512 3555 duxissem:
1545 3498 1635 3551 sed
1667 3514 1785 3554 cum
1821 3513 1883 3555 ea
1911 3498 2063 3552 multi
2090 3501 2273 3566 etiam,

685 3591 773 3658 qui
803 3590 869 3642 ad
898 3588 1187 3644 Ecclesium
1219 3598 1463 3667 Spectari:
1485 3593 1793 3659 videantur,
1814 3594 2013 3663 jactent
2032 3634 2047 3658 ,
2081 3593 2274 3661 ingenii

687 3682 893 3757 ignavia
946 3681 1263 3758 virginitatis
1318 3687 1543 3742 sudores
1596 3687 1984 3740 detrectantes?
2026 3688 2313 3753 illamque.

684 3778 988 3831 ιιιηιιιιειιιαο
1012 3787 1067 3832 et
1094 3778 1247 3831 nauci
1290 3774 1535 3830 faciendo
1577 3776 1875 3830 socordiam
1917 3790 2064 3829 suam
2096 3788 2274 3845 tegere

687 3870 923 3934 volentes
947 3909 963 3932 ,
998 3876 1055 3921 ut
1084 3884 1188 3921 non
1223 3868 1539 3937 negligentia
1569 3867 1795 3935 quadam
1824 3906 1838 3930 ,
1879 3866 1970 3918 sed
2008 3878 2154 3919 recto
2188 3882 2271 3918 ra-

687 3962 845 4014 tionis
880 3959 1079 4026 judicio
1109 3959 1176 4013 ab
1204 3973 1270 4013 eo
1314 3957 1604 4013 certamine
1658 3956 1913 4025 refugisse
1966 3955 2271 4009 vidcantur:

684 4066 801 4118 age,
833 4051 1073 4103 hostibus
1098 4050 1364 4113 dimissis;
1394 4050 1641 4102 Animalia
1664 4050 1794 4101 enim
1818 4049 1966 4100 homo
2013 4066 2113 4101 non
2135 4050 2271 4117 capit

683 4156 795 4207 qua:
813 4140 1035 4206 Spiritus
1052 4150 1189 4204 sunt,
1210 4140 1394 4208 quippe
1417 4154 1531 4208 qua:
1556 4142 1653 4192 sint
1671 4140 1714 4191 ei
1736 4139 1951 4191 stultitia
1976 4141 2049 4207 (l.
2073 4138 2189 4192 Cor.
2214 4139 2267 4191 2.

688 4232 799 4298 li),
833 4231 920 4299 qui
949 4244 1006 4283 se
1039 4241 1249 4284 nostros
1281 4229 1518 4299 tingunt,
1554 4239 1843 4298 utrumque
1878 4229 2185 4293 doceamus,
2218 4240 2271 4283 et

690 4331 893 4374 tantum
924 4322 1123 4374 abesse.
1142 4330 1198 4375 ut
1227 4336 1315 4376 res
1341 4321 1495 4375 nauci
1525 4320 1632 4385 sit,
1678 4329 1732 4373 ut
1762 4320 1914 4374 valde
1940 4321 2099 4373 etiam
2130 4321 2271 4375 utilis

682 4420 752 4466 sit
800 4426 862 4465 ac
908 4411 1208 4466 ueceSSaria
1236 4452 1249 4474 ,
1301 4426 1473 4479 neque
1510 4411 1912 4464 accusationem
1960 4425 2078 4465 eam
2127 4412 2271 4480 ipsos

683 4504 898 4571 impune
939 4503 1172 4564 laturos,
1218 4502 1312 4557 sed
1361 4511 1562 4556 tantum
1596 4503 1659 4556 iis
1690 4503 1908 4571 periculi
1950 4503 2266 4569 allaturam,

680 4604 937 4662 quantum
960 4594 1301 4663 praemiorum
1326 4600 1484 4661 atque
1508 4593 1677 4646 laudis
1700 4594 1782 4657 iis,
1802 4593 1890 4662 qui
1914 4594 2267 4662 virginitatem

680 4685 959 4738 coluerint.
992 4684 1125 4739 Nam
1159 4685 1260 4739 hoc
1286 4693 1593 4738 constructo
1624 4685 1842 4749 mundo,
1875 4695 1929 4739 et
1956 4685 2018 4738 iis
2045 4686 2266 4754 paratis,

681 4792 801 4845 qua:
831 4776 897 4829 ad
927 4776 1157 4845 quietem
1188 4786 1241 4830 et
1269 4792 1418 4829 usum
1448 4785 1688 4830 nostrum
1716 4776 2102 4839 conducebant,
2129 4778 2267 4833 Deus

682 4867 951 4922 hominem
977 4867 1146 4929 ﬁnxit,
1171 4868 1321 4934 cujus
1342 4867 1499 4921 etiam
1521 4880 1683 4921 causa
1703 4867 1957 4923 mumlunt
1981 4868 2269 4925 fabricatus

680 4962 781 5012 est.
818 4958 865 5011 Is
898 4973 1023 5011 vero
1054 4957 1310 5011 formatus
1340 4959 1390 5010 in
1420 4959 1664 5026 paradiso
1687 4959 1934 5028 degebat,
1961 4974 2059 5013 nec
2080 4961 2267 5013 matri-

681 5049 842 5102 monii
876 5050 980 5102 ulla
1009 5052 1243 5113 mentio;
1273 5064 1408 5118 opus
1442 5059 1558 5104 erat
1585 5050 1635 5103 ei
1660 5052 1822 5105 etiam
1852 5051 2142 5119 adjutrice;
2172 5051 2267 5105 ad-

679 5140 842 5195 hibita
872 5151 988 5195 est:
1013 5156 1080 5196 ne
1116 5143 1193 5196 sic
1220 5140 1435 5211 quidem
1462 5141 1855 5196 matrimonium
1884 5144 2053 5196 visum
2083 5158 2268 5197 neces-

677 5232 874 5284 sarium
901 5240 999 5283 est.
1029 5231 1108 5285 Ac
1152 5246 1325 5300 neque
1358 5231 1484 5285 dum
1514 5232 1787 5295 exstabat,
1820 5240 1874 5286 et
1921 5232 1973 5286 in
2017 5232 2267 5301 paradiso

679 5321 823 5373 velut
844 5321 977 5374 caelo
1001 5321 1232 5390 quodam
1262 5321 1377 5389 ejus
1418 5332 1668 5392 expertes
1691 5322 1987 5391 degebant,
2018 5334 2177 5392 atque
2213 5324 2264 5378 in

682 5414 770 5467 Dei
808 5412 1195 5467 consuetudine
1239 5412 1555 5467 suavissime
1598 5412 1962 5482 quiescebant.
2009 5413 2264 5467 Miscendi

678 5511 853 5557 autem
897 5502 1137 5572 corporis
1186 5501 1376 5567 ardor,
1423 5502 1725 5571 conceptio,
1773 5502 2008 5565 dolores,
2043 5513 2258 5570 partus,

676 5607 835 5667 atque
860 5611 1019 5650 omne
1048 5611 1214 5665 genus
1242 5595 1562 5665 corruptela:
1587 5611 1654 5651 ex
1680 5612 1865 5651 eorum
1886 5597 2078 5650 aninns
2104 5614 2261 5652 exsu-

674 5685 850 5752 labat,
898 5696 953 5741 et
989 5688 1131 5742 velut
1158 5687 1331 5742 amnis
1356 5686 1665 5755 perspicuus
1689 5700 1719 5741 e
1745 5687 1946 5755 liquido
1975 5686 2120 5742 fonte
2148 5703 2259 5742 ma-

672 5794 828 5849 nans,
856 5780 935 5836 sic
962 5778 1091 5835 inibi
1114 5780 1341 5851 agebant
1367 5777 1666 5849 virginitate
1691 5778 1887 5835 ornati.
1909 5780 1987 5834 Ae
2012 5789 2120 5834 tum
2142 5791 2257 5836 erat

1412 394 1469 451 S.
1509 392 1784 450 JO.\NNIS
1820 383 2301 447 CIIRYSOSTOMI
2343 381 2659 438 ΑΒΕ-ΠΙΕῆ
2700 377 3240 435 CUNSTAN’IINOP.

3883 374 3990 430 544

2396 508 2538 553 terra
2564 499 2631 553 ab
2657 497 2959 551 hominibus
2985 511 3184 559 vacua;
3225 493 3275 547 id
3307 491 3447 563 quod
3481 507 3621 546 nunc
3649 500 3901 545 verentur
3930 489 3987 543 hi

2391 590 2537 644 orbis
2557 599 2853 653 curatores,
2877 590 2964 657 qui
2988 603 3109 641 cum
3133 586 3201 640 de
3223 585 3412 638 alienis
3437 584 3581 639 serio
3606 583 3988 643 sollicitentur,

2392 682 2459 735 de
2486 682 2596 733 suis
2627 695 2693 733 ne
2737 680 2971 749 cogitare
2998 677 3209 747 quidem
3242 674 3541 738 sustinent;
3589 672 3761 741 deque
3807 670 3988 722 homi-

2392 787 2519 825 num
2546 770 2928 824 communitate
2960 783 3027 822 ne
3054 768 3281 821 intereat
3318 764 3498 829 anxii,
3544 762 3780 816 animum
3827 775 3987 815 suum

2396 870 2663 931 tamquam
2710 861 2939 914 alienum
2989 858 3180 927 singuli
3228 857 3526 927 negligant,
3569 868 3691 907 cum
3720 853 3804 905 “ad
3860 869 3988 907 eum

2392 954 2533 1024 quod
2562 954 2771 1015 attinet,
2804 952 2887 1005 vel
2916 951 2981 1005 de
3011 948 3243 1003 minimis
3273 948 3432 1001 rebus
3459 960 3648 999 severe
3672 944 3736 995 ad
3768 958 3987 1013 pinnam

2392 1046 2616 1099 vocandi
2649 1045 2773 1108 sint,
2802 1053 2854 1097 et
2880 1042 3019 1112 quod
3043 1040 3108 1094 ad
3135 1040 3405 1093 hominum
3428 1037 3616 1091 attinet
3641 1037 3989 1104 paucitatem,

2391 1154 2493 1194 nec
2538 1139 2807 1193 levissime
2860 1140 3119 1193 rationem
3168 1136 3451 1190 reddituri.
3502 1134 3618 1188 Non
3669 1145 3822 1187 erant
3873 1142 3990 1184 tnui

2391 1230 2614 1298 Oppida,
2648 1245 2754 1283 non
2782 1237 2956 1292 artes,
2988 1243 3095 1281 non
3120 1226 3346 1290 donius;
3384 1225 3580 1278 ctenim
3623 1222 3738 1276 hzcc
3774 1236 3992 1291 quoque

2393 1334 2498 1372 non
2541 1319 2819 1372 minimum
2849 1319 3082 1381 curatis;
3126 1316 3220 1370 sed
3262 1314 3375 1369 haec
3406 1330 3512 1368 non
3543 1322 3730 1378 erant,
3773 1321 3828 1365 et
3855 1310 3991 1363 nihil

2393 1420 2567 1465 tamen
2597 1412 2802 1464 beatam
2837 1411 2977 1463 illam
3001 1411 3163 1462 vitam
3203 1419 3362 1475 atque
3394 1410 3493 1461 hac
3527 1406 3682 1474 longe
3709 1403 3989 1458 meliorem

2390 1503 2709 1571 impediebat
2727 1514 2821 1557 aut
2839 1504 3104 1557 turbabat.
3126 1506 3191 1554 At
3210 1510 3487 1570 postquam
3514 1499 3624 1553 Deo
3642 1514 3746 1551 non
3769 1497 3955 1550 obtem
3980 1526 3989 1537 ι

2391 1604 2668 1663 perurunt,
2698 1606 2753 1648 et
2781 1605 2920 1649 terra
2951 1603 3109 1662 atque
3136 1592 3272 1645 cinis
3302 1590 3472 1644 cili-eti
3504 1598 3649 1653 sunt,
3678 1578 3802 1641 cum
3829 1588 4016 1641 beata-

2390 1702 2450 1740 ea
2500 1687 2602 1740 vita
2650 1686 2965 1756 virginitatis
3008 1686 3169 1739 etiam
3218 1685 3384 1747 decus
3431 1683 3793 1751 perdiderunt,
3821 1690 3993 1749 atque

2390 1793 2492 1831 una
2519 1794 2643 1832 cum
2674 1779 2785 1833 Deo
2811 1779 2969 1832 etiam
2994 1777 3087 1831 illa
3126 1792 3221 1830 eos
3254 1776 3510 1830 deserens
3538 1775 3812 1828 abscessit.
3843 1773 3983 1828 Nam

2387 1868 2639 1937 quamdiu
2669 1883 2700 1923 a
2728 1868 2941 1922 diabolo
2964 1868 3143 1922 invicti
3169 1866 3451 1920 Dominum
3477 1880 3632 1919 suum
3663 1862 3991 1916 rev‘ereban-4

2391 1972 2496 2024 tur,
2539 1960 2791 2015 manebat
2833 1961 3131 2029 virginitas,
3181 1974 3274 2013 eos
3302 1972 3569 2013 exomans
3613 1956 3781 2026 magis
3820 1962 4011 2025 qtt'anr

2389 2067 2542 2120 reges
2568 2051 2815 2105 diadema
2861 2061 2914 2105 et
2956 2065 3118 2103 aurea
3165 2049 3500 2103 vestimenta.
3532 2049 3601 2101 At
3632 2047 3719 2101 ubi
3744 2045 3975 2114 captivi,

2387 2141 2534 2208 regio
2567 2140 2668 2193 hoc
2696 2141 2893 2194 amictu
2924 2150 3112 2208 erepto
3130 2181 3145 2205 ,
3173 2139 3489 2207 abjectoquc
3513 2137 3710 2190 cmlesti
3742 2146 3938 2189 ornatu
3967 2177 3985 2203 ,

2386 2232 2572 2284 mortis
2598 2230 2983 2298 corruptelam,
3014 2229 3150 2294 iras,
3175 2228 3460 2290 cruciatos,
3493 2242 3557 2280 ac
3586 2241 3851 2279 wrumnas
3877 2238 3980 2279 ae—

2386 2330 2665 2389 ccperunt,
2728 2330 2837 2373 tum
2887 2334 3015 2373 vero
3061 2335 3182 2373 cum
3232 2319 3297 2371 iis
3340 2317 3736 2371 matrimonium
3781 2319 3973 2379 subiit,

2386 2410 2612 2463 mortale
2658 2409 2759 2463 hoc
2799 2419 2852 2463 et
2896 2409 3090 2463 servile
3134 2409 3539 2471 vestimentum;
3589 2422 3708 2458 nam
3740 2406 3989 2471 Quicum

2384 2515 2541 2553 ιιι-ονε
2569 2508 2664 2562 est,
2697 2500 2885 2567 inquit,
2917 2515 3092 2553 eorum
3122 2498 3372 2551 sollicitus
3396 2506 3489 2563 est,
3520 2512 3634 2565 quae
3655 2506 3773 2549 sunt
3802 2502 3988 2554 mundi

2385 2592 2463 2660 (l.
2496 2590 2615 2644 Cor.
2651 2593 2703 2643 7.
2737 2590 2850 2662 55).
2893 2590 3076 2644 Viden’
3105 2590 3245 2643 unde
3275 2590 3485 2642 initium
3516 2588 3761 2648 habuerit
3789 2590 3986 2643 matri—

2386 2683 2643 2744 monium,
2675 2683 2815 2735 unde
2842 2682 3203 2735 necessarium
3231 2680 3399 2733 visum
3422 2680 3526 2733 sit?
3554 2679 3638 2733 Ab
3664 2678 3986 2733 inobedien-

2387 2772 2477 2833 tia,
2511 2771 2642 2824 diris
2672 2782 2831 2839 atque
2866 2781 3059 2823 morte.
3096 2769 3227 2824 Nam
3262 2770 3349 2823 ubi
3378 2785 3522 2823 mors
3547 2778 3663 2834 est,
3696 2770 3764 2823 ibi
3794 2771 3985 2823 matri-

2384 2862 2617 2914 monium
2643 2902 2659 2927 ,
2689 2877 2796 2930 quo
2823 2861 3034 2915 sublato
3073 2875 3249 2930 neque
3274 2860 3363 2913 illa
3388 2861 3751 2930 consequitur.
3776 2862 3845 2913 At
3869 2876 3984 2915 non

2383 2952 2741 3021 virginitatem
2770 2951 2883 3006 haac
2911 2962 3235 3021 sequuntur,
3264 2951 3358 3005 sed
3383 2966 3597 3019 semper
3626 2952 3765 3004 utilis
3784 2994 3799 3016 ,
3834 2966 3986 3006 sein-

2383 3061 2478 3113 per
2503 3044 2671 3098 fausta
2695 3055 2853 3112 atque
2875 3042 3020 3109 felix,
3045 3054 3097 3097 et
3118 3052 3241 3097 ante
3258 3049 3485 3096 mortem
3510 3052 3702 3110 etpost
3724 3051 3980 3108 mortem,

2380 3147 2434 3189 et
2478 3144 2601 3189 ante
2644 3135 3042 3188 matrimonium
3095 3144 3151 3188 et
3201 3143 3319 3203 post
3365 3134 3781 3186 matrimonium.
3831 3134 3984 3188 Cedo

2380 3226 2520 3279 enim
2550 3264 2564 3288 ,
2614 3222 2756 3293 quod
2789 3221 3186 3277 matrimonium
3229 3221 3488 3276 Adamum
3536 3223 3855 3290 procreafit,
3884 3224 3983 3292 qui

2383 3317 2545 3370 Evam
2580 3327 2762 3384 partus
2782 3315 3031 3370 dolores?
3061 3314 3403 3384 Nequaquam
3425 3314 3644 3367 dixeris.
3662 3313 3798 3379 Quid
3817 3314 3984 3383 igitur

2380 3422 2517 3461 vane
2562 3406 2749 3461 tremis
2778 3422 2839 3461 ac
2869 3405 3159 3470 formidas,
3202 3421 3271 3459 ne
3310 3406 3651 3459 matrimonio
3696 3405 3983 3459 desinente

2390 3506 2690 3559 humanum
2716 3503 2876 3555 etiam
2913 3511 3081 3567 genus
3111 3495 3411 3554 desiturum
3438 3500 3509 3554 sit
3568 3496 3726 3572 (Dan.
3758 3497 3811 3553 'l.
3843 3495 3981 3570 50)?

2383 3593 2571 3647 Decies
2603 3593 2799 3647 millies
2824 3593 2959 3647 dena
2988 3592 3154 3645 millia
3174 3591 3485 3661 angelorum
3513 3593 3620 3645 Deo
3644 3591 3977 3658 ministrant,

2381 3682 2528 3735 inille
2558 3682 2719 3734 millia
2746 3682 3190 3750 archangelorum
3218 3681 3356 3749 apud
3378 3696 3498 3734 eum
3522 3681 3772 3743 adstant;
3801 3698 3983 3746 neque

2379 3788 2562 3828 eorum
2594 3774 2873 3842 quisquam
2908 3774 3306 3843 propagatione,
3336 3781 3429 3826 aut
3459 3785 3631 3841 partu,
3676 3788 3740 3827 ac
3774 3774 3981 3827 tlolnri-

2380 3867 2519 3931 bus,
2569 3875 2624 3921 et
2669 3868 3020 3934 co:.ccptione
3072 3876 3382 3936 procreatus
3427 3875 3528 3919 est.
3581 3867 3761 3933 itaque
3806 3867 3981 3919 multo

2379 3961 2548 4029 tnagis
2575 3959 2817 4013 homines
2840 3959 2973 4013 citra
2995 3958 3391 4012 matrimonium
3414 3957 3684 4021 tinxisset;
3717 3957 3981 4025 queiuad-

2385 4052 2599 4105 modum
2632 4061 2687 4106 et
2725 4052 2923 4120 primos
2951 4051 3129 4114 liuxit,
3179 4050 3321 4103 unde
3361 4050 3605 4103 homines
3630 4064 3815 4101 omnes
3844 4050 3974 4101 orti.

2450 4142 2566 4196 XV.
2613 4142 2991 4195 Matrimonium
3018 4158 3172 4211 genus
3196 4151 3421 4207 nostrum
3448 4157 3547 4192 non
3578 4157 3782 4206 augere.
3809 4140 3979 4193 ——Ac

2379 4251 2521 4289 nunc
2542 4250 2710 4305 genus
2749 4244 2992 4287 nostrum
3026 4232 3326 4301 frequentat
3355 4248 3460 4284 non
3509 4230 3834 4283 matrimonii
3868 4229 3975 4292 vis,
4030 4220 4031 4223 “

2377 4327 2472 4381 sed
2503 4327 2711 4380 Domini
2741 4327 2851 4393 jam
2881 4324 3036 4391 initio
3062 4323 3284 4385 dictum,
3318 4323 3535 4376 Crescite
3573 4331 3617 4373 et
3658 4312 3977 4389 multiplici:-

2382 4433 2405 4467 i
2431 4419 2523 4482 iui,
2552 4428 2599 4473 et
2624 4418 2809 4484 replete
2836 4412 3023 4469 terram
3055 4413 3206 4484 (Gen.
3233 4417 3282 4468 1.
3310 4412 3424 4485 c2.8).
3458 4414 3593 4482 Quid
3624 4414 3767 4466 enini
3803 4413 3974 4463 Abra-

2379 4510 2539 4565 hamo
2564 4509 2629 4563 ad
2654 4509 2872 4563 'liberos
2902 4507 3197 4578 gignendos
3226 4522 3311 4560 res
3343 4505 3439 4559 ista
3485 4506 3722 4574 proluit?
3752 4520 3817 4556 an
3861 4520 3974 4557 non

2377 4618 2441 4657 ea
2469 4611 2546 4655 tot
2570 4615 2742 4655 annos
2782 4615 2931 4663 usus,
2968 4599 3181 4652 tandem
3231 4597 3368 4650 hanc
3393 4611 3577 4680 vocem
3608 4595 3823 4649 emisit:
3859 4594 3973 4647 Do-

2377 4696 2529 4762 mine,
2558 4694 2801 4765 quidnam
2830 4693 2953 4745 miln'
2982 4693 3193 4744 daturus
3223 4707 3295 4753 es,
3325 4706 3438 4742 cum
3474 4688 3581 4742 sine
3610 4689 3778 4741 liberis
3822 4691 3972 4740 dece-

2377 4786 2494 4839 dam
2528 4784 2678 4856 (Gen.
2705 4784 2791 4838 15.
2813 4781 2910 4853 9.)?
2938 4782 3119 4850 Itaque
3142 4789 3198 4833 ut
3228 4789 3338 4832 tum
3367 4794 3431 4832 ex
3459 4777 3632 4831 eﬂ'etis
3652 4776 3972 4845 corporibus

2378 4878 2518 4931 Deus
2562 4883 2643 4936 tot
2669 4874 2906 4929 millibus
2946 4872 3208 4941 originem
3238 4879 3396 4937 atque
3429 4869 3634 4921 initium
3681 4867 3845 4931 dedit,
3889 4868 3972 4922 sic

2376 4966 2657 5035 principio,
2688 4964 2733 5017 si
2760 4963 2877 5031 ejus
2903 4962 3067 5031 jussis
3099 4960 3359 5014 obediens
3388 4958 3625 5011 Adamus
3646 4957 3855 5010 arboris
3877 4973 3972 5008 vo-

2375 5058 2631 5126 luptatem
2660 5054 2925 5123 fregisset,
2958 5051 3098 5105 haud
3126 5065 3256 5104 sane
3284 5049 3350 5101 de
3377 5048 3459 5100 via
3508 5048 3822 5111 laborasset,
3863 5062 3970 5115 qua

2376 5147 2670 5200 humanum
2701 5161 2871 5215 genus
2903 5152 3144 5212 augeret.
3175 5139 3361 5208 Neque
3388 5139 3531 5192 enim
3564 5149 3656 5190 aut
3688 5138 3973 5189 matrimo-

2374 5240 2543 5301 nium,
2563 5238 2778 5291 nolente
2798 5238 2923 5297 Deo,
2948 5234 3193 5287 homines
3215 5230 3522 5299 frequentes
3546 5228 3760 5283 efﬁcere
3783 5240 3970 5298 queat,

2373 5341 2466 5383 aut
2494 5329 2789 5398 virginitas,
2818 5326 3031 5379 volente
3058 5324 3455 5391 eo-lrcquentes
3494 5335 3635 5382 esse.
3673 5319 3971 5372 multitudi-

2375 5436 2497 5475 nem
2539 5420 2764 5473 minuet.
2810 5420 2879 5472 At
2923 5418 2989 5470 ita
3038 5415 3227 5479 voluit,
3273 5413 3464 5481 inquit,
3516 5422 3731 5479 preptcr
3762 5425 3859 5463 nos
3905 5425 3970 5462 ac

2374 5523 2614 5568 nostram
2663 5511 3039 5581 pervicaciam.
3071 5508 3204 5562 Nam
3247 5522 3343 5561 cur
3395 5522 3499 5558 non
3530 5514 3654 5557 ante
3698 5503 3972 5569 deceptio-

2373 5620 2494 5659 nem
2537 5602 2934 5656 matrimonium
2971 5597 3207 5669 prodiit?
3236 5611 3331 5649 cur
3361 5611 3465 5648 non
3494 5595 3546 5647 in
3579 5593 3824 5661 paradiso
3856 5591 3973 5644 coi-

2374 5693 2505 5749 tus?
2541 5710 2639 5749 cur
2688 5707 2793 5746 non
2844 5702 2969 5745 ante
2998 5688 3426 5743 maledictioncm
3481 5695 3660 5754 partus
3714 5682 3969 5734 dolores?

2374 5786 2535 5841 Erant
2567 5798 2757 5853 nempe
2788 5780 2901 5837 [nec
2941 5792 3366 5851 snpervacanea;
3414 5777 3465 5830 in
3517 5785 3785 5845 posterum
3840 5783 3986 5826 vem'
