4174 6318
203 424 314 478 5ίό

207 535 355 603 Ἐγὼ
385 534 481 604 μὲν
517 533 612 587 ἐπὶ
640 535 738 603 τὴν
767 533 975 606 ὑψηλὴν
1009 536 1214 606 ταύτην
1254 533 1500 607 κορυφὴν
1526 535 1628 587 οὐκ
1652 532 1799 586 ἐτόλ-

199 631 360 688 μωνο
390 619 536 692 ὑμᾶς
563 621 794 687 ἀγαγεῖν
810 619 897 672 διὰ
921 621 984 672 τὸ
1014 619 1110 672 τοῦ
1140 619 1466 691 πράγματος
1497 615 1800 687 δυσκατόρ-

197 702 375 756 θωτον
399 719 413 734 ο
462 703 650 773 ἐπειδὴ
701 703 759 757 δέ
802 703 958 756 αὐτοὶ
1004 703 1311 773 φθάσαντες
1350 701 1638 773 ’ἐγράψατέ
1687 718 1800 772 μοι,

198 786 346 856 μετά
382 784 475 838 τοῦ
505 786 730 857 θαρρεῖν
765 786 1032 858 ’ποιοῦμαι
1077 786 1176 857 τὴν
1225 785 1560 856 συμϐουλήν.
1606 782 1710 836 Διά
1749 783 1803 836 τί

197 873 312 942 γάρ
345 871 486 942 ὑπὲρ
511 869 724 924 πολλῶν
749 870 1082 942 γραψάντων
1110 871 1337 925 ἐκείνων
1370 867 1610 938 οὐδαμοῦ
1644 866 1806 920 τοῦτο

199 953 546 1024 προσέθηκες
577 955 656 1006 Δι’
694 955 845 1007 οὐδὲν
880 954 1069 1030 ἐτερςιν
1105 953 1140 1024 ἦ
1177 953 1265 1006 διὰ
1295 953 1452 1006 τοῦτο
1485 953 1623 1022 ὅπερ
1650 946 1804 1003 εἷπον

197 1037 298 1089 νῦν
319 1053 334 1067 ο
358 1036 447 1089 ἴνα
471 1037 580 1106 γὰρ
611 1038 686 1107 μῂ
727 1053 811 1101 τις
850 1037 1160 1108 δυσχεράνῃ
1191 1037 1292 1106 τὴν
1317 1035 1663 1106 παραίνεσιν,
1692 1030 1802 1086 τῶν

199 1119 552 1190 γραμμάτων
589 1120 814 1186 αὐτοὺς,
868 1114 945 1173 ὧν
980 1120 1234 1189 ἔπεμψαν
1257 1120 1309 1182 b,
1353 1117 1796 1188 ὑπομιμνήσκει·

199 1203 302 1256 καὶ
324 1203 448 1256 οὐδὲ
478 1202 797 1278 οῦτωμετά
816 1203 1179 1274 σφοδρότητος
1205 1204 1471 1274 κέχρηται
1500 1203 1568 1273 τῇ
1599 1216 1804 1271 παραι-

199 1287 374 1350 νέσει,
409 1288 500 1340 καὶ
529 1286 704 1340 ταῦτα
733 1284 1004 1359 τοσαύτην
1019 1287 1201 1342 λαϐὼν
1230 1286 1506 1358 ἀφορμὴν,
1538 1284 1678 1339 ἀλλά
1708 1283 1804 1339 καὶ

199 1373 344 1439 ἀγαν
379 1371 707 1440 ὑφειμένως,
743 1373 847 1425 κάν
874 1372 1051 1442 τούτῳ
1081 1372 1417 1443 μιμούμενος
1433 1370 1526 1424 τὸν
1547 1368 1802 1441 Χριστόν.

201 1457 317 1509 Καὶ
363 1456 474 1526 γὰρ
529 1457 558 1507 6
593 1455 784 1526 Σωτὴρ
820 1455 960 1526 μετὰ
989 1455 1051 1509 τὺ
1079 1455 1368 1526 πληρῶσαι
1415 1456 1508 1508 τὸν
1547 1453 1679 1522 περὶ
1703 1453 1805 1523 τῆς

200 1538 506 1608 παρθενίας
535 1538 692 1606 λόγον
718 1539 1089 1611 προσέθηκεν·
1138 1540 1192 1590 '0
1229 1537 1567 1606 δυνάμενος
1591 1533 1804 1605 χωρεῖν

199 1624 484 1690 χωρωτω.
514 1622 588 1678 ,Ti
619 1618 712 1675 οῦν
747 1639 915 1692 φησι;
960 1623 1096 1693 Περὶ
1129 1617 1316 1676 δὲ’ὧν
1355 1621 1658 1692 ἐγράψατό
1675 1636 1799 1689 μοι,

197 1705 402 1760 καλὸν
432 1705 720 1772 ἀνθρώπῳ
740 1709 1031 1774 γυναικὸς
1050 1707 1138 1776 μὴ
1167 1707 1478 1761 ἅπτεσθαι.
1768 1701 1771 1703 ’

273 1790 373 1842 ιδ’.
404 1789 542 1842 Ἀλλ’
564 1791 692 1854 ἴσως
706 1789 848 1844 εἴποι
865 1808 949 1854 τις
965 1791 1050 1845 ἀν·
1072 1791 1181 1844 Καὶ
1198 1793 1245 1843 εἰ
1263 1788 1427 1843 καλὸν
1448 1787 1707 1856 γυναικὸς
1721 1786 1799 1857 μὴ

198 1873 498 1939 ἅπτεσθαι,
527 1873 671 1937 τίνος
694 1874 884 1928 ἐνεκεν
911 1875 1088 1945 γάμος
1111 1873 1406 1944 ἐπεισῆλθε
1435 1873 1514 1944 τῷ
1537 1872 1666 1942 βίῳς
1689 1870 1800 1924 Ποῦ

195 1955 257 2008 δὲ
303 1956 491 2009 λοιπὸν
529 1957 849 2027 χρησόμεθα
879 1961 944 2028 τῇ
995 1957 1253 2026 γυναικὶ,
1303 1957 1439 2027 μήτε
1489 1958 1569 2019 εἰς
1595 1953 1800 2024 γάμον,

202 2039 345 2108 μήτε
372 2041 452 2099 εἰς
479 2038 825 2105 παιδοποιίαν
855 2043 988 2111 ἡμῖν
1021 2039 1466 2112 χρησιμευούσῃ;
1501 2039 1564 2091 Τί
1587 2039 1644 2092 δέ
1694 2054 1804 2089 κω-

197 2121 359 2174 λύσει
389 2121 447 2174 τὸ
476 2123 585 2175 τῶν
606 2122 914 2193 ἀνθρώπων
950 2125 1096 2177 ἅπαν
1129 2122 1686 2192 ἀφανισθῆναιγένος,
1706 2119 1801 2176 τοῦ

201 2205 306 2275 μὲν
332 2204 567 2258 θανάτου
603 2207 725 2260 καθ’
747 2207 989 2277 ἐκάατην
1013 2206 1146 2259 αὐτὸ
1180 2208 1280 2277 τὴν
1304 2206 1410 2277 ἡμέ
1422 2222 1519 2277 ραν
1549 2208 1804 2277 ἐπινεμο-

199 2289 371 2359 μένου
404 2290 497 2343 καὶ
523 2291 836 2354 κόπτοντος,
867 2291 963 2344 τοῦ
994 2291 1049 2344 δὲ
1069 2290 1232 2359 λόγου
1262 2290 1454 2342 τούτου
1478 2285 1581 2342 ὀὐκ
1603 2289 1804 2355 ἐῶντος

195 2374 326 2426 ἀντὶ
351 2373 462 2426 τῶν
494 2375 804 2444 πιπτόντων
838 2375 1061 2443 ἐτέρους
1109 2372 1471 2438 ἀνίστασθαι;
1508 2373 1572 2425 Εἰ
1599 2373 1719 2444 γάρ*
1743 2372 1806 2442 τὸ

196 2457 371 2509 καλὸν
399 2456 558 2508 τοῦτο
582 2455 930 2528 ζηλῶσαιμεν
968 2458 1226 2520 ἅπαντες.
1267 2459 1363 2511 καὶ
1412 2457 1486 2530 μὴ
1524 2457 1820 2529 ἀψαίμεθα,

196 2540 508 2606 γυναικῶν,
537 2539 716 2594 πάντα
741 2542 1045 2610 οἰχήσεται,
1082 2542 1178 2594 κού⁴
1213 2541 1430 2606 πόλεις,
1477 2542 1571 2594 καὶ
1611 2541 1804 2606 οίκίαι,

197 2625 296 2677 καὶ
320 2624 506 2692 ἀγρά,
531 2625 626 2676 καὶ
654 2625 863 2694 τέχναι,
896 2625 991 2678 καὶ
1019 2623 1156 2700 ζῶαθ
1201 2625 1296 2678 καὶ¹
1327 2625 1490 2693 φυτά.
1535 2624 1806 2696 Καθάπερ

196 2709 313 2778 γὰρ
344 2707 442 2760 τοῦ
467 2707 778 2778 στρατηγοῦ
813 2709 1073 2773 πεσόντος
1103 2710 1255 2762 πᾶσα
1275 2709 1492 2780 ἀνάγκη
1520 2708 1614 2762 τοῦ
1643 2725 1808 2780 στρα-

193 2791 479 2860 τεύματος
508 2791 910 2862 διασπασθῆναι
945 2792 1044 2864 τὴν
1072 2793 1347 2860 εὐταξίαν,
1372 2792 1516 2850 οὕτω
1546 2793 1641 2846 τοῦ
1668 2793 1806 2848 πάν-

196 2891 313 2927 των
346 2874 462 2962 τῶν
481 2874 574 2924 ἐπὶ
605 2874 710 2962 γῆς
745 2871 1122 2962 βασιλεύοντος
1140 2876 1441 2962 ἀνθρώπου
1474 2876 1564 2962 διά
1600 2875 1697 2962 τοῦ
1731 2875 1806 2947 μὴ

195 2960 406 3028 γαμεῖν
439 2959 832 3027 ἀφανισθέντος
852 2999 867 3023 ,
909 2961 1064 3013 οὐδὲν
1093 2960 1203 3015 τῶν
1227 2959 1431 3014 λοιπῶν
1465 2961 1558 3014 ἐπὶ
1582 2961 1680 3032 τῆς
1711 2963 1807 3014 αὐ-

199 3043 303 3113 τῆς
333 3042 639 3111 ἀσφαλείας
671 3044 767 3096 καὶ
817 3042 1072 3108 εὐταξίας
1101 3044 1368 3114 διαμενεῖ,
1397 3047 1492 3098 καὶ
1520 3044 1603 3097 ,τὸ
1642 3045 1806 3098 καλὸν

195 3128 365 3180 τοῦτο
399 3127 774 3198 παράγγελμα
813 3129 1024 3199 μυρίων
1046 3128 1317 3200 ἐμπλήσει
1359 3127 1456 3200 τὴν
1477 3128 1806 3200 οἰκουμένην

196 3211 420 3266 κακῶν.
472 3211 614 3280 Ἐγὼ
641 3212 720 3275 δὲ,
754 3213 802 3266 εί
836 3212 936 3283 μὲν
964 3212 1074 3266 τῶν
1103 3213 1316 3284 ἐχθρῶν
1346 3216 1440 3266 καὶ
1462 3214 1711 3267 ἀπίστων
1737 3209 1806 3285 ἦν

196 3295 366 3350 ταυτὶ
393 3295 554 3365 μόνον
580 3295 650 3348 τὰ
680 3298 922 3368 ῥήματα,
962 3296 1171 3368 βραχὺν
1205 3297 1272 3351 ἂν
1318 3297 1499 3351 αὐτῶν
1539 3299 1806 3368 ἐποιησάη

207 3397 318 3453 μην
337 3379 527 3448 λόγον’
562 3379 750 3452 ἐπειδὴ
779 3378 838 3432 δέ
873 3379 963 3433 καὶ
987 3381 1097 3432 τῶν
1125 3381 1207 3444 είς
1232 3381 1331 3451 τὴν
1363 3382 1696 3454 Ἐκκλησίαν
1721 3382 1807 3436 δο-

197 3461 452 3516 κούντων
481 3462 752 3539 συντελεῖν
774 3463 960 3517 πολλοὶ
980 3463 1156 3518 ταῦτα
1175 3465 1540 3534 φθέγγονται,
1561 3466 1627 3520 δι’
1651 3466 1808 3520 ἀσθέ-

197 3564 357 3601 νειαν
389 3547 492 3617 μὲν
527 3548 906 3620 προαιρέσεως
926 3548 1366 3618 ἀπολειφθέντες
1400 3542 1506 3604 τῶν
1536 3551 1678 3622 ὑπὲρ
1707 3553 1807 3622 τῆς

199 3629 512 3702 παρθενίας
548 3630 789 3703 ἱδρώτων
810 3672 825 3690 .
855 3631 933 3703 τῷ
963 3631 1019 3685 δὲ
1059 3632 1121 3685 τὸ
1151 3634 1387 3704 πρᾶγμα
1424 3634 1673 3698 κακίζειν
1711 3636 1806 3689 καὶ

199 3713 464 3784 περιττὸν
489 3714 817 3784 ἀποφαίνειν
841 3713 1181 3785 βουλόμενοι
1204 3716 1522 3782 συσκιάζειν
1553 3718 1650 3789 τὴν
1675 3719 1804 3773 ἐαυ-

199 3798 315 3852 τῶν
341 3788 639 3869 ρᾳθυμίαν,
665 3799 752 3851 ἵνα
790 3799 863 3870 μὴ
883 3799 1082 3882 δοκῶσι
1105 3799 1170 3851 δι’
1196 3799 1508 3871 ὀλιγωρίαν,
1524 3788 1672 3882 ⁵ἆιλλὸι
1718 3802 1806 3857 διὰ

201 3884 391 3952 κρίσιν
419 3883 588 3954 όρθὴν
613 3883 890 3954 λογισμῶν
910 3879 1018 3937 τῶν
1042 3883 1272 3952 ἀγώνων
1296 3879 1662 3957 ὑστερηκέναι
1682 3887 1806 3942 τού-

179 3984 351 4030 -των,
389 3967 523 4038 φέρε
549 4007 565 4030 ,
603 3965 755 4039 [279]
787 3967 914 4030 τοὺς
961 3968 1192 4038 ἐχθροὺς
1243 3969 1473 4036 ἀφέντες
1501 3969 1518 4039 (
1542 3971 1806 4039 Ψυχικὸς

201 4050 316 4120 γάρ
339 4050 652 4119 ἄνθρωπος
685 4053 756 4104 οὐ
786 4049 1022 4120 δέχεται
1049 4051 1123 4104 τὰ
1149 4051 1258 4104 τοῦ
1282 4053 1630 4121 Πνεύματος
1649 4071 1662 4084 ·
1684 4073 1805 4122 μω-

193 4143 302 4210 ρία
332 4142 445 4210 γὰρ
485 4142 646 4207 αὐτῷ
689 4143 920 4214 ἐστιν),
951 4145 1078 4205 τοὺς
1110 4146 1611 4214 προσποιουμένους
1665 4145 1805 4200 εἶναι

206 4226 329 4295 μεθ’
361 4228 394 4295 ἡ
405 4226 542 4295 51.6w,
574 4225 876 4297 διδάξωμεν
897 4226 1206 4298 ἀμφότερα.
1232 4225 1308 4291 ὼς
1332 4227 1456 4281 οὔτε
1483 4229 1548 4280 τὸ
1573 4231 1807 4301 πρᾶγμα

204 4308 490 4379 περιττὸν,
523 4308 660 4361 ἀλλά
691 4310 786 4362 καὶ
810 4310 1026 4380 σφόδρα
1060 4310 1330 4383 χρήσιμον
1373 4314 1470 4364 καλ⁵
1508 4313 1807 4382 ἀναγκαῖόν

203 4394 381 4455 ἐστιν,
414 4392 544 4447 οὐτε
595 4394 780 4458 αὐτοῖς
834 4396 1072 4466 ἀζήμιος
1120 4397 1155 4465 ὴ
1201 4395 1427 4468 τοιαύτη
1475 4398 1803 4470 κατηγορία,

203 4477 346 4531 ἀλλά
375 4477 632 4530 τοσοῦτον
677 4478 861 4538 αὐτοῖς
900 4480 1036 4532 οίσει
1091 4478 1182 4531 τὸν
1229 4477 1495 4542 κίνδυνον,
1532 4481 1657 4533 ὅσον
1693 4484 1807 4545 τοῖς
1859 4524 1861 4527 .

204 4559 542 4629 κατορθοῦσι
573 4561 666 4612 τὸν
699 4561 890 4630 μισθὸν
922 4562 1015 4614 καὶ
1044 4560 1135 4614 τὸν
1174 4560 1417 4616 ἔπαινον.
1449 4563 1668 4633 Ἐπειδὴ
1697 4564 1805 4634 γὰρ

203 4646 233 4697 6
266 4644 497 4713 σύμπας
521 4639 674 4706 οὗτος
696 4645 900 4714 κόσμος
923 4645 1250 4715 ἀπήρτιστο,
1279 4647 1372 4698 καὶ
1405 4647 1578 4699 πάντα
1605 4648 1804 4718 ηὐτρέ-

205 4745 375 4781 πιστο
404 4727 475 4778 τά
507 4727 645 4797 πρὸς
683 4728 993 4782 ἀνάπαυσιν
1032 4729 1124 4780 καὶ
1154 4729 1351 4799 χρῆσιν
1376 4729 1476 4801 τὴν
1506 4729 1802 4802 ἡμετέραν,

204 4810 415 4863 ἔπλασε
448 4810 540 4866 τὸν
576 4809 866 4882 ἄνθρωπον
899 4812 928 4863 6
961 4809 1093 4874 Θεὸς
1121 4851 1134 4872 ,
1163 4811 1230 4864 δι’
1263 4811 1323 4864 ὃν
1350 4811 1447 4865 καὶ
1475 4813 1567 4866 τὸν
1599 4813 1806 4884 κόσμον

203 4895 459 4964 ἐποίησε.
493 4893 762 4956 Πλασθεὶς
791 4895 848 4946 δὲ
881 4895 1091 4957 ἐκεῖνος
1130 4894 1343 4964 ἔμεινεν
1378 4897 1436 4948 ἐν
1465 4896 1802 4966 παραδείσῳ,

205 4979 305 5032 καὶ
330 4978 513 5048 γάμου
530 4978 689 5046 λόγος
710 4977 887 5042 οὐδεὶς
901 4973 971 5049 ἦν
991 4995 1005 5010 ο
1034 4978 1254 5049 ἐδέησεν
1269 4979 1416 5050 αὐτῷ
1430 4981 1683 5048 γενέσθαι
1711 4982 1807 5036 καὶ

206 5061 427 5135 βοηθὸν,
470 5061 568 5114 καὶ
613 5062 863 5130 ἐγένετο·
895 5064 992 5116 καὶ
1015 5061 1137 5116 οὐδέ
1159 5061 1335 5128 οὕτως
1361 5066 1390 5117 6
1421 5063 1600 5135 γάμος
1629 5067 1804 5135 ἀναγ-
1862 5126 1867 5130 ,

205 5152 366 5212 καῖος
404 5143 549 5201 εἶναι
585 5147 781 5202 ἐδόκει.
832 5147 971 5201 Ἀλλ’
1006 5148 1127 5202 οὐδέ
1158 5149 1413 5218 ἐφαίνετό
1458 5167 1546 5204 πω
1591 5161 1648 5213 α,
1685 5151 1803 5204 ἀλλ’

191 5232 402 5304 ,ἔμενον
429 5233 629 5286 ἐκεῖνοι
673 5230 865 5286 τούτου
895 5232 1066 5306 χωρὶς
1097 5233 1349 5306 καθάπερ
1381 5235 1440 5287 ἐν
1477 5235 1694 5308 οὐρανῷ
1727 5236 1805 5309 τῷ

205 5317 526 5389 παραδείσῳ
557 5314 935 5387 διαιτώμενοι,
973 5317 1068 5370 καὶ
1124 5318 1499 5388 ἐντρυφῶντες
1548 5322 1615 5391 τῇ
1667 5320 1805 5391 πρὸς

204 5401 344 5455 Θεὸν
372 5399 564 5471 ὁμιλίᾳ
587 5417 602 5432 ο
642 5398 841 5469 μίξεως
879 5399 1231 5480 δέ-ἐπιθυμία
1266 5401 1358 5458 καὶ
1409 5401 1673 5470 σύλληψις
1708 5403 1806 5480 καὶ

203 5483 395 5546 ὠδῖνες
427 5483 522 5536 καὶ
541 5481 692 5536 τόκοι
731 5479 828 5536 καὶ
860 5484 968 5536 πᾶν
1004 5479 1145 5548 εἶδος
1189 5482 1396 5554 φθορᾶς
1420 5483 1684 5556 ἐξώριστο
1707 5479 1806 5557 τῆς

205 5568 436 5644 ἐκείνων
466 5566 646 5638 ψυχῆς
669 5584 680 5596 ·
711 5566 901 5639 ὥσπερ
924 5567 981 5621 δὲ
1009 5567 1223 5639 ῥεῖθρον
1246 5567 1440 5632 διειδὲς
1469 5571 1533 5622 ἐκ
1555 5569 1808 5641 καθαρᾶς

205 5651 406 5722 πηγῆς
429 5650 641 5722 προϊὸν,
684 5649 858 5714 οὕτως
907 5646 1050 5720 ἦσαν
1078 5651 1136 5704 ἐν
1182 5651 1379 5722 ἐκείνῳ
1410 5651 1490 5722 τῷ
1517 5653 1704 5724 χωρίῳ
1736 5656 1806 5725 τῇ

267 5764 298 5794 ⁸
313 5762 452 5828 βεδε.
477 5762 739 5828 ἐτόλμησα.
764 5761 891 5828 Infra
911 5768 1023 5828 ροσε.
1043 5762 1151 5828 hiet;
1175 5762 1267 5828 τὴν
1291 5765 1563 5828 συμϐουλήν
1582 5765 1708 5828 Reg.
1755 5769 1811 5814 ει

202 5823 437 5890 εινὶιηίἱι
458 5823 612 5890 marg}
625 5825 695 5890 εἰς
708 5823 1052 5890 μεδεηῐίθοτι
1075 5823 1223 5873 καλὸν
1241 5823 1475 5890 ἀνθρώπῳ
1498 5823 1718 5888 γυναικδς
1740 5828 1804 5889 μὴ

200 5888 457 5950 ἄηθες-θαι.
485 5885 583 5950 Διᾶξ
596 5885 642 5934 τί
660 5886 770 5950 γάρ.

263 5949 296 6015 ξ
322 5948 457 6015 B833.
471 5949 570 6015 τῷν
587 5945 966 6015 πρόσέηνάτων
987 5951 1053 6006 ὡς
1071 5945 1429 6015 αῇςοῦχάφζῶν
1454 5951 1683 6015 ἔπεμψαν.

267 6013 297 6045 ο
321 6009 478 6059 Savil.
504 6009 556 6058 in
583 6009 943 6072 ιεᾲιιυ-ειιὶεε.
963 6026 1076 6059 που.
1103 6009 1796 6064 Μοτεὶ..Ῥ1ιωιὶο.”ἑιΞεινίΙ.

189 6074 243 6127 in
272 6087 540 6140 mal-gmw.
569 6071 697 6150 Infra_
716 6069 840 6132 Reg.
886 6069 1100 6137 καθάπερ
1123 6073 1327 6136 οὐρανῷ.

1563 422 1650 478 DE
1695 422 2184 498 VIRGINITATE..

3399 420 3509 475 εει

1911 535 2178 607 παρθενίᾳ
2215 535 2603 607 κοσμούμενοι.
2653 535 2765 588 Καὶ
2797 535 2944 588 πᾶσα
2977 533 3099 589 τότε
3124 537 3159 607 ἠ
3191 535 3265 609 γῆ
3299 536 3513 608 ἕρημος

1902 613 1972 689 ἦν
2007 617 2340 690 ἀνθρώπωνο
2390 618 2552 671 τοῦτο
2592 617 2621 670 ὃ
2648 616 2746 671 νῦν
2785 617 3091 672 δεδοίκασιν
3135 613 3285 674 οὗτοι
3317 625 3368 673 ot
3405 623 3506 691 τῆς

1903 703 2232 773 οἰκουμένης
2262 702 2619 774 μεριμνηταὶ,
2642 702 2693 753 οἱ
2724 701 2794 756 τά
2816 702 2916 772 μὲν
2948 702 3156 773 ἐτέρων
3195 705 3510 770 σπουδαίως

1906 784 2304 857 μεριμνῶντες,
2331 785 2399 838 τά
2427 785 2485 838 δέ
2511 783 2723 837 ἑαυτῶν
2749 784 2870 838 οὐδὲ
2911 786 3116 839 ἐννοεῖν
3157 787 3513 857 ἀνεχόμενοι..

1904 870 2000 924 καί¹
2028 870 2168 942 ὑπὲρ
2211 869 2310 941 μέν
2342 867 2437 922 τοῦ
2483 867 2664 922 κοινοῦ
2700 867 2816 929 τῶν
2859 867 3168 940 ἀνθρώπων
3203 864 3511 934 δεδοικότες

1904 937 2096 1022 γένους
2137 937 2224 1025 τμη
2267 971 2400 1007 ποτε
2431 951 2688 1023 ἐπιλείπῃ
2711 969 2725 982 ·
2760 951 2861 1022 τῆς
2906 937 2979 1006 δὲ-
2996 953 3133 1017 ἰδίας
3169 953 3403 1018 ἕκαστος
3430 955 3515 1017 ὡς

1904 1036 2195 1108 ἀλλοτρίας
2223 1037 2397 1100 οὕτως
2425 1034 2755 1106 ἀμελοῦντες
2787 1035 2990 1106 ψυχῆς,
3033 1037 3141 1099 ’καὶ
3164 1037 3338 1090 ταῦτα
3371 1036 3504 1108 μέλ·

1903 1120 2088 1184 λοντες
2117 1121 2257 1191 ὐπέρ
2287 1120 2386 1191 μὲν
2411 1119 2619 1190 ταύτης
2645 1119 2741 1172 καὶ
2769 1119 2880 1174 τῶν
2930 1121 3274 1192 μικροτάτων
3317 1121 3511 1174 ἕνεκεν

1904 1205 2153 1277 ἀκριϐεῖς
2182 1204 2531 1260 ἀπαιτεῖσθαι
2561 1205 2661 1266 τὰς
2693 1201 2926 1266 εὐθύνας
2948 1244 2962 1268 ,
2993 1204 3135 1274 ὐπέρ
3174 1204 3231 1256 δὲ
3265 1203 3369 1274 τῆς
3397 1205 3506 1258 τῶν

1904 1285 2210 1359 ἀνθρώπων
2252 1287 2570 1358 ὀλιγότητος
2607 1285 2729 1339 οὐδὲ
2779 1287 2874 1338 τὸν
2919 1278 3154 1356 τυχόντα
3183 1286 3342 1354 λόγον
3403 1288 3510 1356 ὑφ-

1906 1370 2073 1436 έξειν.
2107 1371 2222 1423 Οὐκ
2239 1366 2381 1440 ἦσαν
2397 1369 2520 1423 τότε
2549 1369 2756 1433 πόλεις,
2777 1368 2897 1421 οὐδὲ
2919 1369 3125 1438 τέχναι,
3149 1369 3271 1423 οὐδέ
3297 1370 3469 1424 οἰκίαι
3485 1385 3507 1406 α

1905 1455 2000 1508 καὶ
2033 1454 2145 1525 γάρ
2180 1455 2280 1508 καί
2317 1453 2527 1507 τούτων
2565 1454 2695 1523 ὑμῖν
2723 1453 2823 1524 οὐχ
2857 1453 2933 1516 ὡς
2969 1454 3128 1524 ἔτυχε
3167 1454 3354 1524 μέλειο
3387 1454 3506 1508 ἀλλ’

1903 1539 2004 1590 οὐκ
2033 1533 2100 1608 ῆν
2132 1538 2252 1592 τότε
2275 1537 2476 1599 ταῦτα,
2503 1537 2601 1590 καὶ
2637 1537 2789 1606 ὅμως
2823 1535 2921 1607 τὴν
2963 1534 3243 1608 μακαρίαν
3284 1538 3506 1607 ἐκείνην

1905 1619 2052 1692 ζωὴν
2083 1621 2179 1674 καὶ
2219 1619 2402 1690 πολλῷ
2433 1619 2640 1690 ταύτης
2665 1618 2876 1688 ἀμείνω
2908 1618 3064 1672 οὐδὲν
3095 1617 3220 1672 οὐτε
3254 1621 3506 1674 ἐνεπόδι-

1904 1703 2017 1769 ζεν,
2048 1701 2173 1757 οὔτε
2202 1705 2512 1758 ἐνέκοπτεν.
2531 1702 2830 1773 Ἐπειδὴ,δέ
2857 1703 3215 1773 παρήκουσαν
3234 1702 3327 1756 τοῦ
3344 1703 3510 1771 Θεοῦ,

1903 1779 1999 1855 καὶ
2022 1787 2239 1856 ἐγένετο
2278 1787 2351 1858 γῆ
2379 1787 2475 1840 καὶ
2501 1786 2716 1850 σποδὸς,
2759 1784 3052 1838 ἀπώλεσαν
3101 1785 3242 1856 μετὰ
3268 1786 3369 1856 τῆς
3401 1805 3508 1857 μα-

1904 1871 2100 1942 καρίας
2138 1871 2354 1939 ἐκείνης
2386 1869 2668 1940 διαγωγῆς
2715 1869 2811 1922 καὶ⁸
2843 1869 2907 1923 τὸ
2939 1872 3042 1940 τῆς
3068 1870 3369 1939 παρθενίας
3400 1888 3504 1924 κα-

1901 1955 1992 2008 λὸν
2015 1954 2063 2019 ⁸,
2099 1955 2196 2008 καὶ
2230 1954 2368 2025 μετά
2400 1953 2493 2008 τοῦ
2520 1952 2656 2007 Θεοῦ
2690 1954 2785 2007 καὶ
2817 1955 2958 2025 αὐτὴ
2993 1953 3377 2008 καταλιποῦσα
3402 1955 3499 2009 αὐ-

1903 2039 2030 2102 τοὺς
2066 2037 2437 2108 ἀνεχώρησεν.
2472 2038 2619 2101 ’Ἱιῖως
2661 2037 2760 2108 μὲν
2799 2036 2908 2108 γὰρ
2940 2033 3083 2108 ἦσαν
3119 2036 3388 2091 ἀνάλωτοι
3425 2036 3510 2107 τῷ

1893 2121 2160 2190 διαϐόλῳ,
2184 2122 2279 2174 καὶ
2312 2121 2403 2174 τὸν
2429 2120 2709 2190 Δεσπότην
2737 2119 2966 2191 ᾐδοῦντο
3008 2121 3100 2175 τὸν
3129 2120 3310 2173 αὐτῶν
3329 2137 3509 2192 ,παρ-

1907 2205 2068 2275 έμενε
2095 2208 2189 2258 καὶ
2220 2205 2253 2274 ἡ
2281 2203 2558 2275 παρθενία
2573 2203 2856 2273 κοσμοῦσα
2883 2204 3081 2266 αὐτοὺς
3103 2203 3351 2274 μᾶλλονῆ
3375 2205 3508 2268 τούς

1905 2286 2145 2356 βασιλεῖς
2170 2286 2230 2340 τὸ
2256 2286 2514 2359 διάδημα
2540 2288 2637 2339 καὶ
2661 2286 2730 2339 τά
2759 2286 2952 2356 ἱμάτια
2977 2287 3046 2338 τά
3070 2288 3250 2358 χρυσᾶ
3275 2303 3288 2316 ο
3314 2287 3504 2358 ἐπειδὴ

1903 2371 1958 2424 δὲ
1973 2371 2310 2442 αἰχμάλωτοι
2339 2371 2624 2441 γενόμενοι
2650 2370 2748 2440 τὴν
2768 2370 3057 2441 βασιλικὴν
3080 2371 3285 2442 ταύτην
3311 2370 3508 2424 ἀπεδύ-

1906 2470 2070 2508 σαντο
2095 2450 2309 2525 στολὴν,
2339 2455 2538 2507 καὶτὸν
2570 2454 2822 2525 οὐράνιον
2843 2452 3111 2506 ἀπέθεντο
3144 2453 3371 2524 κόσμον,
3389 2453 3507 2507 ἐδέ-

1904 2536 2072 2603 ξαντο
2086 2537 2143 2590 δὲ
2166 2538 2267 2608 τὴν
2299 2535 2407 2590 ἀπὸ
2429 2534 2533 2589 τοῦ
2556 2528 2790 2591 θανάτου
2813 2535 3046 2608 φθοράν,
3084 2538 3176 2590 καὶ
3206 2537 3304 2607 τὴν
3337 2536 3508 2608 ἀρὰν,

1904 2621 1999 2674 καὶ
2027 2622 2125 2693 τὴν
2163 2620 2377 2692 666mm-
2413 2620 2620 2673 καὶτὸν
2655 2621 2913 2674 ἐπίπονον
2949 2621 3087 2692 βίον,
3118 2619 3241 2674 τότε
3264 2622 3292 2673 6
3325 2621 3507 2692 γάμος

1905 2706 2287 2777 ἐπεισέρχεται
2329 2705 2468 2768 μετά
2496 2705 2724 2770 τούτων,
2760 2704 2822 2758 τὸ
2855 2705 3048 2772 θνητὸν
3072 2704 3234 2758 τοῦτο
3255 2706 3349 2758 καὶ
3379 2705 3504 2758 δου-

1904 2791 2056 2845 λικὸν
2088 2791 2326 2862 ἱμάτιον.
2380 2790 2433 2841 Ὀ
2465 2789 2576 2860 γάρ
2602 2788 2905 2859 γαμήσας,
2934 2789 3089 2860 φησὶ,
3124 2787 3386 2860 μεριμνᾷ
3431 2790 3506 2844 τὰ

1904 2874 2010 2928 τοῦ
2042 2876 2296 2944 κόσμου.
2343 2873 2513 2946 Ὁρᾷς.
2541 2863 2863 2942 πόθενέσχε
2893 2872 2992 2944 τὴν
3027 2874 3202 2944 ἀρχὴν
3235 2873 3264 2925 6
3303 2873 3508 2944 γάμος,

1905 2953 2070 3010 πόθεν
2097 2959 2400 3026 ἀναγκαῖος
2428 2955 2607 3021 ἔδοξεν
2647 2955 2823 3021 εἷναι;
2883 2956 3020 3010 Ἀπὸ
3058 2958 3158 3028 τῆς
3193 2955 3503 3028 παρακοῆς,

1905 3042 2014 3094 ἀπὸ
2043 3042 2141 3113 τῆς
2175 3042 2335 3114 ἀρᾶς,
2371 3041 2481 3094 ἀπὸ
2510 3040 2605 3094 τοῦ
2631 3041 2882 3096 θανάτου.
2918 3042 3094 3094 Ὅπου
3125 3041 3234 3112 γὰρ
3252 3041 3506 3103 θάνατος,

1905 3128 2023 3180 ἐκεῖ
2045 3128 2258 3197 γάμος·
2298 3125 2490 3179 τούτου
2528 3126 2585 3178 δέ
2614 3127 2714 3179 οὐκ
2759 3119 2914 3193 ὖντος
2943 3125 3065 3178 οὐδέ
3099 3119 3254 3189 οὗτος
3287 3125 3501 3178 ἕπεται.

1918 3210 2057 3262 Ἀλλ’
2088 3211 2186 3280 οὐχ
2219 3211 2254 3280 ἡ
2299 3207 2567 3280 παρθενία
2620 3207 2828 3278 ταύτην
2860 3207 2975 3279 ἔχει
3018 3206 3120 3278 τὴν
3155 3207 3503 3271 ἀκολουθίαν,

1904 3293 2019 3346 ἀλλ’
2052 3293 2140 3346 ἀεὶ
2174 3295 2466 3364 χρήσιμον,
2486 3291 2770 3345 ἀεὶνκαλὸν
2809 3291 2902 3344 καὶ
2939 3291 3230 3362 μακάριον,
3267 3290 3363 3344 καὶ
3398 3285 3512 3362 πρὸ

1904 3376 1998 3431 τοῦ
2030 3375 2262 3430 θανάτου
2295 3377 2388 3430 καὶ
2422 3376 2561 3446 μετά
2595 3377 2688 3430 τὸν
2716 3374 2966 3441 θάνατον,
3011 3374 3108 3430 καὶ
3139 3374 3245 3447 πρὸ
3271 3373 3364 3429 τοῦ
3401 3368 3508 3444 γά-

1910 3477 2010 3532 μου
2041 3459 2136 3514 καὶ
2168 3461 2304 3528 μετὰ
2340 3459 2432 3512 τὸν
2461 3460 2662 3529 γάμον.
2694 3460 2854 3522 Ποῖος
2879 3458 3010 3529 γὰρ,
3039 3459 3163 3512 εἰπέ
3195 3475 3303 3530 μοι,
3328 3459 3509 3528 γάμος

1905 3543 2142 3597 ἁπέτεκε
2175 3543 2268 3598 τὸν
2297 3542 2492 3614 Ἀδὰμ,
2522 3544 2674 3596 ποῖαι
2714 3542 2812 3612 τὴν
2845 3541 2991 3596 Εὕαν
3037 3541 3257 3606 ὡδῖνεςς
3296 3541 3412 3596 Οὐκ
3439 3541 3506 3594 ἂν

1906 3628 2050 3700 ἔχοις
2077 3629 2275 3682 είπεῖν.
2321 3629 2387 3680 Τί
2437 3621 2532 3681 οῦν
2567 3627 2816 3690 δέδοικας
2853 3627 2977 3696 εἰκῆ
3014 3627 3110 3679 καὶ
3139 3627 3387 3704 τρέμεις,
3428 3625 3512 3696 μὴ

1905 3711 2258 3781 παυσαμένου
2293 3709 2389 3763 τοῦ
2428 3709 2607 3781 γάμου
2659 3707 2812 3782 [280]
2847 3710 2941 3762 καὶ
2972 3709 3034 3762 τὸ
3065 3708 3174 3761 τῶν
3199 3707 3508 3778 ἀνθρώπων

1905 3793 2187 3866 παύσηται
2224 3795 2415 3862 γένος;
2455 3793 2664 3863 Μύριαι
2699 3792 2960 3863 μυριάδες
2978 3792 3227 3860 ἀγγέλων
3258 3791 3507 3863 λειτουρ-

1904 3877 2062 3945 γοῦσι
2090 3876 2167 3949 τῷ
2196 3877 2336 3946 Θεῷ,
2374 3877 2543 3947 χίλιαι
2576 3877 2813 3948 χιλιάδες
2835 3875 3194 3949 ἀρχαγγέλων
3224 3877 3505 3948 παρεστᾶ-

1907 3979 1992 4014 σιν
2035 3959 2206 4030 αὐτῷ,
2234 3963 2330 4014 καί⁸
2367 3961 2548 4024 οὐδεὶς
2599 3960 2804 4014 τούτων
2857 3950 3195 4028 γέγονεν’ἐκ
3229 3958 3508 4030 διαδοχῆς,

1904 4045 2122 4105 οὐδέλέκ
2177 4045 2354 4098 τόκων
2384 4047 2480 4098 καὶ
2535 4045 2740 4122 ᾡδίνων
2776 4045 2872 4098 καὶ
2921 4043 3256 4114 συλλήψεως.
3295 4045 3509 4098 Οὐκοῦν

1907 4127 2085 4198 πολλῷ
2118 4126 2319 4198 μᾶλλον
2339 4128 2662 4196 ἀνθρώπους
2691 4128 2950 4196 ἐποίησεν
2988 4126 3054 4180 ἂν
3098 4127 3280 4197 γάμου
3314 4129 3508 4198 χωρίς,

1905 4210 2096 4284 ὥσπερ
2135 4203 2229 4264 οὖν
2252 4211 2347 4263 καὶ
2374 4210 2599 4282 ἐποίησε
2636 4211 2762 4273 τοὺς
2807 4209 3078 4282 πρώτους,
3111 4210 3233 4266 ὅθεν
3267 4211 3511 4275 ἅπαντες

1905 4296 2002 4350 ἄνθ
2010 4312 2202 4366 ρωποι.

1979 4382 2076 4436 lE'.
2094 4379 2198 4434 Καὶ
2215 4379 2308 4433 νῦν
2321 4379 2377 4433 δὲ
2398 4369 2497 4450 οὐχ
2513 4382 2550 4451 ἡ
2562 4378 2656 4433 τοῦ
2673 4380 2857 4451 γάμου
2873 4379 3104 4453 δύναμις
3120 4381 3181 4435 τὸ
3197 4381 3353 4450 γένος
3370 4387 3506 4451 συγὲ

1905 4466 2092 4535 κροτεῖ
2122 4463 2180 4516 τὸ
2211 4465 2500 4535 ἡμέτερον,
2528 4463 2644 4516 ἀλλ’
2667 4465 2695 4516 6
2724 4463 2819 4516 τοῦ
2852 4464 3063 4536 Κυρίου
3106 4465 3266 4533 λόγος
3293 4467 3322 4530 6
3355 4467 3530 4538 παρὰ-

1903 4547 2002 4618 τὴν
2030 4546 2207 4618 ἀρχὴν
2245 4549 2435 4610 είπὼν,
2471 4545 2824 4609 Αὺξάνεσθε
2849 4547 2948 4600 καὶ
2977 4549 3507 4616 πληθύνεσθει-,καὶ

1906 4623 2270 4700 πληρώσατε
2290 4631 2406 4699 τὴν
2427 4631 2564 4701 γῆν.
2592 4631 2656 4682 Τί
2698 4634 2821 4702 γὰρ.
2852 4632 2972 4685 εἰπέ
2998 4633 3220 4702 μοι,τδν
3252 4633 3508 4705 Ἀϐραάμ

1905 4719 1985 4780 είς
2008 4716 2352 4769 παιδοποιίαν
2373 4715 2434 4768 τὸ
2457 4718 2690 4786 πρᾶγμα
2714 4713 2926 4788 ῶνησεν
2943 4733 2956 4781 ;
2976 4717 3078 4770 οὐκ
3101 4717 3194 4770 ἐπὶ
3227 4719 3511 4784 τοσούτοις

1906 4800 2055 4872 αὐτῷ
2084 4800 2430 4872 χρησάμενος
2459 4799 2626 4862 ἔτεσι,
2657 4799 2864 4870 ταύτην
2913 4801 3139 4874 ὕστερον
3181 4803 3361 4873 ἀφῆκε
3404 4804 3506 4875 τὴν

1907 4886 2118 4955 φωνήν·
2153 4885 2449 4944 Δέσποτα,
2479 4883 2536 4935 τί
2559 4899 2662 4952 μοι
2685 4881 2942 4959 δώσεις;
2982 4885 3200 4951 ἐγὼδὲ
3236 4886 3505 4941 ἀπολύο-

1898 4987 2009 5040 μαι
2035 4969 2308 5033 ἄτεκνος.
2341 4968 2555 5037 Ὥσπερ
2581 4962 2675 5020 οῦν
2705 4968 2830 5019 τότε
2852 4968 2960 5020 ἀπὸ
2991 4968 3203 5039 νεκρῶν
3232 4969 3532 5040 σωμάτωνι

1902 5051 2196 5124 τοσαύταις
2242 5051 2472 5124 μυριάσι
2527 5050 2760 5104 δέδωκεν
2815 5051 3076 5104 ὑπόθεσιν
3127 5053 3222 5106 καλ⁵
3280 5053 3437 5124 ῥίζαν
3475 5057 3508 5107 ὁ

1903 5137 2062 5201 Θεὸς,
2095 5122 2251 5189 οῦτω
2271 5122 2368 5189 καὶ
2397 5133 2548 5206 παρά
2574 5135 2674 5206 τὴν
2705 5134 2900 5206 ἀρχὴν,
2930 5136 2978 5186 εί
3003 5137 3115 5198 τοῖς
3145 5122 3509 5208 προστάγμα-

1905 5239 1991 5274 σιν
2024 5218 2192 5274 αὐτοῦ
2243 5219 2560 5282 πεισθέντες
2609 5219 2660 5272 οί
2693 5219 2825 5291 περὶ
2852 5218 2943 5272 τὸν
2985 5218 3159 5289 Ἀδὰμ
3186 5220 3288 5290 τῆς
3307 5217 3511 5290 ἡδονῆς

1903 5305 2220 5382 ἐκράτησαν
2245 5303 2338 5363 τοῦ
2369 5303 2553 5371 ξύλου,
2579 5303 2680 5356 οὐκ
2707 5302 2774 5356 ἂν
2804 5303 3084 5376 ἠπόρησεν
3114 5303 3322 5364 όδοῦδι⁴
3353 5297 3420 5371 ἧς
3442 5303 3510 5358 τὸ

1904 5389 2012 5444 τῶν
2039 5387 2344 5460 ἀνθρώπων
2370 5387 2527 5456 γένος
2562 5386 2811 5458 αὐξήσει.
2847 5384 2990 5439 Οὔτε
3021 5384 3133 5457 γὰρ
3157 5388 3185 5440 6
3213 5387 3390 5457 γάμος
3426 5388 3509 5458 μὴ

1907 5472 2232 5543 βουλομένου
2265 5471 2401 5524 Θεοῦ
2424 5471 2710 5541 δυνήσεται
2737 5468 2966 5539 ποιῆσαι
3001 5469 3230 5539 πολλοὺς
3257 5470 3386 5531 τοὺς
3411 5470 3504 5526 δν-

1905 5574 2005 5620 τας
2025 5552 2369 5627 ἀνθρώπους,
2397 5554 2519 5606 οὐδὲ
2546 5555 2579 5624 ἡ
2603 5551 2891 5623 παρθενία,
2928 5551 3251 5624 βουλομένου
3273 5552 3511 5620 πολλοὺς

1905 5631 2410 5710 εἶναι,λυμανεῖται
2441 5636 2503 5689 τὸ
2535 5635 2758 5705 πλῆθος.
2817 5635 2957 5688 Ἀλλ’
2991 5632 3166 5697 οὓτως
3206 5635 3499 5707 ἐϐουλήθη,

1907 5727 2064 5795 φησι,
2097 5723 2165 5777 δι’
2191 5723 2343 5793 ἡμᾶς
2368 5721 2463 5775 καὶ
2490 5719 2579 5774 διὰ
2609 5719 2710 5791 τὴν
2746 5719 3031 5777 ἀπείθειαν
3070 5721 3168 5791 τὴν
3198 5720 3507 5792 ἡμετέραν.

1906 5808 2006 5867 Διά
2030 5809 2084 5860 τί
2116 5805 2225 5878 γὰρ
2258 5804 2334 5876 μὴ
2369 5804 2477 5874 πρὸ
2513 5803 2613 5874 τῆς
2641 5803 2859 5874 ἀπάτη-ς
2890 5805 2919 5857 6
2954 5803 3132 5874 γάμος
3166 5804 3373 5875 ἐφάνης
3413 5803 3509 5859 διὰ

1913 5893 1966 5946 τί
1989 5891 2073 5964 ’μὴ
2108 5893 2165 5944 ἐν
2188 5889 2504 5966 παραδείσῳ
2529 5891 2565 5959 ἡ
2608 5886 2784 5959 μίξιςς
2809 5887 2899 5942 διὰ
2919 5889 2970 5941 τί
3002 5887 3078 5959 μὴ
3106 5889 3214 5959 πρὸ
3237 5889 3338 5960 τῆς
3363 5891 3506 5961 ἀρᾶς

1909 5973 2128 6042 ὠδῖνεςς
2181 5976 2302 6029 Ὀτι
2334 5973 2510 6029 ταῦτα
2543 5973 2665 6027 τότε
2717 5973 2818 6046 μὲν
2872 5972 3128 6044 περιττὰ,
3171 5971 3397 6048 ὕστερον
3443 5975 3500 6030 δὲ

1969 6075 1996 6115 d
2020 6075 2146 6139 Reg.
2177 6073 2370 6132 κάλλος.
