4174 6318
231 397 268 448 5
285 393 342 452 ἱῗὶ

228 509 596 566 imbecillitate
642 519 822 566 nostra
869 511 1002 566 facta
1033 511 1334 567 necessaria
1365 523 1489 566 sunt
1531 527 1650 567 cum
1681 512 1818 579 haec,

227 606 346 654 tum
366 611 559 655 cetera
586 604 785 667 omnia,
812 603 1026 670 oppida,
1049 602 1296 668 artificia,
1319 591 1544 658 vestium
1575 603 1822 668 amictus,

220 701 292 744 ac
337 691 543 760 reliqua
591 694 1012 746 necessariorum
1060 693 1248 758 tu‘rba;
1294 693 1410 747 haec
1455 695 1600 747 enim
1631 706 1824 749 cuncta

222 795 376 836 mors
401 796 582 837 secum
610 784 832 840 trahens
855 785 1075 839 invexit.
1098 785 1274 852 Quare
1300 801 1402 847 nec
1417 786 1558 856 quod
1586 787 1825 864 imbecil-

222 873 359 927 litati
388 883 490 928 tuze
519 877 875 931 condonatum
900 878 970 931 sit
992 867 1279 948 virginitati
1309 877 1502 947 pmfer
1528 896 1541 932 :
1571 879 1698 948 quin
1721 893 1821 933 nec

219 980 469 1034 exaequa.
509 966 641 1021 Nam
684 968 784 1022 hac
807 967 1021 1025 demum
1047 969 1256 1024 ratione
1282 969 1416 1040 duas
1440 970 1600 1025 etiam
1629 970 1822 1040 conju-

217 1072 320 1124 ges
342 1057 562 1123 habere,
597 1073 758 1128 quam
786 1076 896 1131 una;
917 1044 1240 1115 contentum
1271 1038 1718 1131 esse,"pr:estare
1737 1038 1824 1116 di-

218 1161 337 1214 ces,
365 1149 617 1219 quoniam
646 1149 700 1204 id
725 1149 886 1204 Hosis
925 1149 1048 1219 lege
1090 1151 1410 1220 permissum
1440 1159 1590 1218 erat;
1636 1152 1820 1229 sicque

224 1235 440 1292 divitias
456 1253 616 1308 quam
636 1240 989 1294 voluntariam
1011 1228 1401 1310 paupertatem,
1419 1241 1639 1298 delicias
1658 1257 1817 1313 quam

215 1327 606 1398 frugalitatem,
629 1330 874 1401 injuriam
897 1332 1084 1388 ulcisci
1114 1348 1276 1413 quam.
1299 1332 1510 1389 fortiter
1537 1333 1696 1401 ferre,
1723 1351 1820 1406 po-

218 1421 328 1474 tius
355 1421 544 1478 duces.
617 1449 621 1452 ’
1143 1425 1148 1429 ’
1261 1487 1269 1499 ι
1347 1417 1350 1419 Δ

295 1511 435 1566 XVI.
480 1512 863 1568 Hatrimanium
904 1515 1234 1587 indulgentia
1271 1533 1402 1573 esse.
1441 1548 1514 1559 —
1551 1518 1630 1573 Tu
1663 1534 1815 1586 vero,

219 1600 421 1672 inquit;
464 1602 586 1658 haec.
610 1603 898 1673 improbas.
927 1605 1188 1676 Equidem
1220 1621 1324 1662 non
1356 1607 1602 1680 improbo
1636 1627 1650 1663 :
1690 1625 1815 1665 nam

215 1707 284 1747 ea
312 1701 368 1747 et
399 1693 542 1749 Deus
560 1685 850 1776 concessit,
875 1705 930 1751 et
955 1706 1109 1776 erant
1133 1711 1231 1752 suo
1253 1705 1496 1772 tempore
1519 1699 1666 1753 utilia
1687 1716 1701 1754 :
1720 1701 1816 1756 sed

213 1781 357 1837 levia
387 1798 607 1852 censeo,
628 1794 684 1840 et
711 1769 997 1855 puerorum
1023 1769 1197 1862 magis
1216 1769 1375 1859 quam
1401 1791 1644 1846 virorum
1671 1801 1818 1848 recte

213 1870 378 1926 facta.
413 1873 645 1945 Ideoque
665 1876 911 1932 Christus
936 1878 1126 1934 volens
1150 1894 1250 1935 nos
1289 1881 1560 1950 perfectos
1586 1866 1817 1941 reddere

212 1970 384 2040 jussit
395 1973 502 2037 his,
520 1982 794 2049 tamquam
809 1977 1116 2048 puerilibus
1124 1978 1388 2043 vestibus,
1401 1979 1682 2044 detractis,
1694 1995 1816 2049 qua:

205 2070 278 2135 _et
307 2063 485 2118 virum
507 2047 753 2121 adultum
774 2047 1017 2133 amicire,
1039 2079 1095 2125 et
1109 2086 1422 2148 mensuram
1440 2070 1617 2125 aetatis
1636 2070 1812 2140 pleni-

215 2155 430 2211 tudinis
443 2156 647 2213 Christi
666 2159 880 2231 (Epltes.
898 2161 951 2216 4.
973 2162 1083 2233 15),
1103 2177 1301 2216 ornare
1321 2162 1546 2217 minime
1561 2171 1812 2234 possent,

207 2252 616 2318 splendidiores
659 2247 918 2310 quasdam
949 2261 1014 2301 ac
1053 2247 1403 2317 perfectiores
1431 2252 1673 2319 induere,
1701 2269 1811 2310 non

207 2341 306 2395 ille
326 2341 540 2411 quidem
570 2350 757 2396 secum
785 2351 1045 2407 pugnans,
1069 2338 1165 2393 sed
1189 2341 1423 2396 maxime
1446 2338 1810 2399 consentiens;

205 2431 345 2487 Nam
374 2415 478 2504 etsi
504 2433 619 2490 iure
643 2430 751 2494 illis
771 2430 973 2500 majora
1001 2439 1128 2486 sunt
1149 2434 1599 2510 praeceptamidem
1631 2445 1812 2492 tamen

204 2525 494 2582 consilium
509 2537 590 2583 est
601 2529 789 2599 legisia
797 2524 1234 2593 toris.Quodnam
1251 2525 1303 2580 id
1314 2527 1423 2582 est?
1441 2511 1628 2588 Recisa
1644 2528 1811 2587 animi

205 2622 381 2676 nostri
400 2623 686 2678 vitiositate
707 2635 833 2678 eum
847 2617 916 2673 ad
943 2617 1234 2689 perfectam
1252 2619 1503 2677 virtutem
1518 2620 1806 2678 deducere.

206 2711 400 2782 Itaque
427 2715 471 2768 si
498 2715 546 2770 ei
574 2727 792 2785 cperam
811 2697 1075 2776 dedisset,
1104 2726 1210 2766 non
1233 2719 1293 2766 ut
1317 2713 1584 2781 prioribus
1607 2715 1808 2785 majora

203 2803 532 2875 imponeret,
564 2807 659 2863 sed
697 2809 748 2862 in
776 2807 968 2862 iisdem
997 2811 1260 2873 perpetuo
1285 2804 1509 2870 sineret,
1541 2804 1716 2877 neque
1740 2806 1810 2861 ab

203 2897 498 2951 eavilitate
519 2912 768 2967 umquam
795 2898 1124 2961 sublevaret,
1158 2895 1352 2950 fuisset
1375 2895 1426 2950 id
1460 2896 1808 2953 vehementer

203 2972 395 3042 secum
434 2989 834 3060 pugnantiseUt
854 2991 999 3045 enim
1029 2988 1074 3042 si
1101 2987 1275 3054 initio,
1306 3004 1427 3076 cum
1449 2991 1707 3060 puerilius
1728 2991 1808 3045 af-

202 3081 410 3135 fectum
429 3089 570 3147 esset
591 3097 760 3152 genus
785 3081 1102 3142 humanum,
1132 3088 1440 3134 accuratum
1469 3080 1570 3136 hoc
1595 3081 1808 3137 institu-

203 3183 322 3229 tum
353 3174 621 3230 sanxisset
657 3173 946 3244 numquam
973 3188 1074 3228 nec
1114 3172 1453 3226 moderatum
1501 3173 1804 3249 accepisse-

201 3281 348 3330 mus,
365 3258 478 3320 °sed
504 3266 946 3321 immoderatione
970 3279 1033 3320 ea
1062 3264 1207 3320 salus
1234 3264 1388 3320 nobis
1417 3266 1593 3320 omnis
1615 3266 1805 3335 periis-

203 3365 295 3413 set
325 3375 342 3410 :
387 3358 458 3412 ita
485 3358 530 3412 si
555 3366 678 3428 post
700 3358 914 3428 longum
943 3357 1049 3414 hoc
1081 3357 1335 3428 spatium,
1365 3371 1430 3412 ac
1452 3357 1553 3412 sub
1578 3359 1696 3428 lege
1724 3359 1806 3414 di-

199 3450 757 3518 sciplinam,tempore
778 3464 876 3504 nos
888 3447 954 3503 ad
969 3448 1238 3509 ca'lestem
1258 3447 1397 3503 hanc
1413 3448 1801 3520 philosophiam

199 3549 456 3604 vocante,
501 3538 708 3594 hmrere
733 3539 785 3593 in
818 3547 959 3593 terra
974 3535 1224 3610 ‘sivisset,
1256 3538 1392 3594 nihil
1444 3554 1694 3609 magnum
1734 3556 1802 3596 ex

201 3629 535 3699 indulgentia
577 3644 639 3684 ea
667 3629 1113 3700 percepissemus,
1140 3645 1263 3685 cum
1297 3629 1557 3700 perfectio
1584 3640 1803 3701 propter

200 3737 365 3793 quam
397 3720 533 3777 facta
564 3722 891 3793 indulgentia
916 3732 1001 3778 est
1020 3722 1174 3778 nobis
1205 3738 1314 3778 non
1335 3718 1634 3794 obtigisset.

277 3812 442 3867 XVII.
492 3811 563 3866 De
583 3813 680 3868 Dei
704 3814 1042 3886 indulgentia.
1060 3838 1138 3855 ν-
1164 3813 1319 3870 Nunc
1345 3815 1522 3871 simile
1547 3813 1797 3886 quiddam

201 3902 362 3957 nobis
387 3899 452 3958 ac
477 3904 634 3972 pullis
657 3905 900 3975 contigit.
930 3904 1066 3960 Nam
1094 3905 1190 3961 ubi
1217 3920 1311 3961 eos
1329 3906 1579 3962 educavit
1603 3917 1795 3975 mater,

208 3993 418 4063 profert
461 3993 581 4047 illos
606 3993 821 4064 quidem
841 4009 882 4050 ~e
927 3995 1083 4061 nido;
1129 3996 1224 4052 sed
1255 3997 1299 4051 si
1331 3997 1630 4054 imbecilles
1656 3999 1798 4053 videt

203 4100 268 4138 ac
317 4085 580 4152 labentes,
609 4094 666 4141 et
690 4086 781 4156 qui
806 4079 982 4143 adhuc
1001 4098 1144 4157 opus
1182 4088 1412 4145 habeant
1443 4091 1585 4146 intus
1620 4093 1796 4147 conti-

200 4179 340 4240 neri,
371 4177 498 4234 sinit
519 4177 744 4248 insuper
774 4177 951 4249 plures
970 4179 1106 4242 dies,
1136 4195 1244 4235 non
1272 4192 1329 4234 ut
1354 4192 1612 4252 perpetuo
1650 4182 1796 4239 intus

202 4267 465 4333 haereant,
510 4267 606 4324 sed
636 4279 696 4322 ut
732 4269 831 4324 alis
871 4269 1038 4339 probe
1060 4270 1411 4338 conﬁrmatis,
1455 4283 1615 4341 atque
1647 4275 1793 4327 omni

199 4367 477 4413 contracto
522 4357 736 4428 robore,
781 4361 904 4416 exin
946 4361 1121 4416 securi
1159 4362 1393 4417 volatum
1455 4364 1654 4418 ineant.
1704 4364 1794 4420 Sic

201 4462 302 4502 nos
348 4447 602 4503 Dominus
636 4459 818 4504 noster
860 4451 972 4519 jam
1003 4451 1130 4506 olim
1181 4453 1247 4507 ad
1292 4453 1483 4509 caelum
1526 4455 1790 4524 trahebat,

200 4538 452 4607 viamque
475 4554 679 4609 qugeeo
703 4539 866 4596 ferret
896 4543 1265 4610 monstrabat;
1298 4560 1403 4599 non
1445 4546 1538 4601 ille
1575 4547 1790 4617 quidem

199 4625 477 4699 ignorans,
502 4631 629 4700 quin
655 4631 798 4686 belle
826 4633 987 4686 etiam
1008 4633 1278 4700 conscius,
1311 4635 1542 4706 impares
1571 4637 1639 4691 ad
1666 4653 1789 4692 eum

197 4720 436 4775 volatum
466 4719 691 4787 futuros,
714 4721 810 4777 sed
834 4724 1121 4801 ostendere
1146 4725 1300 4781 nobis
1325 4726 1533 4793 volens,
1565 4743 1670 4782 non
1693 4743 1789 4784 vo-

162 4807 410 4866 ‘luntate
450 4827 567 4879 sua,
609 4812 702 4868 sed
751 4813 1119 4871 imbecillitate
1165 4827 1349 4872 nostra
1394 4819 1602 4889 lapsum
1650 4820 1788 4875 ﬁeri.

197 4903 352 4971 Quod
382 4898 479 4958 ubi
500 4905 754 4970 ostendit,
780 4907 906 4961 sivit
925 4917 1092 4976 porro
1134 4909 1185 4962 in
1218 4895 1334 4980 hoc
1363 4912 1561 4967 mundo
1588 4921 1643 4974 et
1672 4929 1788 4979 ma;-

197 4995 454 5050 trimonio
475 5005 752 5066 tamquam
783 4998 909 5053 nido
949 4997 1180 5067 quodam
1225 4999 1428 5056 diutius
1470 5003 1564 5067 ali,
1615 5002 1789 5074 donec

198 5086 414 5141 tandem
440 5087 650 5144 virtutis
676 5091 827 5163 quasi
847 5091 1166 5161 quibusdam
1191 5094 1382 5162 pennis
1421 5095 1581 5165 longo
1612 5097 1772 5151 inter-

196 5176 338 5233 vallo
389 5179 597 5246 enatis,
627 5167 827 5238 sensim
879 5193 1040 5255 atque
1088 5185 1412 5254 pedetentim
1466 5188 1781 5258 ingressus,

194 5269 470 5326 domicilio
491 5271 614 5327 'boe
651 5273 873 5330 eductos
919 5276 1081 5332 altius
1122 5276 1304 5332 docuit
1348 5279 1582 5334 evolare.
1635 5281 1803 5351 Ergol

193 5363 282 5418 alii
325 5363 503 5420 adhuc
551 5366 841 5422 oscitantes
871 5407 887 5428 ,
936 5376 1190 5439 arctoque
1234 5385 1425 5424 somno
1468 5373 1781 5442 consopiti,

195 5455 324 5510 nido
349 5449 640 5511 etiamnum
665 5469 1040 5523 consuescunt,
1084 5459 1368 5515 mundanis
1394 5461 1540 5516 affixi
1568 5464 1731 5519 rebus
1763 5484 1778 5520 :

193 5547 282 5601 alii
337 5562 468 5607 vero
511 5550 774 5619 generosi,
829 5564 893 5605 ac
935 5549 1070 5607 lucis
1115 5562 1404 5617 amatores,
1438 5569 1504 5610 eo
1533 5554 1784 5613 facillime

189 5641 414 5693 deserto
457 5639 524 5693 ad
553 5641 797 5695 sublimia
826 5641 1026 5708 volant,
1057 5643 1411 5713 omnibusque
1449 5646 1500 5698 in
1528 5653 1667 5699 terra
1695 5662 1785 5701 re-

191 5729 357 5802 lictis,
404 5730 769 5795 matrimonio,
814 5721 1069 5795 nummis,
1101 5733 1266 5796 curis,
1310 5734 1623 5804 cunctisque
1652 5735 1782 5790 reli-

189 5821 313 5894 quis
338 5836 460 5890 qua
497 5821 562 5877 ad
600 5831 793 5878 terram
825 5837 923 5879 nos
949 5823 1232 5881 detrahere
1269 5825 1481 5895 solent,
1517 5826 1651 5883 caelo
1691 5828 1779 5884 iu-

1570 400 1660 456 DE
1701 398 2163 498 VlliGlNlTATE.

3427 429 3533 486 με

1943 517 2110 572 hiant.
2130 520 2306 588 Quare
2328 539 2395 580 ne
2416 536 2688 597 putemus,
2711 534 3041 609 matrimonii
3063 539 3193 596 olim
3225 542 3535 612 permissio-

1937 626 2061 665 nem
2104 617 2472 674 necessitatem
2499 620 2754 694 deinceps
2792 642 2934 694 esse,
2965 630 3034 686 ab
3059 647 3126 687 eo
3152 631 3396 706 refugere
3430 653 3525 692 ve-

1939 711 2171 804 tantem
2205 725 2327 764 nam
2372 713 2516 782 quod
2545 717 2676 772 velit
2709 728 2766 774 ut
2793 721 2845 775 id
2871 721 3221 795 dimittamus,
3254 730 3379 786 audi
3403 734 3530 804 quid

1935 795 2097 895 dicat,
2130 799 2412 895 Quipolest
2436 823 2636 895 capere,
2660 813 2832 883 cupiat
2861 815 3078 886 (Matth.
3114 821 3201 876 19.
3234 824 3349 895 η).
3377 795 3530 894 Quod

1933 886 1979 940 si
2009 887 2349 986 principio
2375 894 2550 951 minus
2570 899 2749 968 jussit,
2782 905 2915 961 nihil
2939 909 3132 978 mirum
3156 929 3170 965 :
3192 886 3365 986 neque
3385 886 3528 973 cnim

1933 980 2173 1036 medicus
2193 985 2368 1039 omnia
2394 987 2552 1044 simul
2573 995 2787 1069 aegrotis
2806 996 3106 1071 eodemque
3134 980 3376 1076 tempore
3395 1024 3534 1078 prte-

1932 1070 2136 1137 sizribit,
2170 1076 2264 1129 sed
2291 1092 2412 1132 cum
2441 1095 2473 1133 a
2495 1079 2644 1138 febri
2662 1093 2929 1165 tenentur,
2961 1105 2993 1144 a
3020 1070 3260 1150 iirmiori
3288 1070 3411 1153 cibo
3433 1115 3532 1156 eos

1930 1173 2113 1228 arcet;
2139 1180 2260 1235 cum
2277 1183 2406 1233 vero
2425 1181 2614 1227 aestum
2635 1175 2784 1231 illum
2801 1188 2959 1250 atque
2980 1182 3051 1237 ab
3073 1199 3141 1240 eo
3164 1190 3376 1258 corpori
3395 1205 3530 1246 con.

1931 1259 2156 1348 tractam
2179 1256 2540 1318 inﬁrmitatem
2565 1265 2907 1337 depulerunt,
2930 1280 3044 1328 tum
3067 1256 3287 1348 ingratis
3311 1280 3530 1339 demum

1928 1344 2064 1405 cibis
2101 1345 2359 1419 liberatos
2385 1366 2603 1410 assueto
2648 1361 2808 1415 victui
2839 1348 3035 1419 reddit.
3064 1344 3528 1435 Quemadmodum

1926 1448 2060 1490 vero
2079 1438 2132 1492 in
2150 1443 2466 1523 corporibus
2489 1449 2757 1506 elementa
2777 1452 2918 1509 inter
2932 1471 2994 1512 se
3006 1456 3274 1516 discordia
3300 1478 3530 1522 excessu

1926 1523 2206 1603 defectuve
2233 1533 2481 1610 morbum
2517 1538 2812 1611 concitant,
2846 1544 2918 1602 ita
2947 1556 3004 1602 et
3043 1550 3210 1607 animi
3239 1555 3526 1612 sanitatem

1925 1617 2210 1678 aﬂ’ectuum
2242 1625 2718 1689 immoderationes
2734 1649 3120 1709 corrumpunt;
3141 1642 3197 1696 in
3228 1645 3538 1718 primisque.

1924 1733 2058 1788 opus
2070 1728 2154 1774 est
2166 1729 2271 1775 tem
2277 1722 2520 1792 pestivita
2527 1733 2599 1790 te,
2613 1735 2774 1797 atque
2784 1731 2917 1786 utad
2927 1733 3045 1804 subj
3050 1744 3197 1791 ectas
3210 1737 3526 1798 alfectiones

1922 1812 2383 1886 accommodatum
2400 1829 2724 1888 praeceptum
2741 1821 2831 1887 sit;
2845 1822 3041 1894 alioqui
3059 1826 3144 1880 lex
3160 1828 3277 1884 sine
3290 1829 3354 1887 iis
3366 1811 3527 1888 utrise

1921 1916 2025 1970 que
2039 1902 2106 1976 ad
2117 1905 2489 1974 corrigendam
2507 1908 2797 1965 excitatam
2819 1912 2870 1966 in
2887 1915 3069 1970 animo
3084 1917 3522 1987 depravationem

1919 1994 2142 2051 minime
2168 1997 2416 2062 sufficiet,
2445 2000 2585 2056 sicut
2604 2017 2704 2057 nec
2731 2004 3242 2066 medicamentorum
3267 2014 3357 2068 vis
3369 2014 3526 2073 ulcus

1883 2148 1900 2154 ,Α
1919 2099 2110 2142 sanare
2134 2102 2229 2174 per
2251 2104 2312 2144 se
2340 2084 2573 2160 poterit:
2604 2091 2725 2149 nam
2755 2097 2897 2166 quod
2925 2100 3161 2182 remedia
3188 2104 3519 2173 vulneribus,

1919 2176 1975 2231 id
1999 2178 2144 2234 vitiis
2169 2168 2315 2250 leges
2341 2192 2620 2271 praestant.
2653 2186 2732 2241 Tu
2762 2203 2892 2243 vero
2917 2179 3183 2247 medicum
3209 2209 3354 2266 saepe
3375 2168 3518 2253 idem

1917 2270 2114 2325 vulnus
2141 2286 2285 2328 nunc
2312 2270 2607 2342 secantem,
2650 2293 2793 2334 nunc
2817 2290 3101 2355 carentem,
3143 2300 3288 2342 nunc
3325 2287 3518 2354 borum

1916 2373 2166 2444 neutrum
2207 2361 2511 2434 facientem,
2557 2374 2855 2439 praesertim
2883 2375 2976 2446 qui
3015 2375 3328 2448 frequenter
3354 2396 3384 2436 a
3410 2384 3520 2439 line

1915 2455 2156 2524 aberret,
2176 2461 2283 2513 no‘n
2314 2471 2509 2542 urges:
2541 2462 2708 2518 Deum
2733 2479 2886 2533 vero,
2911 2468 3001 2538 qui
3029 2467 3193 2524 homo
3229 2472 3326 2538 sis,
3355 2489 3518 2529 num.

1915 2562 2074 2618 quam
2100 2548 2462 2615 aberrantem.
2491 2553 2589 2608 sed
2615 2557 2793 2610 omnia
2819 2567 2876 2611 ut
2896 2559 3016 2627 ejus
3042 2559 3259 2631 dignum
3297 2565 3516 2634 sapiens

1915 2637 1987 2692 tia
2009 2646 2093 2693 est
2115 2638 2508 2709 moderantem,
2529 2643 2802 2712 Obtundis,
2831 2645 2902 2701 ab
2921 2664 3095 2720 eoque
3121 2660 3514 2724 praecepturum

1913 2727 2176 2782 rationem
2201 2731 2397 2801 exigis,
2414 2747 2587 2805 neque
2606 2735 2828 2792 infinita
2848 2739 3126 2810 sapientia:
3150 2750 3420 2815 tamquam
3444 2748 3515 2804 de

1913 2819 1996 2874 via
2024 2820 2214 2875 cedis?
2252 2823 2334 2875 An
2365 2839 2472 2878 non
2503 2837 2832 2884 ea'extrema
2855 2833 3089 2887 amentia
3127 2835 3251 2891 est?
3275 2834 3512 2906 Crescite,

1911 2913 2006 2978 ait,
2048 2924 2096 2969 et
2136 2919 2550 2988 multiplicamini
2573 2921 2730 2995 (Gen.
2779 2926 2989 2999 1.·28).
3041 2928 3097 2984 id
3124 2933 3268 2988 enim
3299 2941 3516 3004 tempus

1913 3008 2237 3076 postulabat,
2267 3009 2481 3069 furente
2510 3025 2722 3084 natura,
2751 3032 2817 3085 ac
2844 3027 3018 3092 neque
3043 3022 3109 3078 ad
3138 3024 3376 3082 libidinis
3405 3029 3511 3084 im-

1912 3108 2091 3167 petum
2130 3104 2480 3170 consistente,
2513 3122 2690 3178 neque
2729 3111 2782 3165 in
2827 3101 2889 3166 ea
2937 3123 3254 3199 tempestate
3296 3128 3511 3186 porth

1909 3191 2206 3278 aliumque
2233 3195 2549 3268 confugeret
2576 3200 2822 3257 habente.
2853 3202 2958 3259 Sed
2988 3206 3118 3276 quid
3141 3191 3508 3278 imperadnm

1907 3273 2044 3331 fuit?
2073 3285 2132 3332 ut
2150 3279 2202 3334 in
2228 3283 2556 3338 continentia
2586 3300 2650 3339 ac
2674 3281 2978 3357 virginitate
2996 3273 3293 3362 degerent?
3313 3298 3383 3350 At
3407 3296 3511 3352 hoc

1907 3378 1964 3424 et
1990 3370 2197 3441 lapsum
2228 3375 2510 3444 majorem,
2540 3385 2595 3432 et
2620 3378 3078 3438 vehementiorem
3120 3384 3391 3443 ﬂammam
3421 3387 3508 3444 ef-

1908 3449 2142 3518 fecisset.
2167 3464 2299 3520 Nam
2329 3467 2374 3522 si
2403 3467 2523 3539 quis
2551 3485 2770 3539 pueros,
2817 3474 2906 3544 qui
2937 3475 3075 3532 lacte
3117 3478 3292 3533 solum
3323 3491 3506 3552 egent,

1905 3557 1976 3612 ab
2005 3571 2070 3612 eo
2099 3557 2220 3612 cibo
2249 3568 2486 3616 remotos
2513 3562 2643 3617 viris
2686 3579 2926 3636 congruo
2964 3556 3107 3623 vesci
3153 3578 3331 3642 cogat,
3371 3573 3505 3629 nihil

1906 3648 2181 3720 impediet,
2205 3667 2312 3721 quo
2337 3654 2517 3710 minus
2545 3671 2575 3710 e
2604 3657 2831 3728 vestigio
2856 3669 3098 3730 pereant.
3125 3641 3361 3718 Tantum
3387 3679 3503 3719 mar

1904 3741 2013 3797 lum
2043 3753 2126 3798 est
2164 3744 2630 3817 intempestivitas.
2675 3750 2982 3822 Eaproptcr
3022 3754 3303 3824 virginitas
3348 3756 3503 3812 initio

1902 3835 2024 3890 data
2061 3824 2167 3892 non
2194 3850 2312 3903 est;
2341 3828 2449 3895 i'mo
2471 3855 2602 3896 vero
2629 3842 2907 3913 virginitas
2939 3854 2996 3900 et
3025 3845 3202 3910 initio,
3227 3857 3284 3904 et
3310 3851 3504 3904 matri-

1903 3929 2084 3983 monio
2114 3930 2262 3998 prior
2292 3932 2519 3998 exstitit,
2551 3934 2645 3989 sed
2677 3947 2965 4007 eapropter
2994 3939 3188 3995 invasit
3217 3941 3500 4023 matrimo-

1902 4020 2048 4074 nium
2074 4021 2352 4090 visumque
2377 4026 2739 4079 necessarium
2765 4037 2870 4093 est,
2889 4043 3036 4098 cum,
3055 4031 3098 4084 si
3117 4020 3335 4101 quidem
3357 4033 3503 4089 Ada-

1901 4125 2021 4164 mus
2050 4111 2310 4167 obediens
2334 4118 2643 4182 mansisset,
2667 4131 2732 4171 eo
2757 4133 2893 4186 Opus
2914 4135 3021 4174 non
3053 4122 3261 4178 fuisset.
3291 4124 3496 4196 Atqui,

1900 4201 2092 4272 inquit,
2126 4213 2203 4258 tot
2221 4207 2385 4260 millia
2424 4207 2912 4282 prodiissent?Ego
2936 4229 3086 4280 vero,
3135 4217 3354 4286 quando
3381 4217 3498 4276 hzec

1900 4303 1955 4350 te
1980 4295 2206 4351 formido
2224 4297 2519 4353 admodum
2543 4301 2835 4357 sollicitans
2863 4312 3064 4368 manet,
3093 4306 3286 4362 iterum
3314 4309 3410 4365 abs
3438 4320 3496 4365 te

1897 4403 2103 4459 quaero,
2132 4390 2285 4444 unde
2302 4390 2456 4446 nobis
2496 4391 2750 4456 Adamus,
2781 4393 2925 4449 unde
2950 4395 3084 4462 Eva,
3115 4397 3226 4451 non
3255 4400 3495 4456 interve-

1897 4483 2078 4537 niente
2093 4481 2472 4537 matrimonio?
2486 4483 2622 4551 Quid
2645 4485 2836 4552 igitur?
2856 4484 3018 4549 itane,
3040 4488 3233 4563 inquit,
3251 4490 3499 4546 homines

1898 4588 2084 4630 omnes
2118 4582 2272 4629 erant
2295 4575 2590 4629 nascituri?
2619 4575 2732 4647 Hoc
2755 4591 2823 4630 an
2852 4576 2960 4632 alio
2979 4579 3160 4646 modo,
3191 4581 3331 4636 haud
3361 4598 3494 4639 sane

1897 4665 2070 4722 habeo
2088 4667 2298 4731 dicere;
2321 4665 2450 4721 illud
2473 4667 2616 4737 enim
2634 4681 2777 4722 nunc
2796 4669 2992 4739 agitur,
3017 4669 3129 4724 Deo
3144 4671 3209 4724 ad
3233 4671 3489 4742 frequen-

1898 4759 2089 4814 tandos
2119 4759 2173 4814 in
2203 4768 2345 4813 terra
2366 4758 2613 4827 homines
2638 4762 2983 4815 matrimonio
3001 4777 3135 4833 opus
3157 4753 3262 4818 non
3292 4763 3483 4822 fuisse.

1965 4871 2154 4927 XVI".
2184 4871 2306 4927 Non
2344 4873 2681 4945 uirginitatem
2710 4890 2868 4946 genus
2894 4885 3123 4930 nostrum
3149 4877 3451 4932 imminuere
3475 4921 3491 4943 ,

1893 4962 1984 5016 sed
2007 4946 2287 5034 peccatum.
2317 4993 2385 5004 —
2416 4964 2527 5019 Nec
2554 4979 2684 5020 vero
2704 4959 3018 5022 'mortalium
3041 4971 3242 5037 generi
3272 4970 3495 5040 virgini-

1894 5063 2056 5108 tatem
2105 5055 2375 5111 interitum
2437 5059 2928 5126 comparare,~sed
2973 5058 3171 5129 ﬂagitia
3217 5071 3273 5116 et
3319 5062 3493 5120 fcedos

1893 5145 2088 5212 coitus,
2118 5147 2352 5201 ostendit
2375 5146 2464 5209 illa
2489 5147 2602 5203 Noe
2618 5157 2932 5218 tempestate
2960 5147 3260 5218 hominum,
3279 5153 3494 5222 jumen-

1895 5246 2090 5305 torum,
2126 5238 2364 5312 breviter
2390 5241 2630 5295 omnium
2660 5241 2714 5295 in
2754 5242 2913 5296 terris
2943 5244 3295 5299 animantium
3325 5247 3492 5302 inter-

1892 5330 2067 5385 necio.
2113 5330 2246 5385 Nam
2275 5332 2320 5386 si
2361 5340 2474 5386 tum
2518 5330 2789 5388 obscaena:
2817 5332 2867 5388 ei
2911 5332 3120 5389 libidini
3165 5337 3492 5394 restitissent

1894 5418 1988 5474 Dei
2014 5417 2130 5487 filii,
2182 5419 2336 5491 (Gen.
2359 5409 2481 5491 6.9)
2504 5434 2569 5475 ac
2581 5419 2944 5490 virginitatem
2958 5423 3277 5491 coluissent,
3312 5443 3490 5498 neque

1892 5509 2168 5565 hominum
2194 5509 2332 5564 filias
2361 5509 2559 5580 iniquis
2601 5510 2771 5565 oculis
2796 5513 3150 5582 aspexissent,
3194 5511 3487 5590 numquam

1894 5598 2012 5654 hare
2038 5615 2133 5654 eos
2160 5598 2426 5670 pernicies
2454 5601 2829 5670 oppressisset.
2871 5603 3045 5675 Atque
3069 5605 3187 5662 haec
3217 5609 3383 5664 nolim
3411 5612 3485 5666 ita

1890 5690 2081 5760 accipi,
2106 5691 2262 5762 quasi
2300 5707 2489 5747 eorum
2513 5692 2721 5750 cladem
2758 5694 2812 5749 in
2841 5697 3243 5756 matrimonium
3271 5703 3483 5757 confer-

1887 5797 2043 5850 rem;
2073 5798 2181 5839 non
2222 5780 2368 5840 enim
2411 5784 2462 5840 id
2487 5784 2650 5842 nunc
2694 5786 2838 5857 dico,
2883 5789 2981 5861 sed
3023 5806 3194 5863 genus
3237 5805 3506 5863 nostram.
