4174 6318
699 391 803 447 Si?

702 513 968 581 perimere
995 522 1057 562 ac
1081 506 1284 566 delere.
1315 504 1365 558 id
1395 519 1522 557 vero
1554 517 1658 557 non
1688 511 1807 558 esse
1835 491 2172 565 virginitatis,
2192 487 2286 543 sed

701 601 924 672 peccati.
1387 663 1393 666 _

774 685 916 749 ΧἸΧ.
975 689 1303 747 Matrimonia
1359 687 1481 740 olim
1525 686 1652 736 duas
1700 680 1856 751 fuisse
1894 690 2102 736 causas,
2155 686 2289 722 nunc

703 799 856 836 unam
880 797 1003 836 esse.
1031 810 1100 821 —-
1121 778 1300 849 Itaque
1319 793 1440 832 cum
1468 776 1691 830 liberum
1709 768 2112 841 quaerendorum
2131 775 2290 816 causa

707 872 971 941 proditum
1002 866 1399 925 matrimonium
1429 876 1530 930 est,
1565 876 1674 918 tum
1707 861 1873 915 multo
1915 856 2083 925 magis
2105 852 2169 908 ad
2199 866 2292 906 na-

709 975 840 1018 tum
866 964 1111 1016 ardorem
1139 942 1592 1030 restinguendum.
1633 956 1810 1020 Atque
1835 950 1885 1004 id
1913 949 2104 1003 Paulus
2131 953 2292 999 testa-

708 1064 812 1117 tur,
845 1052 1028 1106 dicens
1057 1070 1071 1106 :
1102 1051 1209 1106 Sed
1237 1058 1439 1119 pro;.ter
1479 1044 1858 1126 fornicationem
1899 1054 2044 1092 suout
2086 1035 2294 1105 quisque

707 1159 912 1200 uxorem
936 1143 1147 1195 habeat:
1167 1156 1268 1194 non
1293 1147 1506 1209 propter
1529 1137 1813 1190 liberorum
1838 1127 2288 1200 procreationem;

714 1224 1036 1302 rursumque
1057 1215 1339 1287 convenire
1359 1231 1528 1299 jubet,
1552 1243 1654 1281 non
1679 1234 1737 1278 ut
1754 1223 2038 1293 multorum
2062 1218 2295 1280 ﬁliorum,

723 1296 975 1394 parentes
1014 1323 1180 1381 (iant:
1231 1321 1326 1376 sed
1353 1296 1485 1374 cur?
1535 1317 1616 1371 Ne
1645 1333 1729 1370 vos
1752 1323 1920 1374 tentet,
1953 1310 2138 1379 inquit,
2157 1317 2294 1362 sata-

714 1435 809 1471 nas
832 1437 850 1481 ,-
877 1422 952 1470 ac'
980 1429 1290 1485 progressus
1321 1429 1424 1467 non
1447 1412 1614 1476 dixit,
1657 1409 1710 1464 Si
1734 1413 1916 1479 optant
1945 1404 2171 1464 liberos,
2199 1397 2292 1459 sed

711 1510 878 1578 quid?
902 1504 1018 1576 'Qui
1043 1526 1096 1562 se
1123 1518 1225 1561 non
1262 1507 1538 1570 continent,
1571 1501 1947 1556 matrimonium
1970 1495 2291 1551 contrahant.

711 1604 792 1672 (Ι.
837 1604 954 1654 (.‘or.
999 1602 1050 1653 7.
1080 1600 1140 1654 ’2.
1181 1601 1233 1653 5.
1263 1599 1340 1669 9).
1395 1597 1658 1666 Principio
1703 1594 1868 1655 enim,
1912 1598 1968 1643 ut
2015 1587 2291 1659 dicebam,

711 1695 978 1764 duplicem
1009 1678 1144 1747 hanc
1173 1693 1506 1749 occasionem
1538 1687 1784 1748 habebat,
1815 1675 1912 1738 sed
1936 1679 2130 1735 deinde
2157 1687 2295 1732 terra

706 1802 774 1841 ac
801 1787 955 1851 mari,
1005 1795 1163 1856 atque
1209 1777 1338 1840 urbe
1388 1783 1531 1838 omni
1580 1781 1805 1848 repleto,
1847 1789 1984 1829 unus
2023 1773 2296 1826 dumtaxat

715 1888 1004 1946 prietextus
1033 1887 1115 1932 est
1140 1878 1396 1946 reliquus,
1431 1875 1677 1943 nequitia:
1703 1881 1757 1925 et
1784 1867 2014 1923 libidinis
2055 1862 2293 1918 abolitio.

713 1967 843 2022 Nam
875 1983 970 2023 eos
1006 1969 1093 2038 qui
1124 1970 1412 2022 etiamnum
1459 1980 1516 2019 se
1545 1966 1596 2017 in
1638 1963 1718 2015 his
1748 1960 1887 2014 vitiis
1917 1967 2067 2011 erant
2096 1956 2299 2008 voluta—-

715 2060 839 2122 turi,
869 2069 922 2112 et
953 2055 1245 2126 porcorum
1277 2059 1436 2111 vitam
1481 2070 1637 2124 agere
1675 2063 1832 2120 atque
1863 2052 1912 2105 in
1959 2049 2298 2119 lupanaribus

716 2153 890 2221 perire
919 2152 1176 2220 cupiunt,
1202 2165 1308 2203 non
1350 2149 1625 2202 minimum
1667 2145 1816 2215 juvat
1861 2140 2257 2196 matrimonium
2280 2177 2295 2201 ,

714 2245 854 2315 quod
885 2245 1200 2298 necessitate
1229 2258 1290 2297 ea
1320 2253 1478 2311 atque
1521 2239 1758 2294 fmditate
1787 2236 2041 2290 liberatos
2086 2243 2299 2285 sanctos

714 2345 996 2404 castosque
1050 2345 1279 2388 tueatur.
1329 2335 1399 2387 At
1445 2333 1585 2386 enim
1639 2330 1756 2398 quis
1805 2325 2098 2380 umbratilis
2145 2323 2301 2389 hujus

719 2417 908 2497 pugna:
941 2427 1144 2480 futurus
1182 2425 1370 2479 modus
1395 2425 1516 2478 est?
1544 2422 1612 2475 Et
1639 2435 1733 2473 vos
1761 2419 1902 2472 enim
1932 2415 2020 2484 qui
2047 2414 2162 2467 huic
2189 2412 2302 2466 dis-

718 2493 894 2572 seritis
923 2533 1025 2569 non
1055 2517 1228 2569 minus
1254 2530 1410 2584 quam
1441 2528 1539 2567 nos
1579 2509 1893 2580 virginitatis
1932 2504 2302 2562 excellentiam

723 2606 936 2668 tenetis,
968 2606 1272 2673 omniaque,
1305 2618 1480 2672 quma
1511 2594 1661 2656 vobis
1698 2601 1964 2662 dicuntur,
2003 2602 2305 2651 commenta

721 2714 784 2753 ac
812 2706 1099 2767 prietextus
1129 2705 1252 2750 sunt.
1277 2709 1330 2751 et
1361 2695 1594 2750 libidinis
1623 2699 1949 2764 tegumenta.
2299 2694 2304 2702 '

793 2790 912 2843 XX.
961 2788 1175 2842 Etiamsi
1205 2789 1400 2841 nullum
1423 2784 1704 2855 periculum
1731 2794 1856 2838 esset
1894 2784 1956 2835 iis
1991 2781 2076 2852 qui
2101 2779 2308 2850 virgini—

722 2890 872 2934 tatem
901 2879 1200 2948 despiciant,
1230 2868 1396 2930 tamen
1444 2894 1506 2929 ne
1551 2876 1626 2930 sic
1649 2875 1847 2944 quidem
1877 2883 2037 2926 tutum
2066 2884 2308 2925 esse-eam

723 2974 992 3042 despicere.
1029 3003 1098 3054 -τ
1128 2972 1322 3026 Verum
1371 2979 1428 3024 ut
1473 2969 1587 3024 haec
1635 2970 1848 3038 impune
1891 2967 2068 3021 dicere
2115 2965 2308 3030 liceat,

713 3058 902 3121 'tamcu
930 3063 1012 3119 vel
1044 3059 1141 3117 hac
1179 3062 1382 3116 ratione
1407 3076 1436 3114 a
1461 3060 1724 3115 calumnia
1772 3065 2122 3128 temperatum
2153 3069 2314 3124 opor-

726 3155 845 3208 tuit.
892 3154 1022 3208 Nam
1073 3156 1160 3223 qui
1206 3154 1272 3208 de
1327 3154 1489 3208 rebus
1547 3151 1816 3221 praeclaris
1863 3137 2017 3205 secus
2074 3149 2308 3211 sentiat,

726 3253 924 3318 prater
959 3245 1060 3299 alia
1090 3246 1281 3299 damna
1327 3260 1431 3298 non
1478 3244 1595 3299 leve
1623 3239 1781 3297 etia'm
1812 3243 1948 3310 apud
1996 3255 2180 3296 omnes
2207 3240 2310 3292 im-

728 3327 1008 3405 probitatis
1036 3350 1144 3390 suaz
1174 3335 1554 3398 testimonium,
1587 3348 1779 3401 nempe
1804 3332 1938 3386 adeo
1967 3331 2310 3400 depravatum

707 3435 781 3481 et
810 3424 1045 3494 iniquum
1086 3426 1342 3495 judicium
1383 3424 1605 3494 profert.
1653 3424 1831 3492 Itaque
1857 3423 1901 3489 si
1947 3423 2090 3475 nulla
2119 3421 2218 3474 alia
2246 3419 2314 3474 de

730 3532 912 3583 causa,
943 3527 996 3570 at
1018 3532 1082 3570 ne
1112 3525 1215 3570 tam
1241 3526 1430 3572 tetram
1457 3515 1761 3584 opinionem
1789 3514 1854 3568 de
1875 3528 1932 3568 se
1960 3513 2311 3577 concitarent,

729 3608 961 3678 linguam
1007 3609 1280 3663 continere
1325 3607 1566 3674 decebat,
1597 3607 1909 3674 cogitantes.
1955 3606 2046 3675 qui
2091 3604 2315 3668 summis

730 3698 1109 3753 certaminibus
1157 3699 1389 3752 illustres
1432 3698 1628 3761 laudet,
1658 3713 1781 3753 eum
1827 3697 1949 3752 licet
1994 3696 2178 3750 eadem
2207 3711 2312 3749 non

731 3792 976 3860 attingat,
1017 3789 1173 3846 facile
1216 3791 1282 3845 ab
1310 3791 1558 3845 omnibus
1582 3792 1791 3845 vehiam
1818 3790 2069 3859 consequi
2105 3808 2118 3843 :
2146 3799 2201 3843 at
2227 3789 2315 3858 qui

734 3897 834 3937 nec
873 3898 935 3936 ea
982 3891 1247 3947 exerceat,
1296 3891 1349 3936 et
1394 3881 1571 3935 multis
1610 3882 1821 3936 coronis
1849 3879 2004 3954 digna
2031 3881 2188 3934 etiam
2219 3880 2316 3933 da-

733 3985 902 4040 mnet,
951 3975 1139 4030 merito
1168 3990 1288 4029 eum
1321 3989 1508 4028 omnes
1537 3973 1743 4028 oderint
1770 3989 1866 4028 ceu
1907 3974 2111 4027 hostem
2158 3981 2318 4042 atque

735 4067 1006 4136 inimicum
1036 4067 1262 4131 virtutis,
1292 4075 1344 4120 et
1386 4067 1581 4120 insanis
1619 4067 1970 4121 miseriorem.
2005 4063 2066 4118 lli
2095 4065 2238 4119 enim
2265 4071 2320 4118 et

737 4171 855 4229 qnte
885 4159 1219 4212 committunt
1249 4158 1512 4218 nesciunt,
1561 4173 1660 4212 nec
1700 4172 1818 4227 quae
1867 4156 2140 4225 patiuntur.
2181 4155 2321 4208 ultro

738 4251 1040 4315 sustinent;
1076 4250 1300 4320 ideoque
1333 4251 1459 4304 ιωειο
1481 4250 1787 4320 magistratu
1815 4263 1920 4302 non
1949 4249 2108 4309 modo
2137 4261 2322 4315 pruinas

740 4325 965 4396 minime
1007 4343 1154 4407 dant,
1199 4341 1292 4396 sed
1341 4355 1436 4396 eos
1479 4341 1578 4410 ipsi
1625 4339 1783 4394 etiam
1827 4339 1936 4392 laesi
1980 4339 2319 4391 miserantur.

739 4424 892 4500 Quod
921 4433 967 4488 si
991 4434 1110 4503 quis
1137 4443 1311 4487 autem
1344 4431 1574 4501 prudens
1597 4445 1658 4485 ea
1679 4430 1938 4498 designet.
1965 4445 2086 4498 quze
2117 4427 2191 4482 illi
2223 4428 2323 4481 im-

741 4524 1033 4593 prudentes
1063 4524 1277 4586 faciunt,
1301 4522 1423 4592 jure
1450 4523 1686 4576 omnium
1729 4520 2008 4576 sententiis
2038 4527 2094 4574 ut
2123 4528 2325 4572 naturae

741 4627 937 4672 nostrae
978 4616 1262 4686 perduellis
1289 4615 1588 4670 damnetur.
2087 4686 2089 4689 Ι

814 4708 954 4762 XXI.
988 4707 1179 4778 Ingens
1202 4707 1479 4777 periculum
1503 4721 1609 4759 esse
1633 4704 1694 4760 iis
1717 4704 1802 4774 qui
1817 4704 2147 4775 uirginitatem
2163 4689 2327 4771 despié

743 4803 897 4854 ciant.
927 4828 995 4840 —-—
1018 4800 1190 4864 Quare
1219 4808 1273 4853 ut
1299 4783 1540 4858 dicebam
1558 4838 1573 4862 ,
1601 4798 1700 4850 etsi
1730 4797 1996 4851 accusatio
2025 4811 2088 4853 ea
2115 4787 2328 4864 impune

746 4901 909 4956 esset,
943 4887 1118 4945 tamen
1144 4889 1214 4944 ob
1241 4881 1301 4944 ea
1328 4905 1446 4960 quae
1462 4890 1572 4968 jam
1600 4889 1707 4943 dixi
1735 4889 2002 4945 abstinere
2029 4888 2326 4958 oportebat.

745 4983 896 5044 Nunc
927 4984 1061 5039 inest
1091 4983 1142 5036 in
1162 4995 1239 5038 .eo
1285 4982 1472 5052 ingens
1502 4982 1792 5051 periculum
1822 5000 1834 5035 :
1866 4996 2040 5051 neque
2069 4982 2211 5035 enim
2238 4981 2328 5050 qui

747 5077 1370 5154 sedens_cont.ra,‘.suum
1419 5075 1633 5133 fratrem
1682 5075 1932 5143 loquitur,
1983 5083 2036 5128 et
2077 5073 2332 5127 adversus

741 5169 910 5232 tilium
950 5149 1290 5224 matris-suae
1333 5166 1640 5222 scandalum
1683 5166 1832 5238 ponit
1881 5166 2048 5238 (Psal.
2079 5167 2168 5222 49.
2197 5164 2329 5236 ΞΟ),

746 5257 918 5311 ειιιιιηι
947 5256 1213 5333 punietur,
1242 5256 1334 5324 sed
1370 5258 1531 5315 etiam
1572 5258 1660 5327 qui
1691 5273 1806 5326 quae
1841 5258 1948 5312 Deo
1975 5258 2225 5325 prazclara
2257 5258 2333 5310 vi-

747 5349 972 5409 deantur
1000 5350 1217 5419 culpare
1243 5351 1470 5404 insistat.
1501 5349 1618 5409 Jam
1659 5351 1839 5420 accipe
1866 5349 1992 5420 quid
2021 5348 2162 5402 aliud
2207 5363 2332 5415 pro-

748 5438 908 5512 pheta
954 5441 1006 5494 in
1051 5441 1294 5498 eamdem
1348 5442 1661 5496 sententiam
1707 5440 1978 5494 disserat:
2021 5437 2109 5493 Va:
2137 5439 2213 5493 illi
2249 5439 2336 5510 qui

748 5534 937 5588 malum
975 5533 1180 5600 bonum,
1212 5544 1261 5588 et
1299 5535 1483 5593 bonum
1525 5535 1717 5590 malum
1762 5535 1917 5596 dicit;
1946 5535 2032 5605 qui
2078 5537 2238 5588 lucem
2277 5527 2333 5588 in

748 5608 993 5692 tenebras,
1022 5622 1069 5682 et
1097 5628 1324 5682 tenebras
1344 5627 1396 5680 in
1421 5629 1582 5680 lucem
1611 5627 1848 5680 convertit
1872 5641 1890 5689 ;
1916 5627 2002 5694 qui
2027 5642 2254 5683 amarum
2282 5627 2335 5679 in

745 5707 914 5780 dulce,
937 5729 984 5772 et
1012 5719 1062 5773 in
1083 5735 1312 5772 amarum
1333 5718 1478 5774 dulce
1497 5727 1655 5774 mutat
1677 5718 1826 5788 (luti.
1846 5718 1901 5775 5.
1917 5717 2032 5786 20).
2056 5717 2186 5772 Nam
2207 5718 2333 5787 quid

751 5809 1048 5880 virginitate
1089 5809 1313 5876 dulcius,
1360 5809 1484 5879 quid
1515 5810 1703 5865 melius
1718 5855 1735 5882 ..
1765 5793 1888 5880 quid
1917 5810 2334 5880 illustrius,.qu:e

1375 360 1432 442 ὲ.
1473 381 1750 440 JOANNIS
1787 371 2263 434 CllRYSOSTOMI
2306 369 2622 426 ARCHIEP.
2664 367 3197 429 CONSTANTINOP.

3879 383 3979 442 558

2395 485 2627 555 fulgores
2658 488 2786 557 ipsis
2816 491 2974 570 etiam
3004 493 3130 547 solis
3175 478 3335 549 radiis
3375 496 3748 554 luculentiores
3777 503 3980 559 enituit

2396 593 2597 648 nosque
2626 582 2692 635 ab
2721 582 2966 636 omnibus
3015 586 3194 638 smculi
3232 586 3387 655 hujus
3431 590 3657 658 negotiis
3701 589 3982 660 abjnnctos

2396 671 2447 723 in
2497 670 2716 739 justitire
2761 673 2928 741 solem
2979 675 3127 743 puris
3171 679 3339 732 oculis
3394 681 3607 737 assidue
3659 691 3980 738 contuentes

2397 763 2652 830 pnestet?
2681 764 2852 834 Atque
2900 765 3012 820 haec
3054 767 3266 837 quidem
3315 767 3474 824 Isaias
3517 772 3586 826 de
3623 767 3688 827 iis
3725 773 3815 843 qui
3846 775 3984 828 inter

2396 867 2488 906 eos
2513 853 2711 921 judicia
2758 855 3016 911 haberent
3040 869 3287 930 corrupta
3315 861 3672 929 vociferatur;
3704 866 3826 920 audi
3856 882 3985 922 vero

2396 945 2522 1015 quid
2565 947 2702 1001 alius
2740 947 2899 1018 etiam
2929 949 3184 1019 pr0pbeta
3222 951 3289 1007 de
3326 953 3392 1008 iis
3433 954 3522 1024 qui
3569 970 3660 1009 eas
3706 957 3986 1025 pestiferas

2395 1049 2554 1091 voces
2586 1036 2636 1089 in
2682 1038 2870 1108 vulgus
2916 1049 3165 1110 spargant
3192 1042 3353 1109 dicat,
3400 1044 3467 1099 ab
3511 1045 3699 1115 eodem
3729 1045 3986 1102 adverbio

2398 1125 2578 1179 itidem
2617 1142 2839 1182 exorsus
2871 1147 2884 1181 :
2925 1127 3014 1184 Va:
3049 1131 3115 1196 ei,
3142 1133 3228 1197 qui
3273 1134 3504 1210 proximo
3540 1152 3632 1189 suo
3679 1145 3854 1206 potum
3895 1138 3986 1193 dat

2395 1215 2764 1269 subversionem
2807 1217 3056 1273 turbidam
3101 1216 3276 1280 (Habt
3312 1221 3365 1278 2.
3391 1206 3512 1298 '13).
3547 1226 3642 1282 Est
3683 1237 3862 1281 autem
3907 1206 3999 1281 me

2396 1305 2617 1359 verbum
2666 1323 2769 1362 non
2799 1310 3042 1378 simplex,
3073 1313 3166 1368 sed
3211 1330 3317 1383 quo
3361 1316 3602 1384 ingentes
3644 1319 3988 1374 continentur

2399 1396 2576 1460 milite,
2609 1406 2664 1479 ut
2694 1398 3071 1456 immisericors
3099 1405 3413 1473 supplicium
3439 1391 3818 1478 promulgetur.
3851 1409 3987 1465 Nam

2398 1488 2449 1541 in
2480 1489 2645 1543 sacris
2677 1490 2842 1545 literis
2870 1491 3176 1548 adverbium
3209 1496 3308 1551 hoc
3351 1497 3400 1550 in
3428 1512 3522 1553 eos
3549 1511 3851 1570 usurpatur,
3893 1503 3989 1573 qui

2399 1578 2739 1636 imminentes
2791 1597 2978 1650 poenas
3029 1585 3253 1653 amplius
3310 1586 3541 1658 cﬂ‘ugere
3587 1604 3693 1644 non
3739 1601 3986 1660 possunt.

2400 1669 2628 1750 Rursum
2650 1672 2784 1726 alius
2807 1675 3058 1743 propheta
3087 1675 3299 1733 Judteos
3324 1689 3534 1744 notans,
3565 1680 3767 1749 Vinum,
3795 1684 3988 1755 inquit,

2398 1765 2726 1834 sanetiﬁcatis
2773 1767 3130 1836 propinavistis
3177 1771 3356 1838 (Amos
3383 1772 3438 1826 2.
3471 1772 3579 1844 12).
3610 1774 3761 1842 Quod
3803 1776 3850 1830 si
3897 1778 3991 1845 qui

2401 1855 2664 1910 Nazarteis
2715 1858 2894 1912 vinum
2946 1862 3225 1930 propinet,
3282 1863 3417 1919 adeo
3467 1867 3848 1922 mulctabitur:
3882 1885 3993 1939 quo

2402 1962 2507 2000 non
2548 1948 2805 2023 supplici/0
2847 1949 3037 2020 dignus
3063 1953 3181 2015 erit,
3209 1955 3375 2021 quiin
3417 1955 3736 2026 simplicium
3781 1968 3994 2022 mentes

2401 2037 2801 2114 subversionem
2828 2043 3087 2097 turbidam
3111 2045 3384 2100 elfundat?
3403 2047 3458 2102 Si
3480 2049 3568 2118 qui
3591 2050 3831 2120 exiguam
3846 2051 3990 2121 ejus,

2399 2148 2516 2202 qua:
2565 2134 2856 2189 secundum
2915 2137 3085 2207 legem
3137 2148 3281 2207 erat,
3331 2142 3726 2197 exercitationis
3781 2155 3994 2214 partem

2402 2224 2658 2288 suceidat,
2715 2227 3070 2284 inexorabiles
3126 2245 3310 2299 poenas
3362 2233 3626 2298 sustinet;
3659 2236 3745 2303 qui
3791 2237 3995 2290 sancti--

2409 2315 2639 2369 mouiam
2675 2315 2812 2372 hanc
2840 2331 3051 2373 omnem
3091 2321 3374 2386 convellat,
3419 2324 3610 2392 quibus
3639 2324 3809 2379 modis
3851 2327 3997 2381 acci-

2423 2401 2640 2468 pietur?
2672 2404 2856 2469 (Amos
2891 2403 3080 2476 2.15.)
3117 2409 3180 2462 Si
3218 2412 3334 2477 quis
3380 2414 3848 2483 scandalizaverit,
3892 2419 3994 2482 ait,

2419 2506 2580 2544 unum
2603 2508 2668 2546 ea:
2694 2494 2774 2548 his
2805 2498 3041 2563 pusillis,
3069 2499 3276 2568 expedit
3303 2503 3350 2553 ei
3378 2512 3434 2554 ut
3459 2506 3818 2574 suspendatur
3847 2508 3998 2564 mola

2419 2584 2660 2636 asinaria
2689 2586 2832 2638 circa
2865 2587 3058 2639 collum
3106 2590 3242 2657 ejus,
3275 2599 3325 2642 et
3365 2590 3700 2662 demergatur
3742 2595 3799 2647 in
3843 2613 3997 2650 mare

2420 2672 2636 2742 (Matth.
2663 2675 2750 2730 18.
2785 2677 2860 2747 6).
2884 2675 3025 2743 Quid
3051 2680 3217 2748 igitur
3235 2680 3438 2744 dicent,
3463 2684 3554 2751 qui
3575 2683 3659 2738 his
3677 2686 3857 2741 verbis
3881 2701 3995 2742 non

2422 2783 2590 2820 unum
2623 2769 2859 2837 aliquem
2891 2770 3198 2834 minimum,
3222 2773 3315 2828 sed
3341 2774 3542 2829 multos
3571 2772 3998 2830 scandalizant?

2415 2859 2551 2914 Cum
2569 2860 2714 2913 enim
2742 2861 2787 2915 is
2811 2862 2901 2929 qui
2929 2861 3145 2916 fratrem
3164 2863 3370 2931 fatuum
3386 2875 3539 2919 vocet
3561 2864 3778 2934 (Matth.
3805 2865 3992 2938 5.22),

2421 2960 2574 3005 recta
2591 2952 2655 3005 ad
2684 2953 2942 3022 gehennae
2966 2955 3143 3024 ignem
3164 2955 3521 3012 abducendus
3538 2958 3610 3012 sit
3627 2976 3638 3012 :
3661 2958 3754 3026 qui
3775 2959 3992 3027 angelis

2417 3045 2629 3111 aequale
2655 3045 2758 3098 hoc
2787 3047 3097 3105 institutum
3135 3059 3375 3110 accuset,
3409 3059 3667 3118 quantam
3695 3065 3795 3104 suo
3816 3052 3990 3120 capiti

2420 3143 2558 3196 iram
2608 3141 2936 3196 contrahet?
2983 3140 3186 3195 Derisit
3223 3140 3517 3214 aliquando
3565 3139 3769 3195 Mosem
3821 3141 4022 3195 Maria-

2420 3234 2611 3303 (Num.
2645 3234 2732 3287 12.
2768 3233 2971 3300 l),non
3004 3215 3185 3287 ut'vos
3211 3247 3360 3286 nunc
3388 3231 3779 3302 virginitatem,
3803 3233 3899 3287 sed
3921 3231 4002 3287 le'-

2417 3326 2539 3380 vius
2560 3325 2731 3378 multo
2752 3339 2814 3379 ac
2832 3325 3187 3388 moderatius;
3209 3326 3409 3394 quippe
3427 3339 3549 3392 qua:
3567 3338 3667 3377 nec
3684 3323 4001 3378 detraheret

2415 3417 2647 3479 homini,
2680 3425 2726 3470 et
2757 3416 2902 3470 beati
2934 3417 3188 3469 virtutem
3210 3430 3316 3468 non
3340 3417 3514 3470 soium
3539 3430 3649 3468 non
3669 3414 3998 3484 exagitaret,

2416 3511 2510 3566 sed
2546 3510 2703 3563 valde
2741 3510 2903 3563 etiam
2936 3509 3269 3577 suspicer-et;
3314 3509 3446 3562 illud
3487 3517 3698 3562 tantum
3751 3507 3996 3567 dicebat,

2417 3602 2611 3656 iisdem
2639 3616 2718 3662 se,
2759 3600 2960 3670 quibus
2996 3602 3172 3662 illum,
3205 3599 3525 3673 prteditam;
3554 3583 3609 3653 et
3641 3609 3829 3652 tamen
3857 3598 4002 3651 adeo

2418 3696 2509 3749 Dei
2541 3696 2676 3748 iram
2713 3694 2766 3745 in
2793 3709 2851 3747 se
2881 3693 3105 3753 excivit,
3140 3701 3198 3745 ut
3229 3707 3407 3761 neque
3429 3705 3515 3754 eo,
3544 3691 3638 3760 qui
3665 3689 4001 3744 lazsusvide-

2417 3796 2586 3847 retur,
2635 3788 2864 3840 multum
2898 3784 3231 3852 deprecante
3267 3784 3562 3853 quicquam
3606 3783 3996 3852 proﬁceretur,

2413 3884 2467 3930 et
2492 3876 2700 3929 diutius
2732 3890 2894 3942 quam
2920 3875 3081 3925 vellet
3107 3873 3155 3924 ei
3179 3887 3337 3939 ptena
3366 3881 3775 3941 prorogaretur.

2490 3964 2659 4020 XXII.
2693 3964 2884 4018 Pueros
2905 3967 3020 4019 illos
3045 3966 3215 4019 Eliscei
3240 3975 3527 4036 tempestate
3551 3968 3740 4021 utiliter
3776 3970 4007 4035 periisse.

2420 4089 2490 4100 -—
2512 4059 2578 4113 Et
2597 4058 2722 4129 quid
2748 4059 2966 4112 Mariam
2998 4059 3116 4113 dico
3136 4099 3150 4123 ,
3175 4074 3294 4114 cum
3324 4061 3470 4128 pueri
3501 4061 3571 4115 illi
3598 4061 3663 4114 ad
3689 4060 4006 4116 Bethlebem

2421 4153 2684 4216 ludentes,
2727 4152 2815 4221 qui
2856 4151 2906 4206 id
2951 4152 3143 4207 Elisreo
3187 4161 3388 4206 tantum
3429 4152 3708 4218 dixissent,
3756 4154 4008 4216 Ascende.

2425 4239 2573 4295 calve
2593 4239 2668 4307 (4.
2698 4237 2821 4308 Reg.
2848 4238 2902 4299 ἓ,
2921 4238 3034 4305 25);
3061 4237 3225 4291 Deum
3257 4246 3539 4307 tantopere
3564 4239 3925 4300 irritaveriut,
3945 4247 4006 4291 ut

2430 4331 2615 4387 statim
2635 4345 2797 4385 ursos
2819 4332 2873 4384 in
2892 4325 3080 4384 eorum
3108 4329 3511 4382 multitudinem
3530 4335 3710 4403 (erant
3730 4328 3874 4386 enim
3892 4329 4007 4382 duo

2431 4429 2490 4477 et
2503 4421 2962 4492 quadraginta)im
2974 4421 3211 4475 mitteret
3226 4463 3236 4483 ,
3249 4422 3340 4490 qui
3361 4421 3427 4474 ab
3449 4421 3518 4474 iis
3533 4420 3596 4472 ad
3613 4435 3778 4474 unum
3805 4434 4006 4475 omnes

2429 4530 2553 4574 sunt
2591 4519 2866 4589 discerpti,
2897 4533 3070 4588 neque
3115 4525 3205 4572 aut
3242 4527 3392 4583 tetas,
3438 4524 3530 4570 aut
3571 4515 3876 4579 multitudo,
3924 4525 4018 4570 aut

2426 4612 2549 4681 joco
2572 4611 2788 4675 dixisse,
2821 4609 3055 4678 puerulis
3083 4608 3316 4678 profuit?
3343 4608 3532 4677 etjure
3558 4608 3770 4677 quidem
3796 4609 4016 4667 merito.

2433 4704 2487 4757 Si
2529 4703 2669 4756 enim
2713 4702 2804 4770 qui
2842 4711 3016 4755 tantos
3063 4701 3274 4755 labores
3313 4700 3607 4768 suscipiunt
3648 4709 3702 4754 et
3749 4700 3926 4769 pueris
3965 4712 4021 4755 et

2433 4797 2559 4850 viris
2590 4795 2814 4849 ludibrio
2843 4795 2967 4857 sint,
2986 4793 3167 4863 ecquis
3190 4794 3589 4848 imbeciliiorum
3613 4794 3822 4848 labores
3841 4796 4020 4849 susci-

2437 4900 2560 4954 pere
2584 4887 2637 4939 in
2663 4885 2896 4938 animum
2928 4884 3160 4948 inducet,
3188 4898 3319 4937 cum'
3337 4885 3449 4939 risu
3479 4894 3638 4953 atque
3677 4885 3856 4939 sannis
3891 4900 4026 4938 con-

2431 4976 2682 5047 junctos?
2703 4977 2820 5045 quis
2859 4991 2890 5030 e
2915 4976 3072 5051 vulgo
3093 4975 3343 5042 virtutem
3372 4976 3531 5039 colet,
3564 4990 3681 5031 eam
3723 4975 3858 5038 adeo
3885 4976 4022 5030 ri’di-

2435 5071 2609 5125 culam
2648 5067 2911 5123 cernens?
2940 5067 3070 5120 Nam
3102 5068 3154 5135 si.
3177 5080 3339 5132 nunc,
3371 5065 3619 5121 omnibus
3664 5066 3859 5135 ubique
3902 5082 4024 5120 eam

2437 5161 2840 5225 admirantibus,
2866 5176 2972 5213 non
3007 5159 3176 5213 solum
3223 5161 3337 5225 ejus
3381 5158 3691 5224 cultoribus,
3721 5157 3818 5213 sed
3857 5159 4023 5212 etiam

2439 5255 2505 5308 iis
2528 5254 2614 5324 qui
2638 5267 2697 5306 ea
2725 5252 3058 5317 exciderunt,
3085 5251 3328 5328 homines
3359 5251 3516 5321 vulgo
3555 5250 3619 5305 ad
3664 5264 3759 5305 eos
3796 5249 4026 5304 sudores

2439 5355 2636 5416 pavent
2661 5361 2722 5399 ac
2749 5343 3033 5400 formidant
3062 5361 3074 5396 :
3105 5343 3288 5413 ecquis
3311 5342 3462 5398 facile
3505 5357 3622 5407 eam
3648 5343 3823 5406 adeat,
3852 5343 3895 5394 si
3927 5357 4026 5397 ne-

2439 5440 2565 5494 dum
2607 5437 2942 5492 admirationi
2979 5436 3266 5500 habeatur,
3312 5451 3428 5490 eam
3459 5435 3655 5504 passim
3683 5435 3749 5488 ab
3777 5434 4027 5491 omnibus

2439 5533 2639 5600 culpari
2656 5530 2870 5584 videat?
2898 5528 3106 5582 Etenim
3133 5526 3415 5591 ﬁrmiores,
3443 5534 3498 5580 et
3521 5527 3607 5593 qui
3625 5526 3734 5594 jam
3762 5525 4026 5578 incanum

2440 5627 2872 5694 commigrarunt,
2897 5623 3038 5693 vulgi
3056 5623 3299 5677 solatium
3320 5637 3424 5675 non
3441 5620 3733 5689 requirunt,
3751 5618 3845 5672 sed
3865 5618 3942 5672 eis
3960 5618 4026 5672 ad

2441 5731 2702 5771 summam
2727 5715 3051 5772 alacritatem
3080 5715 3208 5768 satis
3233 5725 3316 5768 est
3338 5715 3456 5768 laus
3471 5727 3628 5782 quam
3647 5728 3675 5763 a
3700 5711 3808 5764 Deo
3833 5724 4027 5764 conse-

2440 5821 2703 5883 qnuntur;
2732 5807 3166 5863 imbecillioribus
3190 5817 3388 5872 autem,
3423 5816 3476 5859 et
3506 5804 3595 5875 qui
3623 5817 3791 5872 nuper
3812 5817 3876 5857 eo
3891 5816 4025 5860 sum
