4174 6318
267 420 370 480 ω

269 529 520 608 deducti,
567 557 680 598 non
727 539 861 606 levis
897 565 928 606 e
966 543 1107 625 vulgi
1166 531 1630 624 commendatione
1681 567 1872 622 virium

272 635 506 686 accessio
535 633 616 702 fit,
639 637 816 695 donec
843 644 1055 700 tandem
1082 648 1314 720 undique
1342 652 1583 710 instructi
1618 659 1872 726 paulatim

274 721 345 773 ita
371 737 428 777 se
451 738 788 798 comparent,
817 742 875 787 ut
900 751 960 788 ea
991 740 1141 806 quasi
1179 737 1593 801 manuductione
1641 763 1747 804 non
1789 750 1872 804 iu-

273 810 508 881 digeant.
549 817 662 872 Nec
702 837 828 876 vero
871 824 925 878 id
956 827 1165 882 illorum
1205 840 1408 886 tantum
1435 848 1626 902 causa,
1649 839 1744 893 sed
1775 856 1872 909 pro

272 904 550 961 irrisorum
604 913 767 966 etiam
812 917 983 972 salute
1027 920 1081 972 fit
1112 963 1126 985 ,
1171 939 1236 978 ne
1275 926 1367 994 qui
1424 928 1657 995 priorem
1701 932 1870 987 auda-

270 996 412 1054 ciam
435 1015 538 1054 non
567 1003 810 1073 luissent,
830 1009 884 1062 in
901 1021 968 1064 eo
985 1012 1118 1066 ultra
1149 1016 1373 1070 crimine
1397 1020 1867 1089 progrederemur.

269 1087 377 1144 Sed
405 1092 536 1147 mihi
559 1095 691 1162 jam,
721 1098 848 1153 dum
873 1101 986 1157 hinc
1013 1117 1274 1174 memoro,
1302 1087 1526 1167 veniunt
1549 1115 1602 1167 in
1628 1124 1863 1171 tuentem

259 1200 391 1252 quae
441 1183 571 1274 Elia:
621 1200 938 1260 tempestate
970 1199 1299 1255 acciderunt.
1341 1203 1472 1258 Nam
1521 1207 1664 1275 quod
1709 1212 1860 1278 pueri

262 1284 490 1344 propter
530 1270 782 1334 Elisreum
822 1284 890 1337 ab
935 1289 1107 1353 ursis,
1152 1290 1203 1344 id
1258 1303 1476 1362 propter
1518 1270 1633 1364 ejus
1690 1270 1863 1369 magi.-

265 1376 440 1420 strum
470 1368 550 1423 bis
580 1374 961 1443 quinquaginta
1005 1381 1100 1434 viri
1123 1397 1253 1454 (cum
1295 1386 1406 1439 suis
1435 1389 1766 1458 principibus
1795 1394 1864 1447 ab

264 1453 390 1522 igne
435 1459 642 1514 ‘cazlitus
685 1464 1010 1534 deflagrante
1057 1474 1196 1540 passi
1241 1453 1474 1548 sunt“.
1526 1453 1657 1550 Reg.
1689 1481 1742 1535 1.
1775 1474 1863 1552 9).

261 1542 401 1609 Quia
432 1550 574 1602 enim
602 1560 657 1605 et
698 1549 747 1605 bi
780 1569 875 1623 per
913 1570 1176 1615 summam
1221 1542 1627 1646 simulationeni
1659 1570 1862 1640 justum

260 1641 503 1706 aggressi
527 1644 786 1698 vocabant
801 1657 962 1717 atque
985 1650 1052 1704 ad
1079 1667 1137 1708 se
1157 1654 1485 1714 descendere
1506 1642 1786 1730 iubebant,
1807 1665 1862 1720 in

259 1729 383 1797 ejus
407 1733 576 1786 vicem
598 1735 930 1794 descendens
951 1741 1086 1812 ignis
1104 1760 1289 1802 omnes
1309 1729 1626 1822 absumpsit,
1639 1756 1863 1824 perinde

258 1829 426 1888 atque
454 1823 573 1878 illos
605 1825 751 1880 fer.e.
773 1829 951 1900 Imque
985 1834 1097 1888 haec
1118 1838 1414 1907 cogitantes
1429 1857 1616 1900 omnes
1636 1823 1731 1901 vos
1758 1838 1862 1902 vir-

257 1911 500 1979 ginitatis
521 1915 722 1982 hostes,
744 1922 953 1976 tandem
971 1924 1188 1993 januam
1209 1938 1369 1999 atque
1390 1943 1570 1989 vectes
1587 1936 1860 1992 oriadmo-

258 2011 406 2070 vete,
435 2021 503 2059 ne
527 2018 584 2062 et
608 2025 702 2064 vos
727 2012 910 2079 judicii
941 2026 1198 2088 tempore,
1219 2029 1522 2094 conspectis
1548 2029 1614 2084 iis
1636 2032 1726 2100 qui
1749 2031 1859 2088 illic

258 2094 571 2164 virginitate
618 2102 1010 2173 splendebunt,
1053 2110 1232 2167 dicere
1271 2115 1536 2186 incipiatis
1573 2137 1588 2173 :
1632 2094 1704 2174 lii
1742 2134 1858 2178 sunt

256 2198 388 2252 quos
425 2189 701 2255 aliquando
736 2195 790 2248 in
817 2197 1044 2268 (derisum
1087 2199 1373 2274 habuimus,
1401 2211 1518 2264 etin
1558 2213 1856 2268 similitudi-

255 2284 375 2328 nem
398 2277 710 2350 improperii,
729 2300 821 2338 nos
837 2287 1092 2355 insensati,
1111 2294 1199 2361 qui
1216 2311 1388 2350 eorum
1408 2299 1558 2353 vitam
1573 2306 1858 2372 putavimus

253 2365 536 2436 insaniam,
567 2383 614 2425 et
636 2376 823 2430 exitum
846 2395 1020 2434 eorum
1048 2385 1158 2437 sine
1196 2388 1405 2442 honore.
1451 2391 1718 2458 Quomodo
1760 2397 1858 2451 Dei

156 2450 164 2457 ’
254 2456 385 2525 ﬁliis
410 2461 754 2532 annumerati,
777 2477 821 2521 et
844 2472 974 2526 inter
1001 2486 1202 2531 sanctos
1226 2495 1336 2535 sors
1364 2482 1568 2559 illorum
1586 2498 1659 2541 est
1674 2487 1700 2541 7
1718 2487 1856 2560 Ergo

256 2565 407 2604 ποια
435 2556 537 2606 veri
579 2557 658 2610 cia
701 2550 1076 2629 deerravimus,
1114 2584 1272 2638 neque
1313 2588 1405 2625 nos
1431 2550 1649 2645 justitite
1686 2579 1855 2651 lumen

251 2639 527 2695 illustravit
558 2646 724 2718 (ευρ.
748 2650 802 2704 5.
833 2651 924 2724 ὅ).
950 2656 1020 2708 At
1060 2658 1178 2726 quis
1215 2662 1321 2714 erit
1344 2639 1530 2718 eorum
1564 2639 1851 2727 verborum

249 2728 489 2812 fructus,
522 2749 773 2793 enervata
805 2751 916 2797 tum
948 2745 1015 2799 ab
1042 2747 1157 2816 ipso
1186 2757 1429 2821 tempore
1454 2758 1803 2825 pmnitentia?

326 2819 516 2878 XXIII.
546 2825 652 2880 Cur
671 2833 756 2900 qui
776 2834 948 2887 eadem
974 2819 1315 2905 committunt,
1337 2860 1438 2899 non
1454 2819 1674 2903 easdem
1710 2851 1855 2907 luant

249 2928 450 2983 panos.
482 2917 555 2956 -—'
581 2919 687 2975 Sed
733 2924 956 2982 fortasse
1001 2929 1140 2985 dicet
1168 2943 1400 2989 vestrum
1440 2942 1702 3009 quiSpiam
1738 2962 1749 2996 :
1785 2946 1854 2999 At

247 3017 482 3062 nemone
499 3021 683 3078 postea
717 3013 856 3070 viros
884 3029 1097 3074 sanctos
1121 3025 1376 3080 conviciis
1400 3027 1650 3086 incessit?
1675 3033 1846 3103 nlulti,

247 3104 308 3150 et
330 3096 559 3154 diversis
578 3103 629 3156 in
653 3107 978 3176 regionibus,
1004 3113 1068 3166 Et
1091 3116 1202 3183 qui,
1222 3117 1410 3186 inquit,
1425 3123 1640 3178 easdem
1662 3096 1847 3195 poenas

248 3204 361 3244 non
386 3192 687 3251 dederunt?
717 3199 987 3258 Dederunt
1013 3221 1141 3261 sane
1161 3251 1175 3274 ,
1207 3219 1262 3262 et
1297 3226 1482 3268 eorum
1513 3218 1710 3273 multos
1745 3222 1849 3275 sci-

245 3296 391 3337 mus.
417 3281 567 3351 Quod
583 3288 733 3357 siqui
757 3286 1075 3362 effugerunt,
1095 3308 1148 3352 at
1170 3315 1274 3354 non
1294 3315 1554 3372 perpetuo
1569 3308 1842 3379 effugient.

243 3372 383 3429 Nam
412 3387 469 3430 ut
497 3390 578 3432 est
601 3383 741 3449 apud
790 3383 1001 3440 beatum
1052 3389 1292 3456 Paulum,
1346 3372 1706 3461 Quorumdam
1730 3419 1846 3472 pec-

243 3477 364 3519 cata
390 3470 659 3539 manifesta
687 3485 822 3541 sunt,
846 3479 1182 3545 prwcedentia
1202 3483 1270 3535 ad
1285 3486 1572 3555 judicium;
1595 3470 1842 3558 quosdam

239 3568 417 3613 autem
437 3571 483 3613 et
504 3564 872 3634 subsequuntur
890 3570 964 3641 (1.
997 3570 1128 3626 Tim.
1155 3574 1210 3629 5.
1231 3575 1356 3646 24):
1383 3588 1541 3648 atque
1564 3583 1846 3653 utlegisla-

241 3659 392 3705 tores
415 3657 716 3710 nocentium
735 3673 922 3728 poenas
945 3662 1113 3717 literis
1131 3668 1468 3736 consignatas
1486 3673 1838 3744 reliquerunt,

242 3745 320 3798 ita
347 3754 406 3800 et
426 3747 681 3804 Dominus
718 3763 900 3808 noster
921 3754 1076 3810 Jesus
1115 3755 1362 3816 Christus
1389 3762 1441 3817 in
1473 3780 1634 3820 unum
1683 3778 1843 3840 atque

237 3838 475 3893 alterum
503 3839 857 3900 facinorosum
884 3849 1334 3920 auimadvertens,
1379 3869 1671 3928 eorumque
1711 3877 1841 3932 sup-

236 3931 402 4001 plicia
427 3942 696 4006 tamquam
735 3938 787 3992 in
817 3941 1062 3995 columna
1089 3959 1228 3998 azrea
1255 3956 1413 4017 atque
1440 3949 1610 4006 literis
1643 3931 1841 4025 reprae-

235 4033 478 4089 sentans,
497 4042 590 4095 per
610 4044 672 4083 ea
693 4045 812 4098 qua:
839 4032 942 4086 illis
963 4035 1273 4092 acciderunt
1296 4053 1484 4097 omnes
1512 4058 1835 4113 commonet,

235 4115 453 4172 etiamsi
481 4118 584 4175 hoc
615 4128 870 4193 tempore,
909 4128 998 4197 qui
1036 4130 1222 4186 eadem
1255 4134 1486 4188 audeant
1509 4152 1627 4205 quae
1655 4141 1744 4208 qui
1774 4156 1836 4194 ea

235 4205 492 4274 luerunt,
543 4214 760 4269 easdem
817 4231 1004 4286 poenas
1052 4239 1156 4276 non
1198 4228 1514 4295 exsolvant,
1558 4231 1609 4284 in
1658 4228 1835 4289 fuluro

232 4301 439 4353 saeculo
461 4302 580 4356 illos
605 4307 831 4374 graviori
859 4325 1013 4378 pceua
1056 4315 1412 4371 mulctandos.

288 4392 500 4448 XXIV.
530 4397 629 4463 Qui
664 4412 886 4467 peccent,
911 4420 1000 4455 nec
1037 4407 1336 4475 puniantur,
1359 4411 1421 4464 iis
1448 4429 1548 4465 non
1573 4415 1833 4482 conﬁden-

232 4484 381 4549 dum,
440 4489 531 4540 sed
574 4490 850 4544 timendum
885 4512 1051 4563 potius
1087 4515 1208 4550 esse.
1239 4501 1513 4572 —ltaque
1556 4519 1676 4557 cum
1718 4507 1832 4561 sine

231 4577 400 4632 modo
426 4593 707 4647 peccantes
755 4583 885 4638 nihil
937 4589 1059 4640 mali
1110 4591 1358 4657 patimur,
1381 4609 1449 4648 ne
1472 4595 1827 4666 confidamus,

229 4670 326 4723 sed
374 4670 496 4724 ideo
536 4675 704 4743 magis
745 4677 1044 4732 timeamus.
1095 4680 1226 4736 Nam
1270 4683 1390 4738 licet
1420 4687 1557 4740 hica
1590 4688 1698 4743 Dco
1725 4691 1827 4743 mi-

231 4765 380 4817 nime
432 4765 734 4832 puniamur,
770 4769 878 4822 illic
923 4781 1098 4826 tamen
1139 4789 1257 4828 cum
1309 4777 1508 4833 numdo
1547 4779 1828 4836 damnabi-

228 4872 372 4910 mur.
399 4859 572 4927 Atque
617 4859 730 4914 hzcc
773 4878 983 4929 rursum
1029 4881 1133 4919 non
1174 4883 1313 4933 mea,
1336 4870 1430 4923 sed
1475 4871 1741 4939 loquentis
1773 4875 1825 4927 in

228 4949 402 5002 Paulo
449 4949 647 5006 Christi
692 4957 955 5031 sententia
1000 4967 1100 5011 est.
1136 4959 1346 5014 Etenim
1383 4977 1478 5016 eos
1524 4965 1821 5034 alloquens,

227 5040 318 5108 qui
362 5041 584 5110 indigne
628 5059 776 5098 sacra
807 5059 1103 5114 sumerent,
1128 5052 1201 5106 ait
1232 5071 1243 5105 :
1269 5052 1396 5107 Ideo
1423 5056 1551 5108 inter
1574 5073 1659 5111 vos
1681 5060 1828 5112 multi

224 5133 426 5192 inﬁrmi
455 5144 501 5186 et
527 5135 814 5200 imbecilles,
848 5151 894 5192 et
930 5141 1181 5195 dormiunt
1225 5147 1388 5199 multi.
1439 5148 1666 5226 Quodfi
1712 5169 1827 5206 nos-

226 5228 471 5294 metipsos
512 5227 927 5297 dijudicaremus,
960 5251 1059 5287 non
1100 5239 1266 5302 utique
1280 5240 1632 5309 judicaremur
1661 5259 1680 5296 :
1705 5247 1824 5298 dum

221 5317 537 5392 iudicamur
566 5330 752 5379 autem.
783 5339 813 5375 a
848 5322 1061 5379 Domino
1105 5332 1427 5399 corripiatur,
1469 5345 1523 5386 ut
1567 5347 1666 5388 non
1709 5355 1821 5390 cum

216 5405 755 5476 mundo'dmnaemur
794 5415 869 5483 (1.
898 5413 1015 5470 Cor.
1050 5419 1512 5491 H.50.52).Suut
1541 5428 1682 5481 enim
1734 5433 1821 5498 qui

215 5494 308 5548 hic
354 5498 533 5550 solum
573 5502 820 5570 castigari
860 5520 994 5574 opus
1031 5508 1279 5575 habeant,
1303 5529 1531 5582 quorum
1560 5527 1615 5571 et
1649 5523 1817 5590 culpa:

214 5586 526 5643 medioeres
545 5590 672 5656 sint,
697 5601 755 5645 ut
782 5582 1020 5666 castigati
1053 5601 1242 5654 iterum
1284 5605 1348 5656 ad
1389 5608 1665 5677 antiquum
1716 5582 1818 5666 non

214 5691 537 5744 murram,
584 5697 771 5738 canem
819 5688 885 5742 ad
934 5693 1187 5746 vomitum
1234 5712 1505 5752 reversum
1569 5702 1754 5758 imitati
1803 5725 1816 5760 ;

213 5781 342 5824 Sunt
364 5780 421 5825 et
445 5775 538 5841 qui
572 5785 788 5844 propter
808 5794 1085 5836 excessum
1115 5787 1471 5855 improbitatis
1493 5801 1543 5845 et
1567 5792 1652 5846 hic
1684 5805 1736 5849 et
1759 5797 1819 5851 il-

211 5861 284 5919 lic
312 5864 618 5934 plectemur
639 5885 649 5919 :
669 5868 758 5922 alii
789 5871 894 5926 illic
917 5882 1116 5930 tantum
1147 5881 1399 5949 sulxplieia
1427 5885 1761 5941 sustinebunt
1788 5901 1802 5949 ;

1625 447 1712 510 DE
1755 450 2220 518 VlRClNlTATE.

3476 491 3585 546 560

1983 577 2236 644 quoniam
2253 578 2268 609 ³
2292 577 2435 634 enim
2460 581 2698 640 omnium
2724 580 3039 656 gravissima
3061 599 3457 664 perpetrarunt,
3475 604 3576 650 non

1981 665 2124 736 digni
2164 668 2331 724 habiti
2361 681 2485 728 sunt
2529 675 2618 745 qui
2658 692 2780 732 cum
2810 678 3118 737 hominibus
3148 683 3574 753 flagellarentur;

1981 771 2105 810 nam
2137 759 2232 824 ait,
2257 759 2464 816 Etcum
2507 765 2796 825 hominibus
2834 762 2937 826 non
2977 774 3374 845 ﬂagellabantur
3401 776 3573 850 (Psal.

1979 849 2068 903 72.
2100 852 2156 920 5)
2183 870 2198 918 ;
2221 853 2336 915 illi.
2366 861 2565 929 quippe
2605 875 2984 932 reservantur,
3019 875 3074 922 ut
3100 882 3222 923 cum
3243 849 3575 925 (immunibus

1979 942 2266 1027 puniantur
2289 965 2302 1000 :
2323 946 2578 1005 Discedite
2593 953 2759 1019 enim,
2778 955 2873 1020 ait,
2887 972 2918 1008 a
2937 973 3020 1010 me
3034 958 3087 1013 in
3114 958 3340 1014 tenebras
3360 962 3549 1015 exterio
3561 990 3574 1000 -

1976 1051 2056 1089 res
2079 1047 2287 1106 paratas
2310 1040 2512 1096 diabolo
2532 1054 2582 1097 et
2602 1047 2794 1118 angelis
2813 1049 2923 1119 ejus
2941 1049 3156 1120 (Matth.
3179 1051 3271 1107 25.
3294 1051 3574 1128 “)Jlulti

1974 1129 2331 1186 sacerdotium
2376 1137 2609 1215 num_mis
2633 1150 2927 1209 rapuerunt
2951 1143 2972 1212 (
2993 1142 3119 1200 Vide
3140 1155 3244 1198 act.
3266 1149 3299 1201 7
3316 1147 3334 1215 )
3354 1189 3369 1212 ,
3397 1162 3576 1215 neque

1973 1229 2065 1273 aut
2088 1235 2210 1275 eum
2236 1225 2326 1293 qui
2355 1208 2772 1295 reprehenderet
2801 1208 3122 1302 habuerunt,
3139 1251 3237 1290 nec
3264 1208 3408 1307 quod
3441 1208 3568 1290 olim

1975 1327 2006 1366 a
2026 1311 2187 1368 Petro
2205 1313 2392 1370 Simon
2413 1317 2603 1388 Magus
2641 1323 2971 1378 audiverunt
2988 1327 3214 1397 (Act-.8);
3238 1337 3293 1382 at
3319 1345 3426 1384 non
3446 1330 3570 1386 ideo

1975 1401 2305 1471 effugerunt,
2324 1407 2416 1460 sed
2437 1409 2609 1462 multo
2628 1413 3138 1484 graviorespmnas,
3161 1433 3327 1486 quam
3343 1435 3464 1490 qua:
3478 1422 3567 1476 hic

1973 1495 2772 1573 debebantur,subibunt,quod
2782 1509 3421 1577 necexemploemendati
3437 1514 3566 1569 sint.

1977 1585 2126 1642 Multi
2143 1590 2330 1645 eadem
2357 1608 2478 1662 quae
2496 1594 2637 1649 Core
2653 1600 2771 1651 ausi
2792 1606 2924 1652 sunt
2944 1614 3047 1654 nec
3069 1601 3258 1656 eadem
3283 1618 3404 1671 quae
3421 1603 3565 1661 Core

1972 1681 2142 1748 passi,
2175 1689 2230 1734 at
2251 1691 2373 1751 post
2395 1685 2589 1753 majori
2615 1703 2716 1741 suo
2741 1689 2882 1743 malo
2905 1690 3185 1758 patientur
3213 1693 3406 1762 (Num.
3444 1695 3556 1763 16).

1970 1769 2123 1827 Multi
2147 1772 2446 1831 Pharaonis
2480 1778 2813 1847 impietatem
2845 1782 3046 1836 imitati
3071 1783 3270 1854 (Exod.
3297 1786 3406 1852 M).
3446 1801 3557 1840 non

1969 1867 2134 1921 etiam
2155 1868 2299 1921 sicut
2322 1869 2413 1923 ille
2447 1878 2576 1924 sunt
2601 1871 2861 1938 demersi,
2889 1883 2944 1926 at
2983 1875 3245 1944 gehennae
3260 1893 3446 1946 aequor
3466 1890 3564 1934 eos

1969 1967 2171 2013 manet.
2189 1957 2376 2029 Neque
2393 1963 2538 2015 enim
2559 1964 2650 2031 qui
2671 1962 2867 2020 fratres
2887 1965 3068 2021 fatuos
3088 1977 3311 2029 vocant,
3332 1970 3444 2037 jam
3467 1985 3568 2039 pus

1967 2052 2067 2104 niti
2087 2061 2214 2106 sunt
2235 2051 2452 2121 (Matth.
2479 2055 2555 2125 5);
2584 2055 2695 2110 illic
2718 2058 2863 2109 enim
2886 2059 2940 2110 in
2965 2073 3060 2113 eos
3083 2067 3296 2114 servata
3313 2061 3560 2115 animad‘

1965 2145 2146 2199 versio
2161 2153 2264 2200 est.
2283 2145 2465 2212 Quare
2479 2165 2545 2202 ne
2563 2157 2748 2217 putate
2764 2148 2854 2205 Dei
2874 2151 3176 2207 sententias
3194 2154 3370 2208 solum
3394 2155 3560 2208 verba

1964 2250 2086 2289 esse
2108 2245 2272 2305 atque
2300 2252 2497 2302 voces;
2519 2253 2641 2291 nam
2659 2254 2777 2293 eam
2798 2243 2867 2294 ob
2888 2255 3002 2295 rem
3026 2256 3092 2295 ex
3119 2241 3187 2295 iis
3207 2243 3472 2312 quasdam
3499 2244 3552 2298 in

1962 2337 2100 2390 opus
2123 2323 2333 2388 eduxit,
2357 2336 2414 2378 ut
2438 2325 2491 2378 in
2513 2325 2780 2395 Sappbira
2808 2327 2950 2397 (Act.
2971 2329 3023 2397 5)
3055 2329 3278 2382 Charmi
3314 2329 3450 2399 (Jos.
3470 2331 3549 2401 7),

1961 2410 2633 2484 Aarone,aliisquemultis
2651 2417 3095 2489 (Num.3),utqui
3116 2420 3235 2488 ejus
3251 2423 3429 2477 verbis
3454 2438 3562 2477 non

1962 2504 2213 2568 credunt,
2233 2521 2414 2559 rerum
2437 2507 2852 2565 confirmatione
2873 2511 3122 2568 deterriti
3166 2513 3434 2569 desistant
3458 2517 3560 2571 sibi

1948 2592 2054 2664 ipsi
2081 2597 2360 2666 imponere
2376 2599 2520 2653 velut
2536 2616 2723 2669 pmnas
2739 2617 2846 2656 non
2859 2604 3064 2668 daturi,
3081 2615 3133 2659 et
3149 2606 3452 2675 intelligant
3469 2607 3562 2662 Dei

1959 2686 2352 2756 benignitatem
2370 2693 2800 2759 e0pertinere,ut
2813 2694 3096 2748 sceleratis
3113 2698 3349 2763 spatium
3369 2698 3558 2759 donet,

1959 2791 2065 2830 non
2098 2787 2155 2831 ut
2175 2781 2396 2835 omnino
2417 2795 2523 2835 non
2556 2782 2788 2838 vindicet
2811 2785 2865 2839 in
2891 2801 2984 2841 eos
3009 2787 3098 2856 qui
3146 2787 3200 2843 in
3244 2790 3390 2845 vitiis
3427 2805 3555 2860 pcr-

1958 2878 2229 2923 maneant.
2266 2871 2515 2927 Poteram
2559 2875 2806 2944 equidem
2854 2887 2910 2932 et
2957 2879 3197 2949 pluribus
3245 2884 3551 2949 ostendero,

1957 2968 2212 3028 quantum
2243 2963 2344 3018 sibi
2372 2964 2547 3032 ignem
2570 2967 2909 3035 contrahant,
2938 2971 3027 3037 qui
3074 2972 3389 3042 virginitatis
3431 2976 3550 3030 laua

1957 3050 2077 3105 dem
2124 3051 2272 3106 nihili
2318 3054 2542 3119 faciant;
2588 3057 2680 3110 sed
2711 3069 2763 3113 et
2786 3061 2930 3114 sanis
2975 3060 3089 3116 Ι)ωο
3129 3064 3418 3129 sufficiunt,
3456 3081 3548 3122 res

1959 3142 2124 3199 belles
2148 3154 2202 3198 et
2231 3147 2445 3203 insanos
2468 3162 2568 3203 nec
2590 3150 2757 3204 multo
2783 3151 2844 3207 iis
2871 3153 3020 3221 plura
3050 3155 3116 3209 ab
3139 3156 3340 3211 insania
3371 3168 3546 3212 retrao

1957 3237 2102 3292 bant.
2135 3239 2317 3310 Itaque
2361 3256 2423 3297 ea
2452 3241 2812 3312 disputatione
2854 3251 3272 3318 supersedentes
3298 3253 3362 3307 ad
3389 3269 3550 3308 sanos

1954 3344 2257 3384 sermonem
2306 3347 2522 3388 omnem
2575 3347 2970 3403 convertamus,
3018 3341 3210 3395 iterum
3240 3343 3544 3418 advbeatum

1955 3421 2172 3476 Paulum
2188 3425 2409 3478 reversi.
2429 3424 2506 3479 De
2525 3427 2702 3496 quibus
2719 3439 2886 3482 autem
2906 3431 3028 3483 mihi
3049 3433 3338 3500 scripsistis,
3356 3435 3546 3504 inquit,

1951 3513 2135 3566 bonum
2157 3524 2228 3568 est
2254 3515 2446 3569 homini
2473 3518 2732 3571 mulierem
2775 3536 2875 3573 non
2907 3530 3111 3591 tangere
3140 3523 3356 3589 (LCor.
3389 3526 3441 3580 7.
3468 3529 3548 3592 1).

1950 3602 2152 3657 Pudeat
2193 3621 2332 3659 nunc
2377 3615 2654 3678 utrosque,
2683 3617 2737 3663 et
2764 3610 2854 3676 qui
2898 3613 3296 3669 matrimonium
3346 3617 3548 3690 impro-

1952 3702 2098 3760 nant,
2127 3703 2182 3748 et
2207 3697 2295 3766 qui
2325 3696 2446 3764 plus
2469 3713 2620 3768 aequo
2646 3700 2946 3769 extollunt;
2979 3703 3220 3775 utrisque
3248 3723 3389 3761 enim
3418 3707 3546 3764 bea-

1950 3793 2034 3838 tus
2059 3783 2253 3840 Paulus
2289 3802 2411 3843 cum
2449 3787 2534 3844 his
2561 3791 2760 3860 verbis,
2795 3803 2903 3848 tum
2936 3794 2999 3849 iis
3040 3812 3160 3866 qua:
3207 3815 3548 3871 consequun-

1948 3883 2054 3938 tur,
2087 3876 2358 3931 silentium
2389 3880 2634 3948 imponit.

2019 3966 2184 4021 XXV.
2208 3967 2233 4020 I
2243 3969 2437 4037 nﬁrmis
2464 3972 2796 4026 necessarium
2816 3991 2923 4029 esse
2943 3979 3336 4034 matrimonium.
3356 4011 3426 4022 --
3444 3982 3545 4037 Boo

1947 4073 2073 4112 num
2099 4067 2184 4114 est
2199 4062 2634 4129 matrimonium;
2664 4066 2862 4135 quippe
2891 4068 3032 4136 quod
3061 4078 3114 4123 et
3144 4069 3314 4126 virum
3345 4076 3542 4131 retinet

1944 4149 1999 4202 in
2025 4148 2204 4205 officio
2235 4154 2602 4221 temperantiae
2621 4197 2634 4221 ,
2658 4171 2832 4225 neque
2855 4159 2905 4212 in
2931 4159 3178 4216 libidines
3199 4167 3536 4233 provolutum

1943 4241 2164 4298 interire
2188 4244 2332 4300 sinit.
2356 4246 2533 4313 Quare
2572 4265 2638 4303 ne
2666 4250 2715 4303 id
2747 4267 2972 4317 accusa;
2999 4253 3156 4310 habet
3179 4259 3322 4314 enim
3346 4260 3532 4331 ingens

1943 4335 2320 4400 commodum,
2347 4339 2546 4394 Christi
2571 4344 2810 4398 membra
2839 4346 3004 4401 scorti
3030 4350 3268 4404 membra
3296 4351 3406 4407 fieri
3433 4370 3537 4409 non

1941 4427 2258 4493 permittens
2283 4470 2296 4490 ,
2328 4444 2431 4484 nec
2477 4446 2689 4486 sacrum
2723 4437 2976 4506 templum
3022 4439 3290 4507 profanari
3342 4454 3394 4497 et
3434 4444 3536 4500 im-

1942 4533 2134 4585 purum
2189 4519 2302 4573 fieri
2363 4520 2582 4591 (LCer.
2619 4523 2834 4596 6.15).
2878 4528 3085 4583 Bonum'
3137 4542 3240 4598 est,
3294 4534 3532 4604 inquam,

1939 4612 2190 4679 quoniam
2235 4612 2520 4669 habentem
2564 4620 2792 4673 sustinet
2825 4629 2986 4692 atque
3034 4625 3212 4694 erigit.
3256 4627 3359 4681 Sed
3408 4631 3533 4696 quid

1939 4701 2039 4755 hoc
2063 4703 2254 4757 attinet
2301 4705 2364 4758 ad
2392 4721 2512 4759 eum
2543 4709 2636 4776 qui
2679 4720 2817 4774 stat,
2849 4723 2902 4765 et
2927 4715 3015 4783 qui
3053 4715 3167 4785 ejus
3213 4731 3368 4787 Opem
3421 4737 3527 4774 non

1937 4794 2246 4850 desiderat?
2270 4796 2402 4852 Nam
2434 4799 2519 4854 hic
2542 4817 2640 4856 nec
2664 4805 2790 4858 utile
2813 4849 2825 4870 ,
2862 4823 2959 4862 nec
2999 4814 3359 4867 noeesSarium
3408 4825 3492 4870 cst
3514 4857 3528 4881 ,

1937 4887 2028 4940 sed
2068 4886 2132 4940 ad
2179 4890 2429 4946 virtutem
2475 4898 2636 4947 etiam
2697 4897 3169 4970 impedimentum,
3205 4919 3309 4958 non
3357 4905 3531 4962 solum

1935 4978 2074 5045 quod
2115 4980 2309 5034 multos
2337 4983 2572 5051 prmbeat
2610 4987 2790 5068 obices
2815 5030 2829 5053 ,
2862 4991 2954 5045 sed
2984 4993 3142 5047 etiam
3189 4997 3330 5065 quod
3359 5000 3532 5068 majo.

1935 5088 2046 5123 rem
2080 5084 2279 5139 partem
2312 5077 2480 5130 laudis
2507 5055 2773 5134 detrahat.

2007 5163 2196 5219 XXH.
2244 5166 2342 5232 Qui
2399 5169 2538 5240 virgo
2610 5187 2758 5240 agerc
2806 5186 2962 5243 possit
3029 5195 3089 5229 ac
3157 5182 3532 5237 matrimonium

1931 5259 2230 5322 contrahat,
2255 5275 2507 5314 summum
2551 5263 2644 5316 sibi
2695 5266 2937 5320 damnum
2985 5273 3168 5339 facere.
3202 5303 3272 5313 —
3311 5273 3521 5332 Etenim

1930 5348 2017 5416 qui
2048 5351 2211 5403 armis
2234 5367 2354 5406 eum
2400 5354 2649 5422 instruit,
2680 5361 2767 5428 qui
2798 5361 2970 5414 nudus
3005 5378 3239 5433 pugnare
3268 5377 3447 5437 potest
3475 5377 3529 5422 et

1928 5440 2177 5508 vincere,
2209 5443 2342 5500 adeo
2383 5460 2490 5499 nou
2518 5448 2704 5514 juvat,
2740 5460 2796 5503 ut
2834 5459 3069 5507 extrema
3119 5457 3278 5510 etiam
3327 5458 3529 5516 afficiet

1930 5531 2155 5600 injuria,
2185 5534 2533 5592 admiratione
2582 5555 2701 5593 eum
2735 5549 2790 5595 et
2834 5544 3022 5599 illustri
3067 5561 3264 5602 corona
3312 5550 3526 5606 defrau-

1940 5622 2092 5677 dans.
2150 5623 2283 5677 Nam
2335 5640 2433 5682 nec
2483 5628 2718 5683 hominis
2758 5634 3006 5688 virtutem
3065 5652 3279 5692 omnem
3329 5643 3526 5710 patitur

1991 5716 2005 5742 ι
2018 5721 2145 5782 .Qua:
2169 5720 2485 5789 sequunturga
2504 5733 2641 5789 voce,
2660 5724 2900 5789 quoniam,
2921 5739 3079 5789 usque
3094 5728 3172 5789 ad,
3201 5730 3339 5782 multi
3359 5745 3522 5784 sach

1922 5774 2128 5883 italiam,
2151 5774 2331 5827 desunt.
2350 5777 2399 5827 in
2423 5782 2587 5831 Morel.
2604 5774 2655 5833 et
2674 5774 2900 5846 'Plantmq'
2927 5774 3337 5855 sedrinﬁtieg'fe:
3352 5774 3525 5846 ξῖῖἶίᾶο

1963 5844 2073 5890 .Run
2098 5849 2171 5884 ur.

1991 5899 2010 5929 ⁸
2025 5901 2074 5947 tu
2097 5905 2208 5962 Reg.
2232 5899 2299 5950 sic
2325 5895 2525 5964 legitur,
2548 5913 2601 5956 εἰ
2625 5907 2672 5957 in
2693 5909 2945 5973 Sapphira,
2970 5912 3017 5962 iit
3035 5916 3136 5964 η’γο
3155 5916 3276 5978 ejus,
3302 5917 3518 5968 t‘ltartm.
