4206 6324
640 449 740 503 εει

642 565 851 618 elucere
870 602 884 625 ,
908 574 1007 614 nec
1024 559 1149 625 ejus
1169 566 1430 625 tropxum
1461 551 1769 622 percelehre
1796 549 1967 604 reddi.
2016 547 2073 600 In
2101 562 2216 600 ma-

643 653 894 707 trimonio
920 666 1048 705 vero
1069 649 1280 719 gravior
1301 647 1463 702 etiam
1483 645 1841 713 jacturaest;
1872 655 2045 709 neque
2069 640 2214 692 enim

566 770 571 771 ί
640 744 817 798 stilum
841 742 982 810 vulgi
1008 739 1469 793 commendatione
1489 777 1504 799 ,
1532 734 1629 788 sed
1659 732 2074 803 prmiisetiam
2110 732 2219 784 vir-

639 834 749 902 gini
775 832 1023 900 repositis
1044 831 1235 899 privat.
1256 828 1554 897 Eapropter
1578 824 1776 878 bonum
1821 831 1966 875 esset
2009 819 2214 873 homini

641 923 919 977 mulierem
950 936 1056 975 non
1086 930 1321 989 tangere.
1348 917 1457 972 Cur
1478 917 1638 986 igitur
1668 922 1885 982 tangere
1916 910 2217 981 permittis?

640 1012 868 1080 Propter
892 1011 1294 1069 fontieationem
1315 1051 1329 1073 ,
1359 1008 1551 1075 inquit.
1578 1005 1781 1059 Vereor
1813 1011 1868 1059 te
1895 1003 1963 1057 ad
1990 1001 2215 1070 virgini-

639 1103 764 1155 tatis
802 1100 1068 1169 fastigium
1105 1100 1411 1163 sustollere,
1440 1113 1507 1152 ne
1554 1098 1607 1150 in
1654 1094 2020 1149 fornicationis
2053 1094 2215 1148 bara-

639 1194 817 1247 tltrum
847 1193 1078 1257 decidas.
1106 1192 1354 1247 Nondum
1386 1206 1450 1244 ea
1471 1204 1766 1261 pennarum
1793 1188 2005 1241 levitate
2026 1185 2218 1254 pradi-

638 1295 723 1347 tus
747 1300 840 1347 es,
864 1293 923 1338 ut
956 1293 1010 1338 te
1042 1283 1110 1337 ad
1154 1283 1205 1337 id
1232 1297 1487 1337 cacumen
1528 1280 1722 1335 elerre
1763 1277 1983 1347 possim.
2011 1278 2081 1330 At
2116 1276 2215 1344 ipsi

634 1385 908 1432 certamen
939 1377 1309 1443 arripuerunt,
1348 1383 1509 1442 atque
1548 1372 1614 1426 ad
1641 1371 1955 1439 virginitatis
2002 1368 2215 1422 laudem

640 1466 1000 1534 prosilierunt.
1048 1466 1185 1539 Quid
1219 1465 1378 1534 igitur
1415 1462 1678 1531 trepidas,
1717 1462 1873 1515 beate
1912 1459 2105 1525 Paule,
2153 1472 2219 1512 ae

620 1555 935 1610 formidas?
961 1556 1112 1622 Quod
1134 1555 1189 1608 hi
1221 1555 1451 1609 fortasse
1476 1569 1589 1631 rem
1618 1549 1923 1622 ignorantes
1952 1550 2054 1605 hac
2100 1551 2215 1603 ala-

637 1646 829 1700 critate
853 1645 989 1710 sint;
1018 1661 1103 1717 me
1130 1660 1258 1699 usus
1282 1660 1344 1699 ac
1367 1644 1681 1713 periclitatio
1699 1643 1817 1711 ejus
1840 1636 2028 1711 pugna:
2051 1640 2213 1696 etiam

639 1735 707 1788 ad
735 1735 948 1789 ea'terls
970 1735 1356 1788 consulendum
1386 1733 1708 1787 timidiorem
1735 1732 1928 1785 reddit.

711 1827 924 1881 XXVII.
974 1827 1220 1895 Magnam
1278 1842 1385 1879 esse
1425 1824 1760 1893 virginitatem
1806 1832 1853 1875 et
1922 1838 2219 1892 magnorum

638 1919 1030 1971 conciliatricetn
1067 1918 1329 1970 bonorum.
1366 1945 1440 1956 -
1475 1914 1612 1969 Novi
1658 1915 1734 1969 rei
1785 1912 2179 1966 contentionem
2197 1952 2214 1975 ,

640 2012 763 2066 novi
811 2011 1167 2065 certaminum
1217 2006 1521 2075 bujusmodi
1556 2005 1864 2060 violentiam
1887 2044 1903 2066 ,
1928 2003 2051 2058 novi
2093 2003 2217 2057 belli

639 2102 975 2172 gravitatem.
1026 2098 1299 2154 Pervicaci
1329 2099 1555 2168 quodam
1593 2107 1649 2152 et
1695 2096 1816 2150 forti
1852 2098 2032 2149 animo
2082 2110 2219 2163 opus

639 2200 723 2245 est
740 2232 757 2254 ,
785 2199 943 2259 atque
967 2206 999 2244 a
1026 2174 1299 2242 libidinum
1329 2202 1487 2241 sensu
1507 2200 1714 2241 averso.
1740 2185 1870 2239 Nam
1899 2201 1993 2254 per
2023 2184 2215 2239 carbo-

634 2295 732 2334 nes
753 2280 832 2332 sic
848 2276 1265 2347 Ingrediendum
1287 2283 1390 2333 est,
1409 2281 1468 2326 ut
1486 2287 1593 2326 non
1625 2273 1808 2328 uraris
1833 2272 2013 2343 (Prov.
2028 2274 2083 2334 6.
2103 2275 2221 2343 9.8),

633 2380 691 2427 et
737 2376 812 2423 ita
857 2384 953 2438 per
1000 2381 1299 2427 mucrones
1348 2364 1590 2419 cundum
1635 2404 1651 2427 ,
1678 2372 1739 2416 ut
1788 2380 1896 2415 non
1952 2366 2224 2420 sauctcria

639 2463 715 2517 Ea
735 2468 819 2515 est
844 2460 986 2513 enim
1015 2459 1246 2516 libidinis
1273 2458 1387 2524 vis,
1417 2472 1539 2527 qum
1563 2458 1697 2527 ignis
1715 2466 1873 2528 atque
1887 2457 2047 2521 ferri;
2072 2455 2221 2525 quod

631 2553 740 2606 nisi
763 2551 978 2606 animus
999 2551 1069 2605 ita
1092 2557 1429 2619 comparatus
1450 2550 1549 2614 sit,
1570 2559 1630 2601 ut
1655 2562 1752 2602 nec
1770 2547 1837 2601 ad
1862 2547 1976 2616 ejus
2000 2547 2215 2600 dolores

637 2651 933 2706 moveatur,
979 2642 1220 2709 protinus
1245 2655 1305 2693 se
1338 2638 1542 2709 perdet.
1574 2637 1755 2708 Itaque
1790 2654 1925 2707 opus
1951 2646 2033 2690 est
2060 2637 2216 2692 nobis

635 2732 972 2789 adamantina
997 2740 1197 2791 mente.
1224 2732 1378 2786 oculo
1406 2730 1663 2793 insomni,
1687 2729 1963 2784 tolerantia
1984 2744 2213 2794 summa,

635 2824 807 2879 muris
839 2823 1040 2888 limis,
1067 2822 1500 2877 antemuralibus
1537 2836 1602 2875 ae
1632 2820 1947 2899 _repagnlis,
1980 2819 2216 2873 custodi-

635 2915 735 2969 bus
763 2914 1105 2984 pervigilibm
1141 2929 1204 2965 ac
1232 2912 1529 2982 praevalidis
1546 2954 1562 2975 ,
1593 2920 1750 2981 atque
1779 2912 1831 2965 itt
1881 2913 2077 2980 primis
2104 2926 2213 2965 cz-

636 3006 756 3063 Iesti
810 3005 1010 3058 latore.
1060 3004 1195 3058 Nam
1239 3003 1356 3057 Nisi
1401 3003 1649 3058 Dor-tinus
1695 3004 1868 3057 urbem
1931 3005 2212 3071 custodiat,

634 3097 831 3165 {rustra
867 3095 1076 3164 uigilat
1116 3095 1202 3163 qui
1226 3095 1514 3148 custodiunt
1546 3111 1659 3149 eam
1690 3093 1859 3165 (Ρωι.
1888 3095 2010 3149 ias.
2040 3097 2114 3161 ι).
2144 3098 2216 3150 At

628 3199 744 3253 quo
771 3193 926 3253 pacto
954 3199 1076 3239 eum
1104 3183 1337 3239 favorem
1355 3174 1688 3240 ‘eliciemus?
1717 3184 1773 3239 Si
1812 3195 1990 3238 nostra
2034 3186 2215 3241 omnia

624 3280 973 3330 coniuratum
990 3316 1005 3339 ,
1027 3290 1157 3329 sana
1192 3275 1414 3328 consilia
1436 3315 1455 3341 ,
1490 3289 1749 3330 summam
1770 3276 1955 3343 jejunii
1988 3291 2052 3329 ac
2077 3277 2213 3345 vigi-

622 3369 824 3422 iliarum
850 3368 1244 3425 contentionem
1259 3407 1275 3430 ,
1298 3366 1430 3435 legis
1443 3374 1749 3421 accuratam
1764 3367 2211 3432 observationem,

621 3458 1002 3525 mandatorum
1052 3457 1383 3523 Modiam,
1428 3464 1484 3522 et
1523 3456 1668 3526 quod
1690 3466 1849 3525 caput
1892 3467 2007 3523 est,
2060 3458 2105 3511 si
2158 3458 2209 3511 in

628 3548 788 3602 nobis
806 3547 1049 3605 ﬁduciam
1075 3561 1182 3601 non
1201 3548 1558 3609 collocemus;
1580 3561 1705 3600 nam
1733 3548 1834 3601 etsi
1853 3562 2043 3616 magna
2066 3562 2213 3615 quas-

619 3624 759 3690 dam
798 3647 1140 3705 praetentus,
1167 3637 1294 3690 illud
1338 3636 1477 3705 apud
1526 3651 1625 3690 nos
1676 3647 1929 3705 perpetuo
1976 3637 2214 3693 dicamus

624 3741 858 3782 necesse
886 3738 1001 3789 est:
1034 3726 1151 3780 Nisi
1178 3726 1423 3781 Dominus
1446 3728 1766 3795 cdiﬁcaoerit
1798 3727 2024 3790 ἀοιιιιιιιι,
2053 3729 2105 3781 in
2126 3743 2216 3782 un

619 3836 760 3872 munt
781 3821 1133 3872 taboraaeratd
1168 3819 1254 3889 qui
1281 3818 1537 3886 cdiﬁcant
1572 3834 1684 3870 eant
1711 3815 1916 3889 (Ibid).
1945 3815 2057 3870 Nec
2079 3818 2214 3871 enim

621 3910 776 3963 nobis
801 3909 937 3964 lucta
964 3916 1039 3962 est
1061 3908 1299 3962 udam
1322 3908 1623 3978 sanguinem
1658 3917 1728 3970 et,
1748 3922 1970 3973 carnem,
2001 3909 2091 3963 sed
2115 3909 2213 3962 ad-

622 4018 805 4065 versus
830 4000 1171 4070 principatus,
1200 4002 1439 4055 alterm
1463 4009 1749 4070 potestates,
1778 4000 2017 4053 adversus
2038 4001 2215 4054 mundi

634 4102 851 4145 rectores
889 4091 1202 4145 tenebramus
1238 4092 1392 4160 hujus
1428 4092 1621 4157 secuti,
1663 4091 1902 4147 aduersu
1928 4080 2215 4160 spia'iaalia

634 4183 870 4251 nequitia
894 4182 947 4235 in
974 4182 1249 4237 celestth
1273 4181 1485 4251 (Ephes.
1523 4182 1575 4236 6.
1606 4181 1725 4252 12);
1752 4195 1817 4236 ac
1839 4190 1997 4237 nocte

634 4273 981 4341 cogitationes
1034 4271 1188 4325 nobis
1228 4280 1446 4325 armata:
1500 4279 1645 4325 stent
1692 4280 1944 4340 oportet,
1994 4281 2051 4327 et
2114 4272 2217 4327 im-

624 4362 956 4428 pudentibua
1018 4361 1327 4416 libidinibus
1399 4360 1671 4415 formidini
1735 4360 1864 4418 sint.
1913 4360 2122 4430 Quippe
2166 4361 2215 4415 si

640 4454 913 4505 minimum
942 4453 1215 4507 remittant
1232 4492 1248 4517 ,
1268 4451 1484 4506 adstans
1509 4451 1750 4505 diabolus
1779 4454 1952 4520 ignem
1972 4452 2215 4508 inanibus

640 4554 818 4611 tenet,
846 4544 1145 4599 vibraturus
1194 4558 1259 4598 ac
1304 4543 1399 4596 Dei
1451 4542 1708 4611 templum
1756 4549 2211 4595 concrematurus.

640 4635 794 4703 Ergo,
821 4647 957 4702 opus
992 4642 1072 4688 est
1098 4632 1334 4701 undique
1375 4632 1709 4695 muniamur;
1752 4639 1834 4684 est
1873 4632 2015 4685 enim
2060 4630 2216 4687 nobis

637 4700 809 4794 pugna
834 4740 954 4779 cum
998 4734 1197 4779 natum
1226 4723 1570 4788 necessitate,
1600 4721 1906 4790 angelorum
1927 4735 2213 4775 conversa-

621 4818 798 4869 tionis
817 4816 1084 4870 inmutatio
1104 4858 1119 4881 ,
1151 4830 1270 4869 eum
1310 4814 1636 4882 incorporeis
1656 4813 1952 4868 Virtutibus
1991 4828 2211 4878 cursus;

622 4918 781 4961 :terra
811 4916 969 4975 atque
1011 4907 1147 4960 ciuis
1173 4906 1427 4960 calicolis
1453 4904 1653 4974 aequari
1680 4904 1887 4971 nititur,
1916 4904 2215 4959 mortalitas

621 5013 760 5053 Tum
790 4999 1180 5052 immortalitate
1202 5007 1475 5052 certamen
1494 4998 1610 5051 init.
1628 4997 1696 5052 Et
1713 4998 2013 5066 quisquam,
2032 4997 2211 5063 sodes,

641 5089 1035 5142 matrimonium
1080 5103 1142 5141 ac
1190 5089 1509 5157 voluptatem
1556 5102 1676 5142 cum
1704 5103 1763 5141 re
1804 5096 1949 5141 tanta
1973 5088 2217 5144 conferre

640 5180 815 5232 ausit?
840 5193 906 5231 an
928 5194 1032 5231 non
1076 5179 1128 5231 id
1153 5173 1306 5244 vaide
1333 5178 1585 5232 stolidum
1626 5179 1746 5233 est?
1774 5178 1957 5248 Itaque
1983 5179 2178 5235 Paulus
2195 5220 2212 5246 ,

639 5270 730 5336 qui
756 5268 867 5321 haec
895 5269 1074 5322 omnia
1105 5270 1300 5331 sciret,
1332 5268 1571 5333 dicebat,
1599 5268 1762 5323 Suam
1779 5271 1986 5339 quisque
2007 5287 2215 5323 mrem

642 5360 819 5411 lubeat
847 5359 921 5428 (I.
946 5358 1063 5413 Cor.
1090 5360 1141 5412 7.
1173 5359 1255 5433 2):
1286 5360 1407 5414 ideo
1447 5360 1801 5425 detrectabat,
1829 5360 1952 5415 ideo
1986 5362 2070 5415 cis
2108 5377 2214 5417 non

644 5447 871 5502 audebat
886 5449 954 5503 de
973 5449 1272 5519 virginitate
1290 5451 1518 5520 primum
1535 5451 1819 5515 disserere;
1848 5450 1941 5507 sed
1960 5452 2014 5505 in
2030 5451 2215 5521 dispu-

646 5538 933 5592 tationibus
949 5538 1013 5594 de
1031 5541 1369 5595 matrimonio
1392 5553 1653 5607 versatur,
1676 5542 1927 5610 paulatim
1945 5557 2037 5596 eos
2052 5558 2080 5595 a
2099 5558 2215 5597 ma-

641 5632 890 5684 trimonio
919 5631 1189 5686 retrahere
1218 5633 1431 5697 volens,
1458 5641 1511 5685 ct
1534 5632 1747 5687 brevem
1780 5633 1845 5687 de
1886 5634 2214 5687 continentia

643 5736 943 5775 sermonem
990 5721 1215 5791 longiori
1260 5722 1335 5776 illi
1378 5722 1737 5787 intermiscet,
1767 5737 1924 5777 aures
1976 5723 2218 5776 admoni-

641 5815 803 5869 tionis
850 5815 1133 5871 severitate
1178 5812 1322 5871 feriri
1377 5817 1594 5872 minime
1660 5830 1867 5886 passus.
1924 5813 2055 5870 Nam
2125 5816 2213 5886 qui

1343 441 1401 496 S.
1440 437 1714 497 IOANNIS
1750 434 2219 492 ειιιιῐδδδτοιιι
2257 434 2576 488 ABCIIIEP.
2604 432 3135 489 CONSTAN'I'INOP.

3796 435 3904 489 5313

2321 560 2696 615 usquequaque
2720 560 2752 601 e
2776 547 2937 601 rebus
2978 547 3162 601 arduis
3184 544 3479 600 orationem
3506 548 3638 603 texit
3655 588 3669 609 .
3692 558 3747 601 et
3785 562 3900 599 mo-

2321 638 2491 691 lestus
2516 647 2599 692 est
2626 637 2876 703 auditori,
2894 648 2950 691 et
2979 638 3291 707 plerumque
3315 639 3547 692 animum
3569 638 3710 707 cogit
3728 637 3901 692 dicto-

2321 742 2437 780 rum
2471 726 2796 794 -gravitatem
2846 743 2954 780 non
2997 729 3251 783 ferentem
3282 729 3511 783 resilire.
3542 729 3730 797 Atqui
3776 745 3900 782 eam

2317 817 2521 881 variat,
2552 832 2615 870 ac
2635 817 2807 871 facilia
2835 819 2985 887 plura
3006 833 3165 886 quam
3190 818 3420 873 difficilia
3451 819 3715 872 immiscet
3732 860 3746 881 ,
3774 834 3902 873 cum

2318 906 2644 962 difﬁcultatis
2669 923 2881 963 sensum
2904 910 3094 979 eripit,
3124 918 3234 963 tum
3260 910 3548 963 reﬁciendo
3575 910 3897 971 auditorem,

2320 998 2392 1050 ita
2414 1001 2728 1067 eummagis
2746 1000 2946 1053 inducit
2975 1011 3030 1054 et
3068 1001 3347 1065 conciliat;
3387 1001 3530 1069 quod
3575 1000 3789 1070 quidem
3842 1008 3904 1055 et

2318 1087 2509 1143 beatus
2537 1089 2733 1145 Paulus
2754 1091 2893 1145 fecit.
2922 1091 3005 1145 Eo
3026 1092 3172 1145 enim
3191 1092 3333 1146 dicto
3352 1132 3368 1157 ,
3390 1091 3588 1145 Bonum
3610 1101 3685 1145 est
3706 1091 3902 1143 homini

2318 1181 2581 1235 mulierem
2618 1199 2719 1236 non
2765 1193 2999 1254 tangere,
3027 1184 3274 1252 protinus
3305 1184 3372 1238 ad
3398 1184 3797 1238 matrimonium
3834 1198 3903 1239 ac

2318 1273 2556 1342 recepit,
2588 1283 2647 1327 ut
2682 1289 2829 1329 suam
2881 1276 3105 1345 quisque
3148 1292 3365 1331 uxorem
3418 1277 3643 1331 haberet
3688 1278 3899 1332 dicens.

2319 1365 2493 1433 Atque
2516 1374 2799 1420 contentus
2827 1366 2880 1421 id
2903 1368 3115 1427 beatum
3140 1368 3460 1438 prmdicasse
3480 1367 3651 1440 (nam,
3674 1368 3899 1435 Bonum,

2320 1455 2520 1524 inquit,
2540 1466 2613 1509 est
2635 1457 2826 1510 homini
2850 1459 3109 1513 mlierem
3141 1476 3241 1513 non
3282 1460 3541 1528 tangere),
3590 1460 3659 1515 de
3709 1461 3903 1514 matri-

2319 1547 2501 1601 monio
2543 1557 2599 1602 et
2625 1550 2854 1603 consulit
2881 1559 2937 1604 et
2966 1552 3239 1619 praecipit,
3262 1552 3444 1606 addita
3497 1554 3657 1607 etiam
3700 1568 3857 1607 causa
3879 1570 3901 1608 :

2319 1637 2396 1689 ait
2441 1638 2620 1701 enim,
2667 1637 2888 1708 Propter
2925 1640 3530 1713 foruicationem;atque
3575 1644 3901 1699 matrimonii

2318 1732 2716 1785 concessionem
2772 1733 3166 1802 reprehendere
3208 1735 3448 1799 videtur;
3496 1737 3592 1790 sed
3654 1753 3714 1792 re
3771 1754 3903 1792 vera

2318 1822 2578 1890 expositis
2621 1826 2945 1879 matrimonii
2989 1828 3166 1881 causis
3214 1829 3370 1882 tacite
3398 1830 3741 1883 continentia:
3782 1831 3901 1883 Iau-

2318 1911 2441 1968 dem
2464 1912 2787 1981 ampliﬁcat,
2820 1931 2928 1969 non
2957 1916 3008 1970 id
3036 1918 3234 1984 apertis
3260 1918 3440 1973 verbis
3462 1918 3739 1973 declarans
3758 1960 3772 1980 ,
3798 1919 3899 1973 sed

2318 2005 2616 2059 auditorum
2660 2008 3002 2061 conscientize
3037 2009 3364 2076 relinquens.
3392 2008 3524 2063 Nam
3554 2010 3644 2079 qui
3688 2025 3748 2066 se
3776 2024 3902 2063 mo-

2319 2095 2435 2149 neri
2462 2096 2721 2165 intelligat
2746 2106 2804 2152 ut
2829 2099 3227 2153 matrimonium
3262 2100 3584 2163 contrahat,
3611 2116 3716 2155 non
3754 2101 3902 2170 quod

2318 2186 2715 2241 matrimonium
2744 2190 3014 2257 potissima
3040 2191 3280 2259 quaedam
3309 2192 3480 2245 virtus
3504 2191 3606 2257 sit,
3636 2191 3730 2245 sed
3755 2192 3903 2259 quod

2318 2291 2379 2331 sc
2402 2277 2594 2333 Paulus
2622 2287 2782 2333 tanta:
2823 2280 3059 2335 libidinis
3085 2280 3333 2343 damnet,
3365 2290 3424 2333 ut
3456 2281 3587 2335 citra
3624 2281 3905 2334 matrimo-

2321 2369 2469 2422 nium
2518 2369 2587 2423 ab
2624 2383 2689 2424 ea
2741 2385 2802 2423 se
2838 2371 3113 2424 continere
3156 2379 3415 2440 nequeat,
3453 2370 3775 2424 enthescens
3832 2382 3904 2422 ac

2318 2458 2629 2526 pudefactus
2644 2498 2661 2523 ,
2692 2459 2931 2526 protinus
2951 2460 3306 2529 virginitatem
3329 2460 3628 2515 adsciscere
3643 2502 3658 2524 ,
3687 2468 3842 2529 atque
3864 2474 3900 2511 a

2316 2554 2376 2605 se
2403 2559 2604 2604 tantam
2630 2551 2899 2605 infamiam
2929 2553 3199 2618 depellere
3226 2555 3440 2606 nitetur.

2388 2641 2623 2695 XXVIII.
2658 2641 2784 2705 Qua:
2808 2642 2869 2696 de
2892 2644 3210 2695 matrimonio
3230 2644 3482 2703 dicantur,
3504 2643 3903 2696 cohortationent

2317 2747 2422 2785 esse
2443 2732 2512 2783 ad
2535 2732 2888 2801 virginitatem.
2906 2763 2974 2771 —
2996 2732 3131 2798 Quid
3154 2747 3282 2786 vero
3297 2732 3443 2786 addit
3465 2726 3715 2800 insuper?
3737 2731 3904 2785 Uxori

2315 2823 2393 2874 air
2416 2821 2634 2875 debitam
2661 2821 3052 2877 benevolentiam
3078 2823 3276 2886 reddat,
3303 2823 3573 2891 itidemque
3595 2840 3724 2876 uxor
3746 2824 3848 2876 uiro
3875 2840 3901 2885 ,-

2316 2913 2455 2980 quod
2497 2914 2729 2980 apertius
2779 2914 3071 2981 capiamus
3111 2913 3332 2968 subdit:
3364 2914 3506 2968 Umor
3549 2914 3631 2967 sai
3674 2914 3905 2983 corporis

2316 3002 2646 3056 dominanon
2670 3015 2761 3069 est,
2788 3004 2880 3058 sed
2896 3005 3012 3068 vir;
3048 3004 3319 3075 itidemque
3345 3005 3423 3058 uir
3440 3004 3521 3059 sui
3548 3006 3779 3075 corporis
3802 3005 3903 3058 do-

2316 3094 2481 3146 minus
2507 3111 2607 3148 non
2633 3105 2724 3157 est,
2748 3095 2835 3148 sed
2861 3111 2992 3147 uxor
3017 3095 3095 3164 (ι.
3116 3094 3233 3149 Cor.
3256 3095 3310 3147 7.
3336 3092 3413 3165 3).
3446 3095 3649 3151 Ethice
3672 3094 3775 3151 dici
3800 3109 3903 3163 pro

2316 3185 2655 3238 matrimonio
2702 3184 2981 3249 videntur;
3016 3200 3215 3243 revera
3256 3190 3435 3237 autem
3474 3198 3571 3251 ea,
3626 3194 3901 3255 tamquam

2318 3274 2531 3327 hamum
2582 3283 2793 3328 assueta
2843 3290 2965 3329 esca
3006 3275 3311 3329 obvolutum
3339 3317 3355 3340 ,
3408 3276 3461 3330 in
3513 3276 3901 3344 discipulorum

2314 3379 2473 3418 aures
2508 3364 2759 3427 immittit,
2787 3379 2881 3419 eos
2923 3380 3020 3434 per
3054 3379 3358 3421 sermonem
3394 3365 3462 3419 de
3504 3364 3841 3420 matrimonio
3864 3381 3900 3425 a

2314 3454 2653 3508 matrimonio
2680 3456 2956 3509 retrahere
2978 3455 3182 3511 volens.
3226 3455 3327 3520 Qui
3368 3455 3519 3533 enim,
3548 3454 3748 3517 audiat,
3778 3468 3903 3523 post

2316 3548 2710 3603 matrimonium
2742 3564 2849 3601 non
2876 3548 2986 3617 jam
3015 3562 3076 3603 se
3102 3563 3255 3602 suum
3278 3546 3411 3611 fore,
3432 3546 3527 3601 sed
3552 3547 3734 3600 uxoris
3756 3546 3902 3600 arbi-

2317 3639 2420 3691 trio
2459 3638 2756 3707 subjectum
2803 3639 2890 3703 iri,
2918 3653 3019 3691 nec
3052 3652 3221 3701 mora,
3262 3637 3602 3692 acerbissima
3642 3636 3901 3690 servitute

2314 3730 2573 3799 expedire
2601 3744 2661 3785 se
2688 3723 2987 3794 conabitur,
3016 3730 3100 3785 vel
3136 3729 3311 3799 potius
3339 3744 3440 3784 nec
3467 3730 3651 3799 jugum
3678 3730 3895 3789 subire:

2315 3837 2438 3876 cum
2485 3821 2574 3889 qui
2616 3820 2780 3875 semel
2832 3821 3085 3883 subierit,
3130 3820 3179 3875 ei
3220 3835 3382 3891 porro
3419 3820 3758 3874 serviendum
3802 3823 3913 3889 sit,

2316 3911 2565 3978 quamdiu
2610 3911 2662 3965 id
2699 3911 2851 3965 uxori
2900 3912 3162 3965 videatur.
3206 3909 3359 3977 Quod
3388 3920 3564 3966 autem
3590 3911 3678 3967 hic
3702 3926 3805 3965 non
3826 3927 3894 3966 ex

2315 4004 2621 4071 conjectura
2664 4002 2731 4057 de
2773 4002 2923 4057 Pauli
2951 4003 3211 4057 sententia
3245 4002 3453 4071 loquar,
3484 4012 3783 4071 promptum
3814 4014 3895 4058 est

2319 4107 2381 4146 ex
2413 4092 2685 4162 discipulis
2706 4107 3050 4162 cognoscam.
3081 4092 3215 4147 Nam
3241 4107 3341 4147 nec
3364 4092 3401 4145 ii
3426 4107 3587 4160 grave
3624 4107 3689 4146 ac
3723 4092 3895 4147 mole-

2315 4193 2456 4237 stum
2482 4198 2602 4237 esse
2626 4184 3021 4237 matrimonium
3052 4183 3199 4252 prius
3234 4182 3475 4237 arbitrati
3511 4191 3657 4248 sunt,
3686 4198 3841 4252 quam
3861 4196 3894 4236 a

2316 4274 2543 4329 Domino
2568 4290 2628 4329 se
2655 4276 2708 4329 in
2736 4290 2853 4330 eam
2892 4276 3262 4331 necessitatem
3301 4276 3614 4339 modum,
3644 4275 3699 4329 in
3735 4290 3893 4345 quam

2302 4367 2359 4415 et
2385 4377 2417 4413 a
2449 4359 2624 4415 Paulo
2649 4372 2763 4416 tum
2788 4362 3087 4422 Corinthii,
3113 4362 3388 4416 viderunt.
3424 4361 3557 4414 Illud
3584 4361 3757 4425 enim,
3782 4359 3891 4426 Qui

2305 4469 2524 4507 mrem
2561 4470 2715 4507 suam
2736 4454 3023 4519 dimiserit,
3056 4464 3273 4522 excepta
3296 4454 3671 4522 fornicationis
3703 4468 3890 4517 causa,

2302 4546 2437 4615 facit
2485 4562 2603 4599 eam
2654 4546 2904 4599 incohari
2945 4547 3161 4613 (Matth.
3183 4547 3237 4601 5.
3269 4548 3399 4614 32);
3437 4553 3492 4600 et
3524 4546 3651 4609 hoc,
3688 4543 3781 4599 Vir
3803 4544 3891 4597 sui

2302 4636 2538 4703 corporis
2556 4634 2802 4688 dominus
2827 4651 2931 4688 non
2957 4644 3036 4687 est
3065 4634 3143 4705 (1.
3168 4633 3293 4688 Cor.
3323 4635 3373 4687 7.
3397 4635 3488 4704 ι);
3515 4633 3879 4689 dissimilibus

2302 4727 2509 4791 verbis,
2534 4727 2630 4781 sed
2650 4727 2839 4781 eodem
2871 4742 3040 4791 sensu
3063 4735 3326 4797 concepta
3351 4735 3500 4780 sunt.
3532 4726 3674 4793 Quin
3704 4726 3749 4780 si
3772 4726 3898 4793 quis

2304 4824 2409 4874 hoc
2429 4818 2584 4872 Pauli
2598 4820 2914 4873 accuratius
2928 4818 3350 4880 animadvertat,
3370 4818 3716 4889 tyrannidem
3733 4824 3897 4885 auget

2319 4911 2504 4979 magis,
2551 4908 2923 4976 durioremque
2958 4906 3267 4961 servitutem
3310 4905 3502 4959 reddit.
3542 4904 3674 4959 Nam
3721 4905 3897 4957 Domi-

2317 5016 2419 5054 nus
2450 5001 2566 5054 viro
2594 5014 2699 5052 non
2727 4998 2984 5067 permittit
3010 5012 3129 5050 eam
3169 4996 3330 5049 domo
3365 4997 3581 5061 exigere
3610 4997 3628 5025 ¹
3658 5012 3671 5047 :
3702 4994 3904 5048 Paulus

2317 5091 2367 5145 ei
2390 5090 2548 5143 etiam
2592 5089 2673 5142 sui
2709 5089 2948 5155 corporis
2974 5087 3210 5140 dominio
3238 5096 3450 5153 erepto,
3485 5080 3645 5139 omne
3670 5085 3786 5153 ejus
3810 5084 3897 5153 jus

2318 5182 2370 5235 in
2400 5196 2617 5236 uxorem
2637 5178 2859 5241 confert,
2882 5179 3037 5247 eique
3060 5164 3179 5231 eum
3204 5176 3445 5245 emptitio
3465 5174 3665 5229 famulo
3688 5175 3898 5245 gravius

2318 5273 2547 5341 subjicit.
2572 5271 2705 5326 Huic
2733 5271 2873 5325 enim
2906 5271 3029 5325 licet
3055 5268 3317 5324 interdum
3349 5268 3571 5323 solidam
3594 5269 3897 5323 libertatem

2318 5362 2557 5431 adipisci.
2588 5362 2635 5415 si
2674 5361 2887 5431 quidem
2923 5360 3089 5428 possit
3129 5359 3410 5429 aliquando
3450 5368 3635 5414 auctus
3677 5359 3901 5426 pecunia

2319 5451 2450 5505 hero
2474 5451 2698 5519 pretium
2719 5464 2999 5505 numerare
3023 5468 3037 5503 :
3058 5457 3114 5502 at
3132 5450 3232 5516 vir,
3251 5449 3491 5518 quamvis
3505 5448 3741 5501 omnium
3762 5446 3904 5501 difﬁ-

2319 5541 2569 5595 cillimam
2598 5555 2817 5594 uxorem
2846 5549 3032 5594 nactus
3058 5540 3145 5604 sit,
3168 5540 3482 5593 servitutem
3508 5537 3645 5591 ferre
3670 5538 3901 5606 cogitur,

2321 5646 2421 5686 nec
2446 5645 2550 5702 qua
2578 5644 2645 5685 eo
2672 5630 2943 5685 dominatu
2985 5645 3047 5685 se
3080 5629 3343 5695 absolvat,
3371 5629 3508 5683 inire
3530 5629 3671 5683 viam
3701 5637 3897 5699 potest.

2388 5824 2405 5855 ¹
2441 5814 3858 5887 ῐιωοριιιιιιιωῶιαωῇοειιιιιιισεηιωιιὶωδτθαε.
