4206 6324
640 400 745 463 εεε

642 522 794 575 nobis
834 521 1007 591 agitur
1027 563 1040 587 ,
1069 520 1348 588 carissimi,
1377 521 1444 576 de
1483 538 1689 578 summa
1720 539 1899 579 rerum
1931 526 2224 595 periculum

639 623 753 677 est;
793 614 1149 679 tremendum,
1185 614 1532 680 horrendum,
1568 614 1959 671 formidandum
1988 626 2087 679 est.
2125 618 2229 673 He-

640 714 755 759 rum
808 706 1016 760 adimus
1065 700 1697 770 terribilem,-.multoties
1735 724 1766 762 a
1815 710 1968 763 nobis
2016 711 2223 777 lmsum,

641 799 805 849 multa
862 797 1144 851 habentem
1184 813 1300 866 qu:e
1331 800 1605 852 nobiseum
1634 802 1953 867 expostulet.
1981 801 2097 855 Non
2125 802 2226 857 hoc

638 902 846 957 tempus
877 899 958 943 est
998 890 1357 958 amplexuum,
1383 905 1488 945 non
1516 891 1866 961 voluptatum,
1910 893 2003 947 sed
2046 893 2224 964 lacry-

636 994 864 1043 marum,
884 982 1194 1035 acerborum
1216 984 1525 1050 gemituum,
1554 985 1943 1051 prostrationis,
1964 998 2225 1041 accuratae

634 1072 1009 1138 confessionis,
1060 1073 1327 1143 diligentis
1374 1075 1817 1143 supplicationis,
1865 1076 2224 1145 frequentium

636 1176 889 1231 precum;
919 1164 1343 1234 quandoquidem
1367 1164 1504 1219 bene
1541 1180 1664 1221 cum
1707 1182 1771 1221 eo
1808 1178 1995 1236 agatur
2022 1169 2111 1238 qui
2142 1169 2222 1223 vel

638 1263 785 1308 tanto
819 1255 994 1309 studio
1019 1252 1149 1308 iram
1178 1271 1293 1308 eam
1321 1250 1502 1321 leniat,
1533 1272 1637 1310 non
1666 1258 1785 1327 quia
1817 1257 1982 1312 durus
2011 1274 2071 1315 ac
2098 1274 2222 1312 eru-

636 1344 773 1401 dclis
800 1346 868 1400 sit
898 1346 1151 1400 Dominus
1181 1358 1388 1411 noster;
1419 1358 1499 1401 est
1527 1348 1668 1402 enim
1696 1348 1984 1403 admodum
2012 1350 2143 1404 lenis
2171 1359 2225 1403 et

639 1442 929 1505 humanus;
978 1440 1069 1493 sed
1114 1441 1371 1493 scelerum
1420 1448 1725 1494 nostrorum
1772 1440 2078 1517 magnitudo
2122 1442 2221 1496 etsi

637 1533 959 1601 benignum,
1013 1532 1327 1585 clementem
1372 1542 1532 1609 atque
1578 1532 2015 1598 misericordem,
2072 1533 2225 1589 facile

636 1624 790 1677 nobis
817 1624 1090 1692 ignoscere
1133 1638 1236 1675 non
1283 1623 1428 1676 sinit.
1477 1621 1656 1692 itaque
1693 1624 1784 1687 ait,
1834 1622 1900 1677 Ut
1931 1624 2131 1694 jejunio
2177 1632 2225 1676 et

637 1714 864 1782 precibus
891 1714 1092 1767 vacetis.
1119 1713 1254 1780 Quid
1282 1714 1441 1782 igitur
1464 1723 1547 1767 est
1576 1728 1639 1766 ac
1662 1716 1917 1775 servitute
1941 1714 2225 1769 acerbius?

641 1806 773 1859 Volo
815 1807 864 1857 in
906 1808 1100 1859 virtute
1148 1806 1367 1875 gradum
1416 1805 1611 1869 facere,
1651 1806 1703 1859 iu
1744 1807 1930 1860 emtum
1971 1807 2223 1872 evolare,

632 1897 832 1965 jejunio
857 1908 1015 1965 atque
1046 1897 1288 1965 precibus
1326 1896 1538 1951 assidue
1580 1898 1813 1951 intentus
1848 1897 2012 1950 animi
2039 1896 2225 1951 sordes

637 1988 947 2056 abstergcre
984 2005 995 2038 :
1026 1986 1166 2056 quod
1194 1988 1237 2041 si
1266 1988 1351 2039 illa
1379 1988 1435 2040 in
1466 1988 1514 2039 id
1544 1988 1841 2041 institutum
1870 2003 1975 2041 non
2002 2002 2229 2061 consen-

639 2082 753 2146 tiat,
783 2080 1012 2134 lascivize
1055 2081 1172 2148 ejus
1211 2079 1411 2132 servire
1452 2094 1633 2148 cogor.
1678 2078 1758 2133 Ob
1802 2078 1853 2132 id
1897 2079 2037 2132 enim
2076 2078 2226 2134 initio

636 2171 919 2231 monebat,
958 2169 1156 2223 Bonum
1195 2178 1266 2222 est
1309 2170 1502 2222 homini
1540 2170 1801 2222 mulierem
1842 2185 1944 2223 non
1990 2179 2226 2239 tangere;

638 2272 692 2314 et
720 2261 962 2329 discipuli
992 2261 1148 2315 etiam
1178 2261 1401 2314 Domino
1421 2260 1689 2325 dicebant,
1725 2258 1786 2313 Si
1811 2277 1870 2312 ea
1898 2266 1972 2313 est
2001 2259 2095 2311 viri
2114 2276 2227 2311 cum

636 2369 796 2406 uxore
844 2342 1036 2416 causa,
1091 2368 1193 2403 non
1246 2351 1443 2420 expedit
1500 2351 1878 2402 matrimonium
1936 2350 2230 2403 contrahere

639 2443 846 2514 (.‘llatth.
873 2442 959 2496 19.
982 2443 1100 2511 10);
1134 2442 1326 2510 quippe
1350 2442 1642 2510 cogitantes
1672 2454 1890 2494 necesse
1916 2454 2035 2493 esse
2064 2441 2227 2493 alter-

641 2548 811 2589 utram
837 2534 888 2588 iu
917 2543 1121 2604 partem
1152 2532 1404 2586 damnum
1430 2532 1667 2597 admitti,
1708 2546 1878 2600 eaque
1908 2531 2230 2601 cogitatione

641 2629 692 2681 in
722 2636 999 2691 angustum
1027 2624 1258 2689 deducti,
1288 2638 1404 2677 eam
1435 2637 1615 2677 vocem
1639 2622 1951 2676 emiserunt.

709 2711 949 2773 XXXIII.
1002 2716 1193 2769 Eadem
1238 2716 1417 2767 iterum
1461 2722 1716 2782 repetere,
1758 2730 1931 2767 eorum
1988 2730 2093 2769 esse
2143 2716 2229 2778 qui

647 2810 901 2865 Christum
929 2810 1204 2863 imitentur.
1230 2835 1296 2847 -κ
1323 2806 1498 2874 Quare
1527 2806 1684 2858 etiam
1719 2804 1915 2858 Paulus
1942 2804 1991 2859 id
2021 2806 2233 2861 assidue

644 2903 856 2972 repetit,
894 2910 948 2953 ut
980 2901 1029 2953 in
1060 2914 1178 2952 eam
1208 2897 1582 2967 cogitationem
1622 2894 1927 2949 Corinthios
1967 2892 2179 2948 inducat
2214 2914 2227 2949 :

647 2993 811 3048 Suam
839 2993 1049 3062 quisque
1075 3005 1281 3044 uxorem
1303 2982 1480 3039 habeat
1509 3002 1524 3038 :
1555 2985 1715 3040 Uxori
1740 2986 1816 3038 vir
1841 2985 2059 3038 debitam
2088 2985 2235 3038 bene-

642 3083 909 3137 volentiam
933 3080 1111 3135 reddat
1139 3096 1157 3133 :
1194 3078 1337 3133 Uxor
1364 3079 1441 3131 sui
1474 3077 1699 3144 corporis
1732 3077 1939 3129 domina
1980 3093 2079 3128 non
2118 3085 2188 3128 est
2215 3093 2233 3130 :

646 3173 729 3227 Ne
764 3172 1061 3244 defraudate
1099 3171 1227 3223 alter
1260 3170 1474 3223 alterum
1502 3184 1519 3221 :
1549 3165 1743 3220 Eodem
1784 3168 2055 3221 convenite.
2103 3167 2232 3220 Nam

645 3280 743 3321 nec
771 3267 911 3321 beati
938 3267 1009 3320 illi
1038 3265 1087 3319 id
1115 3262 1180 3318 ad
1208 3265 1433 3333 primam
1462 3277 1646 3316 vocem
1671 3270 1779 3315 tum
1809 3271 2111 3326 senserunt,
2141 3263 2232 3316 scd

647 3367 921 3428 postquam
968 3356 1021 3409 id
1067 3340 1300 3409 secundo
1326 3354 1641 3419 audierunt,
1684 3363 1795 3407 tum
1827 3369 1952 3407 vero
1984 3356 2234 3423 prteccpti

646 3449 1018 3503 necessitatem
1066 3446 1458 3501 intellexerunt.
1505 3445 1712 3498 Etenim
1754 3442 2034 3509 Christus,
2067 3447 2154 3515 qui
2184 3454 2237 3499 et

646 3543 702 3594 in
744 3551 925 3595 monte
964 3539 1268 3600 eonsidens,
1294 3547 1349 3591 et
1370 3552 1580 3591 rursum
1610 3545 1728 3607 post
1753 3538 1853 3590 alia
1884 3538 2050 3592 multa
2076 3538 2141 3592 de
2171 3554 2236 3592 eo

644 3630 984 3685 disseruisset
1010 3628 1222 3699 (Matth.
1254 3629 1331 3697 5),
1379 3627 1449 3681 ita
1495 3643 1588 3681 eos
1628 3628 1694 3681 ad
1738 3629 2080 3684 continentia:
2121 3639 2238 3683 stu-

648 3724 796 3775 dium
822 3721 1081 3775 ineitavit.
1116 3720 1263 3774 Adeo
1288 3718 1473 3774 eadem
1505 3720 1718 3773 assidue
1741 3721 1967 3789 repetita
1997 3721 2112 3789 plus
2137 3723 2234 3773 ha-

649 3814 780 3867 bent
822 3811 1094 3867 citieacim.
1143 3811 1323 3879 itaque
1367 3820 1418 3864 et
1463 3810 1549 3864 bic
1593 3810 1884 3879 discipulus
1930 3811 2236 3881 Magistrum

651 3905 885 3958 imitatus
912 3904 1105 3957 crebro
1132 3900 1269 3955 idem
1297 3910 1534 3970 usurpat,
1567 3915 1739 3969 neque
1768 3894 1987 3971 usquam
2016 3905 2241 3988 pe'rmiso

649 3997 853 4051 sioncm
883 4010 1085 4050 meram
1120 3994 1314 4063 prodit,
1346 3994 1440 4047 sed
1461 4009 1581 4047 cum
1606 4008 1764 4047 causa
1788 4036 1801 4059 ,
1830 4004 2049 4063 prepter
2071 3993 2238 4049 forni-

650 4089 911 4142 cationem
941 4086 1185 4156 inquiens
1222 4096 1275 4141 et
1313 4088 1632 4141 tentationes
1671 4087 1935 4141 satanicas
1966 4096 2124 4157 atque
2152 4088 2238 4141 in-

650 4178 1054 4239 continentiam,
1082 4186 1281 4246 praeter
1309 4180 1761 4246 exspectationem
1792 4177 2108 4247 virginitatis
2128 4178 2241 4233 ian-

652 4271 773 4325 dem
801 4271 860 4324 in
878 4270 1237 4337 diaputatione
1263 4269 1331 4324 de
1355 4271 1697 4325 matrimonio
1724 4279 1929 4324 texens.

723 4356 965 4411 XXXIV.
1008 4357 1353 4429 Virginitatem
1379 4359 1733 4412 admirandam
1754 4376 1861 4414 esse
1890 4372 1935 4416 et
1956 4362 2130 4416 multis
2156 4378 2241 4416 co-

651 4450 795 4507 ronis
817 4448 1041 4518 dignam.
1072 4478 1143 4487 —
1166 4448 1297 4503 Nam
1319 4451 1362 4503 si
1395 4451 1446 4503 in
1479 4451 1817 4506 matrimonio
1842 4452 2095 4522 degentes
2121 4453 2243 4507 ditt-

655 4540 761 4595 tius
785 4539 1079 4608 abiungere
1102 4548 1315 4595 veretur
1332 4582 1347 4603 ,
1381 4556 1447 4595 ne
1472 4556 1627 4609 quem
1654 4542 1899 4596 diabolus
1925 4544 2124 4597 aditum
2158 4545 2238 4597 in-

654 4629 849 4693 veniat,
874 4630 1064 4698 quibus
1090 4631 1302 4684 coronis
1330 4631 1503 4701 dignae
1532 4633 1637 4686 sint
1657 4648 1774 4702 qua:
1800 4649 1971 4702 neque
1997 4635 2063 4689 ab
2092 4635 2243 4690 initio

653 4732 720 4781 eo
749 4719 947 4775 solatio
977 4733 1113 4787 Opus
1156 4719 1473 4784 habuerunt,
1501 4730 1553 4776 et
1595 4722 1659 4775 ad
1705 4733 2001 4777 extremum
2034 4725 2243 4779 invictae

654 4812 1099 4879 permanserunt?
1142 4822 1196 4865 ut
1248 4828 1315 4867 ne
1357 4813 1551 4879 dicam,
1592 4829 1693 4868 nec
1731 4814 1928 4871 diaboli
1972 4816 2245 4873 machinas

656 4902 897 4971 utrisque
925 4918 990 4964 ex
1019 4918 1170 4972 ωειυο
1200 4904 1491 4959 admoveri.
1539 4905 1672 4959 Nam
1709 4906 1840 4969 illis,
1884 4907 2109 4976 opinor,
2147 4923 2246 4963 nec

657 4992 915 5047 molestus
958 5004 1059 5057 est,
1102 4994 1191 5063 qui
1229 4995 1441 5065 quidem
1489 4997 1622 5050 sciat
1656 4992 1952 5067 perfugium
1982 4999 2044 5053 iis
2068 4999 2241 5069 proxi-

661 5102 805 5138 mum
833 5100 973 5150 esse,
1006 5088 1312 5160 statimque,
1344 5090 1386 5142 si
1414 5104 1571 5159 quem
1600 5079 2050 5145 vehementiorem
2074 5093 2243 5160 impe-

659 5185 767 5228 tum
804 5177 1057 5240 sentiunt,
1103 5177 1153 5229 in
1194 5180 1405 5247 portum
1448 5194 1505 5232 se
1551 5178 1788 5247 recipere
1834 5179 2031 5246 licere;
2075 5196 2245 5249 neque

663 5266 807 5319 enim
851 5266 916 5320 iis
961 5269 1217 5336 permittit
1261 5270 1445 5323 b‘eatus
1489 5270 1680 5324 Paulus
1725 5271 1933 5341 longius
1974 5273 2243 5341 navigare,

659 5356 752 5410 sed
784 5356 1020 5412 defessos
1044 5360 1220 5413 redire
1242 5360 1391 5427 jubet
1412 5401 1426 5421 ,
1455 5361 1637 5415 sinens
1664 5360 1849 5416 eodem
1873 5378 2085 5416 rursum
2112 5377 2246 5417 con-

661 5450 863 5504 venire.
894 5452 1123 5520 Atvirgo
1143 5453 1354 5506 assidue
1377 5453 1644 5521 navigare,
1665 5463 1719 5507 et
1746 5454 1861 5509 sine
1888 5463 2042 5524 portu
2064 5471 2247 5525 aequor

660 5541 935 5610 permetiri
977 5544 1217 5612 cogitur;
1266 5552 1424 5611 atque
1463 5544 1562 5597 etsi
1604 5544 1914 5613 gravissima
1962 5556 2247 5614 tempestas

661 5646 975 5707 consurgat,
1012 5652 1079 5691 ne
1109 5638 1186 5691 sic
1210 5637 1421 5706 quidem
1450 5637 1497 5690 ei
1522 5636 1600 5689 fas
1626 5645 1709 5690 est
1733 5653 1920 5692 navem
1950 5638 2249 5693 subducere

662 5728 1044 5795 acquiescere.
1084 5727 1245 5796 igitur
1268 5727 1417 5797 quasi
1444 5727 1534 5797 qui
1564 5742 1709 5781 mare
1745 5726 2028 5794 infestant,
2057 5729 2141 5782 ubi
2167 5731 2247 5784 ci-

664 5820 801 5873 vitas
827 5828 917 5872 aut
944 5818 1128 5872 navale
1154 5827 1242 5870 aut
1271 5826 1453 5887 portus
1481 5816 1550 5872 ait
1568 5855 1583 5885 ,
1613 5818 1918 5889 navigantes
1944 5834 2049 5873 non
2084 5818 2239 5873 iuva-

1383 406 1443 464 S.
1481 406 1760 465 JOANNIS
1795 406 2271 465 CHRYSOSTOMI
2311 406 2631 467 ARCHIEP.
2672 406 3206 471 CONSTANTINOP.

3814 426 3923 482 556

2335 525 2494 592 dunt;
2544 526 2599 581 id
2641 543 2782 583 enim
2813 538 2897 584 est
2926 539 3126 587 temere
3156 536 3481 602 periclitari;
3532 539 3613 593 sin
3654 543 3923 613 navigium

2336 615 2387 669 in
2418 616 2526 669 alto
2555 615 2847 685 oﬂ'endant,
2880 621 3060 674 auxilii
3090 622 3487 681 destitutionem
3516 630 3748 684 audacia:
3781 630 3920 685 inci-

2337 718 2624 763 tamentum
2652 711 2812 778 nacti,
2844 714 3022 767 omnia
3059 726 3275 777 movent
3297 728 3457 789 atque
3483 725 3712 785 vet-Sunt,
3748 739 3925 789 neque

2335 798 2478 867 prius
2503 799 2794 865 desistunt,
2825 817 2983 873 quam
3010 812 3095 858 ant
3127 821 3221 860 eos
3249 808 3589 879 demergant,
3622 823 3709 864 aut
3737 813 3785 865 id
3817 813 3919 881 ipsi

2326 890 2598 959 patiantur
2621 910 2635 946 :
2659 892 2727 946 ita
2748 900 2803 947 et
2822 909 2945 949 acer
2964 894 3051 950 hic
3070 898 3238 967 pirata
3264 900 3451 969 virgini
3478 916 3667 971 graves
3703 903 3919 969 ﬂuctus,

2331 984 2598 1053 ingentem
2646 993 3051 1053 tempestatem,
3104 993 3477 1061 acprocellas
3522 995 3917 1060 intolerabiles,

2329 1073 2505 1126 omnia
2536 1087 2731 1144 susque
2755 1069 2928 1145 deque
2957 1078 3207 1146 miscens,
3239 1090 3294 1133 ut
3325 1083 3372 1134 vi
3402 1091 3561 1151 atque
3593 1085 3789 1153 impetu
3821 1100 3921 1138 na-

2331 1179 2449 1218 vem
2476 1166 2770 1221 subvertat.
2803 1168 3019 1225 Audivit
3045 1172 3190 1227 enim
3218 1174 3411 1242 virgini
3439 1191 3543 1227 non
3569 1177 3787 1231 concedi
3817 1177 3919 1229 Eo-

2328 1256 2447 1311 dem
2477 1260 2771 1325 convenire,
2800 1260 2896 1314 sed
2926 1262 2973 1314 ei
3018 1277 3242 1317 necesse
3269 1279 3391 1317 esse
3426 1276 3686 1333 perpetuo
3714 1271 3914 1323 adver-

2329 1364 2426 1404 sus
2452 1352 2763 1420 spiritualia
2786 1354 3042 1422 nequitiae
3066 1355 3258 1407 luctari
3284 1370 3348 1409 ac
3366 1356 3659 1426 conﬂigere
3689 1354 3909 1428 (Ep/tes.

2326 1442 2381 1497 6.
2412 1440 2526 1508 12),
2555 1442 2733 1496 donec
2751 1443 2969 1497 tandem
2993 1445 3417 1515 intranquillnm
3446 1456 3661 1517 portum
3688 1453 3912 1508 evadat.

2331 1529 2539 1584 Etenim
2564 1530 2760 1585 Paulus
2786 1532 2976 1601 virgini
3008 1541 3273 1603 tamquam
3301 1535 3423 1589 torti
3449 1538 3598 1591 militi
3630 1530 3792 1591 muris
3815 1553 3921 1590 ex—

2328 1622 2477 1676 cluso
2508 1632 2692 1691 portas
2721 1625 2920 1693 aperiri
2950 1640 3053 1679 non
3088 1628 3341 1693 permittit
3366 1670 3379 1689 ,
3409 1630 3652 1698 quamvis
3688 1639 3738 1681 et
3764 1630 3925 1683 valde

2330 1713 2493 1767 cﬂ’ero
2516 1712 2690 1781 boste,
2724 1725 2777 1769 et
2800 1716 2881 1768 vel
2903 1731 2967 1769 eo
2992 1716 3313 1783 crudeliore,
3336 1718 3476 1788 quod
3497 1720 3804 1773 adversario
3832 1722 3889 1773 in
3904 1748 3926 1759 -

2312 1804 2605 1879 duciarum
2630 1812 2866 1873 potestas
2895 1807 3037 1860 nulla
3061 1809 3144 1861 sit.
3175 1808 3283 1863 Nec
3316 1825 3442 1863 vero
3458 1810 3701 1865 diabolus
3722 1811 3923 1875 solum,

2330 1894 2425 1949 sed
2452 1894 2566 1964 ipse
2590 1897 2750 1950 etiam
2778 1897 3013 1951 libidinis
3029 1900 3274 1953 stimulus
3297 1900 3511 1954 cmlibes
3530 1910 3680 1970 urget
3704 1904 3883 1955 aerius
3904 1917 3922 1965 ;

2332 1986 2491 2057 idque
2533 1988 2780 2042 omnibus
2826 1991 3002 2058 palam
3048 2000 3150 2045 est.
3205 1992 3337 2045 Nam
3382 2007 3606 2062 quorum
3665 1993 3929 2047 habemus

2332 2092 2506 2140 usum,
2538 2091 2721 2130 eorum
2749 2078 3036 2147 cupiditate
3069 2079 3207 2132 haud
3246 2080 3400 2134 facile
3431 2083 3725 2150 tangitnur,
3765 2097 3930 2135 secu-

2331 2169 2486 2221 ritate
2511 2168 2689 2222 animo
2708 2169 2855 2238 segni
2878 2184 2999 2223 esse
3027 2170 3385 2238 permittente.
3412 2172 3586 2240 Atque
3608 2172 3746 2225 idem
3768 2172 3931 2227 nobis

2332 2258 2622 2312 confirmat
2645 2268 2700 2313 et
2728 2260 3067 2328 proverbium
3097 2262 3387 2330 pepulare,
3419 2263 3513 2315 sed
3540 2263 3591 2314 in
3623 2262 3804 2329 primis
3834 2278 3933 2316 ve.

2334 2366 2452 2404 rum
2473 2369 2486 2403 :
2506 2350 2659 2418 Quod
2689 2352 2741 2405 in
2773 2359 3050 2421 potestate,
3086 2353 3274 2422 inquit,
3306 2364 3612 2422 promptum
3638 2354 3730 2419 sit,
3767 2354 3817 2407 id
3854 2354 3928 2407 ad

2333 2442 2676 2510 cupiditatem
2696 2442 2836 2496 baud
2858 2458 2987 2497 sane
3009 2442 3196 2497 efﬁcax
3218 2455 3318 2499 est.
3347 2446 3439 2499 Sir:
3460 2446 3528 2500 ab
3556 2446 3620 2498 iis
3645 2444 3935 2513 prohibea-

2334 2548 2474 2597 mur,
2502 2548 2621 2603 quae
2663 2534 2867 2602 pridem
2907 2536 3241 2600 tenebamus,
3273 2546 3457 2589 contra
3490 2536 3701 2603 accidit,
3730 2547 3783 2591 et
3806 2553 3934 2607 quas

2334 2634 2552 2695 pr0pter
2583 2624 2884 2678 facultatem
2908 2641 2935 2677 a
2964 2626 3117 2682 nobis
3150 2636 3586 2693 contemnuntur,
3615 2644 3676 2682 ea
3711 2630 3861 2683 nobis
3893 2644 3931 2683 e

2341 2716 2587 2769 manibus
2642 2716 2837 2769 amissa
2890 2717 3257 2776 vehementius
3298 2718 3627 2773 desiderium
3670 2722 3930 2773 excitant.

2336 2805 2517 2875 itaque
2546 2806 2770 2875 primum
2799 2805 2897 2861 hac
2927 2804 3133 2861 ratione
3175 2808 3344 2875 major
3376 2817 3460 2862 est
3500 2809 3636 2877 apud
3664 2810 3927 2879 cntijuges

2338 2895 2694 2965 tranquillitas
2722 2914 2735 2947 :
2766 2895 2979 2963 deinde,
3010 2897 3149 2967 quod
3178 2898 3222 2951 si
3253 2896 3465 2951 flamma
3488 2899 3553 2952 iis
3577 2900 3734 2953 altius
3760 2915 3937 2969 quan-

2336 2985 2512 3054 doque
2549 2986 2831 3052 eluctetur,
2861 3002 2979 3042 eam
3017 2988 3255 3057 protinus
3289 2990 3583 3045 succedens
3614 3006 3936 3061 congressus

2338 3080 2601 3147 reprimit.
2636 3080 2705 3131 At
2722 3080 2869 3147 virgo
2892 3094 2995 3133 non
3016 3078 3221 3134 habens
3239 3080 3380 3135 unde
3407 3083 3579 3151 ignem
3606 3084 3935 3152 exstinguat,

2338 3184 2457 3222 eum
2496 3169 2777 3223 sublimem
2825 3180 2983 3239 atque
3024 3170 3132 3225 alte
3174 3184 3503 3240 grassantem
3534 3189 3779 3239 cernens,
3807 3191 3937 3229 cum

2338 3261 2676 3330 exstinguere
2715 3275 2819 3314 non
2862 3262 3048 3329 possit,
3085 3262 3137 3315 id
3180 3278 3342 3315 unum
3378 3263 3505 3332 agit,
3537 3280 3605 3318 ne
3645 3279 3763 3317 cum
3811 3266 3939 3334 igne

2339 3353 2654 3407 conﬂictans
2686 3363 2887 3407 uratur.
2918 3356 2998 3407 An
3027 3370 3154 3409 vero
3180 3354 3471 3424 quidquam
3503 3358 3671 3426 magis
3699 3357 3940 3411 insolens

2340 3454 2441 3510 est,
2470 3460 2629 3516 quam
2657 3444 2884 3499 solidum
2932 3445 3072 3498 intus
3109 3455 3319 3515 gestare
3367 3461 3571 3515 rogum,
3618 3462 3717 3499 nec
3754 3446 3933 3513 aduri,

2340 3552 2499 3606 quam
2526 3534 2739 3589 ﬂamma
2768 3536 2820 3589 in
2853 3537 3014 3589 animi
3048 3537 3304 3604 penetrali
3334 3538 3471 3591 ultro
3498 3539 3738 3607 citroque
3775 3552 3934 3591 com-

2340 3638 2553 3683 meante
2607 3628 2859 3681 intactam
2909 3636 3141 3681 mentem
3189 3628 3541 3683 conservare?
3583 3628 3750 3683 Nemo
3791 3630 3940 3685 enim

2343 3734 2459 3772 eam
2491 3719 2619 3772 sinit
2643 3718 2906 3772 carbones
2932 3733 3026 3772 eos
3058 3717 3202 3772 foras
3230 3718 3457 3787 ejicere;
3500 3719 3597 3773 sed
3628 3720 3766 3787 quod
3798 3720 3939 3773 Pro-

2343 3808 2650 3863 verbiorum
2673 3818 2856 3861 auctor
2878 3808 2929 3860 in
2954 3818 3139 3877 natura
3160 3809 3401 3875 corporis
3417 3808 3757 3877 desperatum
3780 3810 3931 3875 dicit,

2343 3899 2391 3952 id
2425 3899 2514 3952 illa
2547 3912 2767 3952 necesse
2794 3897 2953 3952 habet
2996 3898 3048 3951 in
3088 3898 3267 3951 animo
3308 3901 3591 3952 sustinere.
3633 3900 3767 3965 Quid
3805 3916 3939 3955 vero

2341 3989 2508 4043 dicit?
2554 3988 2842 4043 Ambulabit
2872 3988 2983 4055 quis
3024 4004 3175 4056 super
3210 3989 3451 4042 carbones
3472 4030 3483 4052 ,
3530 4005 3619 4041 nec
3648 3990 3755 4058 ejus
3786 3991 3938 4055 pedes

2342 4084 2616 4136 adurantur
2640 4081 2820 4154 (Prov.
2845 4082 2897 4135 6.
2919 4079 3052 4149 28)?
3079 4082 3215 4135 Ecce
3245 4090 3420 4136 autem
3450 4081 3562 4134 lucc
3588 4082 3839 4144 atnbulat,
3869 4096 3933 4137 ac

2343 4174 2543 4247 perfert
2560 4175 2871 4229 cruciatum.
2901 4174 3000 4225 Aut
3025 4175 3188 4244 ignem
3209 4174 3262 4225 in
3282 4173 3396 4225 sinu
3422 4154 3614 4242 ligabit,
3639 4183 3685 4225 et
3706 4188 3805 4225 non
3825 4175 3940 4242 ejus

2343 4276 2556 4321 urentur
2581 4266 2872 4320 vestimenta
2912 4262 3015 4333 (ib.
3048 4279 3097 4315 υ.
3129 4262 3257 4329 27)?
3298 4266 3366 4317 At
3404 4264 3518 4317 hazc
3550 4274 3654 4317 non
3676 4264 3937 4330 vestibus,

2344 4360 2438 4413 sed
2457 4357 2608 4413 intus
2636 4358 2809 4428 ignem
2832 4356 3125 4411 'eoutinens
3155 4356 3376 4413 efferum
3406 4367 3565 4426 atque
3595 4366 3934 4425 resonantem

2345 4449 2609 4503 ﬂammam
2633 4449 2860 4503 sustinet
2886 4462 2948 4501 ac
2978 4448 3124 4515 tegit.
3151 4446 3220 4500 Et
3237 4447 3413 4502 adhuc
3433 4448 3731 4516 quisquam,
3755 4446 3935 4511 sodes,

2345 4539 2743 4595 matrimonium
2774 4554 2895 4592 cum
2920 4538 3221 4608 virginitate
3244 4536 3509 4603 conferre,
3530 4533 3603 4591 2m
3627 4538 3708 4592 vel
3728 4539 3936 4593 obtueri

2346 4634 2516 4687 ausit?
2558 4633 2627 4686 At
2648 4648 2755 4686 non
2781 4631 3038 4707 permittit
3081 4631 3269 4685 beatus
3300 4631 3494 4689 Paulus
3530 4632 3577 4699 (l
3618 4628 3737 4685 Cor-
3764 4632 3815 4685 7.
3842 4630 3938 4685 32.

2348 4722 2461 4794 33),
2496 4723 2585 4793 qui
2621 4722 2806 4791 ingens
2837 4720 3110 4790 utriusque
3142 4721 3216 4775 rei
3248 4720 3535 4774 discrimen
3577 4721 3727 4789 ponit
3758 4737 3772 4771 :
3815 4734 3939 4773 nam

2348 4815 2455 4876 illa,
2480 4811 2573 4876 ait,
2596 4828 2713 4882 qua:
2743 4821 2866 4866 sunt
2892 4811 3121 4873 Domini,
3142 4808 3258 4863 haec
3276 4825 3394 4879 qua:
3414 4817 3537 4863 sunt
3565 4809 3746 4863 mundi
3765 4816 3937 4862 curat.

2347 4905 2599 4960 Collectis
2641 4904 2800 4973 igitur
2842 4903 2893 4955 in
2943 4917 3106 4955 unum
3150 4900 3500 4969 coniugibus,
3544 4909 3597 4953 et
3640 4900 3693 4953 in
3722 4899 3941 4967 virginis

2347 4996 2592 5066 gratiam,
2622 4994 2741 5047 audi
2785 4992 2909 5062 quid
2956 4991 3059 5045 illis
3100 4992 3407 5059 exprobret.
3436 4988 3629 5043 Eodem
3658 4990 3822 5055 enim,
3854 4990 3941 5043 in-

2350 5089 2483 5157 quit,
2516 5085 2792 5150 convenite,
2826 5101 2888 5136 ne
2926 5098 3011 5135 vos
3056 5092 3206 5135 tentet
3246 5092 3449 5145 satanas
3497 5080 3617 5152 (Ib.
3645 5098 3695 5133 υ.
3726 5081 3816 5149 5).
3863 5082 3944 5135 Ac

2350 5181 2533 5233 volens
2554 5177 2840 5232 ostendere
2866 5187 3032 5229 totum
3055 5178 3169 5243 ejus
3198 5175 3474 5229 teutationi
3497 5189 3601 5227 non
3623 5173 3823 5234 deberi,
3846 5173 3941 5226 sed

2352 5283 2549 5328 nostra:
2576 5273 2735 5327 etiam
2764 5270 2987 5341 ignaviae
3014 5270 3323 5337 plurimum,
3352 5269 3780 5337 principaliorem
3810 5280 3943 5319 eau-

2352 5379 2464 5417 sam
2491 5362 2657 5427 addit,
2689 5360 2933 5429 inquiens
2954 5399 2969 5424 ,
2999 5359 3218 5430 Propter
3238 5367 3450 5412 vestram
3479 5357 3938 5426 intemperantiam.

2352 5454 2480 5521 Quis
2493 5468 2595 5507 non
2619 5433 2669 5506 id
2689 5450 2911 5505 audiens
2927 5450 3245 5504 erubescat?
3265 5450 3382 5518 quis
3400 5465 3503 5502 non
3523 5446 3947 5516 intemperantiae

2353 5554 2532 5599 notam
2560 5542 2792 5611 effugere
2818 5540 3105 5595 moliatur?
3130 5540 3311 5610 Neque
3336 5542 3477 5593 enim
3500 5538 3801 5593 cohortatio
3830 5539 3945 5595 hac

2354 5635 2420 5687 ad
2452 5648 2638 5686 omnes
2670 5632 2917 5701 pertinet,
2948 5630 3040 5684 sed
3069 5629 3137 5683 ad
3171 5629 3325 5682 valde
3367 5629 3648 5683 demissos.
3688 5626 3838 5702 Quod
3871 5624 3943 5685 si.

2355 5725 2544 5794 inquit,
2573 5732 2681 5777 tam
2720 5737 2779 5775 es
2819 5736 3005 5776 servus
3030 5720 3383 5791 voluptatum,
3411 5719 3453 5773 si
3486 5728 3592 5771 tam
3634 5716 3809 5771 mollis
3834 5757 3848 5779 ,
3890 5729 3951 5771 ut

2362 5832 2573 5890 semper
2599 5818 2650 5871 in
2678 5829 2925 5871 venerem
2952 5812 3151 5869 eﬁ'usus
3181 5821 3338 5882 atque
3364 5809 3573 5864 inhians
3598 5809 3694 5876 sis,
3725 5821 3948 5879 congre-
