4206 6324
248 424 364 486 855

263 545 421 599 Ἐπεὶ
468 538 564 596 οὖν
595 534 864 609 τοσαύτην
901 538 962 591 ἐν
1010 535 1130 599 ταῖς
1174 535 1361 605 εὐχαῖς
1403 533 1676 603 πρόσιμεν
1723 529 1847 609 σϐέ-

253 640 446 685 σοντες
474 621 670 694 ὀργὴν,
702 620 794 672 καὶ
819 607 880 672 ὃν
902 616 1046 670 οὕτω
1078 614 1203 668 καθ’
1231 614 1470 694 ἑκάστην
1518 607 1855 694 ἐκπολεμοῦ-

254 720 361 774 μεν
392 702 488 772 τὴν
511 689 743 771 ’ἡμέραν
806 695 1263 769 καταλλάξοντες,
1297 691 1528 774 εἰκότως
1567 691 1716 774 ἡμᾶς
1749 689 1857 774 ἀπο

250 764 381 850 ἀγει
406 764 510 848 τῆς
538 764 736 848 ἡδονῆς
770 775 1005 845 ἐκείνης,
1036 764 1319 844 μονονουχὶ
1357 769 1566 850 λέγων’,
1587 769 1724 850 Περὶ
1746 765 1853 850 ψυτ
1877 793 1886 798 -

248 846 360 930 χῆς
391 846 523 928 ἡμῖν
557 846 585 910 6
613 846 792 923 λόγος,
845 851 1158 924 ἀγαπητοὶ,
1190 850 1332 918 ὑπὲρ
1385 848 1495 930 τῶν
1551 846 1794 930 ἐσχάτων
1825 847 1856 898 ὁ

249 924 521 1000 κίνδυνος
553 936 779 1006 τρέμειν
803 933 883 986 δεῖ
915 933 1008 984 καὶ
1030 931 1327 984 δεδοικέναι
1352 929 1448 981 καὶ
1474 924 1851 980 συνεστάλθαι·

248 1018 491 1090 δεσπότῃ
514 1005 783 1086 πρόσιμεν
815 1011 1052 1082 φοϐερῷ,
1086 1009 1262 1090 πολλὰ
1308 1007 1459 1090 παρ’
1492 1006 1651 1090 ἡμῶν
1687 1005 1852 1090 ⁸ὑϐρι-

249 1086 715 1166 σμένῳξμεγάλα
742 1094 872 1162 ἡμῖν
903 1090 1081 1166 ἐχοντι
1109 1089 1204 1141 καὶ
1229 1088 1371 1166 ὺπέρ
1401 1086 1663 1166 μεγάλων,
1682 1087 1852 1166 ἐγκα-

247 1163 387 1226 λεῖν.
414 1163 510 1225 ⁷ού
532 1169 883 1242 περιπλοκῶν
912 1164 1069 1231 οὗτος
1099 1169 1128 1219 6
1179 1164 1392 1236 καιρὸς,
1433 1163 1560 1218 οὕτε
1610 1165 1850 1236 ἡδονῶν,

245 1252 392 1305 ἀλλά
429 1251 682 1323 δακρύων
729 1251 825 1304 καὶ
869 1246 1208 1316 στεναγμῶν
1269 1244 1506 1316 πικρῶν,
1559 1242 1853 1316 προσπτώ-

247 1348 412 1395 σεως,
459 1329 905 1401 ἐξομολογήσεως
957 1325 1244 1398 ἀκριϐοῦς,
1289 1325 1565 1388 λιτανείας
1595 1341 1854 1378 συντετα-

249 1410 446 1480 μένης,
484 1409 765 1480 ίκετηρίας
803 1406 1027 1476 πολλῆς.
1074 1404 1383 1474 Ἀγαπητὺν
1421 1403 1532 1474 γάρ
1583 1403 1680 1456 καὶ
1709 1404 1848 1474 μετά

244 1490 524 1561 τοσαύτης
580 1487 996 1560 προσπίπτοντα
1040 1484 1280 1560 σπουδῆς
1344 1482 1647 1553 δυνηθῆναι
1678 1501 1850 1554 προσ-

249 1569 404 1622 ιόντα
459 1556 953 1636 καταμαλάξασθαι
1016 1575 1042 1604 ι
1076 1556 1180 1632 τὴν
1233 1562 1405 1633 ὀργὴν
1465 1562 1704 1632 ἐκείνην·
1748 1564 1848 1632 οὐχ

241 1649 332 1700 ὅτι
357 1647 593 1716 ἀπηνὴς,
629 1644 738 1696 066'
759 1644 842 1696 ὅτι
871 1640 1022 1711 ὠμὸς
1053 1642 1083 1694 6
1109 1641 1391 1708 Δεσπότης
1413 1639 1594 1710 ημῶν·
1623 1640 1717 1693 καὶ
1739 1640 1849 1710 7&9

245 1727 460 1796 σφόδρα
489 1724 637 1776 ἐστὶν
688 1723 898 1792 ἥμερος
935 1721 1032 1772 καὶ
1062 1719 1468 1790 φιλάνθρωπος·
1506 1717 1624 1772 ἀλλ’
1653 1721 1688 1790 ἡ
1736 1718 1849 1772 τῶν

245 1807 666 1882 ἁμαρτημάτων
696 1805 806 1858 τῶν
835 1804 1126 1874 ἡμετέρων
1161 1801 1435 1871 ὑπερϐολὴ
1455 1801 1577 1854 οὐδὲ
1596 1801 1688 1855 τὸν
1713 1819 1850 1873 χρη-

243 1894 376 1947 στὸν
408 1892 502 1946 καὶ
532 1888 752 1958 ἐπιεικῆ
781 1889 880 1940 καὶ
933 1885 1225 1938 πολυέλεον
1283 1882 1510 1954 ἀφίησιν
1553 1886 1687 1955 ἡμῖν
1717 1903 1850 1954 συγ-

241 1975 454 2045 γνῶναι
512 1972 742 2042 ταχέως·
799 1970 882 2023 διό
931 1983 1135 2038 φησιν’
1168 1967 1327 2045 -.Ἵνα
1385 1967 1723 2035 σχολάζητε
1769 1968 1848 2038 τῇ

241 2042 502 2122 νηστείᾳ
534 2053 632 2106 καὶ
656 2046 995 2118 προσευχῇ.
1030 2046 1097 2100 Τί
1132 2042 1226 2099 οὖν
1258 2046 1325 2099 ἂν
1358 2045 1444 2117 είη
1475 2047 1574 2117 τῆς
1600 2047 1848 2110 δουλείας

239 2135 454 2204 ταύτης
479 2131 845 2202 πικρότερον;
877 2124 1152 2197 Βούλομαι
1189 2125 1468 2179 ἐπιδοῦναι
1499 2126 1526 2165 δ
1557 2127 1693 2198 πρὸς
1714 2128 1848 2197 ἀρε-

238 2218 368 2284 τὴν,
394 2213 705 2282 ἀναπτῆναι
739 2207 876 2280 πρὸς
903 2208 997 2262 τὸν
1023 2205 1276 2276 οὐρανὸν,
1328 2205 1608 2275 νηστείαις
1631 2208 1726 2260 καὶ
1757 2207 1850 2260 εὑ-

241 2299 370 2366 17};
400 2292 645 2363 συνεχῶς
691 2285 1125 2366 προσκαρτερῶν
1177 2285 1497 2366 ἀποσμῆξαι
1549 2287 1642 2366 16v
1673 2287 1847 2358 ῥύπον

239 2365 341 2441 τῆς
379 2373 582 2442 ψυχῆςο
613 2366 734 2422 εἶτα
768 2368 835 2421 ἂν
869 2367 945 2437 μὴ
976 2365 1238 2436 βούληται
1283 2365 1469 2431 ἐκείνη
1525 2365 1698 2438 ταύτῃ
1722 2368 1847 2421 ἐπι-

237 2453 435 2507 νεῦσαι
462 2455 530 2522 τῇ
587 2447 805 2518 γνώμῃ,
865 2443 1250 2513 ἀναγκάζομαι
1309 2443 1585 2498 δουλεύειν
1617 2457 1638 2484 ε
1675 2447 1846 2517 αὐτῆς

235 2536 306 2604 τῇ
338 2531 585 2602 λαγνείᾳ.
615 2529 716 2582 Διά
750 2526 910 2582 τοῦτο
938 2525 1050 2596 7&9
1099 2522 1611 2604 ἀρχόμενοςῦεγε,
1645 2526 1850 2580 Καλὸν

237 2603 534 2677 ἀνθρώπῳ
565 2603 854 2678 γυναικός
877 2603 964 2675 μὴ
999 2604 1316 2659 ἅπτεσθαι·
1348 2603 1439 2655 διά
1490 2604 1651 2657 τοῦτο
1674 2605 1769 2658 καὶ
1796 2607 1848 2658 οί

242 2692 489 2762 μαθηταὶ
512 2690 649 2760 πρὸς
669 2692 762 2740 τὸν
796 2684 1002 2757 Κύριον
1027 2680 1206 2745 εἷπον,
1247 2686 1319 2737 El
1357 2682 1548 2751 οὕτως
1601 2685 1775 2740 ἐστὶν
1807 2690 1847 2755 ἡ

235 2773 402 2827 αιτιά
428 2771 536 2824 τοῦ
563 2767 882 2836 ἀνθρώπου
910 2763 1064 2834 μετὰ
1098 2763 1210 2831 τῆς
1239 2763 1549 2832 γυναικός,
1587 2767 1661 2818 οὐ
1693 2782 1851 2835 συμ-

236 2850 409 2918 φέρει
441 2844 726 2918 γαμῆσαι.
769 2842 1135 2912 Λογισάμενοι
1159 2839 1269 2910 γὰρ
1303 2842 1386 2894 ὅτι
1416 2843 1585 2915 πολλὴ
1631 2843 1848 2915 ἀνάγκη

237 2928 459 3000 θατέρῳ
488 2930 646 2997 μέρει
672 2921 930 2991 γενέσθαι
955 2921 1056 2991 τὴν
1089 2919 1482 3000 ἐπήρειαν.καὶ
1507 2938 1850 2995 στενοχωρη-

237 2997 557 3070 θέντεςύπδ
581 3004 687 3056 τῶν
717 2997 1232 3072 λογισμῶν,ταύτην
1259 2999 1484 3067 ἀφῆκαν
1507 3001 1608 3070 τὴν
1636 3004 1844 3074 φωνήν.

311 3085 438 3139 Al".
476 3084 573 3136 Διά
596 3082 756 3136 τοῦτο
783 3081 877 3136 καὶ
896 3080 927 3132 6
953 3078 1169 3141 Παῦλος
1187 3077 1428 3147 συνεχῶς
1444 3079 1578 3132 αὐτὸ
1601 3083 1846 3153 στρέφει,

237 3164 331 3219 [va
361 3165 442 3228 εἰς
473 3163 664 3217 τοῦτον
691 3162 786 3216 16v
814 3157 1078 3227 λογισμὸν
1108 3157 1323 3228 ἐμϐάλῃ
1345 3157 1474 3219 τοὺς
1505 3160 1846 3228 Κορινθίους·

236 3245 548 3309 Ἕκαστος
600 3241 718 3309 τὴν
764 3238 986 3294 ἑαυτοῦ
1045 3237 1305 3307 γυναῖκα
1363 3236 1569 3305 ἐχέτω⁶
1624 3238 1705 3308 Τῇ
1743 3259 1849 3309 γυ.

232 3323 405 3391 rami
443 3327 477 3377 ό
526 3321 683 3391 ἀνὴρ
731 3319 849 3388 τὴν
892 3316 1297 3387 ὀφειλομένην
1345 3317 1594 3372 εὔνοιαν
1638 3320 1850 3375 ἀποδι-

233 3402 414 3455 δότω·
442 3401 513 3455 Ἦ
543 3399 698 3469 γυνὴ
730 3397 838 3452 τοῦ
864 3397 1020 3451 ἰδίου
1043 3394 1322 3465 σώματος
1342 3398 1458 3450 οὐκ
1489 3397 1847 3464 ἐξουσιάζειο

233 3480 338 3548 Μὴ
372 3478 760 3546 ἀποστερεῖτε
783 3493 785 3495 ‘
807 3475 1144 3541 ἀλλήλους·
1187 3473 1315 3526 Ἑπί
1353 3474 1421 3526 τὸ
1456 3469 1605 3529 αὐτὸ
1630 3478 1850 3546 συνέρ-

235 3559 448 3627 χεσθε.
479 3557 615 3627 Οὐδὲ
637 3556 752 3627 7&9
785 3557 836 3608 οί
868 3554 1133 3626 μακάριοι
1154 3553 1276 3605 τότε
1304 3552 1508 3606 ἐκεῖνοι
1529 3556 1594 3608 ἐκ
1622 3554 1847 3626 πρώτης

234 3624 449 3698 εὐθέως
469 3624 629 3687 τοῦτο
655 3624 879 3686 ἔπαθον
896 3631 997 3701 τῆς
1028 3631 1236 3700 φωνῆς,
1285 3628 1404 3682 ἀλλ’
1436 3632 1527 3684 ὅτε
1569 3632 1635 3685 ἐκ
1671 3624 1851 3686 δευτέ-

241 3733 343 3786 ρου
366 3714 540 3767 ταῦτα
568 3715 832 3784 ἥκουσαν,
868 3712 987 3765 τότε
1050 3709 1291 3762 συνεῖδον
1337 3709 1439 3778 τῆς
1492 3711 1718 3778 ἐντολῆς
1748 3713 1848 3785 τὴν

236 3795 508 3864 ἀνάγκην.
545 3793 654 3844 Καὶ
684 3791 795 3861 γὰρ
823 3791 914 3843 ὅτε
946 3788 1186 3858 ἐκάθητο
1209 3788 1304 3840 ἐπὶ
1327 3788 1424 3840 τοῦ
1455 3787 1617 3857 ὅρους
1650 3792 1679 3843 ὁ
1711 3792 1850 3861 Χρι-

237 3873 391 3937 στὸς,
429 3872 683 3942 διελέχθη
714 3870 847 3940 περὶ
874 3869 1093 3933 τούτου,
1149 3867 1246 3920 καὶ
1306 3868 1430 3936 μεθ’
1460 3866 1629 3937 ἕτερα
1675 3871 1850 3925 πολλά

234 3951 408 4006 πάλιν
435 3949 612 4012 οὕτως
639 3949 842 4011 αὐτοὺς
870 3947 1172 4016 εἰσήγαγεν
1219 3946 1301 4008 εἰς
1341 3944 1434 3999 τὸν
1479 3945 1583 4016 τῆς
1638 3949 1847 4018 ἐγκρα-

233 4031 394 4094 τείας
439 4030 660 4101 ἔρωτα·
715 4027 861 4080 οὕτω
930 4024 1176 4096 συνεχῶς
1226 4024 1299 4076 τά
1369 4022 1512 4101 αὑτά
1575 4025 1850 4098 λεγόμενα

240 4099 482 4164 πλείονα-
507 4110 622 4178 ἔχει
648 4108 750 4178 τὴν
777 4107 1084 4175 ἐνέργειαν.
1120 4102 1421 4156 Κάνταῦθα
1453 4099 1548 4156 οὖν
1584 4104 1676 4157 τὸν
1702 4107 1849 4162 διδάο

236 4190 440 4244 σκαλον
475 4188 814 4259 μιμούμενος
872 4186 901 4237 6
950 4183 1201 4254 μαθητὴς
1259 4181 1503 4252 συνεχῶς
1564 4185 1694 4253 7:591
1736 4185 1849 4240 τῶν

233 4268 424 4325 αὐτῶν
452 4267 787 4335 διαλέγεται·
815 4265 911 4318 καὶ
931 4262 1174 4333 οὐδαμοῦ
1200 4262 1302 4333 τὴν
1332 4260 1847 4338 συγχώρησιν

233 4345 431 4410 ἅπλῶς
463 4346 701 4414 τίθησιν,
727 4343 865 4398 ἀλλά
891 4342 1032 4414 μετὰ
1081 4340 1284 4406 αἰτίας,
1335 4339 1424 4393 διά
1459 4339 1561 4404 τὰς
1590 4343 1848 4412 πορνείας

232 4427 440 4496 λέγων,
491 4425 748 4487 καὶτοὺς
796 4421 1146 4494 πειρασμοὺς
1180 4421 1309 4483 τοὺς
1359 4421 1709 4485 σατανικοὺς,
1750 4425 1848 4477 καὶ

229 4508 341 4577 τὴν
399 4503 697 4576 ἀκρασίαν,
747 4504 846 4557 καὶ
901 4500 1235 4562 ἀνυπόπτως
1291 4499 1353 4552 16
1399 4501 1502 4568 τῆς
1546 4501 1848 4571 παρθενίας

232 4583 518 4654 ἐγκώμιον
539 4582 909 4655 ἐργαζόμενος
933 4583 993 4634 ἐν
1011 4582 1127 4642 τοῖς
1156 4579 1288 4649 περὶ
1305 4580 1399 4630 τοῦ
1430 4578 1612 4648 γάμου
1640 4580 1843 4650 λόγοις.

305 4665 428 4717 ΛΔ’.
462 4665 524 4716 El
556 4665 663 4735 7&9
686 4665 814 4726 τοὺς
838 4665 896 4716 ἐν
921 4660 1001 4731 τῷ
1025 4658 1192 4730 γάμῳ
1214 4657 1594 4727 διατρίϐοντας
1609 4659 1848 4715 δέδοικεν

231 4743 548 4813 ἀποστῆσαι
576 4741 833 4803 ἐπιπολὺ,
868 4741 944 4810 μή
985 4756 1108 4792 τινα
1158 4736 1518 4809 παρείσδυσιν
1542 4740 1571 4790 6
1599 4739 1847 4805 διάϐολος

232 4822 399 4895 ὤρη,
430 4822 616 4890 πόσων
640 4821 710 4876 ἀν
743 4817 858 4876 εἷεν
895 4819 1046 4885 ἄξιαι
1105 4819 1390 4886 στεφάνων
1419 4819 1477 4871 αἰ
1505 4819 1641 4888 μηδὲ
1691 4822 1848 4892 παρά

230 4903 340 4972 τὴν
364 4901 540 4972 ἀρχὴν
571 4900 780 4970 ταύτης
829 4898 1110 4970 δεηθεῖσαι
1163 4897 1268 4967 γῆς
1317 4897 1700 4967 παραμυθίας,
1749 4900 1846 4953 καὶ

233 4981 407 5052 μέχρι
431 4981 622 5043 τέλους
657 4980 950 5054 ἀχείρωτοι
981 4977 1370 5048 διαμείνασαι;
1400 4974 1604 5054 Καίτοι]
1628 4979 1750 5032 ούδέ
1777 4979 1845 5033 τά

231 5061 395 5130 παρά
419 5058 514 5113 τοῦ
538 5052 798 5113 διαϐόλου
823 5059 1042 5129 μηχανή
1053 5073 1206 5128 ματα
1247 5055 1308 5121 ἐξ
1337 5056 1464 5125 ῐσης
1507 5052 1845 5128 ἀμφοτέροις

227 5139 613 5210 προσάγεται..
631 5139 760 5202 Τοῖς
783 5138 883 5210 μὲν
907 5136 1019 5208 γὰρ
1051 5135 1176 5189 οὐδέ
1202 5133 1442 5205 ἐνοχλεῖν
1473 5134 1639 5189 αὐτὸν
1660 5130 1840 5207 οἶμαι,

228 5218 418 5271 εἰδότα
442 5219 527 5271 ὅτι
553 5217 782 5288 πλησίον
813 5217 999 5280 αὐτοῖς
1033 5217 1068 5286 ἠ
1093 5213 1412 5283 καταφυγὴ,
1445 5213 1549 5267 κάν
1583 5232 1732 5279 τινος
1758 5218 1844 5271 αῖ-

230 5299 476 5351 σθωνται
512 5296 882 5367 σφοδροτέρας
914 5292 1247 5367 προσϐολῆς,
1279 5292 1491 5358 ἔξεστιν
1519 5292 1726 5358 εὐθέως
1748 5297 1844 5349 ἐπὶ

225 5376 329 5430 16v
356 5375 552 5447 λιμένα
584 5375 977 5442 καταφεύγειν·
1027 5371 1154 5426 οὐδὲ
1175 5371 1286 5441 7&9
1330 5371 1558 5441 ἀφίησιν
1587 5372 1787 5437 αὐτοὺς
1813 5376 1844 5427 6

229 5453 512 5522 μακάριος
548 5453 760 5516 Παῦλος
819 5451 1159 5524 πορρωτέρω
1207 5449 1384 5511 πλεῖν,
1430 5450 1546 5504 ἀλλ’
1581 5451 1842 5523 61000196-

227 5549 364 5601 φαεν
390 5532 554 5604 ήνίκα
597 5531 665 5585 ἃν
700 5533 925 5601 κάμωσι
968 5531 1251 5600 παραινεῖ.
1302 5528 1470 5582 πάλιν
1523 5529 1842 5598 ἐπιτρέπων

227 5615 331 5667 ἐπὶ
381 5613 444 5665 16
486 5609 620 5666 αὐτὸ
668 5610 1049 5682 συνέρχεσθαι.
1090 5609 1156 5664 Ἠ
1209 5609 1267 5662 δὲ
1305 5608 1578 5681 παρθένος
1610 5609 1677 5663 δι’
1716 5609 1840 5662 ὅλου

229 5691 585 5745 εαλαττεύειν
620 5691 1016 5758 ἀναγκάζεται,
1061 5691 1157 5742 καὶ
1191 5688 1428 5756 πέλαγος
1454 5688 1608 5741 πλεῖν
1641 5689 1838 5758 ἀλίμε-

225 5787 347 5826 vov'
379 5771 485 5826 κᾶν
511 5773 541 5825 6
577 5769 970 5841 χαλεπώτατος
996 5769 1252 5841 διεγερθῇ
1281 5767 1513 5841 χειμὼν,
1544 5769 1666 5823 οὐδέ
1695 5769 1838 5824 οὕτω

291 5891 469 5968 τινες

699 5954 1144 6065 ἐξιδοῦναι.

1608 414 1694 470 DE
1732 412 2204 474 VIRGINITATE.

3443 410 3549 466 δεις

1957 527 2117 596 θέμις
2140 525 2368 598 ὁρμίσαι
2415 525 2478 578 16
2529 523 2734 594 σκάφος
2775 524 2914 594 αὐτῇ
2964 523 3056 575 καὶ
3105 521 3550 578 ἀναπαύσασθαι.

1957 606 2169 677 Ὠσπερ
2203 602 2297 659 οῦν
2323 607 2373 657 οί
2423 603 2565 657 κατά
2610 603 2710 673 τὴν
2755 601 3028 655 θάλατταν
3071 600 3390 671 κακοῦργοι,
3423 604 3554 657 ἔνθα

1957 684 2058 754 μὲν
2078 683 2144 737 ἂν
2235 685 2392 747 πόλις
2418 683 2451 753 ἢ
2481 682 2719 735 ἐπίνειον
2751 681 2786 750 ἢ
2840 680 3030 750 λιμὴν,
3075 681 3178 732 οὐκ
3215 680 3554 735 ἐπιτίθενται

1953 767 2067 826 τοῖς
2097 764 2325 816 πλέουσι
2385 761 2564 829 (τοῦτο
2609 760 2720 831 7&9
2753 759 2932 830 μάτην
2981 757 3326 810 ’κινδυνεύειν
3356 759 3553 829 ἐστίν)·

1952 844 2020 897 ἂν
2043 845 2100 897 δέ
2126 845 2185 895 ἐν
2212 844 2362 913 μέσῳ
2392 842 2471 912 τῷ
2496 841 2726 907 πελάγει
2753 840 2815 892 16
2846 838 3056 906 σκάφος
3087 837 3422 902 ἀπολάϐωσι,
3453 838 3556 909 τὴν

1952 924 2191 995 ἐρημίαν
2212 922 2322 976 τῶν
2354 920 2733 992 βοηθησόντων
2765 918 2867 987 τῆς
2897 918 3108 987 τόλμης
3154 917 3366 985 ἐφόδιον
3401 917 3554 987 έχον-

1951 1018 2065 1064 τες,
2095 1002 2277 1055 πάντα
2303 1000 2512 1054 κινοῦσι
2541 1000 2637 1052 καὶ
2690 997 3008 1069 στρέφουσι.
3059 996 3154 1049 καὶ
3189 996 3252 1047 o6
3286 996 3555 1067 πρότερον

1949 1080 2282 1147 ἀφίστανται
2302 1079 2408 1142 ἐως
2435 1079 2501 1132 ἂν
2529 1078 2562 1147 ἢ
2589 1075 2936 1130 καταδύσωσι
2957 1075 3087 1136 τοὺς
3119 1074 3483 1143 ἐμπλέοντας,
3517 1074 3552 1144 ἢ

1948 1157 2111 1211 τοῦτο
2138 1157 2387 1212 πάθωσιν
2415 1157 2592 1210 αὐτοῖο
2623 1154 2767 1209 οὕτω
2791 1156 2885 1207 καὶ
2915 1155 2944 1206 6
2968 1153 3142 1216 δεινὸς
3171 1147 3328 1215 οὗτος
3358 1169 3554 1223 πειρα-

1947 1237 2050 1308 τὴς
2077 1239 2144 1308 τῇ
2180 1236 2439 1308 παρθένῳ
2474 1235 2642 1289 πολὺν
2665 1235 2864 1302 ἐπάγει
2899 1233 2990 1286 τὸν
3033 1233 3282 1304 χειμῶνα
3313 1228 3408 1284 καὶ
3454 1249 3555 1302 χα-

1948 1315 2122 1386 λεπὴν
2152 1318 2253 1387 τὴν
2310 1317 2501 1386 ζάλην,
2559 1315 2656 1368 καὶ
2712 1314 3023 1384 ἀφορήτους
3076 1308 3182 1374 ’τὰς
3229 1311 3550 1382 τρικυμίας,

1949 1396 2130 1449 πάντα
2155 1396 2270 1448 ἀνω
2305 1395 2399 1448 καὶ
2451 1394 2604 1446 κάτω
2655 1391 2865 1456 κυκῶν,
2922 1390 3064 1443 ὥστε
3110 1393 3177 1459 τῇ
3215 1389 3451 1460 βίῳκαὶ
3481 1391 3552 1459 τῇ
3628 1425 3636 1431 .

1949 1477 2101 1550 ῥύμῃ
2128 1474 2458 1546 περιτρέψαι
2513 1473 2604 1526 16-
2632 1472 2861 1540 σκάφος.
2919 1471 3161 1550 Ἤκουσε
3193 1469 3310 1550 γὰρ
3348 1470 3432 1550 ὅτι
3465 1469 3550 1530 τὸ,

1960 1549 2094 1610 Ἐπί
2131 1557 2200 1609 τὸ
2227 1557 2376 1609 αὐτὸ
2405 1552 2837 1621 συνέρχεσθαι,
2870 1552 2904 1622 ἡ
2959 1549 3230 1620 παρθένος
3261 1549 3362 1602 οὐκ
3409 1549 3549 1618 ἔχει.

1947 1636 2064 1689 ἀλλ’
2093 1636 2312 1705 ἀνάγκη
2351 1635 2422 1688 δι’
2471 1634 2596 1686 ὅλου
2652 1630 2909 1684 παλαίειν
2957 1629 3155 1698 αὐτὴν,
3184 1629 3252 1681 δι’
3279 1628 3404 1681 ὅλου
3448 1629 3554 1698 μά-

1947 1714 2142 1785 χεσθαι
2171 1714 2311 1783 πρὸς
2335 1713 2405 1766 τὸ.
2444 1709 2798 1782 πνευματικά
2853 1709 2956 1778 τῆς
3011 1707 3304 1785 πονηρίας,
3350 1707 3458 1770 ἕως
3484 1705 3552 1785 ἂν

1946 1784 2030 1856 εἰς
2059 1793 2153 1846 τὸν
2207 1790 2384 1847 εὓδιον
2440 1788 2798 1858 καταπλεύσῃ
2837 1785 3053 1857 λιμένα.
3118 1784 3389 1855 Καθάπερ
3439 1784 3552 1854 γὰρ

1949 1870 2294 1942 στρατιώτην
2347 1871 2597 1937 γενναῖον
2652 1865 2758 1930 ἐξω
2802 1864 3001 1934 τειχῶν
3055 1863 3390 1926 ἀποκλείσας
3450 1863 3552 1942 τὴν

1947 1941 2219 2019 παρθένον
2243 1953 2271 2003 6
2299 1948 2534 2012 Παῦλος,
2567 1948 2670 2000 οὐκ
2722 1945 2952 2014 ἀφίησιν
2988 1942 3276 2012 ἀνοιγῆναι
3309 1942 3409 2006 τάς
3441 1941 3550 1994 πύ-

1946 2028 2044 2101 λας
2075 2030 2238 2099 αὐτῇ.
2270 2029 2377 2082 κᾶν
2408 2027 2617 2097 σφόδρα
2636 2027 2665 2078 6
2688 2023 2948 2092 πολέμιος
2972 2021 3234 2092 ἀγριαίνῃ
3275 2021 3413 2101 πρὸς
3451 2021 3552 2101 αύ-

1945 2099 2068 2180 τὴν,
2110 2108 2215 2162 κᾶν
2238 2108 2391 2177 αὐτῷ
2417 2106 2595 2176 τούτῳ
2626 2103 2990 2174 σφοδρότερος
3029 2102 3289 2170 γίγνηται
3333 2099 3412 2170 τῷ
3457 2100 3550 2156 τὸν

1945 2189 2241 2240 ἀντίπαλον
2273 2186 2546 2257 μηδεμίαν
2579 2183 2828 2248 ἐξουσίαν
2857 2182 3001 2252 ἔχειν
3055 2180 3413 2250 ἀνακωχῆςά.
3437 2182 3552 2252 Οὐχ

1945 2267 1974 2318 6
2000 2265 2247 2329 διάϐολος
2285 2265 2343 2319 δὲ
2380 2265 2565 2335 μόνον,
2597 2263 2735 2316 ἀλλὰ
2765 2261 2859 2314 καὶ
2887 2260 3048 2322 αὐτὸς
3076 2262 3106 2312 6
3130 2261 3231 2329 τῆς
3253 2259 3552 2328 ἐπιθυμίας

1946 2340 2164 2416 οἶστρος
2197 2342 2461 2415 μειζόνως
2497 2345 2611 2406 τοῖς
2644 2341 2720 2413 μὴ
2765 2339 3151 2416 γεγαμηκόσιν
3189 2339 3420 2408 ἐνοχλεῖ’
3455 2339 3552 2392 καὶ

1945 2413 2107 2476 τοῦτο
2142 2413 2309 2476 παντί
2342 2440 2448 2475 που
2481 2421 2644 2493 δῆλόν
2673 2422 2844 2473 ἐστιν.
2874 2413 2976 2470 Ὧν
3007 2418 3109 2488 μὲν
3145 2417 3257 2488 7&9
3283 2419 3385 2489 τὴν
3409 2414 3563 2471 ἀπόέ

1946 2501 2138 2556 λαυσιν
2165 2500 2384 2572 ἔχομεν,
2420 2501 2479 2553 06
2504 2500 2714 2570 ταχέως
2749 2499 2854 2552 ὑπὸ
2878 2497 2979 2568 τῆς
3005 2496 3313 2566 ἐπιθυμίας
3328 2497 3551 2550 ἀλισκό-
3576 2541 3580 2544 .

1952 2580 2113 2651 μεθα,
2144 2580 2245 2650 τῆς
2268 2581 2453 2642 ἀδείας
2510 2583 2578 2652 τῇ
2627 2579 2773 2650 ψυχῇ
2823 2578 3088 2650 ῥᾳθυμεῖν
3133 2574 3547 2652 συγχωρούσης.

1949 2660 2060 2712 Καὶ
2079 2658 2241 2713 τοῦτο
2269 2659 2368 2711 καὶ
2389 2656 2665 2728 παροιμία
2700 2674 2786 2720 τις
2809 2658 2942 2726 ἡμῖν
2979 2656 3269 2725 μαρτυρεῖ,
3292 2651 3552 2723 δημώδης

1953 2738 2074 2807 μὲν,
2120 2738 2329 2809 σφόδρα
2364 2737 2422 2790 δέ
2453 2735 2681 2807 ἀληθής.
2734 2734 2809 2786 Τὸ
2859 2733 2970 2805 γὰρ
2999 2736 3056 2786 ἐν
3085 2730 3326 2802 ἐξουσίᾳ,
3358 2732 3547 2800 φησὶν,

1948 2818 2169 2888 ἐτοιμον
2220 2818 2321 2870 οὐκ
2373 2813 2513 2869 εἶναι
2560 2814 2700 2885 πρὸς
2749 2812 3052 2888 ἐπιθυμίαν
3084 2811 3334 2882 σφοδρόν.
3363 2812 3461 2863 ’Δν
3489 2811 3570 2867 δέ.-

1949 2887 2081 2950 ποτε
2111 2896 2446 2965 κωλυθῶμεν
2490 2888 2566 2947 ὧν
2609 2892 2777 2947 πάλαι
2807 2887 2954 2963 ἦμεν
2989 2890 3195 2960 κύριοι,
3233 2889 3550 2944 τούναντίον

1948 2975 2182 3043 γίνεται,
2211 2973 2396 3028 καὶτὰ
2423 2973 2513 3026 διά
2548 2972 2648 3043 τὴν
2687 2972 2939 3036 ἐξουσίαν
2997 2972 3127 3041 παρ’
3167 2969 3325 3040 ἡμῶν
3376 2985 3552 3023 κατα·

1949 3055 2318 3127 φρονούμενα,
2353 3053 2550 3118 ταῦτα,
2602 3053 2733 3106 ὅταν
2791 3051 2854 3103 16
2900 3048 3069 3119 κῦρος
3104 3050 3263 3120 ήμῶν
3309 3047 3548 3117 ἐκφύγῃ,

1951 3135 2313 3206 σφοδρότερον
2331 3132 2491 3204 ἡμῶν
2519 3132 2620 3202 τὴν
2670 3131 2969 3201 ἐπιθυμίαν
3017 3130 3287 3200 διήγειρε.
3324 3128 3554 3200 Πρῶτον

1954 3215 2055 3286 μὲν
2083 3209 2178 3266 οὖν
2204 3212 2379 3283 ταύτῃ
2418 3211 2622 3282 μείζων
2657 3209 2812 3282 παρὰ
2841 3211 2955 3271 τοῖς
2988 3207 3369 3278 γεγαμηκόσιν
3391 3208 3424 3276 ἡ
3449 3223 3553 3274 γα-

1951 3294 2108 3367 λήνη·
2137 3293 2392 3363 δεύτερον
2420 3291 2613 3355 δὲ,.ὄτι
2645 3289 2748 3348 κᾶν
2795 3290 2878 3351 εἰς
2936 3287 3072 3357 ῦψος
3115 3287 3351 3358 ἀρθῆναι
3398 3287 3553 3355 φιλο-

1951 3374 2181 3442 νεικήσῃ
2237 3371 2374 3424 ποτὲ
2438 3373 2472 3440 ἡ
2498 3369 2651 3438 φλὸξ,
2708 3367 3068 3421 καταστέλλει
3114 3368 3328 3435 ταχέως
3377 3367 3552 3437 αὐτὴν

1951 3451 2264 3523 ἐπελθοῦσαν
2296 3454 2330 3521 ἡ
2365 3449 2535 3520 μίξις.
2577 3449 2644 3500 Ἠ
2674 3447 2732 3501 δὲ
2761 3447 3034 3517 παρθένος
3053 3448 3156 3499 οὐκ
3184 3447 3381 3517 ἔχουσα
3401 3447 3552 3509 ὅπως

1953 3531 2123 3602 σϐέσῃ
2156 3541 2180 3568 θ
2211 3530 2276 3582 16
2308 3531 2443 3600 πῦρ,
2477 3529 2583 3599 ὁρᾷ
2613 3528 2715 3597 μὲν
2748 3527 2886 3580 αὐτὸ
2907 3527 3318 3597 κορυφούμενον
3348 3526 3442 3578 καὶ
3470 3527 3554 3588 εἰς

1951 3612 2085 3682 ῦψος
2116 3612 2429 3683 αἰρόμενον,
2454 3609 2645 3661 σϐέσαι
2668 3607 2727 3661 δέ
2764 3608 2865 3660 οὐκ
2897 3606 3159 3677 ἰσχύουσα
3195 3606 3315 3683 ἐνδς
3340 3605 3553 3673 γίνεται

1953 3681 2116 3762 μόνου
2138 3681 2234 3743 τοῦ
2259 3690 2335 3761 μὴ
2361 3687 2662 3758 φλεχθῆναι
2695 3683 3014 3757 μαχομένην
3060 3685 3214 3756 πυρί.
3249 3681 3401 3758 τΔρά
3432 3684 3553 3737 ἐστί

1947 3791 2002 3824 τι
2032 3771 2225 3826 τούτου
2256 3768 2710 3840 παραδοξότερον,
2743 3767 2924 3819 πᾶσαν
2951 3765 3099 3818 ἐνδον
3131 3763 3426 3834 βαστάζειν
3451 3764 3552 3834 τὴν

1952 3851 2154 3922 πυρὰν,
2195 3849 2292 3901 καὶ
2343 3846 2422 3917 μὴ
2474 3845 2768 3910 καίεσθαι;
2829 3844 3169 3922 συστρέφειν.
3196 3844 3295 3914 μὲν
3328 3846 3387 3896 ἐν
3437 3846 3554 3905 τοῖς

1949 3932 2050 4000 τῆς
2069 3931 2250 3999 ψυχῆς
2304 3927 2575 3998 ταμιείοις
2607 3924 2707 3996 τὴν
2733 3923 2934 3993 φλόγα,
2967 3921 3123 3994 [ἳθὸ]
3181 3922 3460 3989 ἀνέπαφον
3494 3923 3553 3987 δὲ

1949 4011 2050 4077 τὴν
2078 4009 2321 4062 διάνοιαν
2352 4006 2666 4077 διατηρεῖν;
2703 4003 2896 4064 Οὐδεὶς
2951 4001 3062 4072 γάρ
3096 4002 3234 4070 αὐτῇ
3273 4003 3554 4072 συγχωρεί

1948 4091 2078 4153 τοὺς
2133 4085 2420 4159 ἄνθρακας
2473 4084 2702 4147 τούτους
2746 4082 2853 4146 ἐξω
2907 4081 3168 4142 κενῶσαι,
3219 4081 3334 4133 ἀλλ’
3363 4083 3499 4150 ὅπερ
3524 4083 3554 4132 ὁ

1949 4167 2368 4240 Παροιμιαστὴς
2395 4163 2660 4218 ἀδύνατον
2693 4159 2834 4216 εἷναί
2860 4178 3026 4232 φησιν
3054 4161 3147 4214 ἐπὶ
3177 4159 3278 4230 τῆς
3300 4161 3410 4214 τῶν
3442 4177 3554 4240 σω-

1953 4238 2142 4320 μάτων
2169 4246 2408 4314 φύσεως,
2435 4243 2598 4297 τοῦτο
2623 4242 2918 4313 ὑπομένειν
2965 4240 3105 4311 αὑτὴ
3140 4238 3555 4320 καταναγκάζε-

1947 4315 2039 4382 ται
2062 4327 2156 4380 ἐπὶ
2180 4327 2282 4396 τῆς
2319 4323 2530 4394 ψυχῆς..
2550 4322 2616 4375 Τί
2654 4322 2713 4375 δέ
2767 4320 2976 4384 ἐκεῖνός
3009 4337 3144 4388 φησι
3171 4336 3185 4384 ;
3214 4315 3551 4396 Περιπατή-

1948 4425 2046 4462 σει
2086 4424 2180 4472 τις
2224 4393 2676 4470 ἐπ’ίάνθράκων
2712 4397 2927 4466 πυρὸς,
2983 4400 3130 4464 τοὺς
3155 4399 3226 4452 δὲ
3251 4393 3446 4464 ,πόδας
3477 4402 3554 4454 οὐ

1948 4485 2350 4546 κατακαύσει;
2405 4480 2542 4532 Ἀλλ’
2598 4479 2707 4532 ἰδοὺ
2737 4477 2877 4549 αῦτη
2939 4481 3238 4547 περιπατεῖ
3264 4479 3359 4531 καί⁵
3394 4479 3551 4549 φέρει

1947 4567 2048 4638 τὴν
2087 4565 2341 4636 βάσανον.
2391 4559 2705 4626 Ἂποδήσει
2731 4576 2822 4638 τις
2853 4557 2977 4638 πῦρ
3000 4559 3073 4610 ἐν
3096 4560 3325 4622 κόλπῳ,
3368 4564 3442 4612 τὰ
3482 4557 3553 4610 δὲ

1937 4637 2150 4715 Latina
2173 4646 2245 4698 οὐ
2269 4642 2676 4703 κατακαύσει;
2704 4637 2856 4708 Δῦτη
2885 4637 2964 4709 ¹δὲ
3019 4638 3122 4690 οὐκ
3168 4639 3228 4689 ἐν
3286 4639 3549 4708 ἱματίοις,
3579 4665 3583 4669 -

1949 4725 2068 4781 ἀλλ’
2105 4724 2254 4777 ἐνδον
2281 4722 2485 4792 ἔχουσα
2512 4721 2574 4773 16
2599 4718 2711 4790 πῦρ
2742 4718 3029 4789 ἀγριαῖνον
3067 4717 3164 4771 καὶ
3201 4719 3391 4788 ἡχοῦν,
3450 4720 3550 4770 άν-

1949 4805 2136 4876 έχεται
2161 4803 2258 4856 καὶ
2291 4801 2473 4869 στέγει
2502 4796 2603 4870 τὴν
2628 4798 2825 4869 φλόγα.
2869 4796 2986 4848 Ἔτ’
3017 4792 3111 4849 οὖν
3135 4796 3399 4867 τολμήσει
3440 4815 3548 4861 τις,

1949 4884 2085 4950 είπέ,
2104 4899 2218 4953 μοι,
2245 4883 2314 4952 τῇ
2343 4879 2613 4950 παρθενίᾳ.
2639 4878 2740 4932 τὸν
2796 4877 2975 4947 γάμον
3017 4876 3430 4945 παραϐάλλειν;
3458 4878 3551 4930 ἀν-

1947 4961 2201 5032 τιϐλέψαι
2242 4961 2302 5014 δὲ
2350 4959 2518 5024 ὅλως;
2562 4958 2705 5010 Ἀλλ’
2762 4957 2871 5010 οὐκ
2909 4955 3139 5026 ἀφίησιν
3190 4956 3219 5007 6
3278 4957 3551 5026 μακάριος

1947 5041 2186 5105 Παῦλος,
2211 5039 2348 5094 πολὺ
2373 5039 2436 5091 16
2461 5037 2624 5108 μέσον
2643 5036 2910 5107 ἐκατέρου
2934 5033 3027 5089 τοῦ
3053 5034 3382 5105 πράγματος
3413 5034 3550 5097 θείςι

1959 5119 2024 5172 Ἦ
2055 5117 2282 5189 μὲνγὰρ
2306 5118 2375 5170 1&
2395 5116 2488 5168 τοῦ
2509 5115 2740 5186 Κυρίου,
2767 5114 2954 5182 φησὶν,
2983 5115 3017 5184 ἡ
3036 5111 3095 5166 δὲ
3117 5113 3310 5174 τάντοῦ
3340 5113 3550 5182 κόσμου

1952 5199 2218 5269 μεριμνᾷ.
2271 5193 2607 5264 Συναγαγὼν
2657 5195 2841 5247 τοίνυν
2869 5194 2950 5257 είς
2984 5193 3179 5246 ταυτὸν
3211 5193 3340 5255 τοὺς
3384 5209 3554 5262 γεγα-

1950 5277 2216 5350 μηκότσις.
2249 5277 2344 5330 καὶ
2368 5276 2542 5347 ταύτῃ
2570 5274 2962 5345 χαρισάμενος,
3010 5273 3244 5326 ἀκουσον
3298 5272 3417 5336 πῶς
3447 5274 3552 5325 αὑ-

1946 5359 2062 5419 τοῖς
2093 5356 2343 5419 ὀνειδίζει
2376 5355 2558 5409 πάλινο
2598 5353 2733 5410 Ἑπί
2766 5351 2834 5406 τὸ
2861 5350 3012 5406 αὐτὸ
3045 5351 3174 5421 γάρ,
3205 5352 3362 5422 φησὶ,
3399 5365 3551 5406 συν-

1945 5434 2224 5503 έρχεσθε,
2253 5434 2368 5487 Ira
2414 5433 2502 5502 μὴ
2531 5432 2773 5500 πειράζῃ
2801 5430 2961 5502 ὑμᾶς
3007 5433 3041 5485 ό
3095 5429 3391 5497 Σατανᾶς.
3441 5431 3552 5484 Καὶ

1945 5516 2120 5582 δεῖξαι
2150 5514 2475 5584 βουλόμενος
2501 5513 2584 5565 ὅτι
2607 5513 2670 5565 06
2701 5509 2805 5581 τῆς
2859 5510 3078 5566 ἐκείνου
3112 5511 3311 5581 πείρας
3349 5511 3422 5564 τὸ.
3442 5514 3552 5564 πᾶν

1945 5597 2122 5659 ἐστιν,
2160 5595 2302 5648 ἀλλὰ
2339 5594 2436 5646 καὶ
2461 5593 2563 5662 τῆς
2581 5592 2862 5663 ἡμετέρας
2891 5591 3122 5654 νωθείας
3148 5593 3210 5643 16
3236 5591 3421 5654 πλέον,
3453 5593 3554 5663 τὴν

1946 5679 2292 5748 κυριωτέραν
2336 5674 2516 5728 αἰτίαν
2565 5675 2855 5743 ἐπήγαγε,
2907 5673 3012 5725 Διά
3066 5672 3182 5740 τὴν
3245 5673 3553 5740 ἀκρασιαν

1944 5757 2136 5826 ὑμῶν,
2169 5756 2362 5827 εἰπών.
2421 5754 2520 5817 Τίς
2567 5749 2662 5807 οὖν
2707 5753 2811 5806 οὐκ
2871 5751 2939 5807 ἂν
2990 5753 3340 5825 ἐρυθριάσειε
3376 5751 3553 5805 ταῦτα

2021 5885 2052 5923 ἀ
2070 5889 2191 5948 Reg.
2218 5889 2486 5950 ἀνακωχῆς.
2512 5886 2608 5950 καὶ
2628 5886 2734 5948 περῖ
2863 5891 2947 5944 τῆς
2974 5886 3206 5949 παρθένου
3229 5883 3400 5935 ταῦτα.
3426 5887 3548 5936 Τού..

1946 5952 2117 6014 τοιςγδέ
2134 5951 2272 6014 οὖχό
2295 5949 2513 6014 διάϐολος
2538 5949 2697 6011 μόνος.
3155 5983 3161 5987 -

2006 6011 2026 6034 ⁸
2053 6013 2178 6074 Reg.
2194 6011 2254 6060 ἧς
2266 6031 2316 6082 ῳό
2329 6013 2514 6085 οίῧέσειι.
