4174 6318
193 414 288 474 557

189 535 314 590 dere
335 548 467 589 sane
501 547 628 588 cum
666 531 859 587 uxore.
891 529 1004 585 Non
1035 537 1120 585 est
1162 527 1323 598 igitur
1361 524 1645 596 permissio
1666 520 1782 575 haec

193 614 462 696 probantis
481 640 546 679 ac
565 622 997 680 commendantis
1015 619 1156 687 ,sed
1186 617 1458 674 irridentis
1487 630 1550 671 ac
1583 615 1784 684 impro-

190 719 382 770 bantis.
411 716 542 771 Nam
582 717 637 769 ni
676 717 1115 784 voluptuosorum
1155 719 1389 765 mentem
1415 707 1631 777 egregie
1661 716 1780 760 tan-

190 822 316 875 gere
334 809 608 870 voluisset,
633 805 1055 874 intemperantia:
1075 817 1260 857 vocem
1291 815 1397 854 non
1427 798 1778 866 adhibuisset,

185 915 306 968 quae
332 909 386 953 et
415 899 704 954 vehemens
728 907 813 952 est
831 938 847 962 ,
884 905 940 952 et
966 897 1155 964 ingens
1182 893 1497 962 vituperiuin
1521 890 1777 944 continet.

183 993 293 1044 Cur
319 991 462 1044 enim
494 1004 598 1042 non
630 989 783 1052 dixit,
815 988 1039 1056 Pr0pter
1058 993 1287 1039 vestram
1318 981 1734 1036 imbecillitatem
1756 978 1781 1030 ?

182 1081 338 1146 Quod
369 1097 435 1135 ea
464 1097 565 1134 vox
596 1080 766 1149 magis
787 1077 1109 1147 ignoscentis
1136 1083 1296 1141 esset,
1326 1073 1414 1128 illa
1441 1087 1569 1127 vero
1589 1072 1788 1125 intem-

184 1173 462 1239 perantiae,
490 1185 756 1225 summam
787 1171 1049 1239 ignaviam
1081 1166 1332 1221 notantia.
1382 1163 1543 1234 Igitur
1583 1162 1779 1216 intem—

183 1266 442 1333 perantia:
466 1273 550 1318 est
573 1305 588 1326 ,
620 1278 728 1316 non
756 1276 912 1330 posse
939 1276 968 1313 a
991 1254 1338 1313 fornicatione
1362 1256 1658 1319 abstinere,
1677 1253 1778 1307 nisi

179 1359 338 1410 uxori
381 1371 597 1425 semper
632 1356 839 1408 haereas
870 1368 934 1407 ac
967 1352 1109 1407 coitu
1137 1351 1335 1404 fruare.
1374 1347 1511 1414 Quid
1540 1347 1669 1400 mihi
1694 1344 1781 1399 hic

181 1449 363 1501 dicent
381 1447 470 1516 qui
492 1446 846 1515 virginitatem
870 1456 1320 1511 supervacaneam
1343 1439 1618 1493 statuunt?
1646 1437 1778 1491 Nam

182 1539 300 1590 haec
325 1552 439 1605 quo
461 1537 768 1590 eontensior
789 1545 872 1588 est
889 1575 906 1600 ,
934 1549 1000 1588 eo
1025 1532 1284 1600 majorem
1324 1530 1484 1584 habet
1527 1529 1734 1583 laudem
1761 1547 1776 1583 :

178 1637 236 1682 at
255 1628 676 1690 matrimonium,
705 1627 794 1680 ubi
824 1641 890 1680 eo
913 1625 1033 1694 plus
1060 1625 1188 1678 satis
1215 1631 1386 1686 utare,
1410 1631 1524 1679 tum
1549 1621 1781 1678 maxime

180 1718 354 1772 laudis
379 1719 554 1772 omnis
581 1732 778 1786 expers
791 1727 893 1772 est.
926 1715 980 1772 Id
999 1716 1165 1780 enim,
1196 1715 1365 1785 inquit
1382 1714 1460 1782 (1.
1479 1713 1597 1767 Cor.
1620 1714 1672 1766 7.
1696 1713 1777 1784 6),

178 1809 302 1864 dico
328 1809 623 1863 secundum
650 1807 1032 1877 indulgentiam
1057 1849 1072 1871 ,
1113 1821 1221 1861 non
1253 1806 1544 1860 secundum
1574 1821 1778 1874 praece-

180 1909 329 1967 ptum
352 1917 368 1962 ;
393 1899 502 1978 jam
533 1900 622 1953 ubi
646 1907 729 1953 est
757 1899 1102 1968 indulgentia,
1129 1896 1273 1952 laudi
1301 1896 1480 1949 nullus
1499 1905 1581 1949 est
1607 1896 1774 1948 locus.

177 1991 248 2042 At
293 1989 439 2042 enim
483 1998 538 2044 et
585 1987 653 2042 de
679 1989 972 2057 virginibus
1010 1987 1280 2041 disserens
1322 1986 1417 2051 ait,
1458 1983 1776 2053 Praeceptum

178 2080 390 2134 Domini
420 2097 521 2134 non
555 2078 714 2134 habeo
744 2079 860 2150 (Ib.
891 2094 938 2131 υ.
967 2079 1038 2132 25
1062 2080 1102 2146 ).
1142 2078 1277 2132 Νυιη
1323 2077 1479 2146 igitur
1526 2090 1639 2129 rem
1680 2091 1778 2128 ex-

177 2171 396 2241 mqnat?
436 2171 652 2225 Minime
676 2172 912 2240 gentium
938 2187 953 2224 :
983 2185 1106 2223 nam
1135 2169 1201 2223 de
1227 2169 1430 2237 virgine
1453 2167 1774 2222 sententiam

177 2262 344 2317 dicit:
370 2263 459 2316 hic
483 2276 803 2316 consensum
841 2261 950 2314 dat.
991 2262 1067 2314 Ac
1103 2270 1348 2313 neutrum
1390 2258 1632 2327 praecipit
1670 2273 1775 2310 non

175 2350 366 2405 cadem
395 2351 464 2406 de
491 2367 686 2417 causa;
721 2352 812 2405 sed
843 2351 946 2413 hic,
983 2367 1049 2404 ne
1073 2351 1162 2419 qui
1190 2349 1258 2403 ab
1287 2347 1691 2416 intemperantia
1717 2363 1777 2401 se

174 2440 464 2494 sustollere
489 2441 646 2495 vellet
669 2441 1056 2509 prohiberetur,
1091 2439 1235 2492 velut
1266 2438 1514 2506 praecepti
1537 2435 1777 2491 necessi-

174 2542 284 2585 tate
306 2532 631 2594 ohstrictus;
663 2533 788 2594 Illic,
822 2548 887 2584 ne
905 2533 995 2601 qui
1040 2531 1105 2583 ad
1129 2530 1482 2598 virginitatem
1515 2528 1777 2596 attingere

173 2623 508 2692 nequivisset
538 2623 903 2686 damnaretur,
921 2637 1020 2676 ceu
1045 2622 1094 2674 in
1124 2629 1443 2690 praeceptum
1465 2628 1776 2673 contumax.

175 2713 295 2765 Non
325 2712 604 2782 prmcipio,
638 2713 828 2782 inquit,
857 2713 1113 2782 virginem
1143 2726 1292 2776 esse;
1316 2725 1504 2764 vereor
1528 2711 1669 2764 enim
1699 2711 1775 2762 rei

172 2803 576 2857 difficultatem.
607 2803 721 2857 Non
757 2805 1007 2871 Irarcipio
1035 2803 1286 2872 congredi
1319 2802 1624 2871 frequenter
1653 2815 1773 2853 cum

173 2911 344 2950 uxore
377 2897 551 2950 :‘nolo
577 2895 718 2949 enim
744 2897 1141 2950 incontinentiae
1163 2895 1429 2964 Iegislator
1451 2909 1594 2949 esse.
1629 2892 1772 2958 Dixi,

171 2982 469 3050 Conuenite,
490 2995 548 3040 ut
562 2999 734 3041 vetem
765 2988 816 3040 in
842 3001 1080 3056 pra‘ceps
1107 2986 1253 3049 ferri,
1284 3003 1387 3040 non
1414 2995 1470 3039 ut
1496 2986 1777 3040 sublimius

167 3077 414 3132 studium
441 3079 747 3146 impediam.
798 3078 912 3131 Non
944 3093 1071 3147 ergo
1102 3079 1116 3108 ¹
1173 3077 1224 3131 id
1265 3079 1532 3146 pra-cipue
1563 3078 1691 3139 vult,
1720 3085 1779 3131 ut

163 3167 395 3224 assidue
426 3183 591 3223 uxore
619 3178 851 3230 utamur,
881 3169 974 3222 sed
1006 3169 1254 3222 nimirum
1288 3168 1337 3221 id
1363 3170 1670 3237 segniorum
1696 3169 1777 3222 in-

167 3259 531 3330 temperantia
555 3261 748 3313 sanxit.
773 3261 903 3313 Nam
927 3261 968 3313 si
1001 3259 1145 3313 Pauli
1170 3259 1494 3313 voluntatem
1516 3260 1653 3313 scire
1674 3259 1774 3324 vis,

165 3351 301 3406 audi
328 3368 451 3420 qua:
477 3353 548 3404 sit
575 3370 589 3406 :
633 3351 780 3417 Volo,
803 3353 996 3422 inquit,
1025 3368 1196 3409 omnes
1221 3351 1445 3404 homines
1470 3352 1542 3405 sic
1567 3367 1691 3415 esse,
1722 3360 1778 3403 ut

164 3461 266 3514 ego
322 3461 460 3511 sum,
501 3444 807 3497 continentes
859 3445 880 3474 ⁸
931 3442 1049 3515 (lb.
1099 3459 1147 3496 υ.
1197 3443 1292 3512 7).
1345 3443 1507 3512 Igitur
1531 3442 1780 3512 quivclis

164 3549 367 3589 omnes
392 3535 732 3600 continentes
757 3549 897 3600 esse,
928 3537 1197 3588 neminem
1220 3534 1300 3587 vis
1322 3549 1442 3588 esse
1472 3534 1775 3602 conjugem.

167 3626 291 3681 Non
323 3625 577 3695 equidem
604 3643 618 3678 :
650 3633 705 3678 at
729 3640 836 3679 non
873 3633 1154 3694 propterea
1184 3625 1426 3678 volentes
1453 3633 1575 3678 veto
1603 3632 1658 3678 et
1692 3624 1777 3676 in~

167 3717 394 3782 simulo,
425 3717 521 3770 sed
552 3730 676 3770 cum
704 3724 882 3785 Optem
913 3730 976 3798 ac
998 3717 1302 3784 percupiam
1324 3729 1509 3768 omnes
1537 3715 1613 3768 sic
1636 3728 1776 3779 esse,

169 3813 232 3860 nt
269 3820 376 3874 ego
418 3820 561 3865 sum,
594 3815 703 3858 tum
751 3805 880 3859 illud
926 3814 1142 3874 prOpter
1185 3805 1588 3860 fornicationem
1617 3806 1776 3860 etiam

168 3897 419 3954 concqu
453 3916 466 3951 :
501 3897 726 3967 ideoque
770 3899 820 3951 iu
865 3899 1123 3968 principio
1149 3898 1423 3962 dicebam,
1470 3898 1667 3952 Bonum
1708 3909 1780 3952 est

172 3993 376 4046 homini
406 3992 668 4046 mulierem
692 4009 791 4045 non
819 4002 1040 4062 tangere,
1071 3993 1190 4062 quia
1225 3993 1272 4045 id
1299 4001 1670 4061 pt‘moptarcm.

249 4081 475 4136 XXXV.
526 4081 827 4136 Necessaria
857 4081 1084 4136 Paulum
1127 4084 1448 4136 continentia:
1491 4082 1780 4153 exemplum

176 4189 232 4225 se
261 4173 613 4242 proposuisse.
657 4202 728 4211 ——
762 4172 867 4226 Sed
907 4171 1072 4240 quare
1118 4172 1206 4226 hic
1252 4173 1332 4226 sui
1381 4174 1621 4227 meminit
1646 4213 1659 4233 ,
1695 4175 1777 4228 in-

174 4265 408 4332 quiens,
449 4262 576 4318 Volo
616 4281 787 4318 omnes
830 4265 1055 4318 homines
1094 4266 1166 4319 sic
1209 4283 1345 4329 esse,
1388 4275 1443 4317 ut
1488 4283 1580 4337 ego
1621 4269 1780 4322 sum?

176 4357 327 4425 quod
351 4357 395 4410 si
424 4372 531 4411 non
555 4357 867 4424 addidisset,
893 4358 974 4412 sui
995 4372 1124 4412 sane
1146 4360 1466 4412 mentionem
1487 4359 1775 4429 effugisset.

173 4453 291 4504 Cur
317 4451 482 4519 igitur
506 4449 724 4519 adjecit,
749 4458 806 4502 ut
829 4466 920 4519 ego
948 4465 1060 4502 sum
1077 4450 1102 4502 .’
1127 4449 1241 4503 Non
1263 4466 1369 4519 quo
1393 4465 1450 4504 se
1471 4451 1775 4516 extolleret;

177 4558 310 4599 nam
357 4541 447 4594 hic
491 4541 580 4595 ille
623 4550 737 4605 est,
785 4541 1024 4610 quicum
1070 4540 1462 4608 prmdicationis
1511 4542 1781 4595 laboribus

176 4631 446 4700 apostolis
474 4639 774 4700 praestaret,
805 4629 1084 4699 indignum
1115 4644 1174 4683 se
1203 4630 1284 4682 vel
1310 4631 1537 4698 apostoli
1566 4633 1782 4687 nomine

177 4723 480 4776 existimat.
511 4718 646 4776 Cum
675 4723 818 4776 enim
845 4723 1092 4788 dixisset,
1121 4720 1232 4792 Ego
1258 4738 1368 4774 sum
1391 4723 1627 4777 minimus
1655 4741 1784 4794 apo-

177 4818 437 4866 stolorum
467 4813 485 4882 (
503 4815 552 4866 l.
581 4812 700 4865 Cor.
730 4813 813 4867 l5.
840 4813 913 4879 9),
945 4814 1089 4867 velut
1125 4814 1299 4881 majus
1328 4813 1580 4883 quiddam
1622 4831 1781 4884 quam

180 4920 284 4972 pro
315 4904 577 4971 dignitate
619 4917 713 4956 sua
753 4904 1075 4971 eloquutus,
1108 4903 1285 4956 statim
1314 4918 1372 4957 se
1401 4905 1655 4973 castigat,
1683 4905 1782 4958 ad-

177 4998 344 5063 dens,
415 4995 518 5059 Qai
580 5011 681 5048 non
734 5011 848 5048 sum
904 4996 1087 5065 dignus
1129 4997 1297 5049 vocari
1342 4997 1600 5066 apostolus
1654 4996 1781 5066 (Id.

182 5089 278 5141 15.
323 5087 420 5157 9).
469 5087 578 5138 Cur
621 5085 780 5155 igitur
809 5084 894 5139 hic
937 5086 1293 5139 cohortationi
1334 5101 1452 5141 sese
1495 5088 1785 5157 proponit?

181 5177 306 5232 Non
334 5186 540 5232 temere
568 5176 620 5230 id
647 5175 882 5244 quidem,
913 5184 1004 5229 aut
1030 5177 1145 5229 sine
1171 5191 1329 5230 causa
1347 5217 1361 5240 ,
1389 5176 1483 5231 sed
1508 5178 1600 5248 qui
1624 5179 1788 5234 sciret

183 5269 490 5340 discipulos
521 5259 648 5322 tunf
671 5269 899 5322 maxime
938 5266 1005 5320 ad
1050 5271 1414 5335 praestantium
1446 5283 1626 5322 rerum
1669 5279 1785 5324 stu-

185 5360 342 5415 dium
392 5358 646 5418 incitari.
696 5358 743 5412 si
798 5368 1182 5426 praeceptorum
1239 5358 1470 5412 habeant
1520 5361 1783 5428 exempla.

188 5451 382 5521 Itaque
420 5460 484 5505 ut
508 5450 600 5523 qui
640 5451 893 5522 operibus
921 5466 1118 5504 vacuus
1142 5451 1317 5506 verbis
1343 5451 1515 5506 solum
1548 5453 1789 5522 philoso-

188 5543 413 5614 phatur,
439 5539 582 5596 haud
600 5557 731 5598 sane
753 5541 984 5596 auditori
1012 5542 1229 5613 pndcst
1253 5561 1264 5594 :
1295 5543 1363 5598 ita
1391 5544 1481 5614 qui
1505 5545 1788 5600 consilium

259 5697 280 5725 ¹
314 5697 399 5763 tlte
419 5706 520 5743 non
544 5690 923 5757 paisca'deerant
943 5695 992 5744 in
1010 5696 1194 5755 iteret,
1223 5710 1332 5760 qua:
1360 5711 1422 5750 ex
1449 5707 1562 5763 neg.
1584 5708 1636 5752 et
1652 5701 1789 5757 savii.

191 5755 508 5848 quietum.
547 5755 558 5757 '
880 5817 890 5826 _

301 5820 350 5863 in
373 5823 492 5863 nea.
518 5817 742 5863 verbum.
767 5826 890 5863 conti

373 5823 492 5882 Reg.
518 5817 742 5876 verbum,
767 5817 1069 5878 commentos,
1092 5817 1253 5874 deest.

1516 396 1521 403 ’
1589 403 1678 462 DE
1719 401 2184 464 VIRGINI‘I'ATE.

3376 410 3482 466 558

1894 533 1922 569 a
1951 535 2010 574 se
2041 519 2212 589 primo
2254 521 2548 591 perfectum
2579 520 2741 579 habet
2767 522 3148 589 exhibendum,
3184 524 3268 578 vel
3297 522 3398 579 hac
3429 527 3481 579 in

1895 609 2077 677 primis
2101 611 2308 665 ratione
2329 611 2626 667 auditorem
2657 613 2878 669 inducit.
2909 614 3174 669 Praeterea
3202 629 3393 684 purum
3423 629 3482 669 se

1890 699 1958 753 ab
1988 701 2180 756 invidia
2211 712 2372 772 atque
2400 705 2539 758 fastu
2569 704 2822 772 ostendit,
2853 706 2945 776 qui
2981 705 3253 761 excellens
3296 704 3398 761 hoc
3426 717 3480 761 et

1891 794 2215 863 praecipuum
2256 811 2377 850 cum
2425 796 2702 866 discipulis
2730 813 3018 853 commune
3047 813 3167 853 esse
3193 798 3342 864 velit,
3386 815 3481 853 ne-

1888 901 1993 955 que
2021 886 2086 940 iis
2116 895 2372 954 praastare
2401 897 2585 954 curet,
2617 887 2710 944 sed
2742 888 2794 941 in
2821 887 3068 942 omnibus
3105 904 3198 944 eos
3237 889 3336 944 sibi
3381 906 3480 944 ex—

1889 985 2120 1047 :eq’uare.
2155 970 2338 1035 Habeo
2365 990 2421 1034 et
2447 982 2655 1034 tertiam
2683 994 2899 1034 causam
2925 981 3123 1036 dicere.
3149 981 3483 1049 Quamnam?

1889 1069 2183 1125 Videbatur
2202 1086 2290 1125 res
2317 1069 2550 1126 difficilis
2575 1085 2712 1135 esse,
2740 1087 2842 1126 nec
2861 1072 3042 1128 multis
3069 1073 3270 1138 facilis;
3300 1075 3481 1144 itaque

1887 1164 2077 1217 volens
2105 1178 2223 1218 eam
2253 1163 2462 1222 facilem
2488 1165 2795 1234 declarare,
2824 1181 2947 1221 eum
2969 1207 2982 1228 ,
3013 1168 3101 1237 qui
3130 1167 3183 1222 id
3213 1183 3351 1237 opus
3377 1167 3477 1220 ab-

1889 1255 2160 1320 solvisset,
2191 1255 2242 1309 in
2275 1256 2508 1310 medium
2543 1257 2788 1321 adducit,
2818 1274 2886 1312 ne
2924 1257 3206 1314 admodum
3243 1258 3476 1312 laborio-

1887 1360 2004 1398 sum
2043 1345 2348 1412 crederent,
2390 1347 2484 1400 sed
2511 1347 2701 1402 ducem
2748 1347 3017 1403 intuentes
3057 1358 3112 1402 et
3155 1349 3256 1417 ipsi
3285 1349 3479 1403 animis

1887 1437 2027 1490 aucti
2055 1436 2299 1492 eamdem
2327 1439 2465 1493 viam
2492 1439 2710 1494 inirent.
2755 1439 2898 1496 Idem
2922 1451 2976 1496 et
3001 1440 3124 1495 alibi
3169 1442 3310 1497 facit.
3342 1442 3475 1496 Nam

1885 1519 2098 1581 Galatas
2125 1529 2420 1598 alloquens,
2448 1531 2618 1600 iisque
2646 1531 2776 1601 legis
2806 1533 3050 1587 timorem
3095 1534 3330 1587 eximere
3360 1543 3475 1587 stu-

1887 1617 2052 1683 dens,
2092 1634 2199 1689 quo
2238 1621 2305 1674 ad
2344 1621 2617 1691 antiquam
2656 1624 3097 1680 consuetudinem
3137 1609 3473 1693 ferebantur,

1887 1707 2139 1777 pleraque
2183 1708 2246 1762 ad
2275 1725 2392 1764 eam
2438 1712 2757 1780 pertinentia
2788 1724 3066 1770 servantes
3087 1756 3102 1778 ,
3153 1714 3279 1785 quid
3308 1716 3477 1771 dicit?

1888 1796 2062 1850 Estote
2083 1800 2211 1852 sicut
2239 1816 2331 1870 ego
2349 1841 2364 1866 ,
2393 1801 2512 1869 quia
2536 1811 2585 1855 et
2609 1819 2701 1873 ego
2728 1803 2859 1856 sicut
2883 1820 2971 1858 vos
3001 1803 3144 1875 (Gal.
3168 1808 3221 1859 4.
3252 1806 3365 1874 12).
3395 1807 3476 1861 Ac

1884 1889 2026 1958 quod
2057 1891 2130 1944 ait
2158 1891 2421 1960 ejusmodi
2450 1901 2534 1947 est
2565 1912 2580 1948 :
2609 1894 2754 1949 Nihil
2781 1895 2872 1960 sit,
2905 1895 3104 1965 inquit,
3136 1897 3278 1965 quod
3323 1896 3474 1952 dicas

1886 1979 1973 2044 tis,
2003 1995 2090 2034 me
2119 1981 2522 2049 resipisccntem
2550 2000 2690 2038 nunc
2713 1985 2823 2053 jam
2853 1999 2883 2039 e
2909 1985 3178 2055 gentibus,
3209 1995 3383 2040 metus
3407 2002 3475 2042 ex

1885 2072 2016 2139 legis
2046 2073 2330 2127 violatione
2373 2075 2611 2143 ignarum
2633 2117 2648 2139 ,
2680 2077 2914 2131 suaviter
2940 2076 3057 2131 ha‘c
3099 2079 3278 2132 omnia
3323 2076 3474 2134 vobis

1883 2163 2280 2233 philosophari;
2327 2174 2382 2220 et
2415 2183 2514 2237 ego
2541 2169 2682 2222 enim
2714 2177 2769 2223 ut
2797 2169 3206 2252 vos\aliquando
3247 2171 3474 2225 servitu-

1885 2262 1992 2306 tem
2033 2253 2170 2332 hane
2200 2257 2428 2321 servivi,
2458 2259 2731 2326 subjectus
2767 2259 2902 2328 legis
2938 2261 3102 2328 jussis
3125 2303 3140 2325 ,
3171 2271 3474 2332 praecepto-

1883 2359 2000 2397 rum
2036 2345 2438 2402 observationes
2466 2358 2826 2418 exsequutus;
2873 2350 2967 2405 sed
2999 2361 3280 2421 postquam
3311 2368 3475 2422 appa-

1893 2437 2001 2490 ruit
2025 2436 2222 2505 gratia,
2252 2444 2422 2486 totum
2461 2452 2545 2486 Ine
2582 2440 2648 2490 al)
2684 2441 2773 2490 illa
2805 2442 2870 2492 ad
2905 2442 3046 2493 hanc
3075 2443 3324 2494 contulit.
3364 2442 3473 2495 Nec

1887 2528 1996 2596 jam
2040 2539 2101 2580 ea
2118 2542 2205 2583 res
2230 2537 2314 2582 est
2332 2525 2713 2597 transgressio.
2733 2541 2855 2580 cum
2875 2525 2929 2580 in
2945 2527 3086 2582 alius
3101 2527 3204 2581 viri
3243 2548 3464 2586 manum

1889 2620 2306 2672 convenerimus
2338 2617 2444 2687 (Ib.
2483 2619 2527 2670 l.
2560 2618 2668 2687 15).
2693 2614 2874 2682 Quare
2901 2635 3005 2670 non
3037 2633 3118 2672 cst
3145 2623 3288 2688 quod
3323 2623 3474 2690 quis-

1881 2722 2037 2775 quam
2063 2706 2224 2774 dicat,
2253 2707 2355 2762 alia
2395 2707 2570 2775 facere
2594 2723 2711 2775 me,
2743 2710 2844 2763 alia
2877 2725 3113 2775 monere,
3145 2722 3236 2764 aut
3262 2713 3469 2766 securi-

1884 2808 1992 2853 tate
2037 2799 2167 2853 mihi
2209 2802 2432 2869 quaesita
2477 2816 2572 2855 vos
2617 2803 2669 2855 in
2720 2802 3008 2870 periculum
3055 2803 3201 2857 dare.
3250 2804 3379 2857 Nam
3424 2807 3471 2860 si

1883 2892 2174 2958 periculum
2217 2904 2494 2963 ageretur,
2527 2911 2631 2948 non
2676 2911 2761 2949 me
2802 2895 3049 2965 equidem
3091 2897 3468 2964 prodidissem,

1883 3000 1987 3037 non
2027 2987 2252 3039 salutem
2297 3003 2468 3040 meam
2517 2989 2891 3056 neglexissem.
2944 2986 3106 3056 Igitur
3153 2998 3210 3041 ut
3257 2989 3366 3042 illic
3412 3004 3473 3042 se

1880 3077 2182 3144 exemplum
2225 3093 2528 3146 proponens
2555 3087 2753 3133 metum
2781 3079 2940 3133 solvit
2968 3097 2981 3133 :
3012 3080 3081 3133 ita
3115 3089 3170 3134 et
3211 3078 3300 3134 hic
3331 3095 3390 3134 se
3417 3082 3470 3134 in

1880 3168 2115 3222 medium
2142 3169 2368 3223 adducto
2393 3171 2748 3225 sollicitudine
2791 3173 3002 3225 liberat.

1954 3257 2194 3313 XXXVI.
2231 3259 2580 3329 Virginitatem
2631 3263 2888 3317 modestia
2934 3279 3086 3317 causa
3130 3263 3195 3315 ab
3227 3263 3472 3333 Apostolo

1882 3348 2072 3402 donum
2097 3350 2366 3419 appellari.
2384 3379 2454 3392 —-
2472 3351 2576 3405 Sed
2598 3350 2777 3416 habet,
2803 3351 2996 3422 inquit,
3024 3353 3294 3422 proprium
3322 3353 3473 3422 quis-

1885 3466 1991 3519 que
2016 3449 2245 3510 donum,
2270 3449 2409 3500 alius
2438 3447 2654 3514 quidem
2678 3448 2778 3505 sic,
2801 3448 2940 3500 alius
2963 3462 3088 3497 vero
3121 3448 3202 3500 sic
3236 3446 3310 3514 (1.
3329 3443 3464 3499 Cor.

1888 3541 1938 3595 7.
1969 3541 2058 3610 7).
2087 3538 2222 3593 Vide
2261 3539 2347 3592 hic
2378 3538 2510 3591 mihi
2542 3537 2855 3605 apostolicte
2887 3537 3213 3589 humilitatis
3244 3536 3464 3605 signum

1885 3646 2152 3706 nusquam
2181 3629 2656 3699 deperditum,sed
2682 3630 2882 3698 ubique
2907 3629 3051 3681 serio
3084 3628 3340 3693 elucens;
3369 3625 3468 3682 Dei

1885 3727 2089 3780 donum
2124 3723 2357 3792 appellat
2389 3735 2543 3776 suam
2579 3721 2867 3782 virtutem,
2900 3728 2955 3774 et
3003 3721 3054 3773 in
3089 3736 3198 3789 quo
3236 3720 3345 3773 u.ul
3373 3737 3465 3775 um

1887 3813 2201 3873 desudavit,
2232 3809 2285 3862 id
2315 3825 2476 3864 omne
2509 3809 2736 3861 Domino
2770 3809 2983 3862 tribuit.
3015 3809 3081 3861 Et
3103 3810 3232 3877 quid
3266 3800 3463 3863 mirum

1884 3902 1928 3954 si
1961 3901 2010 3955 id
2041 3902 2091 3955 in
2122 3901 2448 3956 continentia
2476 3899 2621 3965 facit,
2653 3916 2774 3955 cum
2804 3901 2872 3956 de
2901 3894 3280 3970 praedicatione
3311 3902 3473 3955 etiam

1885 3992 2174 4054 disserens,
2214 4008 2312 4061 pro
2341 4006 2446 4060 quo
2476 3992 2622 4046 mille
2649 3992 2883 4057 labores,
2913 3988 3474 4061 porpetuas'afflictio-

1887 4099 2018 4148 nes,
2070 4083 2454 4138 inenarrabiles
2505 4099 2811 4148 aerumnas,
2861 4084 3227 4152 quotidianam
3285 4098 3473 4138 necem

1885 4177 2225 4244 suscepisset,
2275 4176 2412 4230 idem
2443 4176 2706 4243 usurpet?
2743 4175 2878 4244 Quid
2923 4192 3052 4244 ergo
3093 4176 3160 4231 de
3200 4192 3265 4229 eo
3307 4177 3478 4229 dicit?

1886 4267 2016 4320 Plus
2042 4267 2144 4320 illis
2173 4265 2400 4321 omnibus
2429 4265 2653 4319 laboravi
2668 4283 2689 4331 ;
2716 4282 2813 4320 non
2840 4283 2930 4336 ego
2959 4277 3124 4320 autem
3146 4308 3160 4329 ,
3192 4267 3282 4319 sed
3313 4268 3478 4334 gratia

1887 4357 1984 4410 Dei
2009 4374 2200 4410 mecum
2227 4358 2300 4429 (1.
2326 4357 2443 4410 Cor.
2471 4358 2559 4411 15.
2586 4355 2696 4427 10).
2726 4355 2841 4409 Non
2866 4357 3053 4424 partim
3083 4371 3257 4419 suum,
3286 4357 3475 4423 partim

1888 4449 1979 4502 Dei
2009 4457 2225 4512 censet,
2256 4447 2347 4502 sed
2381 4458 2544 4502 totum
2577 4448 2688 4501 Dei.
2725 4446 2836 4501 Hoc
2863 4447 2998 4517 grati
3029 4447 3168 4500 servi
3199 4456 3280 4500 est
3300 4487 3312 4508 ,
3343 4445 3475 4498 nihil

1888 4540 2159 4609 preprium
2183 4540 2399 4605 ducere,
2425 4540 2516 4594 sed
2543 4540 2722 4594 omnia
2749 4540 2861 4593 beri
2884 4556 2899 4602 ;
2932 4539 3060 4593 nihil
3087 4554 3240 4593 suum
3267 4548 3475 4607 putare,

1889 4631 1981 4684 sed
2012 4631 2188 4685 omnia
2219 4631 2444 4685 Domini.
2481 4632 2655 4701 Atque
2680 4630 2822 4686 idem
2865 4631 2990 4685 facit
3015 4631 3159 4684 alibi.
3196 4629 3328 4684 Nam
3355 4646 3476 4684 cum

1889 4721 2133 4787 dixisset,
2165 4721 2418 4776 Habentes
2448 4723 2745 4776 donationes
2771 4723 3050 4775 secundum
3087 4723 3335 4791 gratiam,
3367 4739 3480 4792 qua:

1889 4815 2008 4868 data
2036 4825 2107 4868 est
2135 4816 2308 4878 nobis‘,
2335 4816 2624 4884 (li/ferentes
2651 4813 2671 4888 (
2693 4816 2847 4870 Rom.
2876 4815 2958 4869 12.
2992 4813 3096 4886 6),
3122 4815 3176 4868 in
3221 4817 3480 4870 orationis

1891 4920 2178 4975 progressu
2214 4906 2513 4974 magisteria
2537 4947 2549 4968 ,
2597 4906 2968 4960 liberalitatem
2997 4920 3060 4959 ac
3091 4906 3396 4975 largitiones
3425 4905 3482 4961 in

1892 4998 1958 5052 iis
1987 5007 2267 5063 numerat;
2299 5013 2417 5068 quae
2439 4998 2680 5062 virtutes,
2713 5013 2817 5052 non
2849 4997 2986 5051 dona
3013 5012 3155 5063 esse,
3189 4996 3340 5051 facile
3365 5013 3483 5051 om-

1892 5104 1987 5142 nes
2015 5088 2334 5158 intelligunt.
2367 5088 2491 5142 Haec
2520 5096 2700 5143 autem
2732 5087 2853 5142 ideo
2897 5087 3163 5150 disserui,
3200 5102 3266 5140 ne
3295 5087 3482 5142 dicen.

1894 5188 1998 5233 tem
2027 5178 2247 5233 audiens
2270 5219 2284 5244 ,
2318 5177 2593 5247 Proprium
2623 5179 2832 5248 quisque
2872 5173 3062 5231 donum
3088 5176 3266 5241 liabet,
3294 5179 3484 5237 conci,

1893 5269 2025 5336 das,
2069 5285 2132 5324 ac
2174 5279 2347 5325 tecum
2389 5270 2747 5324 sermocinere
2787 5287 2800 5321 :
2845 5268 3017 5340 Opera
3057 5283 3175 5323 mea
3224 5269 3309 5323 hic
3350 5267 3484 5326 nihil

1895 5376 2029 5430 opus
2056 5371 2176 5426 est;
2221 5362 2272 5416 id
2313 5362 2506 5415 donntn
2537 5361 2728 5414 Paulus
2770 5361 3086 5414 nominavit.
3127 5359 3258 5415 Nam
3301 5360 3486 5416 mode-

1894 5454 2011 5507 stite
2055 5467 2242 5517 causa,
2293 5467 2398 5506 non
2443 5451 2532 5522 qui
2575 5451 2958 5506 continentiam
3004 5451 3158 5506 donis
3196 5467 3488 5510 accensere

1896 5545 2075 5610 vellet,
2119 5543 2192 5597 ita
2231 5543 2487 5612 loquitur.
2536 5541 2718 5612 Neque
2760 5543 2902 5597 enim
2949 5550 3003 5596 et
3046 5557 3226 5598 secum
3268 5553 3322 5600 et
3363 5560 3486 5600 cum

1899 5633 2112 5688 Christo
2139 5642 2370 5703 pugnat;
2401 5647 2503 5686 non
2523 5647 2650 5687 cum
2668 5630 2883 5688 Christo
2909 5631 3140 5697 dicente,
3166 5633 3303 5689 Sunt
3329 5651 3488 5689 ennu-

1900 5725 2018 5789 chi,
2061 5725 2148 5790 qui
2193 5726 2384 5795 seipsos
2433 5734 2639 5794 propter
2688 5741 2902 5796 regnum
2954 5727 3149 5782 caleste
3199 5740 3486 5783 casn-arant

1908 5817 2118 5889 (Matth.
2147 5819 2230 5875 l9.
2259 5818 2386 5889 li);
2433 5830 2590 5890 atque
2633 5818 2862 5874 addente
2886 5859 2900 5885 ,
2945 5818 3048 5888 Qui
3090 5829 3249 5891 potest
3289 5836 3486 5892 capere,
