4206 6324
732 440 838 493 559

731 554 903 619 cupiat
924 566 946 603 ε
971 563 1079 602 non
1104 560 1287 601 secum
1304 583 1323 606 ,
1348 544 1439 613 qui
1465 542 1776 595 viduitatem
1798 538 2106 607 amplexas,
2136 534 2230 588 sed
2263 536 2314 586 in

731 658 800 695 eo
846 640 1117 709 proposito
1162 636 1450 705 persistere
1500 633 1743 686 nolentes
1784 630 2021 684 damnet.
2088 625 2220 680 Nam
2274 626 2319 679 si

731 735 931 787 donum
958 740 1041 785 est
1060 772 1075 794 ,
1106 745 1202 782 cur
1230 724 1721 794 ois_comminaris,
1753 722 1939 775 dicens
1969 739 1983 771 :
2014 718 2319 770 Damnatio-

734 846 849 881 nem
870 826 1073 889 habent,
1092 823 1212 893 quia
1232 822 1448 893 primum
1466 819 1621 885 fidem
1640 817 1836 869 initum
1858 817 2081 885 fecerunt
2099 812 2149 878 (1
2163 808 2317 861 .Tint.

734 918 790 971 5.
824 916 921 982 12)
941 916 967 970 2
1006 912 1276 980 Nusquam
1306 910 1447 963 enim
1473 906 1716 961 Christus
1744 904 1898 957 dotes
1927 918 2031 954 non
2062 900 2321 953 habentes

737 1008 975 1076 punivit,
1020 1004 1115 1058 sed
1160 1003 1356 1070 ubique
1395 1001 1555 1052 vitam
1597 1006 1796 1052 rectam
1835 1011 1941 1048 non
1982 992 2315 1055 exhibentes,

734 1100 979 1166 adeoque
1002 1094 1147 1165 quod
1184 1092 1520 1166 potissimum
1559 1089 1813 1159 requirit,
1840 1088 1947 1138 vita
1984 1095 2066 1138 est
2094 1085 2316 1151 Optima,

737 1199 794 1243 et
814 1164 1057 1242 actiunes
1084 1164 1495 1253 irreprehensa.
1523 1182 1793 1234 bonorum
1819 1188 1996 1232 autem
2018 1175 2320 1231 distributio

739 1282 911 1351 posita
941 1291 1023 1334 est
1049 1294 1156 1332 non
1186 1278 1239 1331 in
1269 1274 1579 1345 accipientis
1607 1273 1843 1342 optione,
1871 1270 1967 1324 sed
1992 1270 2045 1322 in
2071 1266 2321 1321 donantis

736 1374 980 1426 arbitrio.
1011 1371 1194 1440 Itaque
1223 1368 1460 1437 prodigia
1489 1371 1765 1435 patrantes
1788 1362 2032 1416 Christus
2058 1358 2193 1412 adeo
2215 1371 2321 1409 non

734 1464 915 1518 laudat
943 1461 1094 1532 (Luc.
1123 1461 1208 1515 l0.
1235 1458 1338 1531 20)
1360 1499 1377 1525 ,
1405 1468 1461 1512 ut
1485 1458 1646 1511 etiam
1674 1454 1963 1523 discipulos
2000 1468 2064 1506 ea
2107 1466 2165 1504 re
2199 1449 2320 1519 glo-

735 1556 937 1608 riantes
960 1554 1029 1607 ab
1052 1567 1122 1607 eo
1147 1549 1345 1621 gaudio
1374 1555 1667 1611 removeat,
1700 1558 1922 1598 monens
1943 1558 2010 1596 ne
2028 1540 2323 1611 gauderent

734 1645 1001 1700 daemonia
1030 1644 1130 1698 sibi
1156 1642 1367 1710 subjici.
1395 1640 1527 1694 Nam
1554 1640 1643 1708 qui
1669 1637 1811 1692 beati
1832 1635 2187 1704 praedicantur
2207 1631 2321 1685 ubi-

733 1752 838 1808 que
866 1735 1187 1807 (amns)
1222 1732 1594 1786 misericordes
1633 1738 1790 1791 sunt,
1839 1726 2099 1789 humiles,
2139 1724 2317 1787 mites,

733 1829 913 1883 animo
940 1827 1081 1895 puri,
1115 1824 1319 1894 pacifici
1340 1865 1356 1889 ,
1382 1823 1474 1892 qui
1499 1821 1615 1875 lucc
1646 1820 1827 1874 omnia
1850 1827 2011 1886 atque
2036 1817 2100 1869 iis
2125 1814 2331 1868 similia

738 1929 1013 1993 prmtant.
1042 1919 1179 1985 Quin
1220 1917 1335 1986 ipse
1363 1915 1523 1969 etiam
1550 1914 1746 1966 Paulus
1787 1909 2039 1980 praclara
2069 1922 2164 1960 sua
2195 1905 2324 1959 faci-

733 2029 865 2067 nora
893 2024 1217 2074 recensens,
1260 2009 1314 2060 in
1358 2007 1423 2060 iis
1464 2015 1520 2060 et
1556 2002 1899 2058 continentiae
1941 1998 2219 2062 meminit;
2257 1997 2322 2050 iis

732 2103 877 2156 enim
900 2100 1108 2165 verbis,
1136 2097 1204 2151 In
1227 2097 1388 2149 uultu
1410 2094 1684 2164 patientia,
1711 2094 1765 2145 in
1804 2087 2240 2152 tribulationibus,
2268 2092 2322 2138 in

734 2192 1134 2255 necessitatibus,
1162 2190 1216 2243 in
1241 2188 1510 2257 angustiis,
1538 2187 1592 2239 in
1620 2185 1816 2254 plagis,
1847 2184 1903 2235 in
1924 2179 2207 2235 carceribus
2226 2221 2241 2242 ,
2268 2179 2322 2230 in

732 2285 1013 2349 laboribus,
1043 2283 1099 2335 in
1123 2279 1474 2343 seditionibus,
1506 2280 1561 2331 in
1590 2277 1795 2346 vigiliis,
1822 2276 1875 2327 in
1891 2274 2129 2344 jejunis,
2154 2270 2321 2335 addit,

736 2378 802 2432 In
828 2379 1056 2431 castitate
1075 2375 1153 2445 (2.
1177 2373 1298 2428 Cor.
1320 2374 1375 2427 6.
1397 2374 1450 2426 4.
1479 2372 1534 2426 5.
1552 2372 1611 2440 6)
1639 2388 1654 2423 :
1686 2369 1906 2423 minime
1928 2367 1979 2420 id
1998 2366 2249 2428 facturus,
2276 2364 2321 2416 si

734 2472 937 2524 donum
967 2476 1133 2523 esset.
1164 2466 1276 2521 Cur
1296 2458 1475 2519 autem
1501 2473 1556 2517 et
1586 2461 1795 2515 mordet
1822 2474 1939 2513 eam
1978 2473 2085 2511 non
2116 2455 2323 2508 haben-

735 2574 836 2623 tes,
856 2560 1273 2628 intemperantes
1298 2572 1392 2611 eos
1414 2554 1645 2608 vocans?
1673 2568 1770 2607 cur
1790 2551 1879 2620 qui
1898 2549 2152 2617 virginem
2172 2560 2323 2601 suam

735 2668 844 2706 non
876 2652 1084 2715 elocat,
1124 2649 1321 2703 rectius
1365 2646 1529 2700 facit?
1570 2661 1665 2697 cur
1694 2644 1899 2697 beatior
1929 2641 2119 2705 vidua,
2160 2639 2207 2693 si
2245 2638 2325 2693 sic

736 2742 1035 2797 manserit?
1065 2740 1196 2794 Nam
1222 2738 1364 2806 quod
1385 2737 1494 2806 jam
1521 2734 1658 2800 dixi,
1682 2749 1787 2787 non
1820 2732 2202 2801 prodigiorum,
2229 2729 2324 2783 sed

736 2832 1007 2885 actionum
1034 2827 1389 2883 beatitudines
1407 2834 1550 2888 sunt,
1579 2820 2029 2893 quemadmodum
2053 2828 2110 2873 et
2129 2834 2321 2888 pinnat.

733 2923 854 2990 Quo
882 2930 1059 2991 pacto,
1090 2920 1305 2987 inquam
1326 2960 1342 2981 ,
1378 2917 1566 2971 eadem
1590 2914 1877 2967 cohortans
1904 2918 2248 2981 perseverat,
2278 2908 2325 2962 si

735 3017 789 3069 id
815 3016 867 3068 in
908 3013 1060 3066 nobis
1089 3028 1199 3065 non
1225 3019 1305 3064 est
1324 3052 1340 3076 ,
1381 3024 1481 3063 nec
1504 3018 1627 3077 post
1652 3007 1889 3059 divinum
1930 3005 2166 3058 favorem
2197 3017 2327 3070 ope-

735 3122 853 3161 ram
887 3105 1047 3159 etiam
1092 3114 1330 3155 nostram
1369 3098 1684 3155 desident?
1726 3097 1791 3151 Ei
1830 3097 1974 3151 enim
2021 3094 2322 3159 sententia‘,

748 3196 875 3249 Volo
911 3210 1082 3247 omnes
1106 3193 1333 3247 homines
1372 3192 1443 3243 sic
1481 3206 1621 3253 esse,
1648 3198 1703 3240 ut
1731 3204 1821 3257 ego
1846 3203 1989 3249 sunt,
2017 3185 2326 3239 continentes

737 3290 927 3342 iterum
946 3286 1145 3351 subdit,
1172 3283 1299 3336 Dico
1320 3292 1487 3335 “tam
1512 3298 1611 3334 non
1638 3280 1811 3348 nuptis
1848 3288 1896 3331 et
1915 3279 2100 3341 viduis,
2122 3275 2326 3331 Bonam

737 3392 809 3434 est
838 3381 965 3446 illis,
995 3381 1039 3434 si
1065 3380 1140 3432 sic
1168 3385 1526 3447 permaneant,
1553 3384 1606 3425 ut
1631 3374 1812 3445 ego“.
1831 3372 1946 3426 Cor.
1967 3372 2019 3423 Ἰ.
2039 3369 2196 3439 7.8),
2222 3371 2324 3423 ite-

743 3487 860 3525 rum
883 3486 944 3525 se
970 3469 1218 3538 proponit
1239 3467 1428 3522 eadem
1454 3466 1523 3519 de
1542 3479 1725 3518 causa.
1744 3463 1875 3517 Nam
1900 3463 1990 3532 qui
2012 3461 2324 3529 exemplum

740 3564 1000 3617 haberent
1025 3559 1322 3629 proximum
1344 3566 1399 3612 et
1427 3567 1694 3624 tamquam
1720 3553 2093 3617 domesticum,
2122 3550 2327 3605 facilius

738 3655 1054 3725 virginitatis
1099 3654 1308 3706 labores
1350 3658 1506 3704 erant
1546 3646 1749 3700 ausuri.
1794 3644 1947 3710 Quod
1987 3643 2032 3695 si
2075 3651 2129 3696 et
2166 3656 2324 3711 supra

740 3749 1007 3817 inquiens,
1049 3746 1172 3797 Volo
1194 3758 1365 3796 omnes
1390 3742 1464 3794 sic
1484 3756 1609 3802 esse,
1639 3746 1809 3815 ut‘ego
1832 3752 1967 3797 sum,
1994 3743 2049 3787 et
2074 3734 2189 3797 hic,
2219 3731 2322 3784 Bo-

738 3855 863 3891 num
890 3847 962 3890 est
983 3878 998 3897 ,
1028 3837 1071 3888 si
1097 3836 1171 3888 sic
1202 3840 1528 3901 pennancunt
1545 3868 1563 3893 ,
1596 3836 1651 3881 ut
1677 3844 1769 3897 ego
1788 3867 1805 3891 ,
1837 3834 2025 3879 neutro
2052 3825 2170 3877 loco
2193 3837 2325 3875 can—

738 3945 853 3982 sam
881 3926 1097 3994 adjecit,
1125 3940 1194 3978 ne
1219 3924 1450 3985 mirare;
1480 3933 1655 3988 neque
1682 3918 1825 3971 enim
1852 3916 1904 3969 id
1929 3930 1997 3970 ex
2024 3914 2326 3983 arrogantia

738 4020 896 4081 facit,
928 4017 1021 4070 sed
1062 4023 1212 4068 ratus
1254 4013 1384 4065 satis
1422 4025 1543 4064 esse
1578 4023 1755 4063 causa:
1795 4006 2115 4061 sententiam
2152 4018 2324 4068 suam,

737 4124 839 4177 qua
870 4107 1062 4159 ductus
1091 4120 1201 4157 rem
1231 4101 1558 4172 perfecisset.

812 4195 1079 4251 XXXVII.
1099 4193 1296 4247 Multus
1315 4210 1423 4246 esse
1441 4192 1697 4244 molestius
1716 4190 1769 4241 in
1788 4186 2021 4241 “calidis
2042 4184 2328 4254 nuptiis.—

739 4289 893 4355 Qnod
925 4290 969 4341 si
999 4288 1120 4356 quis
1158 4285 1395 4338 rationes
1435 4284 1595 4336 etiam
1634 4281 1898 4349 postulat,
1939 4277 2168 4345 primum
2199 4275 2325 4328 mihi

740 4380 980 4431 omnium
1010 4375 1314 4431 mortalium
1338 4371 1808 4432 existimationem,
1835 4378 1944 4421 tum
1969 4382 2089 4437 qua:
2120 4366 2205 4419 hic
2230 4380 2329 4418 usu

741 4472 957 4524 veniant
978 4510 994 4535 ,
1023 4467 1255 4536 indaget.
1288 4464 1420 4518 Nam
1447 4476 1569 4516 cum
1600 4459 1979 4529 legumlatores
2008 4471 2110 4511 nec
2146 4456 2333 4509 matri-

743 4560 923 4613 monia
944 4575 1006 4612 ea
1026 4557 1311 4625 castigent,
1333 4562 1388 4606 et
1413 4550 1723 4621 permittant
1745 4550 1906 4603 etiam
1927 4563 1992 4602 ac
2009 4546 2327 4612 conmdant,

744 4652 910 4704 multa
931 4658 985 4702 et
1006 4664 1035 4700 a
1057 4647 1237 4701 multis
1259 4660 1379 4699 cum
1402 4644 1569 4707 domi,
1594 4650 1704 4694 tum
1728 4640 1780 4693 in
1803 4639 1919 4693 foro
1941 4640 1997 4692 in
2016 4638 2330 4707 eosjactan-

745 4750 834 4794 tur
870 4738 1113 4802 dieleria,
1151 4734 1618 4805 reprehensiones,
1664 4730 1941 4784 maledicta
1976 4729 2212 4798 :quippe
2237 4742 2333 4781 eos

742 4846 897 4901 aque
926 4844 989 4882 ac
1034 4827 1277 4897 periuros
1303 4826 1491 4893 vulgo,
1539 4831 1597 4875 ut
1637 4824 1717 4875 sic
1752 4822 1976 4873 dixerim
1998 4859 2015 4885 ,
2041 4819 2328 4881 declinant,

750 4935 925 4991 neque
952 4928 1046 4972 aut
1069 4917 1273 4971 amicos
1304 4915 1521 4977 habere,
1545 4919 1637 4966 aut
1662 4927 1783 4966 cum
1812 4910 1877 4965 iis
1896 4919 2048 4979 pacta
2073 4918 2334 4962 conventa

749 5014 999 5076 firmare,
1028 5006 1371 5079 neque'aliud
1398 5004 1686 5075 quidquam
1726 5002 1925 5058 audent
1948 5001 2191 5055 credere.
2235 4998 2334 5053 Et-

748 5105 892 5157 enim
922 5116 1045 5156 cum
1072 5114 1167 5153 eos
1194 5082 1375 5153 vident
1413 5105 1575 5151 tanta:
1602 5091 2000 5148 consuetudinis
2018 5132 2036 5157 ,
2062 5090 2334 5156 amicitia,

749 5190 1125 5247 familiaritatis
1164 5204 1228 5243 ac
1263 5186 1535 5241 societatis
1576 5182 1889 5239 memoriam
1930 5196 2037 5235 tam
2080 5180 2233 5235 facile
2269 5195 2336 5234 ex

754 5284 936 5336 animo
960 5281 1252 5350 deponere,
1281 5293 1349 5333 ea
1374 5279 1437 5331 iis
1462 5276 1711 5346 cogitatio
1734 5273 2018 5344 quemdam
2043 5274 2193 5342 quasi
2222 5281 2336 5326 tor-

756 5390 940 5444 porem
966 5371 1213 5437 offundit,
1236 5379 1294 5423 ut
1318 5385 1424 5424 non
1450 5378 1653 5425 temere
1671 5382 1765 5422 eos
1784 5366 2011 5422 candide
2034 5366 2333 5429 admittant,

758 5482 854 5523 acu
887 5467 1030 5519 leves
1069 5475 1228 5533 atque
1258 5461 1553 5517 versatiles.
1583 5459 1770 5529 Neque
1806 5458 1878 5513 ob
1906 5460 2021 5512 hac
2046 5458 2219 5513 solum
2245 5472 2339 5513 eos

752 5565 1107 5622 aversantur,
1138 5555 1232 5611 sed
1276 5554 1438 5609 etiam
1481 5562 1699 5622 propter
1739 5566 1917 5605 rerum
1944 5559 2214 5618 gestarum
2258 5549 2341 5603 in-

754 5648 1091 5703 suavitatem.
1118 5646 1255 5713 Quid
1278 5646 1442 5707 enim,
1464 5657 1669 5713 quaeso,
1691 5640 2027 5710 injucundius
2050 5650 2155 5706 est,
2178 5655 2337 5709 quam

758 5750 875 5809 post
912 5753 1128 5809 gravem
1159 5738 1393 5803 luctum,
1426 5735 1699 5805 ploratus,
1744 5732 2037 5802 lacrymas,
2066 5730 2339 5786 sordidam

756 5846 985 5895 comam,
1010 5830 1212 5901 pullum
1239 5829 1513 5895 amictum,
1539 5824 1714 5881 subito
1743 5822 1979 5896 plausus,
2003 5822 2104 5879 tori
2132 5823 2343 5893 nuptiae

1446 431 1505 486 S.
1544 425 1821 485 .IOANNS
1857 421 2337 481 CIIRYSOSTOMI
2378 418 2702 476 ARCHIEP.
2730 419 3266 477 CONSTANTINOP.

3907 421 4013 475 560

2431 535 2543 597 les,
2576 536 2828 601 strepitus
2870 548 2902 586 a
2947 533 3110 601 priori
3138 533 3417 597 diversus,
3460 533 3604 585 velut
3648 533 3921 586 actoribtts
3962 538 4015 587 in

2428 640 2587 679 scena
2637 622 2981 687 ludentibus,
3034 638 3097 676 ac
3140 623 3244 676 hoc
3282 638 3425 675 nunc
3467 623 4006 690 representantibus:

2429 714 2561 768 Nam
2589 723 2645 769 et
2676 716 2783 768 illic
2810 714 3057 768 eumdem
3084 713 3271 767 videre
3297 723 3379 767 est
3408 714 3668 767 interdum
3698 729 3901 783 regem.
3932 716 4000 766 ἰιιε

2429 807 2638 859 terdum
2682 806 2920 857 omnium
2971 820 3361 874 paupcmmum
3394 821 3410 857 :
3436 812 3492 858 et
3524 804 3609 857 bic
3629 845 3646 866 ,
3675 806 3764 873 qui
3810 804 4005 871 pridetr

2426 899 2494 951 ad
2540 898 2799 950 tumulum
2839 897 3212 959 volutabatur,
3246 899 3482 964 repente
3525 896 3700 964 prodit
3743 910 4018 964 sponsus;

2426 990 2516 1057 qui
2548 1003 2756 1041 comam
2786 988 3051 1053 vellebat,
3079 1002 3291 1039 rursum
3334 986 3522 1039 eodem
3561 986 3735 1054 capite
3761 1000 4019 1038 coronam

2426 1088 2598 1148 gestat
2629 1097 2642 1131 :
2680 1079 2921 1146 dejectus
2960 1092 3025 1130 ac
3066 1090 3337 1139 merens,
3384 1085 3440 1130 et
3478 1078 3565 1146 qui
3613 1091 3759 1144 szrpe
3804 1077 4024 1143 plorans

2426 1172 2566 1242 apud
2594 1186 2690 1225 eos
2715 1172 2804 1240 qui
2836 1185 2897 1224 se
2924 1171 3339 1223 consolarentur
3362 1168 3626 1223 defuncta:
3650 1167 3836 1223 laudes
3864 1182 4023 1220 usur-

2430 1265 2609 1331 pavit,
2639 1279 2703 1317 ac
2731 1266 2891 1315 vitam
2933 1262 3038 1315 sibi
3066 1263 3276 1315 vitalem
3305 1262 3548 1329 negavit,
3584 1262 3755 1328 iisque
3780 1261 3867 1327 qni
3901 1274 3961 1312 se
3988 1274 4024 1311 a

2428 1355 2677 1407 lamentis
2705 1353 3036 1407 abducerent
3061 1354 3389 1417 succensuit,
3421 1352 3734 1419 plerumque
3757 1352 3901 1404 inter
3924 1365 4024 1401 eos

2426 1443 2574 1513 ipsos
2602 1444 2796 1498 iterum
2837 1444 3071 1497 comitur
3110 1458 3176 1496 ac
3217 1442 3457 1507 renidet,
3506 1451 3562 1495 et
3601 1441 3773 1495 oculis
3804 1441 4024 1509 pridem

2426 1535 2868 1605 lacrymantibus,
2892 1534 3081 1588 iisdem
3110 1533 3293 1589 ridens
3310 1549 3405 1587 eos
3430 1533 3686 1598 intuetur,
3708 1547 3773 1586 ac
3790 1547 3898 1601 quo
3922 1546 4025 1585 ore

2426 1634 2620 1679 cuncta
2648 1624 2766 1679 haec
2783 1626 2941 1694 paulo
2959 1632 3085 1679 ante
3110 1625 3408 1692 abjurabat,
3432 1639 3497 1678 eo
3518 1640 3659 1677 nunc
3682 1623 4026 1677 abblauditur

2428 1731 2496 1770 ac
2540 1716 2740 1770 salutat
2789 1702 3001 1770 omnes.
3047 1716 3299 1769 Omnium
3344 1730 3474 1768 vero
3525 1713 3891 1768 tristissimum
3937 1721 4028 1766 est

2433 1807 2634 1862 bellum
2682 1808 2865 1862 liberis
2903 1816 3183 1870 creatum,
3226 1806 3437 1861 ﬁliabus
3476 1806 3783 1860 domestica.
3811 1805 4025 1870 leaena;

2436 1914 2560 1953 nam
2588 1898 2641 1952 id
2667 1899 2887 1952 omnino
2914 1910 2999 1953 est
3027 1912 3278 1952 noverca.
3306 1898 3441 1953 Hinc
3467 1896 3833 1966 quotidianum
3859 1895 4029 1949 dissi-

2428 1987 2575 2041 dium
2601 1997 2765 2056 atque
2798 2002 2971 2055 pugna
2995 2002 3011 2050 ;
3046 1987 3170 2040 hinc
3196 1986 3445 2039 inusitata
3475 1997 3528 2039 et
3558 1985 3796 2039 insolens
3823 1984 4018 2038 adver-

2426 2095 2519 2132 sus
2562 2078 2835 2132 innoxiam
2875 2078 3225 2131 concertatio.
3268 2076 3401 2129 Nam
3440 2076 3546 2130 vivi
3588 2085 3644 2129 et
3688 2075 3928 2128 invident
3968 2082 4029 2127 et

2428 2170 2773 2233 invidentur;
2798 2184 2920 2222 cum
2942 2167 3169 2221 mortuis
3187 2168 3347 2221 etiam
3376 2152 3560 2220 hostes
3585 2165 4023 2219 reconciliantur.

2429 2264 2501 2313 At
2543 2274 2651 2314 non
2694 2260 2820 2323 hic,
2867 2259 2963 2313 sed
3008 2259 3285 2327 pulverem
3329 2268 3489 2326 atque
3538 2257 3774 2311 cinerem
3821 2252 4027 2309 invidia

2431 2351 2601 2417 petit;
2643 2349 2828 2403 odium
2861 2350 2913 2403 in
2941 2348 3214 2403 defossam
3243 2350 3450 2417 ingens,
3488 2347 3861 2412 contumeliae,
3883 2359 4030 2399 con-

2428 2440 2601 2506 vicia,
2643 2440 3014 2493 accusationes
3056 2440 3105 2492 ei
3145 2456 3264 2507 qua:
3302 2440 3355 2491 in
3398 2450 3593 2492 terram
3633 2437 3888 2491 dissoluta
3930 2438 4028 2499 sit,

2432 2530 2797 2599 implacabiles
2842 2530 3133 2583 inimicitim
3176 2544 3300 2583 cum
3347 2544 3411 2581 ea
3457 2543 3578 2596 quze
3621 2526 3752 2580 nihil
3801 2527 4026 2579 laeserit.

2431 2622 2571 2689 Quid
2602 2624 2839 2677 amentia
2870 2623 2971 2675 hac
2993 2632 3051 2677 et
3086 2622 3331 2676 barbarie
3359 2621 3597 2676 τωάίαεῖ
3640 2621 3835 2689 lnjnria
3863 2636 3894 2673 a
3922 2620 4030 2674 de-

2433 2712 2611 2772 functa
2647 2728 2754 2765 non
2784 2712 2973 2765 affecta
3008 2730 3021 2765 :
3053 2711 3181 2780 quid
3220 2711 3363 2773 dico,
3411 2711 3601 2779 injuria
3640 2710 3871 2765 aﬂecta?
3914 2711 4032 2764 imo

2429 2819 2561 2859 vero
2585 2806 2703 2873 ejus
2730 2804 3002 2857 laboribus
3032 2802 3216 2855 fruens
3253 2817 3317 2855 ac
3344 2802 3500 2856 bonis
3518 2802 3779 2870 gaudens,
3810 2816 3934 2854 cum
3962 2815 4029 2854 ea

2430 2894 2579 2947 velut
2623 2908 2744 2947 cum
2787 2894 2973 2946 umbra
3016 2890 3363 2961 belligerandi
3408 2890 3569 2944 ﬁiiem
3602 2890 3804 2945 nullum
3850 2889 3981 2943 facit
4011 2908 4027 2941 :

2429 2994 2487 3040 et
2514 3000 2632 3039 eam
2669 3000 2789 3053 qua:
2817 2998 2877 3037 se
2917 2983 3052 3037 nihil
3095 2983 3332 3048 luserit,
3382 2996 3527 3050 saepe
3564 2982 3726 3035 etiam
3777 2979 3882 3033 sibi
3924 2995 4033 3034 nec

2428 3088 2805 3145 conspectam,
2838 3075 2983 3128 mille
3010 3075 3061 3127 in
3090 3074 3206 3127 dies
3233 3073 3531 3127 maledictis
3569 3072 3823 3135 lacessit;
3862 3080 4032 3140 atque

2428 3185 2549 3224 eam
2577 3184 2696 3238 qua
2738 3184 2845 3222 non
2874 3168 3121 3230 exsistit,
3169 3168 3222 3219 in
3269 3167 3420 3234 prole
3459 3167 3578 3235 ejus
3604 3167 3915 3230 ulciscitur;
3962 3180 4034 3219 ac

2429 3270 2619 3314 contra
2646 3274 2766 3313 eam
2797 3259 2969 3311 virum
2996 3265 3188 3319 armat,
3222 3257 3309 3310 ubi
3347 3257 3463 3324 ipsa
3500 3255 3649 3323 nihil.
3665 3256 3888 3324 perlicit.
3921 3255 4030 3307 At-

2428 3366 2534 3419 que
2578 3350 2695 3403 hzec
2741 3360 2920 3403 tamen
2966 3348 3271 3403 hominibus
3314 3347 3488 3401 facilia
3526 3355 3685 3414 atque
3728 3343 4031 3398 tolerabilia

2428 3450 2553 3494 sunt
2579 3441 2692 3493 visa
2718 3481 2730 3501 .
2765 3439 2926 3492 modo
2950 3455 3019 3493 ne
3060 3438 3294 3492 libidinis
3332 3436 3669 3507 tyrannidem
3694 3436 3834 3490 ferre
3854 3450 4027 3505 coge-

2431 3541 2637 3587 rentur.
2665 3535 2735 3585 At
2770 3546 2875 3584 non
2906 3530 3056 3599 virgo
3089 3531 3155 3584 ad
3193 3530 3339 3584 hunc
3374 3528 3681 3582 conflictum
3720 3528 4028 3597 trepidavit,

2431 3639 2531 3677 nec
2554 3623 2799 3693 praelium
2824 3622 3143 3685 declinavit,
3173 3620 3317 3689 quod
3346 3621 3503 3689 vulgo
3528 3619 3664 3674 adeo
3689 3618 4034 3674 intolerabile

2432 3715 2696 3779 videatur,
2724 3714 2819 3768 sed
2847 3713 3056 3768 fortiter
3082 3713 3340 3767 resistens
3361 3721 3566 3765 natura:
3590 3711 3843 3764 insultnm
3861 3710 4032 3765 susti-

2431 3809 2566 3861 nuit.
2608 3808 2740 3874 Quis
2780 3808 2940 3875 igitur
2964 3821 3084 3860 eam
3113 3821 3212 3875 pro
3255 3806 3447 3858 merito
3488 3804 3779 3873 suspiciat,
3808 3801 4036 3871 quando

2429 3901 2522 3953 alii
2547 3900 2709 3952 etiam
2740 3898 2923 3952 alteris
2973 3899 3175 3966 nuptiis
3204 3911 3340 3965 opus
3369 3896 3565 3950 habent
3587 3936 3603 3961 ,
3650 3910 3720 3949 ne
3757 3904 4029 3959 urantur;

2432 3990 2548 4043 haec
2578 4004 2751 4057 neque
2789 3989 2909 4042 unis
2937 3988 3229 4042 contractis
3269 3999 3527 4056 perpetuo
3568 3997 3750 4041 sancta
3776 3995 3832 4039 et
3856 3985 4032 4053 illesa

2430 4079 2556 4132 est?
2613 4078 2837 4146 Propter
2887 4077 3004 4131 haec
3050 4086 3106 4129 ct
3159 4078 3211 4130 in
3262 4077 3449 4146 primis
3497 4085 3716 4145 propter
3757 4076 4033 4145 repositos

2435 4170 2678 4222 viduitati
2722 4160 2775 4221 in
2826 4169 2975 4222 caelis
3018 4168 3336 4231 thesauros,
3381 4168 3475 4237 qui
3517 4170 3821 4236 loquentem
3865 4167 3920 4220 in
3968 4182 4033 4220 se

2431 4260 2701 4314 Christum
2744 4260 3003 4324 haberet,
3040 4259 3297 4313 dicebat:
3338 4259 3539 4313 Bonum
3581 4270 3655 4313 est
3697 4258 3835 4321 illis,
3866 4259 3913 4310 si
3952 4260 4033 4311 sic

2433 4359 2795 4419 permaneant,
2830 4350 2957 4403 sicut
3002 4359 3051 4402 et
3093 4365 3206 4418 ego.
3257 4349 3372 4402 Non
3420 4350 3635 4418 potuisti
3665 4351 3730 4402 ad
3757 4364 4030 4402 summum

2435 4442 2657 4512 gradum
2688 4442 3053 4497 conscendere
3088 4460 3103 4495 :
3148 4452 3202 4497 at
3243 4444 3485 4511 proximo
3525 4458 3591 4496 ne
3630 4442 3867 4496 excidas.
3914 4442 4032 4495 Hoc

2434 4538 2552 4591 solo
2576 4537 2725 4606 virgo
2767 4537 2860 4591 tibi
2902 4544 3141 4605 praestet,
3181 4535 3328 4604 quod
3370 4536 3510 4588 illam
3551 4534 3714 4588 libido
3754 4549 3825 4587 ne
3856 4536 4029 4587 semel

2435 4628 2653 4698 quidem
2676 4628 3032 4697 expugnavit,
3063 4638 3114 4681 te
3142 4627 3285 4694 prius
3312 4635 3613 4695 superatam
3642 4634 3901 4693 perpetuo
3927 4626 4034 4678 sub

2431 4724 2563 4792 jugo
2594 4733 2777 4777 tenere
2821 4720 3157 4789 nequiverit;
3200 4734 3263 4772 ac
3300 4729 3356 4771 tu
3401 4719 3613 4786 quidem
3655 4718 3790 4770 victa
3829 4717 4031 4779 vicisti,

2437 4817 2527 4869 illa
2569 4816 2845 4869 victoriam
2891 4813 3045 4867 clade
3092 4828 3280 4879 puram
3324 4812 3520 4874 habet,
3561 4826 3625 4865 ac
3663 4821 3838 4865 tecum
3883 4811 4033 4864 exitu

2437 4905 2722 4974 conjuncta
2756 4904 3017 4973 principio
3046 4903 3219 4957 solum
3250 4910 3489 4972 superat.

2512 4994 2799 5049 XXXVIII.
2848 4992 2951 5046 Cur
3003 4993 3301 5062 coniugibus
3354 5009 3541 5063 magna
3567 4992 3794 5054 solatia,

2440 5086 2586 5140 nulla
2632 5085 2897 5138 concedat.
2928 5114 2996 5123 —
3041 5084 3202 5152 Igitur
3239 5085 3499 5152 eonjuges
3542 5083 3831 5136 admodum
3878 5097 4035 5136 eom-

2442 5176 2601 5232 mode
2649 5183 2859 5240 tractat,
2902 5174 2994 5241 qui
3055 5188 3158 5227 nec
3209 5174 3381 5227 altero
3435 5174 3646 5226 volente
3699 5187 3798 5226 eos
3849 5180 4036 5226 mutua

2441 5267 2829 5324 consuetudine
2885 5264 3199 5330 defraudet,
3261 5280 3363 5318 nec
3421 5262 3888 5317 defraudationem
3968 5278 4036 5316 ex

2442 5373 2710 5414 consensu
2748 5356 2959 5425 longius
3002 5356 3297 5422 producat:
3329 5354 3460 5424 quin
3485 5355 3683 5408 alteras
3722 5356 3885 5408 etiam
3931 5372 4038 5408 nu-

2444 5453 2583 5521 ptias
2609 5449 2901 5520 permittit,
2929 5449 2974 5501 si
3001 5448 3199 5511 velint,
3242 5462 3311 5504 ne
3355 5457 3600 5500 urantur.
3630 5448 3700 5500 At
3737 5447 4035 5516 virginibus

2446 5544 2651 5598 nullum
2708 5538 3012 5610 huiusmodi
3063 5539 3312 5592 solatium
3342 5538 3544 5607 prabet
3578 5578 3593 5601 ,
3624 5537 3721 5591 sed
3766 5537 3886 5590 illos
3914 5548 4037 5591 tan-

2447 5639 2614 5707 tisper
2650 5648 2919 5695 recreatos
2961 5640 3153 5695 iterum
3178 5639 3398 5694 dimittit
3426 5656 3439 5692 :
3470 5639 3606 5692 hanc
3634 5652 3731 5692 nec
3756 5637 4037 5690 minimum

2446 5730 2832 5801 respirantem,
2864 5732 2958 5792 sed
2984 5732 3198 5787 assidue
3224 5746 3545 5801 pugnantem
3567 5772 3581 5793 ,
3608 5738 3737 5784 ειπιι
3778 5738 4042 5797 perpetuo

2454 5831 2599 5877 stare
2624 5863 2642 5889 ,
2686 5838 2748 5877 ac
2790 5822 3173 5894 cupiditatibus
3197 5823 3380 5894 impeti
3404 5864 3422 5891 ,
3454 5837 3553 5877 nec
3577 5820 3659 5876 vel
3688 5819 3913 5875 tantillis
3959 5819 4041 5873 ia-
