4174 6318
185 385 282 440 561

179 499 350 553 ductis
390 495 513 551 frui.
559 494 666 551 Cur
704 493 848 551 enim
879 502 1003 547 tton'
1037 490 1161 570 huic
1212 490 1375 545 etiam
1417 487 1590 555 dixit,
1619 489 1682 545 Si
1723 507 1778 545 se

177 606 282 644 non
319 592 558 655 continet,
582 586 741 642 nubat
771 587 850 655 (Ι.
877 583 995 640 Cor.
1023 585 1079 639 'l.
1112 582 1167 654 9)
1186 582 1210 635 ?
1231 582 1384 649 Quod
1436 596 1536 636 nec
1559 582 1777 638 athleta:

176 684 321 737 dicat
373 681 692 752 quisquam,
743 687 1024 748 postquam
1088 674 1316 743 disjecto
1352 674 1550 728 amictu
1614 684 1776 744 alque

179 782 371 828 unctus
390 751 449 827 in
476 771 707 827 stadium
734 768 998 840 processit
1026 809 1041 831 ,
1083 781 1248 836 seque
1275 766 1492 836 pulvere
1518 751 1779 836 consper-

175 864 286 923 sit:
315 864 416 918 Abi
450 905 466 930 ,
509 861 633 933 fuge
655 860 1068 925 adversarium:
1115 857 1210 912 sed
1250 861 1360 926 jam
1393 871 1554 927 porro
1585 870 1776 912 neces~

178 971 296 1011 sum
316 957 387 1010 sit
409 955 638 1009 duorum
679 954 906 1007 alterum
936 993 952 1017 ,
984 959 1077 1005 aut
1101 960 1415 1004 coronatum
1444 989 1459 1015 ,
1490 957 1584 1003 aut
1627 948 1776 1018 deje-

179 1059 321 1103 ctum
342 1057 396 1102 et
417 1043 1000 1100 iniamemdiscedere.
1019 1040 1154 1096 Nam
1175 1040 1229 1094 in
1254 1039 1378 1094 ludo
1403 1054 1466 1094 ac
1487 1039 1734 1109 palmstra
1756 1077 1773 1104 ,

181 1141 267 1195 ubi
286 1155 410 1194 cum
426 1126 778 1192 familiaribus
791 1135 1101 1190 exercitium
1122 1133 1268 1199 sit,et
1285 1147 1406 1186 eum
1423 1125 1610 1186 amicis
1629 1131 1777 1186 velut

179 1250 301 1290 cum
342 1217 667 1288 adversariis
709 1244 899 1284 manus
938 1234 1314 1288 conseruntur,
1355 1224 1582 1280 liberum
1612 1233 1776 1279 estet

181 1324 452 1394 suscipere
480 1323 716 1378 laborem
734 1329 791 1376 et
813 1335 920 1374 non
942 1319 1247 1389 suscipere:
1264 1325 1321 1372 at
1335 1317 1422 1387 qui
1445 1315 1558 1387 jam
1577 1330 1773 1371 nomen

179 1415 347 1483 dedit,
377 1422 567 1470 coacto
598 1410 863 1482 frequenti
891 1409 1091 1480 populo
1110 1449 1124 1473 ,
1146 1397 1410 1478 prteseute
1427 1405 1772 1477 agonothcta,

180 1507 496 1563 sedentibus
524 1504 915 1576 spectatoribus
938 1544 954 1568 ,
1001 1502 1232 1557 adducto
1257 1512 1418 1572 atque
1443 1501 1655 1570 objecta
1674 1499 1772 1554 ad-

183 1599 450 1665 versario,
482 1597 533 1652 ei
581 1594 935 1651 certaminum
977 1593 1062 1648 lex
1119 1591 1426 1647 facultatem
1456 1591 1635 1662 eripit.
1690 1589 1773 1645 Ad

182 1692 430 1768 eumdem
478 1691 695 1746 modum
739 1698 794 1746 et
824 1688 1017 1759 virgini
1089 1686 1216 1745 dum
1273 1684 1540 1741 consultat
1585 1682 1772 1755 prius,

185 1783 489 1839 nubendum
520 1782 600 1837 sit
656 1795 862 1846 necne,
896 1787 1068 1833 tutum
1113 1785 1198 1833 est
1245 1774 1643 1831 matrimonium
1675 1792 1687 1827 :
1722 1781 1774 1828 at

186 1877 266 1931 ubi
316 1875 480 1944 elegit
533 1888 597 1928 ac
623 1872 928 1941 conscripta
969 1879 1090 1933 est,
1138 1885 1199 1925 se
1233 1869 1285 1924 iu
1331 1868 1561 1924 stadium
1605 1866 1773 1922 dedit.

187 1967 380 2036 Ecquis
407 1965 567 2036 igitur
593 1963 807 2019 indictis
838 1958 1403 2032 spectaculis,Christo
1427 1957 1774 2030 agonotheta,

184 2055 385 2127 angelis
428 2070 662 2125 superne
697 2038 1103 2126 spectantibus,
1171 2050 1384 2114 furente
1430 2050 1645 2105 diabolo
1711 2064 1776 2105 ac

185 2148 475 2220 fremente,
498 2147 566 2201 ad
606 2147 912 2217 laetamque
939 2142 1261 2215 complicato
1306 2151 1363 2198 et
1403 2141 1583 2198 medio
1619 2155 1774 2196 com-

187 2239 452 2310 prehenso
475 2280 492 2306 ,
557 2239 614 2293 in
701 2237 935 2294 medium
999 2237 1284 2309 prosiliens
1332 2236 1546 2293 edicere
1593 2235 1776 2290 ausit:

188 2333 404 2388 Hostem
460 2329 624 2402 fuge,
691 2329 965 2385 laboribus
1025 2328 1356 2401 supersede,
1416 2325 1776 2397 comprehen-

187 2429 391 2480 sionem
433 2425 657 2490 omitte,
708 2437 777 2478 ne
804 2421 1023 2492 dejicias
1075 2435 1140 2476 ac
1186 2430 1495 2490 prosternas
1519 2417 1778 2475 adversa-

191 2517 371 2584 rium,
415 2515 511 2571 sed
559 2516 610 2570 ei
668 2502 946 2569 victoriam
999 2511 1207 2568 cedas?
1259 2513 1326 2566 Et
1369 2511 1496 2582 duid
1544 2512 1778 2582 virgines

187 2609 322 2676 dico,
349 2622 476 2663 cum
499 2621 598 2662 nec
615 2606 802 2660 viduas
820 2607 884 2660 iis
913 2604 1090 2660 verbis
1119 2603 1274 2658 affari
1307 2603 1386 2658 fas
1413 2605 1518 2670 sit,
1543 2602 1637 2658 sed
1658 2603 1776 2657 illo-

188 2718 299 2757 rum
344 2701 467 2756 loco
511 2699 595 2755 his
655 2686 901 2755 terrificis
937 2738 953 2764 ,
995 2697 1123 2753 Cum
1176 2698 1450 2752 luxuriata
1501 2696 1687 2768 fuerint
1725 2695 1779 2748 in

187 2794 383 2851 Christo
404 2834 419 2860 ,
463 2794 648 2847 nubere
681 2791 858 2848 uolunt
911 2790 1290 2844 damnationem
1332 2789 1568 2843 habentes
1591 2829 1606 2853 ,
1659 2788 1780 2858 quia

188 2889 401 2955 primani
427 2887 582 2956 ﬁdem
606 2886 805 2940 irritam
835 2883 1062 2953 fecerunt
1090 2883 1169 2954 (i.
1200 2879 1337 2936 Tim.
1371 2883 1424 2937 5.
1474 2881 1555 2935 Η.
1587 2881 1692 2937 12).

253 2976 501 3032 XXXIX.
531 2975 623 3030 Cui
643 2976 832 3040 vidum,
851 2975 933 3028 cui
949 2973 1132 3044 uirgini
1155 2973 1339 3026 nubere
1367 2972 1622 3042 permittat
1648 2968 1781 3024 Pau-

187 3072 356 3125 lus.—
389 3069 602 3124 Ateuim
626 3083 750 3123 cum
781 3068 957 3132 dicat,
988 3064 1112 3119 Non
1143 3066 1314 3134 nuptis
1361 3047 1408 3118 et
1437 3064 1599 3118 viduis
1628 3064 1776 3129 dico,

187 3163 384 3216 Bonum
431 3169 506 3215 est
543 3160 679 3226 illis,
711 3159 756 3212 si
781 3159 854 3212 sic
906 3164 1275 3227 permaneant,
1297 3165 1352 3209 ut
1382 3172 1473 3225 ego
1502 3171 1521 3208 :
1553 3154 1690 3226 quod
1736 3155 1781 3209 si

187 3274 283 3309 non
313 3273 370 3310 se
415 3255 670 3308 continent
719 3252 953 3305 nubant:
998 3258 1050 3305 et
1079 3263 1290 3304 rursum
1322 3289 1336 3314 ,
1370 3247 1522 3312 Quod
1569 3251 1613 3301 si
1661 3247 1782 3300 dor-

188 3347 348 3400 mierit
379 3347 456 3399 vir
498 3345 627 3414 ejus,
662 3343 873 3396 liberata
897 3349 969 3395 est
993 3355 1010 3393 :
1033 3340 1116 3392 cui
1156 3339 1261 3393 vult
1297 3338 1471 3405 nubat,
1505 3347 1696 3390 tantum
1728 3337 1782 3389 in

188 3436 410 3490 Domino
438 3435 511 3507 (Ι.
539 3435 658 3490 Cor.
692 3434 744 3489 7.
773 3433 826 3489 8.
853 3434 907 3489 9.
941 3432 1033 3502 39)
1059 3450 1072 3486 :
1096 3447 1261 3502 quare
1292 3446 1411 3485 eam
1438 3429 1524 3484 cui
1554 3429 1781 3484 liberum

188 3527 308 3581 facit
331 3528 570 3594 ,-iterum
608 3524 864 3595 castigat,
909 3531 964 3579 et
1006 3522 1148 3591 quod
1175 3522 1230 3575 in
1261 3521 1491 3576 Domino
1517 3534 1638 3576 esse
1666 3534 1782 3572 ma-

188 3619 494 3673 trimonium
541 3617 697 3681 dixit,
735 3614 875 3670 idem
919 3629 1016 3669 ceu
1047 3612 1376 3684 illegitimum
1404 3611 1666 3666 damnat?
1707 3609 1784 3664 Ne

189 3723 449 3763 vereare:
479 3723 585 3761 non
643 3705 786 3760 idem
811 3745 826 3771 ,
858 3703 952 3759 sed
1007 3702 1169 3757 aliud.
1210 3701 1346 3757 Nam
1391 3710 1450 3756 ut
1498 3700 1782 3770 inquiens,

189 3801 249 3856 Si
288 3801 464 3871 nupsit
496 3801 637 3869 virgo
661 3839 676 3864 ,
722 3813 825 3851 non
873 3795 1095 3867 peccavit
1127 3793 1233 3866 (Ib.
1261 3811 1309 3848 υ.
1336 3793 1429 3863 28)
1448 3835 1463 3858 ,
1493 3807 1600 3848 non
1629 3791 1697 3848 dc
1721 3807 1785 3848 ea

189 3893 426 3962 loquitur
466 3906 586 3961 qua:
638 3888 982 3944 matrimonio
1029 3885 1392 3959 renuntiavit;
1435 3882 1658 3939 evidens
1704 3890 1788 3937 est

190 3984 327 4038 enim
353 3998 472 4037 eam
491 3981 762 4052 piaculum
779 3977 1134 4043 commisisse,
1157 3987 1211 4031 et
1235 3975 1449 4047 quidem
1474 3974 1746 4030 infandum
1769 3992 1783 4028 :

190 4077 280 4130 sed
322 4077 392 4131 de
437 4090 497 4130 ea
547 4090 669 4144 quae
706 4083 760 4127 et
790 4086 984 4142 expers
1032 4070 1360 4124 matrimonii
1395 4070 1465 4123 sit
1496 4085 1524 4135 ,‘
1551 4077 1607 4124 et
1649 4083 1786 4123 non-

189 4168 312 4224 dum
360 4169 461 4223 hoc
507 4178 600 4222 aut
649 4165 777 4222 illud
807 4165 1048 4236 elegerit,
1079 4163 1175 4220 sed
1207 4174 1478 4234 tamquam
1509 4163 1562 4218 in
1609 4164 1786 4235 medi-

192 4261 340 4316 tullio
395 4259 585 4316 harum
617 4259 997 4330 cogitationum
1035 4256 1338 4312 consistat:
1383 4257 1453 4311 ita
1494 4265 1549 4311 et
1575 4255 1787 4310 viduam

192 4355 315 4417 hic.
347 4370 467 4425 Quae
499 4355 674 4409 virum
723 4351 894 4407 solum
941 4334 1050 4406 non
1104 4350 1337 4418 habeat,
1391 4364 1565 4419 neque
1615 4349 1790 4404 adhuc

193 4449 408 4518 optione
435 4462 528 4502 sua
555 4446 810 4500 obstricta
851 4453 1097 4500 teneatur
1121 4486 1134 4507 ,
1185 4443 1279 4498 sed
1324 4444 1549 4498 liberum
1597 4441 1790 4498 habeat

194 4541 504 4594 alterutrum
547 4539 789 4608 eligere:
818 4537 926 4591 illic
950 4578 967 4604 ,
999 4537 1085 4591 cui
1112 4537 1374 4603 integrum
1424 4550 1529 4588 non
1573 4535 1789 4589 sitcum

195 4631 295 4685 alio
337 4644 538 4699 sponso
586 4629 898 4684 societatem
945 4628 1124 4688 coire,
1179 4625 1273 4680 sed
1335 4625 1388 4678 in
1448 4625 1791 4678 continentiae

196 4731 463 4778 certamen
505 4720 862 4776 descenderit.
894 4720 1078 4774 Potest
1123 4733 1354 4786 namque
1380 4726 1432 4772 et
1461 4715 1617 4770 vidua
1646 4731 1786 4777 eSse,

197 4826 246 4869 et
275 4815 553 4869 viduarum
595 4811 845 4882 dignitati
893 4794 999 4865 non
1041 4809 1310 4864 accenseri
1336 4847 1350 4873 ,
1392 4809 1436 4862 si
1465 4808 1514 4861 id
1556 4807 1790 4860 nondum

199 4906 511 4976 susceperit.
556 4904 743 4974 Itaque
770 4902 977 4972 inquit,
1023 4899 1187 4953 Vidua
1225 4899 1442 4970 eligatur
1482 4914 1584 4952 non
1629 4897 1795 4950 minor

197 5000 338 5052 annis
366 4997 652 5068 sexaginta,
696 5009 812 5066 qua:
854 4994 1003 5047 unius
1027 4992 1120 5045 viri
1144 5008 1272 5045 uxor
1300 4991 1453 5062 fuerit
1509 4989 1523 5020 ¹
1557 4987 1633 5061 (1.
1659 4987 1791 5041 Tim.

201 5090 249 5144 5.
280 5090 361 5160 9).
394 5089 528 5143 Nam
576 5103 695 5158 qua:
733 5086 889 5140 vidua
923 5098 1070 5139 mera
1097 5083 1165 5138 sit
1191 5125 1205 5148 ,
1229 5083 1278 5137 ei
1304 5124 1319 5148 ,
1351 5082 1394 5136 si
1419 5081 1547 5135 velit
1594 5081 1795 5135 nubere

203 5181 501 5250 permittit;
533 5190 589 5234 at
624 5195 746 5250 qua:
796 5187 1055 5249 perpetuo
1098 5175 1258 5238 vidua
1296 5188 1454 5244 agere
1504 5174 1616 5228 Deo
1670 5187 1796 5243 pro-

201 5275 372 5340 misit,
406 5285 569 5344 atque
592 5273 806 5327 interim
837 5271 1005 5334 nubit,
1041 5285 1158 5326 eam
1185 5269 1537 5324 vehementer
1557 5268 1793 5336 damnat,

206 5381 314 5435 qua:
372 5351 538 5419 ict‘um
582 5379 704 5418 cum
735 5363 846 5418 Deo
890 5371 1102 5432 pactum
1151 5361 1449 5415 conculcet.
1504 5359 1619 5415 Non
1669 5375 1798 5430 ergo

207 5454 283 5510 his
305 5497 321 5522 ,
350 5455 450 5510 sed
490 5455 596 5510 illis
619 5453 749 5509 dicit
773 5495 789 5520 ,
816 5452 963 5519 Quod
984 5453 1150 5526 siin
1178 5468 1232 5505 se
1256 5451 1532 5516 continent,
1565 5451 1753 5505 nubant
1779 5467 1797 5505 .°

207 5549 379 5603 melius
410 5557 486 5602 est
511 5548 644 5599 enim
670 5545 854 5599 nubere
875 5587 890 5605 .
912 5527 1074 5613 quam
1115 5544 1196 5596 uri
1238 5544 1318 5611 (ι.
1350 5541 1468 5596 Cor.
1498 5543 1549 5596 7.
1591 5541 1671 5612 9).
1704 5542 1800 5596 Vi-

210 5641 299 5697 des
322 5654 591 5711 nuSquam
631 5653 732 5711 per
767 5653 826 5693 se
854 5637 1055 5708 suspici
1083 5636 1480 5691 matrimonium
1500 5676 1516 5704 ,
1545 5634 1640 5690 sed
1669 5649 1796 5705 pro-

213 5778 299 5886 ἠὲ
321 5783 387 5825 tta
428 5774 485 5823 in
515 5779 632 5837 Reg.
655 5779 707 5822 tu
725 5770 832 5823 aliis
851 5783 970 5823 vero
983 5770 1326 5822 desiderantur
1348 5771 1451 5820 haec
1474 5771 1642 5834 verba,
1666 5768 1807 5822 unius

323 5848 474 5886 uror.

323 5848 474 5888 παρ’.

1545 377 1634 433 DE
1674 377 2137 437 VlllfilNlTATE.

3372 405 3480 462 89!

1887 505 2008 591 pter
2044 496 2451 591 fornicationem
2486 546 2502 571 ,
2556 509 2873 567 tentationes
2922 524 3082 585 atque
3111 517 3475 591 intemperati.

1889 589 2062 642 tiam?
2091 589 2221 644 Nam
2276 608 2435 662 supra
2487 595 2602 653 haec
2646 603 2824 658 omnia
2863 619 3107 663 recenset
3150 627 3164 662 :
3214 589 3302 669 hic
3349 630 3478 672 vero

1887 682 2028 750 quod
2055 698 2150 739 eos
2183 689 2435 744 conviciis
2462 691 2599 746 male
2624 695 2939 753 mulctasset
2965 741 2981 764 ,
3014 717 3226 759 rursum
3273 675 3476 777 gratio:

1886 775 2118 832 sioribus
2146 779 2325 833 verbis
2349 783 2593 839 eamdem
2642 802 2756 842 rem
2802 792 3058 859 appellat,
3094 775 3396 855 incendium
3425 813 3479 858 et

1886 867 2132 922 ardorem
2174 873 2475 929 nominans.
2528 875 2859 949 Quamquam
2924 899 3097 955 neque
3146 888 3236 945 hic
3296 896 3478 949 omisit

1885 959 2011 1027 quin
2049 961 2347 1018 auditorem
2394 965 2575 1022 feriret
2606 986 2620 1023 :
2646 986 2752 1026 non
2791 975 2934 1028 enim
2964 977 3138 1047 dixit,
3167 980 3259 1036 Sin
3303 985 3476 1041 libidi-

1885 1051 1970 1106 nis
2008 1053 2115 1107 vim
2167 1055 2326 1109 ullam
2364 1060 2632 1125 sentiuut,
2662 1063 2743 1117 sin
2786 1070 3077 1124 transversi
3129 1084 3357 1142 aguntur
3382 1115 3400 1144 ,
3431 1079 3475 1132 si

1886 1157 1990 1236 non
2024 1155 2290 1213 possunt;
2341 1148 2473 1206 nihil
2524 1150 2828 1222 ejusmodi,
2857 1159 3002 1227 quod
3045 1176 3229 1217 eorum
3260 1176 3342 1220 est
3383 1169 3475 1236 qui

1881 1235 2081 1305 aliquid
2101 1238 2330 1308 dignum
2354 1243 2507 1298 venia
2546 1245 2856 1314 patiuntur;
2884 1251 2979 1306 sed
3005 1254 3130 1323 quid
3152 1255 3177 1309 τ
3203 1257 3265 1311 Si
3291 1275 3347 1312 se
3373 1235 3475 1314 to.

1883 1328 2142 1384 continent
2166 1345 2187 1382 :
2209 1330 2350 1400 quod
2378 1347 2561 1388 eorum
2593 1345 2675 1392 est
2697 1379 2712 1403 ,
2741 1340 2830 1407 qui
2857 1352 3075 1411 propter
3109 1336 3370 1416 ignaviam
3394 1352 3474 1404 la-

1883 1417 2074 1474 borare
2101 1420 2307 1476 nolunt.
2347 1421 2402 1477 ld
2432 1426 2572 1480 enim
2621 1428 2883 1498 significat
2907 1448 3002 1489 eos
3023 1475 3038 1499 ,
3069 1438 3261 1506 quibus
3302 1446 3472 1500 resin

1883 1512 2129 1602 manibus
2161 1524 2337 1582 esset,
2370 1516 2720 1575 detrectando
2765 1523 3002 1596 laborem
3056 1544 3172 1582 eam
3204 1547 3309 1586 non
3346 1549 3472 1602 per-

1883 1600 2065 1658 ficere.
2085 1604 2155 1659 At
2184 1621 2252 1660 ne
2281 1606 2358 1662 sic
2402 1609 2616 1682 quidem
2670 1627 2765 1668 eos
2811 1616 2961 1684 punit
2985 1634 3048 1672 ac
3077 1600 3358 1691 suppliciis
3372 1627 3474 1681 ad-

1881 1693 2006 1748 dicit
2032 1695 2170 1761 ,sed
2221 1697 2380 1752 laude
2414 1700 2587 1766 solum
2629 1703 2838 1770 privat,
2884 1717 3043 1778 atque
3086 1711 3140 1766 in
3183 1716 3466 1772 verborum

1882 1794 2086 1840 tantum
2113 1788 2391 1858 Ivituperio
2455 1789 2846 1852 vehementiam
2892 1797 3143 1867 adhibet,
3183 1803 3470 1862 liberorum

1881 1878 2305 1945 procreationem
2329 1922 2346 1946 ,
2387 1881 2719 1950 plausibilem
2751 1885 2888 1943 hanc
2919 1898 2975 1944 et
3017 1894 3313 1956 speciosam
3351 1912 3462 1953 ma-

1883 1966 2119 2034 trimonii
2157 1984 2670 2043 causamnusquam
2711 1992 3039 2046 memorans,
3071 1983 3168 2038 sed
3194 1985 3469 2053 ardorem,

1880 2061 2376 2132 intemperantiam.
2401 2063 2808 2145 fornicationem
2836 2085 2902 2126 sc
2938 2074 3285 2132 tentationem
3329 2089 3474 2133 sata-

1881 2152 2054 2208 nicam
2077 2194 2095 2221 ,
2122 2169 2292 2224 eaque
2321 2171 2392 2211 ne
2429 2159 2728 2229 evenirent,
2755 2177 2870 2218 rem
2899 2167 3236 2234 permittens.
3261 2171 3326 2226 Et
3344 2173 3470 2243 quid

1883 2251 1994 2297 tum
2033 2245 2259 2313 postea?
2288 2245 2459 2317 inquit
2500 2265 2514 2301 :
2564 2265 2687 2305 nam
2739 2254 2996 2325 quamdiu
3023 2256 3075 2311 id
3121 2273 3150 2311 a
3205 2261 3470 2330 supplicio

1883 2334 2108 2401 liberat,
2135 2340 2378 2408 quamvis
2423 2338 2868 2412 vituperationem
2918 2363 2981 2404 ac
3020 2353 3263 2407 convicia
3317 2334 3475 2411 facile

1883 2427 2121 2484 feremus
2146 2470 2161 2494 ,
2193 2431 2321 2486 dum
2367 2431 2605 2489 deliciari
2655 2444 2816 2508 atque
2854 2439 3070 2497 assidue
3100 2444 3320 2500 libidine
3370 2447 3474 2503 frui

1887 2518 2065 2575 liceat.
2095 2520 2232 2587 Quid
2260 2539 2409 2590 vero,
2435 2525 2574 2581 bone
2603 2527 2684 2582 vir
2714 2567 2730 2593 ,
2776 2530 2820 2583 si
2877 2546 2977 2587 nec
3013 2532 3254 2590 deliciari
3303 2536 3426 2592 licet
3455 2578 3473 2605 ,

1882 2611 2254 2667 conviciumne
2299 2614 2472 2668 solum
2513 2616 2899 2686 percipiemus?
2924 2620 3028 2677 Sed
3058 2625 3358 2694 quomodo,
3386 2629 3473 2681 in-

1883 2705 2036 2774 quit.
2066 2704 2305 2760 deliciari
2333 2722 2438 2761 non
2470 2708 2631 2773 licet,
2662 2725 2783 2765 cum
2815 2713 2956 2768 dicat
2985 2714 3182 2770 Paulus
3205 2756 3222 2782 ,
3255 2717 3404 2783 Quod
3427 2719 3474 2773 si

1883 2812 1937 2850 se
1955 2813 2055 2850 non
2075 2797 2352 2865 continent,
2375 2799 2566 2854 nubant
2589 2800 2615 2854 ?
2641 2802 2776 2856 Audi
2800 2818 2961 2872 porro
2981 2821 3100 2878 qua:
3121 2807 3186 2862 iis
3213 2806 3474 2864 hzereant.

1883 2887 2149 2943 Audivisti
2188 2890 2354 2945 satius
2383 2905 2504 2946 esse
2531 2894 2928 2949 matrimonium
2962 2898 3286 2955 contrahere
3308 2915 3470 2971 quant

1884 2980 2092 3035 ardere.
2148 2981 2300 3047 Quod
2356 2982 2649 3052 jucundum
2681 2995 2764 3039 est
2814 2987 3478 3058 probas,permissionem

1885 3073 2072 3128 laudas
2097 3113 2114 3138 ,
2159 3076 2456 3144 apostolum
2501 3075 2568 3131 de
2617 3077 2944 3147 indulgentia
2974 3080 3247 3151 suspicis:
3293 3089 3350 3137 at
3393 3082 3481 3139 hic

1884 3180 1952 3219 ne
1973 3165 2226 3230 consiste,
2250 3175 2304 3220 et
2330 3181 2448 3236 quae
2468 3175 2866 3237 consequuntur
2881 3183 3034 3238 aeque
3054 3169 3274 3236 admitte
3297 3188 3312 3224 :
3335 3171 3482 3242 ejus-

1887 3255 2008 3310 dem
2035 3257 2176 3311 enim
2207 3268 2288 3313 est
2317 3267 2604 3329 utrumque
2635 3269 2978 3329 prmceptum.
3001 3261 3138 3329 Quid
3165 3264 3327 3334 igitur
3353 3266 3480 3321 sub—

1885 3345 2006 3401 dit?
2035 3348 2346 3419 Conjugibns
2387 3359 2554 3403 autem
2580 3351 2850 3419 precipio,
2879 3368 2981 3406 non
3027 3369 3119 3424 ego
3138 3396 3154 3420 ,
3182 3354 3272 3408 sed
3296 3354 3479 3409 Domi-

1885 3455 2014 3518 nus,
2048 3437 2191 3494 Uxor
2216 3457 2249 3493 α
2276 3441 2383 3495 uiro
2426 3458 2488 3495 ne
2529 3441 2799 3496 diuortium
2835 3443 3042 3514 faciat:
3077 3445 3156 3499 sin
3209 3447 3480 3502 diuortium

1885 3532 2060 3604 fecerit
2084 3573 2100 3593 ,
2127 3541 2328 3586 maneat
2357 3532 2572 3602 innupta
2623 3542 2712 3586 aut
2756 3534 2864 3588 uiro
2908 3536 3278 3590 reconcilietur.
3303 3534 3435 3591 Item
3457 3578 3474 3603 ,

1887 3621 1967 3676 vir
2011 3636 2217 3678 uxorem
2244 3639 2306 3676 ne
2323 3621 2555 3692 repudiet
2581 3622 2658 3691 (l.
2687 3623 2804 3677 Cor.
2829 3624 2883 3677 'l.
2914 3623 2996 3679 10.
3035 3623 3143 3694 Η).

1960 3712 2074 3770 XL.
2103 3713 2346 3785 Magnam
2370 3731 2479 3770 esse
2505 3725 2552 3770 et
2577 3715 2977 3785 indeclinabilem
3004 3734 3066 3771 ea:
3103 3717 3342 3788 conjugio
3367 3734 3482 3772 ser-

1887 3804 2328 3873 vitutem—Quid
2353 3815 2553 3872 autem,
2583 3806 2630 3860 si
2647 3806 2728 3862 vir
2747 3807 2916 3861 comis
2941 3815 3041 3869 est,
3062 3822 3196 3862 uxor
3217 3806 3482 3874 improba,

1889 3895 2150 3951 maledica
2168 3936 2186 3962 ,
2220 3896 2437 3968 loquax,
2470 3905 2526 3951 et
2553 3896 2695 3966 quod
2725 3911 3009 3951 commune
3037 3897 3274 3956 omnium
3297 3897 3470 3952 vitiutr

1890 3996 1972 4061 est
1993 4029 2006 4050 ,
2035 3999 2345 4058 sumptuosa
2375 3988 2649 4058 ,galiisque
2677 3990 2831 4044 malis
2860 3990 3096 4059 pluribus
3125 3988 3356 4044 referta?
3378 4003 3482 4059 quo

1890 4079 2053 4134 modo
2078 4080 2240 4136 miser
2290 4081 2385 4135 ille
2429 4080 2792 4150 quotidianam
2827 4079 2963 4134 hanc
3010 4082 3309 4136 molestiam
3334 4121 3351 4146 ,
3391 4095 3486 4135 su-

1893 4172 2130 4242 perbiam
2159 4212 2176 4239 ,
2219 4171 2607 4241 impudentiam
2672 4171 2850 4226 feret?
2894 4171 3029 4238 Quid
3055 4214 3070 4237 ,
3131 4173 3345 4242 inquam
3374 4212 3390 4238 ,
3440 4172 3486 4226 si

1891 4273 2078 4318 contra
2121 4261 2235 4319 haec
2265 4263 2511 4330 modesta
2549 4269 2606 4330 et
2642 4261 2825 4317 sedata
2857 4270 2972 4328 est,
3003 4261 3089 4316 ille
3135 4277 3262 4317 vero
3291 4261 3439 4316 ferox
3466 4303 3485 4327 ,

1893 4335 2158 4425 superbus
2181 4396 2198 4421 ,
2256 4354 2547 4422 iracundus
2570 4394 2587 4420 ,
2618 4355 2813 4410 animis
2855 4355 2905 4409 ei
2947 4355 3138 4424 partim
3186 4355 3440 4424 operibus
3470 4396 3484 4418 ,

1893 4447 2087 4515 partim
2148 4447 2391 4517 potentia,
2432 4446 2637 4509 auctis,
2681 4445 2774 4514 qui
2842 4445 3063 4500 liberam
3133 4445 3325 4500 eodem
3371 4445 3492 4500 loco

1895 4538 2090 4593 habeat
2161 4553 2269 4609 quo
2351 4552 2599 4606 servam,
2685 4537 2856 4592 nihilo
2931 4537 2985 4591 in
3034 4551 3153 4591 eam
3216 4551 3375 4606 quam
3438 4536 3491 4589 in

1895 4629 2119 4684 famulas
2166 4628 2414 4700 aequior?
2435 4643 2540 4696 quo
2587 4635 2742 4696 pacto
2770 4641 2888 4680 eam
2936 4626 3307 4681 necessitatem
3354 4625 3493 4679 vim-

1896 4736 2002 4791 que
2030 4720 2307 4790 patietur?
2352 4717 2495 4786 Quid
2525 4717 2757 4787 denique
2784 4758 2799 4782 ,
2846 4717 2890 4770 si
2917 4717 2986 4770 ab
3012 4732 3073 4771 ea
3100 4717 3259 4785 plane
3286 4715 3494 4770 alienus

1897 4826 2112 4882 semper
2136 4811 2386 4866 maneat?
2423 4806 2528 4862 Fer
2549 4848 2563 4870 ,
2606 4808 2816 4876 inquit,
2849 4822 3062 4860 omnem
3095 4807 3232 4860 hanc
3261 4806 3498 4860 servitur-

1899 4912 2005 4959 tem
2031 4946 2046 4969 ,
2077 4901 2253 4958 futura
2279 4901 2503 4958 demum
2555 4899 2720 4956 libera
2762 4913 2884 4953 cum
2927 4899 3160 4953 abierit:
3193 4912 3262 4953 eo
3313 4905 3492 4952 autem

1898 4996 2022 5050 vivo
2046 4993 2272 5049 duorum
2298 4994 2534 5050 alterum
2557 5005 2778 5046 necesse
2799 4999 2880 5044 est
2903 5030 2918 5054 ,
2951 4999 3178 5044 autenm
3208 4989 3356 5044 omni
3386 4999 3502 5042 stu—

1900 5087 1990 5143 dio
2018 5088 2189 5143 lenire
2216 5101 2281 5140 ac
2301 5084 2444 5153 frugi
2469 5082 2716 5146 reddere,
2749 5091 2841 5136 aut
2867 5081 2910 5135 si
2943 5081 2994 5135 id
3024 5081 3366 5151 deeperatum
3394 5087 3498 5144 est,

1900 5179 2221 5234 acerrimum
2251 5174 2526 5248 quoddam
2567 5173 2768 5229 bellum
2796 5183 2956 5243 atque
2998 5172 3228 5230 efferum
3257 5154 3499 5242 praelium

1905 5269 2112 5326 fortiter
2134 5270 2420 5326 sustinere.
2483 5267 2561 5322 Ac
2589 5281 2750 5335 supra
2780 5264 3011 5331 dicebat,
3066 5264 3151 5319 Ne
3206 5263 3506 5334 defraudato

1905 5363 2034 5417 alter
2090 5363 2309 5418 alterum
2338 5402 2354 5429 ,
2417 5359 2517 5412 nisi
2544 5359 2587 5412 si
2635 5358 2757 5427 quid
2793 5373 2857 5412 ea:
2882 5373 3128 5411 consensu
3181 5355 3288 5425 (lb.
3316 5371 3364 5409 η.
3398 5351 3501 5426 5);

1906 5455 1995 5511 hic
2013 5454 2356 5525 diremptam,
2383 5451 2466 5510 vel
2497 5450 2716 5506 invitam
2746 5463 2805 5504 se
2831 5463 2991 5520 porro
3008 5447 3162 5517 jubet
3186 5446 3462 5501 continere
3490 5463 3503 5498 ε

1910 5546 2139 5616 Maneat,
2189 5547 2378 5616 inquit.
2431 5543 2676 5611 innupta,
2725 5550 2812 5594 aut
2851 5541 2957 5593 uiro
3013 5539 3361 5594 reconcilietur
3401 5531 3507 5605 (Π).

1908 5658 1957 5695 υ.
2011 5641 2136 5709 Η).
2193 5639 2382 5695 Vidcn’
2440 5651 2558 5691 eam
2641 5635 2783 5688 inter
2854 5632 3064 5703 gemina
3117 5630 3253 5684 bella
3318 5627 3512 5697 depre-

1913 5733 2183 5789 hensam?
2212 5732 2345 5789 Nam
2406 5735 2499 5787 aut
2526 5726 2759 5782 libidinis
2807 5725 2914 5780 vim
2954 5723 3096 5778 ferre
3135 5721 3373 5790 cogitur,
3422 5729 3512 5774 aut

1918 5824 1964 5880 si
1992 5824 2043 5880 id
2072 5823 2206 5882 nolit
2236 5865 2252 5886 .
2304 5817 2688 5878 assentaudum
2735 5822 2819 5873 est
2876 5814 3072 5885 injurio
3096 5855 3109 5878 ,
3141 5814 3296 5882 eique
3353 5822 3411 5864 se
3447 5807 3510 5862 ad
