4174 6318
712 403 814 459 5'33

709 511 958 583 quwlibet
986 505 1329 578 pratbendum
1354 545 1369 570 ,
1398 518 1492 557 seu
1526 503 1694 573 plagis
1734 502 1950 556 afﬁcere
1996 500 2124 554 velit
2151 541 2165 562 ,
2199 514 2294 553 seu

708 588 965 656 conviciis
994 614 1221 663 vexare,
1252 612 1347 651 seu
1385 608 1666 649 vernarum
1712 594 1941 648 ludibrio
1976 606 2243 661 exponere
2275 630 2292 656 ,

708 712 803 750 seu
829 693 988 747 aliud
1016 690 1143 761 quid
1174 689 1468 759 ejusmodi:
1498 686 1680 740 multa:
1700 686 1841 739 enim
1882 686 2009 738 viris
2034 684 2295 739 ulciscen-

710 789 896 841 darum
935 798 1159 838 uxorum
1186 784 1285 834 vi:e
1313 780 1615 833 adinventa:
1639 787 1781 832 sunt.
1814 777 1945 843 Qua:
1970 776 2014 829 si
2047 790 2151 829 non
2178 791 2297 843 per-

710 877 889 937 ferat‘,
939 872 1140 943 agenda
1186 871 1510 925 infructuosa
1556 869 1879 922 continentia
1936 876 2021 919 est
2071 883 2085 917 :
2134 865 2300 918 infru-

712 977 897 1021 ctuosa
922 1004 940 1030 ,
972 977 1226 1031 mquam,
1254 975 1373 1028 qum
1414 959 1543 1012 nihil
1585 957 1953 1028 promissionis
1990 955 2297 1026 adjunctum

712 1057 926 1111 habeat.
974 1039 1157 1123 Neque
1196 1054 1339 1106 enim
1399 1049 1767 1103 sanctimoniae
1812 1048 1989 1102 studio
2053 1058 2299 1115 suscepta

712 1158 834 1211 est,
888 1146 981 1200 sed
1037 1154 1253 1213 propter
1300 1142 1581 1196 dissidium
1622 1154 1743 1194 cum
1786 1140 1940 1192 viro:
1973 1153 2135 1202 nam,
2182 1137 2302 1190 Ma-

714 1247 849 1302 neat,
881 1237 1083 1305 inquit,
1110 1236 1327 1302 innupta
1351 1274 1365 1297 ,
1395 1242 1483 1284 aut
1521 1232 1627 1283 uiro
1664 1229 2032 1283 reconcilietur.
2060 1231 2128 1281 At
2150 1228 2299 1297 quid,

714 1332 759 1386 si
794 1331 937 1384 nolet
972 1330 1026 1382 in
1069 1330 1293 1397 gratiam
1324 1325 1542 1379 redire?
1578 1323 1753 1377 Habes
1781 1322 2006 1376 alterum
2051 1319 2301 1389 eﬂ'ugium

715 1433 874 1491 atque
904 1421 1227 1475 evasionem.
1260 1415 1596 1484 Quamnam?
1626 1414 1753 1483 Ejus
1780 1422 2005 1466 mortem
2032 1421 2301 1480 exspecta.

718 1515 786 1568 Ut
812 1514 951 1567 enim
997 1510 1235 1580 virgini,
1267 1509 1350 1562 cui
1391 1521 1629 1578 perenne
1654 1506 1838 1563 vivens
1876 1514 2036 1573 atque
2087 1504 2307 1556 immor-

718 1605 838 1658 talis
866 1618 1095 1673 Sponsus
1122 1602 1229 1665 sit,
1270 1600 1472 1653 nubere
1503 1611 1790 1666 numquam
1822 1596 1948 1649 licet
1986 1614 2001 1648 :
2036 1595 2114 1649 sic
2140 1596 2305 1647 mari-

720 1704 841 1749 tata:
869 1704 976 1748 tum
1007 1694 1256 1757 demum,
1288 1706 1408 1744 cum
1440 1690 1521 1742 vir
1556 1688 1765 1743 obierit.
1792 1686 1925 1740 Nam
1960 1686 2006 1740 si
2036 1685 2115 1739 fas
2140 1694 2303 1748 esset,

719 1800 787 1841 eo
832 1785 990 1845 etiam
1019 1784 1139 1836 vivo
1172 1782 1240 1835 ab
1277 1795 1342 1834 eo
1380 1778 1448 1833 ad
1498 1779 1660 1832 alium
1684 1819 1697 1839 ,
1756 1778 2061 1844 iterumque
2104 1776 2172 1843 ab
2216 1775 2307 1828 illo

718 1876 787 1929 ad
829 1876 989 1928 alium
1024 1873 1251 1926 transire
1271 1871 1439 1940 ,lquid
1462 1869 1799 1923 matrimonio
1828 1882 1965 1938 opus
1992 1875 2157 1933 esset,
2178 1866 2308 1919 viris

722 1967 1025 2035 promiscue
1072 1965 1241 2017 altero
1298 1962 1520 2016 alterius
1566 1975 1735 2014 uxore
1791 1959 2098 2023 utentibus,
2150 1969 2310 2028 atque

721 2072 843 2112 cum
869 2056 1117 2110 omnibus
1140 2052 1498 2109 coeuntibus?
1527 2050 1643 2117 Quo
1670 2059 1825 2121 pacto
1877 2059 2055 2105 autem
2104 2065 2210 2104 non
2256 2060 2312 2104 et

722 2150 958 2203 studium
1004 2161 1130 2216 erga
1183 2144 1589 2199 contubernales
1644 2144 1881 2212 periret,
1938 2141 2040 2195 hoc
2109 2141 2304 2207 hodie,

722 2244 841 2294 cras
871 2240 998 2304 illo,
1028 2253 1091 2291 ac
1118 2251 1327 2291 rursum
1360 2236 1467 2289 alio
1501 2250 1620 2288 cum
1652 2249 1840 2289 eorum
1868 2250 2033 2288 uxore
2082 2248 2310 2288 consue-

724 2329 1035 2385 scentibus?
1087 2328 1272 2382 Merito
1298 2327 1350 2380 id
1384 2326 1638 2380 Dominus
1664 2323 1979 2377 adulterium
2009 2324 2237 2377 vocavit.

798 2419 937 2475 XLI.
967 2418 1070 2473 Cur
1096 2417 1295 2470 ludatis
1347 2416 1644 2470 concesserit
1688 2414 1826 2467 Deus
1864 2416 2063 2483 repudii
2092 2416 2313 2468 libellam

729 2508 933 2576 offerre.
962 2539 1034 2548 —
1054 2508 1162 2562 Cur
1188 2508 1345 2577 igitur
1368 2507 1417 2560 id
1444 2505 1642 2561 ludatis
1672 2504 1949 2574 permisit?
1988 2504 2067 2559 Ne
2088 2506 2225 2559 inter
2253 2520 2312 2560 se

725 2601 1077 2677 conﬂigerent
1103 2646 1119 2669 ,
1160 2614 1229 2652 ne
1278 2614 1512 2671 cognato
1541 2604 1807 2674 sanguine
1826 2598 1971 2653 aedes
1991 2614 2123 2657 suas
2161 2613 2311 2656 com-

730 2699 958 2767 plerent.
987 2696 1132 2750 Cedo
1159 2696 1322 2759 enim,
1352 2703 1530 2748 utrum
1561 2693 1846 2761 prmstabat
1868 2735 1884 2760 ,
1903 2694 2132 2747 invisam
2153 2694 2315 2754 domo

728 2788 909 2857 exigi,
969 2803 1036 2840 an
1084 2788 1221 2839 intra
1262 2785 1493 2853 parietes
1544 2783 1809 2853 jugulari,
1860 2784 2000 2853 quod
2027 2784 2309 2852 fecissent,

730 2881 779 2935 si
804 2895 909 2933 non
940 2880 1018 2932 eis
1038 2878 1234 2947 ejicere
1262 2877 1541 2930 licuisset?
1571 2876 1747 2944 itaque
1788 2875 1977 2945 inquit,
2010 2876 2073 2931 Si
2101 2878 2317 2931 inrisam

726 2972 897 3037 habes,
927 2971 1121 3024 dimitte
1150 2968 1326 3037 (Deut.
1358 2968 1449 3022 24.
1487 2965 1561 3038 1).
1594 2968 1664 3020 At
1692 2975 2021 3033 mansuetos,
2051 2975 2106 3022 et
2124 2970 2316 3037 quibus

730 3078 832 3118 nec
876 3062 1031 3116 irasci
1085 3061 1390 3130 permittat,
1447 3058 1723 3126 alloquens
1751 3057 1871 3111 ait:
1904 3056 2003 3112 Sin
2044 3059 2316 3113 diuortium

729 3153 919 3226 fecerit,
949 3150 1126 3205 ctelebs
1150 3157 1349 3202 maneto
1388 3147 1465 3217 (1.
1496 3147 1614 3201 Cor.
1646 3148 1699 3201 7.
1731 3147 1841 3217 ii).
1884 3147 2048 3202 Vides
2076 3152 2315 3204 necessi-

728 3249 929 3309 tatem,
958 3239 1314 3296 inevitabilem
1358 3239 1667 3293 servitutem
1696 3279 1713 3304 ,
1755 3247 1811 3293 et
1851 3238 2122 3307 vinculum
2173 3241 2315 3310 quod

729 3345 1017 3403 utrumque
1058 3329 1421 3400 constringit?
1465 3328 1605 3384 Vere
1643 3316 1785 3383 enim
1832 3329 2100 3384 vinculum
2129 3332 2317 3385 matri-

728 3428 966 3484 monium
995 3432 1107 3491 est,
1136 3438 1242 3477 non
1270 3422 1447 3477 solum
1493 3431 1710 3491 propter
1742 3421 2160 3478 sollicitudinum
2206 3432 2319 3477 tur-

731 3518 851 3573 bam
881 3530 945 3571 ac
982 3514 1320 3586 quotidianas
1348 3512 1638 3577 molestias,
1683 3512 1776 3567 sed
1804 3514 1964 3567 etiam
2001 3514 2145 3583 quod
2185 3530 2319 3570 con-

731 3613 882 3682 iuges
926 3610 1113 3680 quovis
1164 3622 1323 3663 servo
1371 3608 1588 3678 gravius
1632 3608 1857 3663 invicem
1906 3609 2107 3679 subjici
2140 3622 2313 3681 cogat.

739 3701 851 3768 Vir,
878 3702 1087 3770 inquit,
1120 3699 1271 3753 uxori
1315 3699 1606 3753 dominetur
1656 3698 1807 3770 (Gen.
1848 3700 1903 3755 5.
1934 3700 2049 3769 16).
2078 3705 2147 3754 At
2197 3702 2318 3771 quis

734 3793 854 3863 ejus
891 3790 1115 3846 dominii
1162 3806 1291 3844 usus
1329 3790 1458 3844 est?
1501 3805 1622 3844 nam
1658 3791 1890 3845 vicissim
1928 3805 2051 3846 eum
2101 3806 2317 3847 servum

732 3884 899 3942 efficit
936 3884 1055 3952 ejus
1080 3882 1163 3937 cui
1206 3882 1434 3951 imperet
1460 3923 1475 3948 ,
1529 3870 1663 3937 nov'a
1710 3882 1940 3952 quadam
1980 3892 2035 3939 et
2081 3883 2317 3939 inaudita

733 3976 1031 4042 excogitata
1058 3974 1495 4043 compensatione
1542 3974 1817 4029 servitutis
1844 3991 1860 4040 ;
1888 3988 1977 4031 ac.
1993 3977 2144 4042 quasi
2176 3976 2317 4048 fugi-

734 4068 962 4119 tivorum
1000 4063 1165 4134 pedes
1192 4065 1511 4120 et'seorsim
1547 4064 1739 4132 vincti,
1780 4074 1833 4119 et
1860 4082 2069 4121 rursum
2096 4068 2235 4123 inter
2260 4085 2318 4125 se

732 4160 922 4228 exigua
958 4157 1187 4227 quadam
1226 4154 1412 4211 catena
1442 4156 1645 4227 bicipiti
1676 4159 1943 4228 utrimque
1996 4159 2195 4228 pedicis
2241 4163 2319 4217 ai-

734 4250 839 4304 ﬁxa
892 4249 1210 4314 constricti,
1262 4248 1405 4302 haud
1448 4263 1579 4303 sane
1628 4248 1796 4304 libere
1840 4250 2045 4320 ingredi
2082 4261 2315 4322 queant,

730 4341 877 4413 quod
915 4344 1051 4396 alter
1087 4340 1316 4396 alterum
1350 4341 1605 4411 consequi
1645 4350 1903 4410 cogantur
1931 4360 1943 4395 :
1974 4342 2041 4396 ad
2070 4344 2317 4399 eumdem

733 4435 950 4489 modum
980 4444 1035 4489 et
1058 4434 1344 4503 coniugum
1372 4442 1579 4488 mentes
1597 4473 1612 4499 ,
1641 4449 1761 4488 cum
1786 4434 2018 4503 privatas
2046 4450 2199 4490 curas
2227 4436 2319 4491 ha-

731 4526 893 4591 bent,
918 4535 1027 4579 tum
1058 4525 1158 4579 alia
1186 4524 1505 4579 necessitate
1542 4524 1703 4579 etiam
1724 4539 1792 4580 ex
1821 4533 2000 4580 mutua
2020 4527 2317 4597 colligatio-

735 4632 804 4672 ne
829 4625 1095 4680 tenentur,
1128 4630 1245 4685 quae
1268 4630 1361 4670 eos
1390 4614 1535 4668 omni
1566 4623 1752 4669 catena
1782 4616 1978 4671 arctius
1999 4617 2243 4687 stringat,
2266 4627 2320 4673 et

731 4708 946 4777 utrique
973 4706 1269 4761 libertatem
1301 4706 1524 4773 eripiat,
1556 4705 1697 4775 quod
1730 4708 1816 4759 uni
1850 4706 2131 4775 imperium
2159 4723 2319 4771 omne

734 4816 843 4855 non
895 4800 1208 4863 tradiderit,
1248 4797 1342 4852 sed
1404 4798 1519 4867 ejus
1572 4807 1886 4867 potestatem
1937 4801 1988 4852 in
2038 4809 2320 4870 utrumque

734 4893 1045 4961 dispertitos
1075 4892 1162 4944 sit.
1195 4890 1296 4945 Ubi
1332 4900 1455 4944 sunt
1482 4892 1637 4961 igitur
1673 4892 1762 4961 qui
1811 4894 1979 4960 parati
2014 4904 2139 4948 sunt
2166 4895 2319 4948 volu-

739 4984 900 5053 ptatis
942 4982 1117 5036 solatii
1153 4995 1313 5035 causa
1362 4995 1575 5035 omnem
1623 4981 2122 5038 condemnationem
2164 4986 2320 5054 pati?

740 5074 922 5144 Neque
960 5074 1101 5127 enim
1130 5087 1315 5141 parum
1355 5072 1422 5127 de
1464 5073 1736 5142 voluptate
1775 5074 2023 5140 decedit,
2054 5076 2319 5131 interdum

737 5167 937 5222 mutuis
976 5166 1112 5220 odiis
1144 5156 1207 5225 ac
1231 5163 1465 5219 dissidiis
1508 5166 1559 5219 in
1588 5165 1803 5235 longum
1845 5173 2053 5236 tempus
2080 5167 2321 5222 duranti-

738 5261 858 5315 bus.
893 5259 1030 5325 Quin
1056 5272 1117 5313 ea
1165 5268 1375 5327 quoque
1400 5257 1660 5323 servitus,
1690 5266 1749 5311 ut
1796 5258 2014 5313 alterius
2062 5260 2320 5329 improbi-

740 5361 821 5403 tas
841 5349 993 5403 alteri
1022 5348 1104 5401 vel
1134 5348 1298 5403 iuvito
1327 5344 1545 5402 ferenda
1576 5348 1645 5401 sit
1666 5388 1679 5409 ,
1713 5350 1843 5403 satis
1885 5359 1971 5403 est
2013 5357 2071 5403 ut
2100 5351 2322 5406 delicias

741 5457 929 5497 omnes
958 5440 1224 5495 obliteret.
1272 5440 1471 5508 Itaque
1501 5440 1689 5494 beatus
1731 5440 1821 5494 ille
1876 5441 2109 5496 libidinis
2152 5444 2324 5513 impo-

742 5535 963 5590 tentiam
992 5535 1216 5603 primum
1248 5533 1452 5601 asperis
1482 5532 1586 5586 illis
1614 5532 1789 5587 verbis
1820 5538 2078 5601 repressit
2106 5544 2324 5605 propter

741 5628 1147 5681 fonucationem
1170 5668 1184 5693 ,
1217 5624 1676 5694 intemperantiam
1717 5633 1774 5679 et
1796 5625 2048 5691 ardores;
2081 5628 2175 5683 sed
2201 5642 2323 5682 cum

741 5717 949 5771 videret
976 5716 1132 5785 vulgo
1168 5728 1284 5769 eam
1327 5714 1824 5770 condemnationem
1878 5730 1909 5769 a
1939 5717 2122 5771 multis
2173 5717 2324 5772 ﬂocci

744 5807 860 5865 ﬁeri
891 5850 907 5875 ,
944 5806 1084 5879 quod
1129 5805 1194 5861 ad
1224 5805 1599 5862 deterrendum
1652 5804 1919 5863 efﬁcacius
1973 5816 2117 5865 esset
2155 5807 2321 5863 addit.

1451 393 1507 446 S.
1547 388 1825 445 JOANNIS
1860 382 2332 442 CIIRYWSTOMI
2370 382 2688 438 ARCIIIEP.
2729 382 3264 439 CONSTANTINOP.

3888 383 3992 439 5M

2404 498 2527 553 Ideo
2566 498 2811 566 discipuli
2854 500 3026 552 coacti
3079 508 3203 552 sunt
3245 498 3458 565 dicere,
3494 497 3613 552 Non
3665 498 3867 567 expedit
3896 511 3993 551 nr:-

2401 591 2515 643 bere
2541 589 2749 659 (Matth.
2784 589 2870 644 19.
2903 589 3015 657 10).
3044 588 3102 643 ld
3128 600 3305 643 autem
3333 599 3415 644 est
3437 629 3453 654 ,
3481 589 3760 659 coniugem
3788 588 3993 643 nullum

2402 683 2485 737 sui
2520 698 2641 737 esse
2683 682 2840 751 juris.
2871 681 3056 752 Neque
3103 682 3154 735 id
3212 682 3580 736 bortabuudus
3631 692 3685 735 et
3725 693 3994 744 tamquam

2404 774 2689 827 consulens
2732 772 2969 842 profert,
3002 773 3095 826 sed
3122 773 3436 841 prmcipiens
3466 788 3528 825 ac
3553 771 3835 825 mandans.
3859 769 3995 824 Nam

2406 866 2807 917 matrimonium
2832 863 3150 917 contrahere
3192 872 3282 916 aut
3312 877 3415 915 non
3463 862 3782 917 contrahere
3831 876 3998 930 penes

2408 972 2506 1012 nos
2538 966 2655 1010 est:
2679 973 2799 1026 qua:
2826 957 3219 1011 matrimonium
3250 966 3651 1025 consequuntur
3672 997 3688 1019 ,
3719 970 3822 1009 non
3842 956 3995 1014 item,

2407 1047 2503 1103 sed
2544 1049 2771 1102 velimus
2806 1048 3037 1101 nolimus
3079 1047 3290 1101 .‘erenda
3322 1046 3553 1101 servitus
3581 1055 3683 1101 est.
3711 1044 3846 1114 Quid
3883 1047 3995 1099 ita!

2408 1138 2561 1203 Quod
2586 1154 2693 1192 non
2741 1138 2893 1192 inscii
2921 1154 3037 1192 eam
3086 1139 3316 1207 primum
3362 1136 3695 1205 suscepimus
3718 1178 3734 1201 ,
3765 1133 3858 1189 sed
3915 1134 4001 1187 vel

2409 1230 2574 1299 probe
2622 1230 2739 1298 ejus
2782 1229 2900 1298 jura
2948 1238 3109 1298 atque
3147 1229 3291 1297 leges
3338 1238 3621 1295 tenentes,
3665 1235 3855 1297 sponte
3900 1230 4004 1281 sub

2404 1321 2588 1391 jugum
2630 1335 2729 1375 nos
2772 1321 3113 1391 subjecimus.
3146 1321 3223 1374 Ac
3249 1327 3429 1388 postea
3459 1320 3529 1374 de
3582 1321 3648 1374 iis
3703 1320 3958 1389 loquutus
3986 1361 4001 1383 ,

2411 1412 2501 1479 qui
2537 1410 2779 1465 infideles
2810 1426 3003 1464 uxores
3035 1411 3313 1476 haberent,
3351 1425 3641 1477 omnesque
3679 1412 4003 1464 matrimOnii

2413 1502 2555 1571 leges
2596 1512 2843 1556 accurate
2891 1512 3277 1571 persequutus,
3354 1501 3632 1570 interjccta
3698 1501 3765 1555 de
3828 1503 4005 1556 servis

2413 1591 2799 1661 disputatione,
2832 1600 2989 1661 atque
3017 1594 3081 1646 iis
3115 1634 3131 1658 ,
3160 1590 3299 1661 quod
3341 1592 3553 1647 abunde
3598 1592 3791 1647 solatio
3816 1604 4003 1658 esset,

2414 1684 2662 1748 monitis,
2710 1685 3087 1753 ingenuitatem
3114 1684 3411 1753 spiritalem
3466 1699 3528 1737 ea
3581 1685 3841 1739 servitute
3891 1700 4000 1737 non

2416 1775 2654 1828 imminui
2679 1815 2694 1841 ,
2727 1776 2899 1843 pergit
2933 1774 3000 1828 ad
3031 1789 3332 1828 sermonem
3360 1775 3427 1829 de
3457 1775 3763 1844 virginitate
3791 1816 3805 1840 ,
3837 1791 3999 1846 quem

2416 1865 2617 1934 pridem
2664 1865 3002 1934 parturiebat
3028 1881 3093 1919 ac
3138 1881 3319 1920 serere
3344 1866 3652 1935 satagebat,
3698 1882 3841 1921 nunc
3883 1870 4005 1922 eni-

2417 1965 2534 2011 tens
2559 1974 2573 2017 ;
2605 1958 2703 2025 etsi
2725 1972 2848 2011 eum
2877 1972 2976 2011 nec
3000 1957 3068 2011 de
3097 1958 3436 2011 matrimonio
3460 1958 3734 2012 disserens
3754 1960 4008 2012 sustinuit

2416 2050 2628 2103 silentio
2670 2051 2965 2117 pneterire.
2996 2050 3128 2104 Nam
3161 2051 3395 2105 breviter
3434 2051 3522 2106 ille
3548 2050 3767 2121 quidem
3810 2059 3866 2104 et
3892 2049 4007 2105 obi-

2418 2150 2519 2208 ter,
2551 2141 2646 2196 sed
2680 2150 2857 2196 tamen
2889 2143 2937 2197 ei
2964 2158 3179 2213 quoque
3204 2143 3558 2198 exhortationi
3586 2160 3706 2199 eum
3740 2143 4006 2199 intexuit:

2418 2242 2578 2302 atque
2597 2248 2659 2287 ea
2688 2234 3049 2302 pulcherrima
3094 2236 3301 2290 ratione
3334 2250 3493 2289 aures
3522 2244 3731 2289 nostras
3774 2244 3831 2290 et
3858 2236 4012 2305 inge-

2420 2325 2564 2378 nium
2585 2335 2832 2395 tanquam
2853 2340 3155 2394 praeparans
3170 2342 3233 2380 ac
3253 2327 3628 2396 prtemolliens,
3647 2328 3869 2381 orationi
3889 2326 4014 2381 facio

2422 2415 2525 2469 lem
2540 2416 2737 2469 aditum
2756 2416 2973 2469 molitur
2990 2427 3108 2485 post
3128 2418 3551 2471 exhortationem
3569 2418 3635 2472 ad
3654 2432 3856 2472 servos.
3874 2417 4010 2472 Nam

2421 2508 2611 2576 pretio,
2662 2507 2862 2583 inquit,
2898 2510 3053 2582 empti
3077 2510 3195 2565 estis
3226 2525 3245 2561 :
3267 2510 3429 2563 nolite
3450 2511 3559 2582 ﬁeri
3584 2511 3713 2569 servi
3748 2510 4015 2569 hominum

2424 2602 2502 2671 (1.
2526 2604 2642 2657 Cor.
2676 2604 2727 2657 7.
2750 2604 2865 2672 23).
2900 2604 3108 2658 Domini
3134 2604 3287 2659 nobis
3315 2604 3577 2659 beneficio
3606 2606 3657 2657 in
3693 2606 4013 2659 memoriam

2422 2702 2692 2756 revocato,
2704 2694 3044 2763 omniumque
3066 2693 3331 2747 mentibus
3346 2708 3411 2747 eo
3428 2695 3623 2749 erectis
3644 2694 3694 2748 in
3712 2694 4019 2764 coelumque

2422 2784 2646 2838 sublatis
2668 2826 2683 2851 ,
2724 2784 2792 2838 de
2818 2785 3122 2855 virginitate
3148 2784 3562 2853 disputationem
3603 2785 3819 2840 demum
3864 2787 4016 2841 inse—

2422 2875 2493 2929 rit
2538 2875 2621 2930 his
2671 2875 2895 2930 verbis:
2929 2875 3007 2930 De
3051 2876 3327 2947 uirginibus
3358 2888 3527 2931 autem
3571 2878 3782 2931 Domini
3828 2894 4021 2946 prisce-

2424 2973 2565 3033 ptum
2594 2982 2695 3018 non
2738 2967 2929 3033 habeo,
2959 2967 3048 3020 sed
3080 2968 3349 3021 consilium
3398 2968 3485 3034 do,
3528 2978 3782 3038 tamquam
3813 2969 4019 3023 miseri-

2423 3056 2647 3109 cordiam
2691 3067 3026 3127 consequutus
3052 3074 3082 3107 a
3102 3056 3325 3111 Domino
3344 3100 3357 3123 ,
3388 3068 3445 3111 ut
3474 3059 3570 3112 sim
3602 3060 3767 3127 ﬁdelis
3793 3059 3868 3132 (1.
3890 3058 4043 3113 ϐοτη

2425 3146 2478 3212 7,
2502 3147 2621 3217 25).
2650 3148 2750 3211 At,
2784 3149 2871 3218 qui
2913 3149 2979 3202 de
3009 3148 3183 3204 ﬁdelis
3211 3165 3332 3204 cum
3375 3150 3574 3205 inﬁdeli
3603 3152 3850 3221 conjugio
3886 3167 4022 3220 pra:-

2422 3250 2635 3308 ceptum
2675 3240 2801 3292 item
2853 3255 2959 3294 non
3011 3241 3269 3308 haberet,
3320 3257 3511 3312 magna
3561 3244 3882 3300 auctoritate
3936 3246 4014 3299 ita

2424 3330 2632 3385 sancit:
2666 3329 2870 3385 Ceteris
2918 3342 3084 3385 autem
3109 3350 3200 3403 ego
3251 3335 3445 3398 scribo,
3484 3351 3585 3388 non
3633 3334 3880 3391 Dominus
3906 3353 3928 3390 :
3956 3339 4022 3393 Si

2422 3422 2537 3493 quis
2562 3426 2720 3492 frater
2756 3439 2967 3476 uxorem
3009 3425 3153 3477 habet
3198 3425 3457 3491 inﬁdelem
3485 3468 3499 3491 ,
3543 3436 3590 3480 et
3635 3428 3742 3481 hac
3770 3432 4020 3483 consentit

2425 3513 2649 3567 habitare
2676 3529 2791 3567 cum
2830 3514 2921 3568 illo
2943 3556 2958 3579 ,
3002 3531 3103 3568 non
3159 3514 3415 3581 dimittat,
3447 3516 3590 3571 illam
3627 3517 3732 3588 (Ib.
3760 3532 3887 3571 vers.
3908 3516 4023 3583 12).

2424 3606 2531 3661 Cur
2554 3621 2660 3659 non
2703 3606 2862 3676 igitur
2888 3614 2943 3660 et
2978 3606 3047 3660 de
3070 3606 3364 3675 virginibus
3394 3608 3575 3663 itidem
3620 3610 3843 3663 sciscis?
3871 3611 4011 3676 Quia

2432 3697 2535 3754 hoc
2562 3696 2806 3753 Christus
2834 3699 3007 3768 palam
3040 3699 3339 3764 constituit,
3358 3709 3543 3755 vetans
3586 3716 3703 3756 eam
3728 3718 3839 3756 rem
3865 3718 4014 3772 prae-

2423 3794 2562 3863 cepti
2592 3794 2913 3849 necessitate
2938 3792 3170 3848 deﬁniri.
3204 3793 3334 3851 Illud
3381 3810 3611 3863 namque
3640 3837 3655 3861 ,
3705 3794 3806 3860 Qui
3853 3806 4018 3866 potest

2424 3902 2603 3956 capere
2628 3927 2642 3951 ,
2683 3885 2890 3957 capiat,
2944 3885 3167 3940 liberam
3221 3886 3449 3940 auditori
3505 3889 3775 3956 optionem
3814 3890 4017 3944 condo-

2426 3980 2603 4032 nantis
2647 3987 2748 4031 est.
2780 3976 2967 4047 Itaque
3013 3977 3083 4031 de
3136 3978 3461 4032 continentia
3500 3978 3797 4043 disserens,
3840 3978 3972 4036 Volo
4000 4025 4018 4049 ,

2426 4067 2640 4137 inquit,
2684 4084 2857 4122 omnes
2886 4068 3113 4121 homines
3140 4069 3213 4121 sic
3241 4085 3347 4122 esse
3373 4110 3388 4136 ,
3433 4079 3487 4121 ut
3524 4086 3617 4140 ego
3664 4088 3806 4137 sum,
3847 4075 4020 4127 conti-

2425 4170 2597 4213 nentes
2623 4160 2702 4228 (1.
2726 4158 2845 4214 Cor.
2876 4161 2929 4215 7.
2963 4159 3017 4232 7)
3048 4177 3062 4225 ;
3095 4170 3149 4215 et
3178 4176 3391 4216 rursum
3418 4202 3433 4228 ,
3464 4160 3703 4233 Innuptis
3755 4176 3926 4219 autem
3956 4186 4020 4222 ac

2426 4250 2590 4303 viduis
2620 4251 2732 4303 dico
2760 4250 2999 4305 :Bouum
3043 4262 3118 4305 est
3141 4252 3246 4305 illis
3276 4293 3290 4317 ,
3338 4254 3382 4306 si
3427 4253 3500 4305 sic
3544 4267 3908 4323 permaneant,
3965 4270 4021 4313 ut

2425 4356 2517 4411 ego
2570 4338 2674 4409 (Ib.
2707 4357 2756 4393 υ.
2783 4340 2861 4410 8).
2887 4342 2956 4394 At
2986 4355 3092 4395 non
3136 4342 3189 4395 in
3217 4356 3465 4396 sermone
3494 4342 3562 4397 de
3595 4345 3897 4414 virginitate
3927 4363 4023 4401 us»

2426 4447 2581 4500 quam
2605 4448 2664 4485 se
2686 4432 2735 4485 in
2758 4433 3059 4501 exemplum
3080 4432 3295 4487 adducit
3315 4451 3327 4485 :
3348 4434 3572 4503 ideoque
3586 4435 3870 4490 admodum
3897 4454 4016 4492 mo-

2426 4523 2578 4577 deste
2606 4532 2765 4592 atque
2792 4534 2948 4579 caute
2996 4524 3258 4594 loquitur,
3300 4527 3390 4594 qui
3416 4540 3516 4580 nec
3560 4526 3675 4595 ipse
3704 4543 3766 4581 ea
3797 4528 4021 4596 perfun-

2427 4622 2543 4668 ctus
2570 4622 2733 4669 esset.
2774 4613 3094 4685 Prceceptum
3118 4658 3130 4681 ,
3165 4617 3373 4684 inquit,
3401 4634 3506 4671 non
3556 4618 3737 4671 habeo.
3778 4620 4019 4676 Primum

2428 4722 2737 4777 preponens
2763 4709 3034 4777 optionem
3069 4709 3389 4764 benevolum
3442 4711 3620 4766 reddit
3667 4712 3968 4768 auditorem
3996 4758 4007 4779 ,

2428 4808 2542 4855 tum
2578 4802 2859 4856 consilium
2909 4803 3141 4871 subjicit.
3192 4802 3457 4869 Quoniam
3509 4806 3653 4860 enim
3696 4806 4021 4876 virginitatis

2428 4905 2621 4945 nomen
2656 4893 2918 4960 prolatum
2948 4893 3190 4961 protinus
3231 4894 3499 4963 ingentem
3540 4894 3775 4951 laborem
3829 4897 4019 4954 deela-

2428 4990 2546 5048 ret,
2586 4982 2706 5036 ideo
2741 4998 2847 5037 non
2879 4985 3055 5037 statim
3086 4984 3152 5038 ad
3191 4984 3612 5041 cohortationem
3646 5004 3705 5041 se
3744 4991 3970 5044 contulit
4001 5035 4015 5055 ,

2429 5074 2522 5128 sed
2549 5075 2847 5129 auditorem
2902 5075 3047 5144 prius
3076 5077 3292 5144 optione
3334 5076 3629 5142 deliniens,
3667 5079 3889 5149 ejusque
3933 5084 4015 5135 in.

2428 5168 2641 5237 genium
2671 5169 2817 5222 cicur
2840 5183 2903 5222 ac
2943 5170 3219 5223 tractabile
3251 5168 3481 5224 reddens
3505 5210 3519 5234 ,
3551 5171 3620 5225 ita
3648 5171 3865 5226 demum
3897 5192 4017 5242 pro-

2430 5260 2598 5327 ponit.
2639 5259 2846 5313 Audisti
2876 5260 3230 5328 virginitatem
3252 5302 3265 5325 ,
3309 5275 3502 5315 nomen
3550 5262 3699 5315 multi
3731 5262 3929 5319 laboris
3956 5282 4017 5323 ae

2430 5349 2638 5403 sudoris
2663 5368 2676 5402 :
2706 5365 2775 5405 ne
2798 5358 3006 5414 metue;
3040 5367 3144 5403 non
3171 5362 3495 5419 praeceptum
3523 5352 3700 5421 agitur
3718 5395 3733 5419 ,
3762 5364 3856 5408 aut
3878 5357 4017 5423 jussi

2432 5442 2721 5496 necessitas
2744 5483 2757 5505 ,
2787 5440 2881 5496 sed
2918 5456 3015 5495 eos
3054 5442 3149 5511 qui
3185 5457 3243 5497 se
3278 5443 3520 5498 volentes
3572 5454 3733 5513 atque
3787 5445 4019 5504 libenter

2432 5534 2821 5599 amplectantur
2850 5575 2864 5597 ,
2907 5534 2996 5587 illa
3026 5534 3137 5586 suis
3181 5533 3338 5587 bonis
3365 5544 3745 5589 remuneratur
3768 5576 3783 5599 ,
3826 5552 4016 5594 eorum

2432 5627 2589 5695 capiti
2616 5625 2948 5695 splendidam
2968 5641 3032 5681 ac
3056 5624 3275 5680 ﬂoream
3298 5640 3552 5682 coronam
3580 5631 3861 5699 imponens
3884 5651 3897 5697 ;
3922 5635 4015 5703 qui

2432 5728 2682 5772 recusent
2734 5732 2896 5785 seque
2939 5717 3239 5772 adsciscere
3292 5719 3501 5785 nolint,
3564 5736 3665 5775 nec
3716 5724 3867 5793 punit
3917 5739 4019 5779 nec

2436 5810 2629 5863 invitos
2658 5809 2815 5878 cogit.
2856 5807 3039 5870 Neque
3066 5823 3130 5863 eo
3156 5809 3327 5864 solum
3354 5811 3647 5869 oratiohem
3686 5824 3886 5883 gratam
3914 5830 4014 5872 nec
