4174 6318
333 322 443 378 565

326 443 608 493 molestam
637 432 867 495 reddidit
898 483 911 506 ,
939 443 1032 498 scd
1071 446 1230 523 etiam
1259 450 1397 517 quod
1443 437 1756 504 hem-licium
1808 450 1909 503 hoc

324 541 434 579 non
474 542 667 593 suum,
707 531 805 585 scd
835 531 1027 588 Christi
1082 550 1201 591 esse
1249 537 1411 593 dicat.
1458 540 1572 593 Non
1618 541 1760 594 cnim
1800 541 1905 602 ait,

272 596 277 597 γ
324 616 405 670 De
454 619 747 691 virginibus
788 637 892 677 non
942 626 1220 695 pra-cipio,
1262 628 1355 683 sed
1383 670 1396 694 ,
1446 629 1764 700 Prtet‘cptum
1800 648 1908 685 non

320 706 481 760 habeo
500 724 520 761 :
543 712 693 778 quasi
721 712 925 769 diceret
954 734 968 770 :
1000 715 1055 771 Si
1104 719 1351 772 humanis
1395 723 1694 777 rationibus
1732 733 1907 777 motus

319 794 437 864 ipse
475 797 591 853 hare
612 801 927 859 cohortarer
950 846 962 868 ,
1004 822 1108 860 non
1149 808 1419 864 fideudum
1464 822 1611 867 esset
1642 830 1656 867 :
1690 823 1743 868 at
1783 828 1903 868 cum

318 885 373 937 id
408 886 517 941 Deo
546 891 717 945 visum
744 894 849 957 sit,
894 906 1096 953 certum
1128 890 1225 953 est.
1251 902 1436 970 pignus
1467 903 1746 958 libertatis.
1779 905 1907 960 Mihi

314 977 537 1043 quidem
592 996 652 1033 ea
696 984 989 1052 imperandi
1018 986 1262 1045 'f‘acultas
1316 1002 1400 1046 est
1449 1003 1683 1063 erepta:
1718 996 1810 1049 sed
1860 998 1903 1051 si

312 1065 505 1129 audire
535 1070 695 1124 vultis
723 1072 865 1125 velut
888 1089 1205 1131 conservum
1226 1119 1240 1142 ,
1272 1080 1548 1135 Consilium
1577 1085 1643 1136 do
1666 1125 1682 1150 ,
1707 1084 1898 1154 inquit,

311 1162 573 1225 tamquam
612 1158 1003 1219 misericordiam
1040 1179 1375 1247 consequutus,
1398 1189 1429 1224 a
1472 1172 1689 1227 Domino
1719 1184 1772 1228 ut
1809 1176 1905 1247 sint

308 1245 502 1310 ﬁdelis.
539 1250 714 1318 Atque
744 1251 844 1305 hoc
880 1254 995 1309 loco
1016 1253 1176 1325 ,Pauli
1219 1242 1483 1319 summum
1529 1262 1809 1323 artificium
1841 1246 1902 1318 ac

311 1335 597 1403 prudentia
644 1341 885 1397 miranda
928 1354 1048 1409 est,
1104 1336 1553 1416 quemadmodum
1601 1354 1738 1408 inter
1780 1353 1901 1409 'duo

311 1416 645 1495 necessaria,
672 1447 844 1503 eaque
887 1439 1172 1502 contraria,
1202 1440 1559 1511 interceptus,
1610 1454 1717 1500 tum
1765 1457 1817 1497 ut
1842 1460 1900 1500 se

304 1519 744 1585 commendaret,
776 1540 879 1593 quo
896 1528 1175 1582 consilium
1209 1531 1485 1599 plausibile
1512 1543 1683 1601 esset,
1711 1546 1817 1589 tum
1845 1545 1901 1590 ut

305 1605 447 1661 nihil
472 1608 540 1662 de
570 1625 628 1663 se
658 1627 907 1682 magnum
939 1618 1279 1688 prasdicaret,
1307 1623 1504 1694 quippe
1545 1626 1662 1695 ejus
1693 1628 1899 1682 virtutis

304 1710 520 1771 exsors,
576 1699 825 1756 brevibus
855 1707 1032 1760 verbis
1076 1716 1360 1780 utrumque
1402 1726 1767 1784 consequutus
1806 1718 1894 1770 sit.

300 1770 439 1837 Nam
467 1788 557 1853 qui
585 1787 747 1855 dicat,
776 1792 1058 1863 Tamquam
1109 1800 1505 1856 misericordiam
1542 1817 1892 1874 consequutus,

298 1874 543 1942 quodam
572 1880 731 1945 modo
756 1895 812 1935 se
836 1882 1175 1943 commendat
1204 1909 1216 1945 :
1244 1893 1333 1959 qui
1363 1908 1423 1948 se
1459 1897 1649 1963 potiori
1682 1898 1897 1953 nomine

297 1977 413 2017 non
448 1970 829 2038 commendet,
873 1975 1106 2031 vicissim
1140 1994 1198 2034 se
1228 1977 1480 2036 extenuat
1519 2001 1582 2039 ac
1620 1986 1890 2055 deprimit.

371 2053 534 2107 XLII.
565 2055 646 2110 De
674 2057 829 2114 Pauli
855 2059 1153 2122 humilitate.
1185 2100 1257 2111 —
1281 2071 1397 2126 Non
1428 2077 1569 2129 enim
1601 2053 1713 2145 ait,
1746 2079 1892 2134 Con-

295 2140 477 2194 silium
504 2144 597 2219 d_o,
626 2156 682 2199 ut
708 2150 791 2202 cui
818 2153 1073 2209 creditum
1096 2159 1160 2211 sit
1187 2164 1540 2229 evangelium,
1570 2174 1629 2218 ut
1650 2167 1892 2232 delectus

291 2231 537 2299 gentium
559 2251 753 2305 prreeo,
776 2250 831 2295 ut
859 2245 941 2296 cui
975 2246 1025 2298 itt
1046 2262 1137 2302 vos
1156 2252 1514 2317 magisterium
1546 2260 1887 2314 commissum

291 2324 386 2386 sit,
416 2335 475 2377 ut
504 2326 695 2382 doctor
715 2341 873 2400 atque
900 2335 1004 2389 dux
1033 2353 1046 2402 ;
1079 2340 1170 2393 sed
1199 2343 1322 2410 qttid
1345 2345 1366 2396 ?
1392 2338 1671 2417 Tamquam
1697 2351 1863 2405 miseri
1879 2384 1892 2392 -

288 2416 526 2469 eordiam
579 2433 911 2489 consequutus
955 2444 976 2480 :
1024 2443 1234 2499 eoque,
1288 2436 1426 2502 quod
1482 2439 1654 2492 minus
1706 2452 1883 2509 esset,

289 2506 608 2571 proposito;
642 2526 764 2565 nam
813 2514 990 2570 minus
1037 2530 1117 2574 est
1166 2523 1371 2577 ﬁtit'lClll
1404 2527 1679 2584 dumtaxat
1725 2548 1880 2599 esse,

287 2609 451 2661 quam
505 2594 737 2653 ﬁdelium
782 2606 1113 2674 magistrum.
1156 2612 1434 2683 Aliamque
1476 2634 1685 2673 rursum
1733 2633 1882 2678 cxte-

287 2682 599 2737 nuationem
628 2689 927 2748 meditatur.
966 2696 1259 2762 Quamnam
1282 2702 1309 2754 ii
1330 2682 1443 2756 Neu
1473 2706 1546 2759 ait
1569 2749 1585 2773 ,
1619 2708 1681 2762 Ut
1714 2712 1883 2767 fidelis

283 2772 514 2827 eﬂ‘cctus
538 2819 551 2839 ,
584 2780 675 2832 sed
701 2822 715 2845 ,
748 2781 1014 2851 Tanquam
1062 2792 1457 2848 misericordiam
1509 2814 1838 2867 consequutus
1861 2808 1895 2871 ,'

283 2871 343 2913 ut
369 2863 467 2915 sim
490 2866 674 2932 ﬁdelis.
700 2870 777 2925 Ne
800 2879 1152 2943 apostolatum
1182 2885 1353 2937 solum
1379 2927 1393 2949 ,
1424 2890 1874 2959 pradicationctn,

280 2961 340 3004 ct
370 2956 732 3023 magisterium
768 2962 857 3017 Dei
890 2970 1263 3028 munificentire
1291 2986 1468 3044 putate
1502 2996 1514 3031 :
1550 2998 1669 3035 nam
1704 2986 1874 3051 ipsum

277 3043 448 3095 etiam
475 3048 697 3108 credere
728 3054 853 3107 mihi
881 3060 995 3124 ejus
1025 3062 1385 3120 misericordia
1408 3084 1724 3128 concessum
1755 3090 1835 3132 est
1858 3098 1873 3133 :

276 3132 404 3185 Non
434 3137 599 3202 enim,
634 3140 821 3209 inquit,
851 3150 989 3214 quod
1018 3151 1207 3221 dignus
1237 3170 1430 3223 essem,
1466 3161 1622 3216 fidem
1651 3169 1828 3236 accepi
1854 3186 1869 3235 ;

272 3224 379 3278 sed
408 3228 550 3295 quod
581 3232 997 3293 misericordiam
1028 3244 1127 3297 sitn
1155 3238 1534 3317 consequutus.
1567 3254 1872 3313 Misericor-

272 3316 368 3369 dia
419 3329 597 3374 autem
646 3328 828 3393 gratia:
873 3340 992 3395 est,
1026 3351 1129 3390 non
1178 3353 1243 3391 ex
1294 3343 1503 3416 merito.
1540 3345 1720 3416 itaque
1768 3352 1870 3409 nisi

270 3409 509 3463 multum
538 3415 836 3473 misericors
862 3435 1001 3478 esset
1025 3427 1183 3497 Deus,
1212 3414 1327 3484 noni
1346 3444 1544 3490 tantum
1574 3438 1865 3511 apostolus,

266 3498 370 3551 sed
404 3515 473 3553 ne
491 3500 656 3557 ﬁdelis
675 3509 885 3577 quidem
906 3530 1152 3585 umquam
1183 3522 1318 3577 effici
1351 3531 1657 3593 potuissem.
1682 3535 1866 3591 Viden‘

266 3591 419 3641 servi
450 3600 653 3659 gratum
701 3604 932 3655 animum
978 3616 1135 3675 atque
1165 3616 1448 3669 contritum
1475 3660 1487 3681 ,
1521 3632 1577 3673 ut
1607 3624 1731 3678 nihil
1763 3628 1863 3683 sibi

262 3681 485 3732 ceteris
520 3684 633 3749 plus
677 3702 922 3759 arroget;
954 3698 1079 3764 quin
1130 3700 1179 3753 id
1228 3705 1382 3758 etiam
1431 3712 1569 3777 quod
1600 3714 1697 3768 sibi
1743 3732 1861 3773 cum

263 3766 553 3836 discipulis
579 3790 856 3848 commune
883 3796 1061 3851 esset,
1094 3790 1249 3844 fidem
1277 3836 1291 3859 ,
1321 3812 1474 3851 suum
1507 3816 1627 3857 esse
1666 3818 1820 3875 neget
1841 3850 1856 3875 ,

259 3860 365 3911 sed
422 3860 518 3913 Dei
571 3866 947 3928 misericordia:
993 3889 1045 3930 et
1094 3885 1319 3949 gratim?
1367 3888 1505 3943 idem
1556 3894 1635 3947 his
1686 3900 1859 3953 verbis

262 3950 581 4017 significans
620 3972 683 4011 ac
711 3962 753 4013 si
795 3964 999 4022 diceret
1032 3989 1042 4019 :
1076 3972 1152 4026 Ne
1178 3974 1533 4047 dedignatnini
1576 3989 1854 4044 consilium

260 4053 292 4090 a
341 4056 433 4093 mc
484 4046 757 4116 recipere;
808 4070 978 4124 neque
1007 4063 1147 4115 enim
1181 4082 1265 4120 me
1312 4069 1447 4125 flens
1492 4076 1853 4136 misericordia

259 4144 361 4182 sua
408 4131 725 4203 dedignatus
754 4152 851 4197 est.
881 4148 945 4201 Et
970 4151 1164 4222 alioqui
1196 4162 1471 4216 consilium
1499 4167 1669 4235 agitur
1690 4211 1706 4237 ,
1748 4190 1851 4227 non

190 4274 193 4275 ν
260 4234 591 4288 praeceptum
642 4244 656 4281 :
709 4231 915 4289 Etenim
968 4246 1225 4311 consulo,
1273 4267 1376 4305 non
1426 4259 1627 4311 sancio.
1684 4263 1850 4318 Porro

257 4324 388 4374 qua:
414 4311 607 4379 cuique
645 4332 927 4379 occurrant
954 4332 1096 4383 utalia
1123 4376 1137 4399 ,
1172 4337 1221 4390 in
1253 4342 1484 4397 medium
1515 4352 1749 4415 proferre
1788 4370 1851 4409 ac

258 4402 566 4467 proponere
590 4408 728 4462 nulla
749 4413 827 4465 lex
850 4418 1109 4496 prohibet,
1130 4430 1357 4486 maxime
1372 4435 1456 4487 ubi
1479 4438 1525 4488 id
1547 4442 1847 4499 auditorum

255 4499 451 4589 rogatu
500 4492 591 4548 ﬁat
624 4515 635 4551 :
668 4503 807 4569 quod
853 4492 1061 4576 quidem
1107 4526 1160 4572 ct
1192 4521 1347 4577 vobis
1381 4528 1590 4583 accidit.
1618 4532 1847 4589 Arbitror

256 4577 439 4647 igitur,
462 4583 647 4653 inquit,
671 4591 764 4646 hoc
796 4595 971 4652 bonum
993 4620 1117 4658 esse.
1140 4608 1295 4665 Vides
1319 4626 1527 4673 rUrsum
1548 4624 1842 4683 modestam

252 4673 580 4743 orationem,
610 4682 675 4735 ah
704 4689 952 4759 omnique
980 4701 1293 4758 auctoritate
1320 4708 1568 4764 alienam.
1600 4715 1754 4787 Atqui
1789 4722 1837 4774 in

252 4760 395 4787 ,ΜΛ
432 4779 545 4787 “__
626 4773 658 4787 _.
795 4779 824 4787 ._

252 4760 397 4816 hanc
429 4773 747 4828 sententiam
775 4779 1036 4841 disserere
1062 4789 1269 4847 interim
1309 4797 1499 4854 licebat
1533 4820 1545 4855 :
1579 4805 1836 4870 Quoniam

251 4854 516 4912 Dominus
543 4862 893 4932 virginitatem
925 4891 1025 4929 non
1054 4886 1320 4954 prmcepit,
1353 4890 1471 4943 ideo
1502 4910 1672 4963 neque
1697 4916 1795 4969 ego
1820 4920 1832 4955 :

251 4949 471 4969 ΑΜΕ,-
527 4962 565 4969 μ
925 4966 937 4969 _

244 4949 476 5000 consulo
527 4962 700 5010 tamen
749 4975 813 5014 ac
855 4966 1107 5026 cohortor
1150 4949 1375 5046 ad-cjus
1423 4949 1652 5039 studitim
1678 5030 1693 5055 ,
1730 4949 1833 5060 ο(ιιιὶ

1287 5041 1303 5046 -
1680 5041 1693 5055 1
1762 5041 1774 5060 Ι
1803 5041 1833 5047 ”“

242 5041 526 5104 apostolus
569 5057 747 5104 vester
792 5056 914 5109 sim.
961 5060 1415 5127 Quemadmodum
1462 5082 1518 5127 et
1562 5076 1693 5130 infra
1741 5098 1833 5137 eos

239 5128 528 5198 alloquens
572 5139 683 5204 ait,
732 5143 793 5227 S.i
833 5148 947 5201 aliis
995 5170 1092 5206 non
1121 5175 1233 5211 sum
1274 5166 1573 5232 apostolus,
1618 5182 1670 5223 at
1701 5186 1831 5229 certe

237 5220 381 5331 vobis
404 5240 517 5331 slum
544 5228 632 5331 (.l.
661 5220 777 5285 Cor:
807 5236 858 5291 9.
887 5238 921 5291 9.
940 5239 978 5308 ).
1009 5246 1074 5297 At
1098 5246 1184 5302 hic
1207 5220 1336 5306 nihil
1361 5220 1825 5331 ejttsmtidirefert:

1388 5310 1407 5323 .
1520 5310 1527 5311 ί
1574 5310 1616 5314 ν-
1646 5310 1770 5317 -ν--ν-
1789 5310 1825 5331 -ι

234 5310 330 5361 Sed
363 5313 652 5372 admodum
683 5329 981 5384 verecﬁnde
1010 5336 1165 5390 verba
1201 5339 1341 5407 facit,
1376 5346 1488 5415 ejus
1517 5350 1647 5416 vice,
1682 5353 1825 5409 Con-

229 5401 395 5464 5ulo,
448 5403 761 5465 Sententiam
806 5418 907 5481 do,
957 5422 1236 5493 inquiens;
1282 5434 1396 5500 ejus
1442 5448 1619 5493 autem
1664 5444 1818 5511 vice,

229 5498 391 5511 --.Α---
436 5490 552 5511 ΑΙΑΑ·
695 5500 738 5511 ⁸⁵·

1029 5490 1039 5492 ἡ
1225 5490 1233 5493 ν
1309 5490 1328 5500 ,
1543 5490 1618 5493 -νε-
1678 5490 1818 5511 --κνν

229 5498 396 5554 prout
431 5490 623 5549 doctor
644 5540 658 5564 ,
694 5500 971 5575 Tamquam
1013 5516 1407 5576 misericordiam
1433 5542 1761 5599 consequutus
1789 5554 1822 5590 a

234 5578 302 5599 Il-
336 5598 339 5599 ν
374 5581 401 5599 ἓν
592 5597 601 5599 ⁸
678 5592 689 5599 ⁸
814 5598 817 5599 ⁷

230 5578 500 5649 Domino,
542 5597 602 5640 ut
645 5592 741 5646 sint
785 5598 951 5675 ﬁdelis
979 5621 998 5658 :
1028 5610 1285 5679 quasique
1332 5630 1400 5669 ne
1441 5619 1557 5674 lure
1582 5578 1815 5692 1quidem

884 5669 893 5675 .
1046 5669 1059 5675 _
1198 5669 1210 5679 .
1483 5669 1554 5674 ρ--
1605 5669 1812 5692 Ἱ........,.

214 5669 356 5721 satis
408 5682 684 5743 essentad
733 5691 1024 5749 orationem
1072 5705 1457 5761 extenuandam
1485 5750 1497 5772 ,
1532 5716 1812 5773 consilium

1667 336 1753 391 DE
1799 308 2256 395 vtnctNtrar‘n.

3497 352 3602 409 566

2019 466 2241 506 exorsus
2269 452 2637 509 auctoritatem
2678 457 2872 513 iterum
2901 460 3088 515 minuit
3112 502 3128 527 ,
3160 462 3247 532 qui
3276 479 3378 517 non
3407 476 3605 521 statuat

2017 544 2187 597 solum
2213 586 2226 607 ,
2268 544 2361 599 sed
2388 546 2546 601 addat
2572 550 2731 604 etiam
2760 553 3019 612 rationem
3051 572 3065 607 :
3098 555 3326 610 Arbitror
3347 598 3362 623 ,
3391 560 3555 629 inquit
3581 603 3609 627 ,Α

2016 632 2109 684 hoc
2131 632 2315 686 bonum
2339 652 2461 700 esse,
2488 648 2692 707 propter
2714 640 2979 695 instantem
3006 646 3346 701 necessitatem
3376 649 3449 719 (l.
3480 648 3607 702 Cor.

2017 723 2067 774 7.
2098 722 2230 793 26).
2277 728 2343 777 At
2374 728 2532 780 enim-
2558 728 2626 783 de
2665 734 2989 787 continentia
3028 728 3300 791 disserens
3324 780 3339 806 ,
3384 755 3557 809 neque
3582 782 3596 802 ,

2012 812 2231 866 arbitror
2253 854 2267 878 ,
2302 815 2471 883 posuit
2499 858 2512 879 ,
2558 834 2731 897 neque
2775 822 2933 875 ullam
2982 825 3137 892 plane
3166 828 3468 892 rationem;
3501 832 3612 887 sed.

2012 901 2141 955 illud
2186 904 2345 958 modo
2368 945 2383 970 ,
2412 904 2609 961 Bonum
2634 920 2708 962 est
2744 909 2848 964 illis
2870 953 2886 977 ,
2916 914 2960 987 si
3001 928 3325 983 permaneant
3349 959 3364 984 ,
3396 921 3525 974 sicut
3552 932 3596 975 et

2010 1007 2101 1061 ego
2132 1008 2151 1046 :
2182 994 2267 1049 hic
2290 1036 2303 1058 ,
2332 996 2562 1050 Arbitror
2606 1001 2701 1053 Itoc
2742 1001 2927 1056 bonum
2954 1022 3079 1061 esse.
3127 1009 3184 1063 Id
3224 1018 3401 1065 autem
3432 1014 3555 1068 facit
3580 1057 3594 1077 ,

2012 1096 2116 1135 non
2144 1084 2232 1152 qui
2260 1084 2327 1140 de
2352 1101 2417 1140 eo
2443 1087 2709 1145 dubitaret
2738 1131 2753 1157 ,
2779 1094 2907 1148 nihil
2938 1098 3153 1164 minus;
3182 1102 3275 1155 sed
3304 1103 3393 1172 qtti
3427 1112 3592 1159 totum

2008 1170 2307 1227 auditurum
2332 1174 2532 1244 judicio
2555 1181 2864 1247 permittere
2896 1187 3075 1240 vellet.
3099 1188 3229 1243 Nam
3259 1194 3596 1250 consiliarius

2004 1260 2053 1314 is
2080 1270 2198 1325 est,
2231 1279 2336 1318 non
2378 1268 2467 1335 qui
2508 1269 2576 1323 de
2620 1270 2683 1325 iis
2712 1287 2831 1341 qua:
2874 1277 3073 1349 profert
3115 1262 3309 1335 stiituat
3332 1324 3346 1347 ,
3381 1285 3473 1340 sed
3504 1288 3593 1356 qui

2010 1357 2176 1403 totum
2226 1352 2277 1406 in
2327 1356 2626 1412 auditorum
2658 1363 2880 1441 arbitrio
2926 1368 3153 1433 positum
3202 1372 3483 1441 relinquat.

2078 1443 2260 1500 XLIII.
2306 1449 2472 1514 Quam
2514 1436 2803 1509 instantem‘
2826 1444 3165 1515 necessitatem
3197 1462 3391 1523 Paulus
3429 1472 3594 1522 nomi—

2006 1543 2106 1586 net.
2134 1536 2329 1591 —-Scd
2370 1556 2488 1609 quas
2513 1552 2615 1606 eSt,
2649 1561 2805 1614 quam
2840 1550 2924 1602 hic
2963 1566 3222 1608 memorat
3261 1546 3592 1614 necessitas?

2002 1637 2156 1691 eane,
2192 1642 2311 1697 quae
2332 1645 2362 1684 a
2394 1642 2577 1687 natura
2606 1637 2815 1703 prodit?
2841 1640 3075 1697 Minime.
3110 1644 3343 1701 Primum
3374 1651 3514 1704 enim
3544 1654 3587 1705 si

2004 1714 2142 1771 hanc
2177 1720 2354 1788 vellet,
2387 1724 2501 1792 ejus
2538 1734 3047 1790 commemoratione
3073 1742 3399 1797 contrarium
3429 1754 3589 1813 atque

2001 1808 2268 1875 cogitabat
2302 1812 2539 1868 efﬁceret
2567 1835 2580 1869 :
2611 1820 2805 1872 etenim
2834 1823 2922 1889 qui
2952 1829 3345 1886 matrimonium
3376 1843 3600 1889 contrat

2002 1894 2129 1949 here
2151 1898 2350 1965 volunt,
2378 1902 2513 1959 hanc
2542 1920 2738 1976 susque
2758 1910 2929 1979 deque
2951 1914 3170 1982 jactant.
3203 1918 3447 1978 Secundo
3467 1940 3587 1980 eam

1998 1986 2267 2043 instantem
2300 2007 2406 2046 non
2444 2007 2687 2063 vocaret;
2718 2017 2821 2053 non
2863 2006 3003 2059 enim
3037 2023 3175 2062 nunc
3206 2012 3455 2078 primum,
3488 2018 3585 2071 sed

1994 2076 2104 2144 jam
2136 2081 2259 2133 olim
2292 2086 2595 2139 mortalium
2627 2095 2808 2158 generi
2847 2093 3001 2156 insita
3038 2110 3139 2163 cSt,
3170 2110 3328 2171 atque
3355 2110 3471 2159 erat
3498 2108 3582 2161 illa

1996 2170 2210 2236 quidem
2254 2184 2378 2251 apte
2418 2178 2789 2236 vehementior
2830 2196 2881 2238 ct
2925 2187 3205 2257 indomita,
3257 2198 3350 2250 sed
3387 2190 3583 2254 Chrisii
3666 2214 3673 2219 '

1994 2262 2251 2329 adventu,
2293 2279 2549 2339 auctaque
2574 2273 2683 2342 jam
2725 2277 2941 2345 virtute,
2988 2295 3247 2349 supcratu
3289 2290 3455 2345 facilis
3502 2306 3587 2348 est

1992 2352 2205 2409 euecta.
2252 2356 2433 2427 itaque
2472 2362 2518 2417 ei
2568 2364 2767 2419 nonde
2808 2367 2905 2423 hac
2942 2387 3119 2427 sermo
3138 2386 3253 2442 est,
3302 2381 3394 2433 sed
3424 2384 3580 2437 aliam

1990 2444 2273 2513 quamdam
2304 2448 2493 2515 innuit,
2527 2454 2872 2523 multiplicem
2902 2472 2957 2513 et
2988 2464 3205 2518 variam.
3237 2467 3488 2535 Quaenam
3517 2490 3579 2528 ea

1989 2532 2108 2585 est?
2138 2534 2497 2593 Humanarum
2546 2558 2722 2597 rerum
2763 2551 3066 2605 conversio:
3107 2554 3271 2609 Tanta
3314 2562 3455 2615 enim
3499 2576 3579 2618 est

1987 2626 2246 2691 confusio,
2297 2637 2439 2683 tanta
2486 2636 2742 2703 tyrannis,
2791 2653 2853 2693 ac
2896 2642 3350 2713 circumstantium
3401 2668 3581 2709 rerum

1988 2715 2162 2782 turba,
2204 2728 2261 2771 ut
2303 2720 2356 2773 in
2412 2724 2594 2778 multis
2636 2742 3005 2795 saepenumero
3043 2738 3254 2808 conjugi
3300 2742 3379 2795 vel
3409 2743 3574 2798 invita

1985 2807 2267 2861 errandum
2301 2813 2736 2885 pcecandumque
2766 2820 2852 2872 sit.

1982 3080 2111 3133 tutis
2141 3084 2444 3149 prepositus
2488 3089 2701 3155 modus,
2743 3094 2840 3147 sed
2887 3106 2939 3150 et
2972 3098 3217 3167 injnrimi
3264 3108 3469 3176 ulcisci,
3518 3122 3567 3166 ct

1978 3172 2275 3226 convicium
2312 3175 2557 3243 reddere,
2588 3191 2643 3234 et
2680 3187 2930 3252 pecunias
2962 3204 3248 3257 procurare
3278 3197 3487 3265 licebat,
3516 3214 3565 3257 et

1976 3274 2159 3318 sancte
2180 3265 2379 3335 jurare,
2409 3280 2463 3324 ct
2491 3274 2700 3327 oculum
2732 3293 2829 3345 pro
2856 3284 3010 3335 oculo
3037 3300 3246 3353 eruere,
3294 3302 3347 3345 et
3389 3294 3565 3348 inimi-

1974 3368 2065 3408 cos
2100 3357 2310 3423 odisse;
2352 3376 2525 3431 neque
2562 3376 2653 3419 aut
2692 3367 2895 3423 deliciis
2936 3373 3211 3444 indulgere
3253 3392 3343 3435 aut
3382 3384 3559 3451 irasci,

1971 3457 2311 3503 autuxorem
2363 3454 2520 3506 aliam
2558 3456 2771 3523 ejicere,
2818 3463 2972 3516 aliam
3015 3467 3313 3524 adsciscere
3344 3473 3562 3529 interdi-

1972 3544 2113 3588 ctum
2143 3549 2276 3592 erat.
2321 3540 2504 3610 Neque
2532 3545 2580 3597 id
2611 3548 2804 3611 Solum,
2838 3552 2929 3604 sed
2960 3554 3093 3609 duas
3119 3560 3275 3611 etiam
3308 3568 3560 3633 conjugcs

1969 3626 2126 3679 simul
2160 3629 2353 3682 habere
2388 3634 2466 3685 lex
2496 3635 2721 3713 sinebat,
2748 3652 2964 3709 eratque
2995 3654 3101 3698 tum
3126 3646 3223 3702 hac
3252 3652 3303 3704 in
3336 3669 3411 3713 re.
3446 3666 3555 3711 tum

1969 3714 2020 3767 in
2051 3716 2167 3769 aliis
2207 3721 2449 3775 omnibus
2487 3710 2689 3779 summa
2734 3731 2849 3797 ejus
2881 3732 3122 3789 facilitas.
3171 3740 3239 3793 At
3279 3755 3553 3814 postquam

1966 3804 2208 3859 Christus
2236 3812 2451 3878 prodiit,
2498 3814 2580 3866 via
2613 3816 2765 3885 longe
2812 3819 2942 3874 facta
2984 3836 3081 3878 ests
3109 3842 3399 3899 angustior,
3448 3854 3551 3892 nou

1964 3897 2134 3950 solum
2165 3902 2303 3967 quod
2337 3902 2759 3974 incomparabilis
2790 3926 2849 3965 ea
2880 3923 2932 3967 et
2965 3915 3145 3985 ingens
3169 3926 3403 3979 omnium
3434 3946 3553 3997 qum

1963 3987 2075 4041 dixi
2105 3988 2316 4045 licentia
2362 3995 2514 4048 nobis
2542 4012 2571 4050 e
2610 4000 2855 4056 manibus
2891 4018 3069 4075 erepta
3108 4012 3210 4077 sit;
3254 4017 3346 4070 sed
3389 4022 3547 4075 etiam

1960 4080 2102 4147 quod
2130 4098 2277 4147 uxor,
2306 4101 2425 4153 qure
2452 4102 2547 4140 nos
2581 4092 2741 4142 multa
2786 4093 3047 4152 interdum
3082 4103 3162 4155 vel
3187 4104 3378 4161 invitos
3409 4112 3551 4164 desi-
3596 4096 3600 4099 Ι

1959 4184 2121 4237 gnere
2165 4174 2379 4229 inducat
2423 4190 2577 4246 atque
2625 4192 2797 4249 cogat,
2846 4186 2985 4241 dOttti
3036 4206 3292 4262 perpetuo
3342 4203 3411 4253 sit
3448 4204 3543 4259 ha-

1960 4261 2149 4328 benda,
2180 4275 2289 4327 aut,
2334 4266 2378 4319 si
2415 4268 2608 4336 ejicere
2634 4272 2784 4337 velis,
2818 4275 3064 4333 adulterii
3094 4270 3391 4344 critnen‘sit
3418 4297 3546 4347 sub.

1957 4354 2208 4409 cundum.
2240 4357 2420 4428 Neque
2447 4362 2545 4416 hoc
2592 4374 2792 4420 tantum
2835 4373 3050 4427 nomine
3090 4378 3253 4433 virtus
3296 4399 3355 4436 ea
3390 4389 3542 4443 nobis

1954 4444 2186 4499 difﬁcilis
2211 4458 2310 4514 est,
2344 4451 2435 4503 sed
2461 4454 2599 4522 quod
2622 4457 2741 4511 licet
2768 4465 2961 4527 coniux
2987 4465 3403 4532 intolcraliilibus
3431 4497 3543 4532 nio-

1953 4535 2101 4589 rihus
2127 4538 2215 4604 sit,
2242 4556 2486 4613 curarum
2520 4552 2694 4600 tamen
2712 4567 2843 4618 «pne
2870 4570 2965 4609 nos
2991 4571 3208 4626 propter
3244 4579 3361 4619 eam
3390 4570 3535 4635 ejus-

1951 4638 2054 4693 que
2104 4627 2301 4682 liberos
2348 4633 2733 4692 circumfundat
2780 4645 2953 4709 tnrha,
3003 4664 3101 4701 nec
3149 4654 3426 4712 minimum
3481 4665 3532 4715 in

1949 4718 2134 4771 cmlum
2164 4724 2435 4789 suspicere
2476 4730 2723 4797 patiatur,
2762 4737 2971 4790 aninzos
3000 4750 3209 4796 BOSiI'JS
3244 4750 3389 4814 quasi
3419 4753 3535 4819 qni-

1946 4806 2066 4862 dam
2112 4821 2299 4867 vortex
2342 4817 2572 4887 undique
2622 4830 2871 4891 torquens
2915 4843 2978 4881 ac
3023 4830 3355 4904 demergens.
3398 4841 3543 4913 Natll_

1945 4914 2069 4955 ecce
2109 4905 2255 4971 cupit
2300 4908 2379 4961 vir
2420 4910 2676 4977 privatam
2727 4925 2783 4973 et
2823 4920 3047 4976 otiosam
3088 4926 3247 4980 vitam
3292 4930 3529 5002 degere;

1942 4990 2035 5059 sed
2075 4998 2375 5064 conspectis
2399 5000 2865 5061 circumstantibus
2908 5010 3091 5066 liberis
3116 5024 3274 5086 atque
3302 5023 3529 5094 conjuge

1939 5084 2125 5150 grandi
2153 5097 2368 5157 sumptu
2390 5101 2598 5161 egente,
2619 5096 2701 5149 vel
2725 5096 2919 5153 invitus
2936 5116 2995 5155 se
3021 5102 3070 5155 in
3093 5106 3324 5163 civilium
3348 5129 3525 5169 rerum

1939 5182 2126 5227 arstum
2166 5178 2404 5245 eonjicit.
2448 5180 2528 5234 Eo
2565 5194 2741 5239 autem
2788 5188 3029 5265 illapsum
3074 5195 3319 5253 dici-non
3352 5216 3528 5272 pctest

1937 5263 2130 5331 quanta
2150 5267 2221 5321 illi
2249 5284 2470 5337 peccare
2494 5290 2712 5329 necesse
2736 5279 2825 5343 sit,
2851 5263 3125 5352 irascenti,
3146 5288 3367 5357 juranti,
3396 5288 3527 5349 con-

1936 5355 2174 5421 vicianti,
2230 5350 2529 5429 ulciscenti,
2592 5366 2882 5436 simulanti,
2944 5376 3105 5429 multa
3158 5379 3223 5432 ad
3270 5385 3519 5452 gratiam,

1930 5448 2095 5500 multa
2124 5449 2189 5501 ad
2211 5450 2534 5507 simultatem
2563 5455 2793 5513 facienti.
2822 5462 2921 5529 Qui
2950 5466 3089 5520 enim
3122 5448 3313 5537 potesi,
3349 5476 3435 5544 qui
3466 5478 3518 5532 in

1930 5538 2090 5594 tantis
2132 5539 2380 5598 ﬂuctibus
2409 5546 2670 5615 versetur,
2706 5561 2874 5621 atque
2912 5556 3032 5612 inde
3059 5561 3283 5629 gloriam
3314 5538 3511 5634 captet,

1910 5646 2033 5687 .non
2066 5648 2256 5702 graves
2294 5637 2559 5695 scelerum
2586 5645 2771 5698 sordes
2799 5651 3154 5707 contrahere?
3182 5657 3297 5711 Jatn
3325 5662 3368 5711 si
3398 5663 3514 5732 quis

1926 5722 2213 5778 domestica
2255 5725 2499 5796 rimetur,
2545 5734 2729 5789 eadem
2776 5750 2933 5807 atque
2964 5744 3120 5798 etiam
3155 5748 3339 5811 majori
3368 5750 3511 5804 ditii-
