  <div class='ocr_page' id='page_1' title='image "/cluster/home/n/w/nwhite01/storage/ocr_20150623/48/pst.000005712458/053.png"; bbox 0 0 4206 6324; ppageno 0'>
   <div class='ocr_carea' id='block_1_1' title="bbox 634 416 779 504">
    <p class='ocr_par' dir='ltr' id='par_1_1' title="bbox 634 416 779 504">
     <span class='ocr_line' id='line_1_1' title="bbox 634 416 779 504; baseline -0.014 -20"><span class='ocrx_word' id='word_1_1' title='bbox 634 429 739 504; x_wconf 72' lang='lat' dir='ltr'><strong>sor</strong></span> <span class='ocrx_word' id='word_1_2' title='bbox 774 416 779 427; x_wconf 88' lang='lat'>&#39;</span> 
     </span>
    </p>
   </div>
   <div class='ocr_carea' id='block_1_2' title="bbox 615 525 2221 609">
    <p class='ocr_par' dir='ltr' id='par_1_2' title="bbox 615 525 2221 609">
     <span class='ocr_line' id='line_1_2' title="bbox 615 525 2221 609; baseline -0.012 -13"><span class='ocrx_word' id='word_1_3' title='bbox 615 532 831 596; x_wconf 68' lang='lat' dir='ltr'><strong>‘cultate</strong></span> <span class='ocrx_word' id='word_1_4' title='bbox 863 539 1020 609; x_wconf 88' lang='lat' dir='ltr'><strong>plena</strong></span> <span class='ocrx_word' id='word_1_5' title='bbox 1065 535 1298 591; x_wconf 83' lang='lat' dir='ltr'><strong>inveniet</strong></span> <span class='ocrx_word' id='word_1_6' title='bbox 1326 542 1543 604; x_wconf 85' lang='lat' dir='ltr'><strong>prepter</strong></span> <span class='ocrx_word' id='word_1_7' title='bbox 1585 544 1839 592; x_wconf 80' lang='lat' dir='ltr'><strong>uxorem;</strong></span> <span class='ocrx_word' id='word_1_8' title='bbox 1883 528 2042 582; x_wconf 89' lang='lat' dir='ltr'><strong>multa</strong></span> <span class='ocrx_word' id='word_1_9' title='bbox 2081 525 2221 582; x_wconf 89' lang='lat' dir='ltr'><strong>enim</strong></span> 
     </span>
    </p>
   </div>
   <div class='ocr_carea' id='block_1_3' title="bbox 633 619 2216 692">
    <p class='ocr_par' dir='ltr' id='par_1_3' title="bbox 633 619 2216 692">
     <span class='ocr_line' id='line_1_3' title="bbox 633 619 2216 692; baseline -0.01 -5"><span class='ocrx_word' id='word_1_10' title='bbox 633 648 698 688; x_wconf 78' lang='lat' dir='ltr'><strong>ac</strong></span> <span class='ocrx_word' id='word_1_11' title='bbox 726 631 792 686; x_wconf 88' lang='lat' dir='ltr'><strong>de</strong></span> <span class='ocrx_word' id='word_1_12' title='bbox 820 632 998 686; x_wconf 89' lang='lat' dir='ltr'><strong>multis</strong></span> <span class='ocrx_word' id='word_1_13' title='bbox 1023 637 1174 683; x_wconf 89' lang='lat' dir='ltr'><strong>curet</strong></span> <span class='ocrx_word' id='word_1_14' title='bbox 1198 641 1419 681; x_wconf 88' lang='lat' dir='ltr'><strong>necesse</strong></span> <span class='ocrx_word' id='word_1_15' title='bbox 1447 634 1547 685; x_wconf 86' lang='lat' dir='ltr'><strong>est,</strong></span> <span class='ocrx_word' id='word_1_16' title='bbox 1571 624 1762 692; x_wconf 83' lang='lat' dir='ltr'><strong>quibus</strong></span> <span class='ocrx_word' id='word_1_17' title='bbox 1791 621 2013 676; x_wconf 90' lang='lat' dir='ltr'><strong>seorsim</strong></span> <span class='ocrx_word' id='word_1_18' title='bbox 2042 619 2216 687; x_wconf 85' lang='lat' dir='ltr'><strong>agenti</strong></span> 
     </span>
    </p>
   </div>
   <div class='ocr_carea' id='block_1_4' title="bbox 632 711 2221 792">
    <p class='ocr_par' dir='ltr' id='par_1_4' title="bbox 632 711 2221 792">
     <span class='ocr_line' id='line_1_4' title="bbox 632 711 2221 792; baseline -0.01 -14"><span class='ocrx_word' id='word_1_19' title='bbox 632 713 916 778; x_wconf 41' lang='lat' dir='ltr'><strong>viro‘nihil</strong></span> <span class='ocrx_word' id='word_1_20' title='bbox 946 736 1078 792; x_wconf 92' lang='lat' dir='ltr'><strong>opus</strong></span> <span class='ocrx_word' id='word_1_21' title='bbox 1119 729 1281 789; x_wconf 80' lang='lat' dir='ltr'><strong>esset.</strong></span> <span class='ocrx_word' id='word_1_22' title='bbox 1328 720 1501 786; x_wconf 85' lang='lat' dir='ltr'><strong>Atque</strong></span> <span class='ocrx_word' id='word_1_23' title='bbox 1547 716 1661 770; x_wconf 78' lang='lat' dir='ltr'><strong>haec</strong></span> <span class='ocrx_word' id='word_1_24' title='bbox 1689 714 1926 783; x_wconf 89' lang='lat' dir='ltr'><strong>quidem,</strong></span> <span class='ocrx_word' id='word_1_25' title='bbox 1970 714 2012 766; x_wconf 90' lang='lat' dir='ltr'><strong>si</strong></span> <span class='ocrx_word' id='word_1_26' title='bbox 2055 711 2221 781; x_wconf 87' lang='lat' dir='ltr'><strong>proba</strong></span> 
     </span>
    </p>
   </div>
   <div class='ocr_carea' id='block_1_5' title="bbox 634 799 2222 885">
    <p class='ocr_par' dir='ltr' id='par_1_5' title="bbox 634 799 2222 885">
     <span class='ocr_line' id='line_1_5' title="bbox 634 799 2222 885; baseline -0.009 -17"><span class='ocrx_word' id='word_1_27' title='bbox 634 799 796 885; x_wconf 79' lang='lat' dir='ltr'><strong>atque</strong></span> <span class='ocrx_word' id='word_1_28' title='bbox 814 813 1092 869; x_wconf 91' lang='lat' dir='ltr'><strong>commoda</strong></span> <span class='ocrx_word' id='word_1_29' title='bbox 1120 812 1189 864; x_wconf 88' lang='lat' dir='ltr'><strong>sit</strong></span> <span class='ocrx_word' id='word_1_30' title='bbox 1215 825 1386 872; x_wconf 76' lang='lat' dir='ltr'><strong>uxor;</strong></span> <span class='ocrx_word' id='word_1_31' title='bbox 1418 808 1499 861; x_wconf 93' lang='lat' dir='ltr'><strong>sin</strong></span> <span class='ocrx_word' id='word_1_32' title='bbox 1531 807 1797 874; x_wconf 76' lang='lat' dir='ltr'><strong>pervicax.</strong></span> <span class='ocrx_word' id='word_1_33' title='bbox 1832 803 2044 862; x_wconf 90' lang='lat' dir='ltr'><strong>acerba,</strong></span> <span class='ocrx_word' id='word_1_34' title='bbox 2079 800 2222 854; x_wconf 83' lang='lat' dir='ltr'><strong>difli-</strong></span> 
     </span>
    </p>
   </div>
   <div class='ocr_carea' id='block_1_6' title="bbox 633 895 2220 971">
    <p class='ocr_par' dir='ltr' id='par_1_6' title="bbox 633 895 2220 971">
     <span class='ocr_line' id='line_1_6' title="bbox 633 895 2220 971; baseline -0.011 -12"><span class='ocrx_word' id='word_1_35' title='bbox 633 906 771 971; x_wconf 91' lang='lat' dir='ltr'><strong>cilis,</strong></span> <span class='ocrx_word' id='word_1_36' title='bbox 816 919 920 958; x_wconf 91' lang='lat' dir='ltr'><strong>non</strong></span> <span class='ocrx_word' id='word_1_37' title='bbox 944 903 1053 971; x_wconf 90' lang='lat' dir='ltr'><strong>jam</strong></span> <span class='ocrx_word' id='word_1_38' title='bbox 1083 901 1135 955; x_wconf 94' lang='lat' dir='ltr'><strong>id</strong></span> <span class='ocrx_word' id='word_1_39' title='bbox 1167 902 1458 955; x_wconf 76' lang='lat' dir='ltr'><strong>necessitas</strong></span> <span class='ocrx_word' id='word_1_40' title='bbox 1484 895 1663 960; x_wconf 85' lang='lat' dir='ltr'><strong>modo,</strong></span> <span class='ocrx_word' id='word_1_41' title='bbox 1690 895 1780 948; x_wconf 87' lang='lat' dir='ltr'><strong>sed</strong></span> <span class='ocrx_word' id='word_1_42' title='bbox 1815 909 1969 961; x_wconf 74' lang='lat' dir='ltr'><strong>pmna</strong></span> <span class='ocrx_word' id='word_1_43' title='bbox 2001 908 2063 946; x_wconf 87' lang='lat' dir='ltr'><strong>ac</strong></span> <span class='ocrx_word' id='word_1_44' title='bbox 2092 907 2220 958; x_wconf 88' lang='lat' dir='ltr'><strong>sup-</strong></span> 
     </span>
    </p>
   </div>
   <div class='ocr_carea' id='block_1_7' title="bbox 637 982 2224 1066">
    <p class='ocr_par' dir='ltr' id='par_1_7' title="bbox 637 982 2224 1066">
     <span class='ocr_line' id='line_1_7' title="bbox 637 982 2224 1066; baseline -0.009 -18"><span class='ocrx_word' id='word_1_45' title='bbox 637 996 852 1066; x_wconf 77' lang='lat' dir='ltr'><strong>plicium</strong></span> <span class='ocrx_word' id='word_1_46' title='bbox 888 991 1186 1049; x_wconf 80' lang='lat' dir='ltr'><strong>vocandum</strong></span> <span class='ocrx_word' id='word_1_47' title='bbox 1215 991 1337 1045; x_wconf 93' lang='lat' dir='ltr'><strong>erit.</strong></span> <span class='ocrx_word' id='word_1_48' title='bbox 1366 989 1465 1056; x_wconf 87' lang='lat' dir='ltr'><strong>Qui</strong></span> <span class='ocrx_word' id='word_1_49' title='bbox 1512 987 1707 1056; x_wconf 90' lang='lat' dir='ltr'><strong>poterit</strong></span> <span class='ocrx_word' id='word_1_50' title='bbox 1729 1001 1857 1054; x_wconf 87' lang='lat' dir='ltr'><strong>ergo</strong></span> <span class='ocrx_word' id='word_1_51' title='bbox 1898 984 1998 1037; x_wconf 92' lang='lat' dir='ltr'><strong>iter</strong></span> <span class='ocrx_word' id='word_1_52' title='bbox 2024 982 2089 1035; x_wconf 89' lang='lat' dir='ltr'><strong>ad</strong></span> <span class='ocrx_word' id='word_1_53' title='bbox 2116 996 2224 1034; x_wconf 70' lang='lat' dir='ltr'><strong>cre-</strong></span> 
     </span>
    </p>
   </div>
   <div class='ocr_carea' id='block_1_8' title="bbox 636 1073 2220 1152">
    <p class='ocr_par' dir='ltr' id='par_1_8' title="bbox 636 1073 2220 1152">
     <span class='ocr_line' id='line_1_8' title="bbox 636 1073 2220 1152; baseline -0.009 -13"><span class='ocrx_word' id='word_1_54' title='bbox 636 1087 741 1140; x_wconf 92' lang='lat' dir='ltr'><strong>lum</strong></span> <span class='ocrx_word' id='word_1_55' title='bbox 788 1085 1072 1147; x_wconf 84' lang='lat' dir='ltr'><strong>conficere,</strong></span> <span class='ocrx_word' id='word_1_56' title='bbox 1111 1082 1252 1152; x_wconf 91' lang='lat' dir='ltr'><strong>quod</strong></span> <span class='ocrx_word' id='word_1_57' title='bbox 1301 1079 1490 1134; x_wconf 90' lang='lat' dir='ltr'><strong>solutis</strong></span> <span class='ocrx_word' id='word_1_58' title='bbox 1527 1092 1590 1132; x_wconf 88' lang='lat' dir='ltr'><strong>ac</strong></span> <span class='ocrx_word' id='word_1_59' title='bbox 1631 1076 1933 1146; x_wconf 83' lang='lat' dir='ltr'><strong>pernicibus</strong></span> <span class='ocrx_word' id='word_1_60' title='bbox 1976 1073 2220 1143; x_wconf 80' lang='lat' dir='ltr'><strong>pedibus,</strong></span> 
     </span>
    </p>
   </div>
   <div class='ocr_carea' id='block_1_9' title="bbox 635 1165 2221 1243">
    <p class='ocr_par' dir='ltr' id='par_1_9' title="bbox 635 1165 2221 1243">
     <span class='ocr_line' id='line_1_9' title="bbox 635 1165 2221 1243; baseline -0.007 -15"><span class='ocrx_word' id='word_1_61' title='bbox 635 1178 814 1231; x_wconf 88' lang='lat' dir='ltr'><strong>animo</strong></span> <span class='ocrx_word' id='word_1_62' title='bbox 841 1177 1078 1232; x_wconf 87' lang='lat' dir='ltr'><strong>aceineto</strong></span> <span class='ocrx_word' id='word_1_63' title='bbox 1104 1183 1157 1229; x_wconf 92' lang='lat' dir='ltr'><strong>et</strong></span> <span class='ocrx_word' id='word_1_64' title='bbox 1184 1174 1345 1243; x_wconf 88' lang='lat' dir='ltr'><strong>probe</strong></span> <span class='ocrx_word' id='word_1_65' title='bbox 1366 1170 1615 1239; x_wconf 70' lang='lat' dir='ltr'><strong>expedito</strong></span> <span class='ocrx_word' id='word_1_66' title='bbox 1644 1168 1862 1236; x_wconf 83' lang='lat' dir='ltr'><strong>indiget,</strong></span> <span class='ocrx_word' id='word_1_67' title='bbox 1887 1181 1946 1218; x_wconf 84' lang='lat' dir='ltr'><strong>ea</strong></span> <span class='ocrx_word' id='word_1_68' title='bbox 1981 1165 2221 1234; x_wconf 85' lang='lat' dir='ltr'><strong>negotio-</strong></span> 
     </span>
    </p>
   </div>
   <div class='ocr_carea' id='block_1_10' title="bbox 637 1258 2222 1333">
    <p class='ocr_par' dir='ltr' id='par_1_10' title="bbox 637 1258 2222 1333">
     <span class='ocr_line' id='line_1_10' title="bbox 637 1258 2222 1333; baseline -0.009 -13"><span class='ocrx_word' id='word_1_69' title='bbox 637 1284 753 1320; x_wconf 91' lang='lat' dir='ltr'><strong>rum</strong></span> <span class='ocrx_word' id='word_1_70' title='bbox 801 1267 940 1320; x_wconf 89' lang='lat' dir='ltr'><strong>mole</strong></span> <span class='ocrx_word' id='word_1_71' title='bbox 985 1265 1251 1333; x_wconf 83' lang='lat' dir='ltr'><strong>imposita,</strong></span> <span class='ocrx_word' id='word_1_72' title='bbox 1304 1270 1379 1315; x_wconf 88' lang='lat' dir='ltr'><strong>tot</strong></span> <span class='ocrx_word' id='word_1_73' title='bbox 1424 1260 1621 1329; x_wconf 89' lang='lat' dir='ltr'><strong>pedicis</strong></span> <span class='ocrx_word' id='word_1_74' title='bbox 1659 1258 2000 1318; x_wconf 84' lang='lat' dir='ltr'><strong>constrictus,</strong></span> <span class='ocrx_word' id='word_1_75' title='bbox 2038 1264 2222 1308; x_wconf 88' lang='lat' dir='ltr'><strong>catena</strong></span> 
     </span>
    </p>
   </div>
   <div class='ocr_carea' id='block_1_11' title="bbox 638 1343 2226 1424">
    <p class='ocr_par' dir='ltr' id='par_1_11' title="bbox 638 1343 2226 1424">
     <span class='ocr_line' id='line_1_11' title="bbox 638 1343 2226 1424; baseline -0.008 -14"><span class='ocrx_word' id='word_1_76' title='bbox 638 1358 757 1423; x_wconf 89' lang='lat' dir='ltr'><strong>hac,</strong></span> <span class='ocrx_word' id='word_1_77' title='bbox 801 1357 983 1410; x_wconf 76' lang='lat' dir='ltr'><strong>uxoris</strong></span> <span class='ocrx_word' id='word_1_78' title='bbox 1035 1357 1246 1424; x_wconf 88' lang='lat' dir='ltr'><strong>inquam</strong></span> <span class='ocrx_word' id='word_1_79' title='bbox 1302 1349 1958 1421; x_wconf 47' lang='lat' dir='ltr'><strong>improbitatevdeorsum</strong></span> <span class='ocrx_word' id='word_1_80' title='bbox 2013 1343 2226 1398; x_wconf 89' lang='lat' dir='ltr'><strong>assidue</strong></span> 
     </span>
    </p>
   </div>
   <div class='ocr_carea' id='block_1_12' title="bbox 639 1447 943 1501">
    <p class='ocr_par' dir='ltr' id='par_1_12' title="bbox 639 1447 943 1501">
     <span class='ocr_line' id='line_1_12' title="bbox 639 1447 943 1501; baseline -0.003 -1"><span class='ocrx_word' id='word_1_81' title='bbox 639 1447 943 1501; x_wconf 71' lang='lat' dir='ltr'><strong>detractus?</strong></span> 
     </span>
    </p>
   </div>
   <div class='ocr_carea' id='block_1_13' title="bbox 710 1528 2227 1604">
    <p class='ocr_par' dir='ltr' id='par_1_13' title="bbox 710 1528 2227 1604">
     <span class='ocr_line' id='line_1_13' title="bbox 710 1528 2227 1604; baseline -0.009 -13"><span class='ocrx_word' id='word_1_82' title='bbox 710 1537 870 1591; x_wconf 77' lang='lat' dir='ltr'><strong>XLV.</strong></span> <span class='ocrx_word' id='word_1_83' title='bbox 912 1537 1015 1603; x_wconf 79' lang='lat' dir='ltr'><strong>Qui</strong></span> <span class='ocrx_word' id='word_1_84' title='bbox 1059 1550 1395 1604; x_wconf 78' lang='lat' dir='ltr'><strong>supervacuas</strong></span> <span class='ocrx_word' id='word_1_85' title='bbox 1431 1531 1747 1602; x_wconf 72' lang='lat' dir='ltr'><strong>difﬁcultates</strong></span> <span class='ocrx_word' id='word_1_86' title='bbox 1789 1528 2090 1598; x_wconf 70' lang='lat' dir='ltr'><strong>excogitent,</strong></span> <span class='ocrx_word' id='word_1_87' title='bbox 2143 1541 2227 1578; x_wconf 88' lang='lat' dir='ltr'><strong>eos</strong></span> 
     </span>
    </p>
   </div>
   <div class='ocr_carea' id='block_1_14' title="bbox 639 1617 2227 1698">
    <p class='ocr_par' dir='ltr' id='par_1_14' title="bbox 639 1617 2227 1698">
     <span class='ocr_line' id='line_1_14' title="bbox 639 1617 2227 1698; baseline -0.007 -16"><span class='ocrx_word' id='word_1_88' title='bbox 639 1628 836 1682; x_wconf 84' lang='lat' dir='ltr'><strong>nullum</strong></span> <span class='ocrx_word' id='word_1_89' title='bbox 860 1630 967 1698; x_wconf 86' lang='lat' dir='ltr'><strong>ejus</strong></span> <span class='ocrx_word' id='word_1_90' title='bbox 994 1628 1066 1682; x_wconf 86' lang='lat' dir='ltr'><strong>rei</strong></span> <span class='ocrx_word' id='word_1_91' title='bbox 1096 1629 1359 1698; x_wconf 79' lang='lat' dir='ltr'><strong>prtcmium</strong></span> <span class='ocrx_word' id='word_1_92' title='bbox 1389 1640 1610 1678; x_wconf 85' lang='lat' dir='ltr'><strong>manere.</strong></span> <span class='ocrx_word' id='word_1_93' title='bbox 1640 1651 1710 1662; x_wconf 91' lang='lat'><em>-</em></span> <span class='ocrx_word' id='word_1_94' title='bbox 1736 1623 1804 1677; x_wconf 81' lang='lat' dir='ltr'><strong>At</strong></span> <span class='ocrx_word' id='word_1_95' title='bbox 1839 1620 1980 1690; x_wconf 90' lang='lat' dir='ltr'><strong>quod</strong></span> <span class='ocrx_word' id='word_1_96' title='bbox 2020 1617 2227 1672; x_wconf 84' lang='lat' dir='ltr'><strong>esthoc</strong></span> 
     </span>
    </p>
   </div>
   <div class='ocr_carea' id='block_1_15' title="bbox 637 1711 2223 1788">
    <p class='ocr_par' dir='ltr' id='par_1_15' title="bbox 637 1711 2223 1788">
     <span class='ocr_line' id='line_1_15' title="bbox 637 1711 2223 1788; baseline -0.007 -15"><span class='ocrx_word' id='word_1_97' title='bbox 637 1721 850 1788; x_wconf 77' lang='lat' dir='ltr'><strong>sapiens</strong></span> <span class='ocrx_word' id='word_1_98' title='bbox 880 1719 1014 1788; x_wconf 94' lang='lat' dir='ltr'><strong>vulgi</strong></span> <span class='ocrx_word' id='word_1_99' title='bbox 1045 1731 1377 1787; x_wconf 91' lang='lat' dir='ltr'><strong>responsum,</strong></span> <span class='ocrx_word' id='word_1_100' title='bbox 1405 1731 1526 1783; x_wconf 87' lang='lat' dir='ltr'><strong>eu_m</strong></span> <span class='ocrx_word' id='word_1_101' title='bbox 1554 1714 1620 1769; x_wconf 88' lang='lat' dir='ltr'><strong>ad</strong></span> <span class='ocrx_word' id='word_1_102' title='bbox 1658 1729 1750 1768; x_wconf 91' lang='lat' dir='ltr'><strong>eos</strong></span> <span class='ocrx_word' id='word_1_103' title='bbox 1775 1712 1892 1767; x_wconf 74' lang='lat' dir='ltr'><strong>hmc</strong></span> <span class='ocrx_word' id='word_1_104' title='bbox 1916 1711 2092 1765; x_wconf 80' lang='lat' dir='ltr'><strong>omnia</strong></span> <span class='ocrx_word' id='word_1_105' title='bbox 2134 1725 2223 1763; x_wconf 89' lang='lat' dir='ltr'><strong>re-</strong></span> 
     </span>
    </p>
   </div>
   <div class='ocr_carea' id='block_1_16' title="bbox 639 1801 2229 1878">
    <p class='ocr_par' dir='ltr' id='par_1_16' title="bbox 639 1801 2229 1878">
     <span class='ocr_line' id='line_1_16' title="bbox 639 1801 2229 1878; baseline -0.006 -16"><span class='ocrx_word' id='word_1_106' title='bbox 639 1810 957 1864; x_wconf 86' lang='lat' dir='ltr'><strong>censemus?</strong></span> <span class='ocrx_word' id='word_1_107' title='bbox 985 1809 1183 1878; x_wconf 88' lang='lat' dir='ltr'><strong>Itaque,</strong></span> <span class='ocrx_word' id='word_1_108' title='bbox 1218 1807 1405 1876; x_wconf 85' lang='lat' dir='ltr'><strong>inquit,</strong></span> <span class='ocrx_word' id='word_1_109' title='bbox 1435 1805 1623 1874; x_wconf 78' lang='lat' dir='ltr'><strong>majori</strong></span> <span class='ocrx_word' id='word_1_110' title='bbox 1655 1803 1870 1873; x_wconf 69' lang='lat' dir='ltr'><strong>prtemio</strong></span> <span class='ocrx_word' id='word_1_111' title='bbox 1895 1802 2087 1870; x_wconf 91' lang='lat' dir='ltr'><strong>dignus</strong></span> <span class='ocrx_word' id='word_1_112' title='bbox 2128 1801 2229 1855; x_wconf 89' lang='lat' dir='ltr'><strong>erit</strong></span> 
     </span>
    </p>
   </div>
   <div class='ocr_carea' id='block_1_17' title="bbox 639 1889 2228 1968">
    <p class='ocr_par' dir='ltr' id='par_1_17' title="bbox 639 1889 2228 1968">
     <span class='ocr_line' id='line_1_17' title="bbox 639 1889 2228 1968; baseline -0.005 -17"><span class='ocrx_word' id='word_1_113' title='bbox 639 1900 882 1968; x_wconf 89' lang='lat' dir='ltr'><strong>qui,-hac</strong></span> <span class='ocrx_word' id='word_1_114' title='bbox 928 1899 1174 1968; x_wconf 88' lang='lat' dir='ltr'><strong>imposita</strong></span> <span class='ocrx_word' id='word_1_115' title='bbox 1208 1898 1544 1958; x_wconf 86' lang='lat' dir='ltr'><strong>necessitate,</strong></span> <span class='ocrx_word' id='word_1_116' title='bbox 1586 1903 1731 1949; x_wconf 89' lang='lat' dir='ltr'><strong>recte</strong></span> <span class='ocrx_word' id='word_1_117' title='bbox 1776 1908 1835 1948; x_wconf 88' lang='lat' dir='ltr'><strong>se</strong></span> <span class='ocrx_word' id='word_1_118' title='bbox 1879 1900 2047 1961; x_wconf 83' lang='lat' dir='ltr'><strong>gerat.</strong></span> <span class='ocrx_word' id='word_1_119' title='bbox 2091 1889 2228 1956; x_wconf 83' lang='lat' dir='ltr'><strong>Quid</strong></span> 
     </span>
    </p>
   </div>
   <div class='ocr_carea' id='block_1_18' title="bbox 643 1981 2227 2058">
    <p class='ocr_par' dir='ltr' id='par_1_18' title="bbox 643 1981 2227 2058">
     <span class='ocr_line' id='line_1_18' title="bbox 643 1981 2227 2058; baseline -0.005 -18"><span class='ocrx_word' id='word_1_120' title='bbox 643 1990 738 2054; x_wconf 85' lang='lat' dir='ltr'><strong>ita,</strong></span> <span class='ocrx_word' id='word_1_121' title='bbox 770 1990 906 2043; x_wconf 89' lang='lat' dir='ltr'><strong>bone</strong></span> <span class='ocrx_word' id='word_1_122' title='bbox 937 1992 1035 2052; x_wconf 85' lang='lat' dir='ltr'><strong>vir,</strong></span> <span class='ocrx_word' id='word_1_123' title='bbox 1068 1998 1121 2042; x_wconf 91' lang='lat' dir='ltr'><strong>et</strong></span> <span class='ocrx_word' id='word_1_124' title='bbox 1141 1988 1485 2058; x_wconf 90' lang='lat' dir='ltr'><strong>quamobrem</strong></span> <span class='ocrx_word' id='word_1_125' title='bbox 1505 1986 1528 2039; x_wconf 83' lang='lat'><strong>?</strong></span> <span class='ocrx_word' id='word_1_126' title='bbox 1549 1985 1698 2053; x_wconf 87' lang='lat' dir='ltr'><strong>Quod</strong></span> <span class='ocrx_word' id='word_1_127' title='bbox 1729 1984 2009 2052; x_wconf 86' lang='lat' dir='ltr'><strong>majorem,</strong></span> <span class='ocrx_word' id='word_1_128' title='bbox 2039 1981 2227 2050; x_wconf 90' lang='lat' dir='ltr'><strong>inquit,</strong></span> 
     </span>
    </p>
   </div>
   <div class='ocr_carea' id='block_1_19' title="bbox 641 2074 2227 2150">
    <p class='ocr_par' dir='ltr' id='par_1_19' title="bbox 641 2074 2227 2150">
     <span class='ocr_line' id='line_1_19' title="bbox 641 2074 2227 2150; baseline -0.006 -15"><span class='ocrx_word' id='word_1_129' title='bbox 641 2082 878 2136; x_wconf 77' lang='lat' dir='ltr'><strong>laborem</strong></span> <span class='ocrx_word' id='word_1_130' title='bbox 908 2091 1126 2150; x_wconf 89' lang='lat' dir='ltr'><strong>pr0ptcr</strong></span> <span class='ocrx_word' id='word_1_131' title='bbox 1163 2079 1559 2133; x_wconf 85' lang='lat' dir='ltr'><strong>matrimonium</strong></span> <span class='ocrx_word' id='word_1_132' title='bbox 1601 2075 1810 2130; x_wconf 90' lang='lat' dir='ltr'><strong>subeat.</strong></span> <span class='ocrx_word' id='word_1_133' title='bbox 1846 2075 1908 2128; x_wconf 87' lang='lat' dir='ltr'><strong>Et</strong></span> <span class='ocrx_word' id='word_1_134' title='bbox 1944 2074 2061 2142; x_wconf 87' lang='lat' dir='ltr'><strong>quis</strong></span> <span class='ocrx_word' id='word_1_135' title='bbox 2105 2087 2227 2126; x_wconf 90' lang='lat' dir='ltr'><strong>eum</strong></span> 
     </span>
    </p>
   </div>
   <div class='ocr_carea' id='block_1_20' title="bbox 645 2162 2228 2240">
    <p class='ocr_par' dir='ltr' id='par_1_20' title="bbox 645 2162 2228 2240">
     <span class='ocr_line' id='line_1_20' title="bbox 645 2162 2228 2240; baseline -0.008 -14"><span class='ocrx_word' id='word_1_136' title='bbox 645 2181 846 2226; x_wconf 89' lang='lat' dir='ltr'><strong>tantum</strong></span> <span class='ocrx_word' id='word_1_137' title='bbox 872 2187 1006 2225; x_wconf 90' lang='lat' dir='ltr'><strong>onus</strong></span> <span class='ocrx_word' id='word_1_138' title='bbox 1033 2170 1304 2240; x_wconf 86' lang='lat' dir='ltr'><strong>suscipere</strong></span> <span class='ocrx_word' id='word_1_139' title='bbox 1330 2167 1538 2237; x_wconf 79' lang='lat' dir='ltr'><strong>coegit?</strong></span> <span class='ocrx_word' id='word_1_140' title='bbox 1569 2181 1689 2219; x_wconf 90' lang='lat' dir='ltr'><strong>nam</strong></span> <span class='ocrx_word' id='word_1_141' title='bbox 1721 2166 1763 2218; x_wconf 87' lang='lat' dir='ltr'><strong>si</strong></span> <span class='ocrx_word' id='word_1_142' title='bbox 1791 2163 2005 2234; x_wconf 88' lang='lat' dir='ltr'><strong>quidem</strong></span> <span class='ocrx_word' id='word_1_143' title='bbox 2044 2162 2228 2215; x_wconf 87' lang='lat' dir='ltr'><strong>matri-</strong></span> 
     </span>
    </p>
   </div>
   <div class='ocr_carea' id='block_1_21' title="bbox 644 2250 2231 2330">
    <p class='ocr_par' dir='ltr' id='par_1_21' title="bbox 644 2250 2231 2330">
     <span class='ocr_line' id='line_1_21' title="bbox 644 2250 2231 2330; baseline -0.008 -14"><span class='ocrx_word' id='word_1_144' title='bbox 644 2263 880 2316; x_wconf 81' lang='lat' dir='ltr'><strong>monium</strong></span> <span class='ocrx_word' id='word_1_145' title='bbox 909 2262 1137 2316; x_wconf 90' lang='lat' dir='ltr'><strong>ineundo</strong></span> <span class='ocrx_word' id='word_1_146' title='bbox 1162 2268 1480 2330; x_wconf 65' lang='lat' dir='ltr'><strong>praeceptum</strong></span> <span class='ocrx_word' id='word_1_147' title='bbox 1501 2257 1764 2325; x_wconf 87' lang='lat' dir='ltr'><strong>impleret,</strong></span> <span class='ocrx_word' id='word_1_148' title='bbox 1789 2270 1850 2307; x_wconf 90' lang='lat' dir='ltr'><strong>ac</strong></span> <span class='ocrx_word' id='word_1_149' title='bbox 1871 2268 1978 2307; x_wconf 88' lang='lat' dir='ltr'><strong>non</strong></span> <span class='ocrx_word' id='word_1_150' title='bbox 2002 2250 2231 2306; x_wconf 88' lang='lat' dir='ltr'><strong>ineundo</strong></span> 
     </span>
    </p>
   </div>
   <div class='ocr_carea' id='block_1_22' title="bbox 645 2343 2230 2422">
    <p class='ocr_par' dir='ltr' id='par_1_22' title="bbox 645 2343 2230 2422">
     <span class='ocr_line' id='line_1_22' title="bbox 645 2343 2230 2422; baseline -0.007 -15"><span class='ocrx_word' id='word_1_151' title='bbox 645 2357 697 2407; x_wconf 90' lang='lat' dir='ltr'><strong>in</strong></span> <span class='ocrx_word' id='word_1_152' title='bbox 727 2350 906 2422; x_wconf 81' lang='lat' dir='ltr'><strong>legem</strong></span> <span class='ocrx_word' id='word_1_153' title='bbox 937 2353 1290 2421; x_wconf 83' lang='lat' dir='ltr'><strong>chinqneret,</strong></span> <span class='ocrx_word' id='word_1_154' title='bbox 1327 2351 1545 2402; x_wconf 78' lang='lat' dir='ltr'><strong>haberet</strong></span> <span class='ocrx_word' id='word_1_155' title='bbox 1571 2348 1618 2401; x_wconf 93' lang='lat' dir='ltr'><strong>id</strong></span> <span class='ocrx_word' id='word_1_156' title='bbox 1651 2346 2074 2416; x_wconf 85' lang='lat' dir='ltr'><strong>probabilitatem</strong></span> <span class='ocrx_word' id='word_1_157' title='bbox 2111 2343 2230 2396; x_wconf 84' lang='lat' dir='ltr'><strong>:sin</strong></span> 
     </span>
    </p>
   </div>
   <div class='ocr_carea' id='block_1_23' title="bbox 645 2437 2230 2509">
    <p class='ocr_par' dir='ltr' id='par_1_23' title="bbox 645 2437 2230 2509">
     <span class='ocr_line' id='line_1_23' title="bbox 645 2437 2230 2509; baseline -0.009 -8"><span class='ocrx_word' id='word_1_158' title='bbox 645 2458 842 2509; x_wconf 87' lang='lat' dir='ltr'><strong>autem,</strong></span> <span class='ocrx_word' id='word_1_159' title='bbox 898 2446 981 2498; x_wconf 91' lang='lat' dir='ltr'><strong>cui</strong></span> <span class='ocrx_word' id='word_1_160' title='bbox 1038 2445 1260 2498; x_wconf 88' lang='lat' dir='ltr'><strong>liberum</strong></span> <span class='ocrx_word' id='word_1_161' title='bbox 1313 2451 1455 2496; x_wconf 67' lang='lat' dir='ltr'><strong>esset</strong></span> <span class='ocrx_word' id='word_1_162' title='bbox 1507 2438 1827 2493; x_wconf 84' lang='lat' dir='ltr'><strong>matrimonii</strong></span> <span class='ocrx_word' id='word_1_163' title='bbox 1885 2437 2068 2505; x_wconf 88' lang='lat' dir='ltr'><strong>jugum</strong></span> <span class='ocrx_word' id='word_1_164' title='bbox 2127 2450 2230 2487; x_wconf 89' lang='lat' dir='ltr'><strong>non</strong></span> 
     </span>
    </p>
   </div>
   <div class='ocr_carea' id='block_1_24' title="bbox 645 2524 2233 2604">
    <p class='ocr_par' dir='ltr' id='par_1_24' title="bbox 645 2524 2233 2604">
     <span class='ocr_line' id='line_1_24' title="bbox 645 2524 2233 2604; baseline -0.007 -15"><span class='ocrx_word' id='word_1_165' title='bbox 645 2537 847 2598; x_wconf 86' lang='lat' dir='ltr'><strong>subire,</strong></span> <span class='ocrx_word' id='word_1_166' title='bbox 897 2536 1055 2597; x_wconf 90' lang='lat' dir='ltr'><strong>ultro,</strong></span> <span class='ocrx_word' id='word_1_167' title='bbox 1097 2544 1320 2604; x_wconf 86' lang='lat' dir='ltr'><strong>cogente</strong></span> <span class='ocrx_word' id='word_1_168' title='bbox 1368 2532 1532 2597; x_wconf 90' lang='lat' dir='ltr'><strong>nullo,</strong></span> <span class='ocrx_word' id='word_1_169' title='bbox 1578 2545 1635 2583; x_wconf 90' lang='lat' dir='ltr'><strong>se</strong></span> <span class='ocrx_word' id='word_1_170' title='bbox 1665 2531 1716 2582; x_wconf 94' lang='lat' dir='ltr'><strong>in</strong></span> <span class='ocrx_word' id='word_1_171' title='bbox 1758 2543 1850 2582; x_wconf 87' lang='lat' dir='ltr'><strong>eas</strong></span> <span class='ocrx_word' id='word_1_172' title='bbox 1893 2524 2233 2580; x_wconf 78' lang='lat' dir='ltr'><strong>difficultates</strong></span> 
     </span>
    </p>
   </div>
   <div class='ocr_carea' id='block_1_25' title="bbox 647 2619 2230 2693">
    <p class='ocr_par' dir='ltr' id='par_1_25' title="bbox 647 2619 2230 2693">
     <span class='ocr_line' id='line_1_25' title="bbox 647 2619 2230 2693; baseline -0.008 -13"><span class='ocrx_word' id='word_1_173' title='bbox 647 2628 901 2680; x_wconf 81' lang='lat' dir='ltr'><strong>inducere</strong></span> <span class='ocrx_word' id='word_1_174' title='bbox 938 2625 1120 2689; x_wconf 89' lang='lat' dir='ltr'><strong>voluit,</strong></span> <span class='ocrx_word' id='word_1_175' title='bbox 1169 2641 1272 2693; x_wconf 92' lang='lat' dir='ltr'><strong>quo</strong></span> <span class='ocrx_word' id='word_1_176' title='bbox 1313 2624 1524 2693; x_wconf 85' lang='lat' dir='ltr'><strong>gravius</strong></span> <span class='ocrx_word' id='word_1_177' title='bbox 1567 2622 1666 2674; x_wconf 90' lang='lat' dir='ltr'><strong>sibi</strong></span> <span class='ocrx_word' id='word_1_178' title='bbox 1715 2619 1919 2673; x_wconf 84' lang='lat' dir='ltr'><strong>virtutis</strong></span> <span class='ocrx_word' id='word_1_179' title='bbox 1963 2625 2230 2671; x_wconf 86' lang='lat' dir='ltr'><strong>certamen</strong></span> 
     </span>
    </p>
   </div>
   <div class='ocr_carea' id='block_1_26' title="bbox 649 2708 2234 2781">
    <p class='ocr_par' dir='ltr' id='par_1_26' title="bbox 649 2708 2234 2781">
     <span class='ocr_line' id='line_1_26' title="bbox 649 2708 2234 2781; baseline -0.008 -10"><span class='ocrx_word' id='word_1_180' title='bbox 649 2718 982 2779; x_wconf 88' lang='lat' dir='ltr'><strong>redderetur,</strong></span> <span class='ocrx_word' id='word_1_181' title='bbox 1026 2714 1153 2768; x_wconf 86' lang='lat' dir='ltr'><strong>nihil</strong></span> <span class='ocrx_word' id='word_1_182' title='bbox 1185 2714 1284 2767; x_wconf 89' lang='lat' dir='ltr'><strong>hoc</strong></span> <span class='ocrx_word' id='word_1_183' title='bbox 1323 2713 1386 2766; x_wconf 89' lang='lat' dir='ltr'><strong>ad</strong></span> <span class='ocrx_word' id='word_1_184' title='bbox 1429 2712 1825 2781; x_wconf 85' lang='lat' dir='ltr'><strong>agouothetam,</strong></span> <span class='ocrx_word' id='word_1_185' title='bbox 1859 2709 1946 2777; x_wconf 92' lang='lat' dir='ltr'><strong>qui</strong></span> <span class='ocrx_word' id='word_1_186' title='bbox 1988 2708 2037 2760; x_wconf 94' lang='lat' dir='ltr'><strong>id</strong></span> <span class='ocrx_word' id='word_1_187' title='bbox 2071 2722 2234 2759; x_wconf 88' lang='lat' dir='ltr'><strong>unum</strong></span> 
     </span>
    </p>
   </div>
   <div class='ocr_carea' id='block_1_27' title="bbox 646 2797 2237 2875">
    <p class='ocr_par' dir='ltr' id='par_1_27' title="bbox 646 2797 2237 2875">
     <span class='ocr_line' id='line_1_27' title="bbox 646 2797 2237 2875; baseline -0.006 -15"><span class='ocrx_word' id='word_1_188' title='bbox 646 2807 885 2875; x_wconf 76' lang='lat' dir='ltr'><strong>jusserit,</strong></span> <span class='ocrx_word' id='word_1_189' title='bbox 918 2821 1036 2859; x_wconf 89' lang='lat' dir='ltr'><strong>eum</strong></span> <span class='ocrx_word' id='word_1_190' title='bbox 1069 2804 1280 2859; x_wconf 75' lang='lat' dir='ltr'><strong>diabolo</strong></span> <span class='ocrx_word' id='word_1_191' title='bbox 1323 2804 1518 2857; x_wconf 87' lang='lat' dir='ltr'><strong>bellum</strong></span> <span class='ocrx_word' id='word_1_192' title='bbox 1547 2801 1830 2863; x_wconf 84' lang='lat' dir='ltr'><strong>eonlicere,</strong></span> <span class='ocrx_word' id='word_1_193' title='bbox 1865 2807 2023 2868; x_wconf 90' lang='lat' dir='ltr'><strong>atque</strong></span> <span class='ocrx_word' id='word_1_194' title='bbox 2048 2797 2237 2850; x_wconf 65' lang='lat' dir='ltr'><strong>adven-</strong></span> 
     </span>
    </p>
   </div>
   <div class='ocr_carea' id='block_1_28' title="bbox 650 2890 2236 2965">
    <p class='ocr_par' dir='ltr' id='par_1_28' title="bbox 650 2890 2236 2965">
     <span class='ocr_line' id='line_1_28' title="bbox 650 2890 2236 2965; baseline -0.008 -10"><span class='ocrx_word' id='word_1_195' title='bbox 650 2915 765 2955; x_wconf 80' lang='lat' dir='ltr'><strong>Sl&#39;ltl</strong></span> <span class='ocrx_word' id='word_1_196' title='bbox 807 2900 927 2952; x_wconf 87' lang='lat' dir='ltr'><strong>vitia</strong></span> <span class='ocrx_word' id='word_1_197' title='bbox 960 2899 1234 2952; x_wconf 89' lang='lat' dir='ltr'><strong>victoriam</strong></span> <span class='ocrx_word' id='word_1_198' title='bbox 1263 2910 1520 2965; x_wconf 73' lang='lat' dir='ltr'><strong>quzercre.</strong></span> <span class='ocrx_word' id='word_1_199' title='bbox 1553 2894 1678 2947; x_wconf 88' lang='lat' dir='ltr'><strong>Sive</strong></span> <span class='ocrx_word' id='word_1_200' title='bbox 1707 2903 1881 2945; x_wconf 90' lang='lat' dir='ltr'><strong>autem</strong></span> <span class='ocrx_word' id='word_1_201' title='bbox 1911 2890 2029 2960; x_wconf 83' lang='lat' dir='ltr'><strong>quis</strong></span> <span class='ocrx_word' id='word_1_202' title='bbox 2055 2890 2236 2942; x_wconf 89' lang='lat' dir='ltr'><strong>matri-</strong></span> 
     </span>
    </p>
   </div>
   <div class='ocr_carea' id='block_1_29' title="bbox 653 2980 2239 3053">
    <p class='ocr_par' dir='ltr' id='par_1_29' title="bbox 653 2980 2239 3053">
     <span class='ocr_line' id='line_1_29' title="bbox 653 2980 2239 3053; baseline -0.008 -9"><span class='ocrx_word' id='word_1_203' title='bbox 653 2994 833 3045; x_wconf 88' lang='lat' dir='ltr'><strong>monio</strong></span> <span class='ocrx_word' id='word_1_204' title='bbox 854 2991 1129 3045; x_wconf 87' lang='lat' dir='ltr'><strong>devinctus</strong></span> <span class='ocrx_word' id='word_1_205' title='bbox 1156 3005 1216 3040; x_wconf 91' lang='lat' dir='ltr'><strong>ae</strong></span> <span class='ocrx_word' id='word_1_206' title='bbox 1246 2987 1448 3040; x_wconf 81' lang='lat' dir='ltr'><strong>deliciis</strong></span> <span class='ocrx_word' id='word_1_207' title='bbox 1478 3000 1690 3048; x_wconf 69' lang='lat' dir='ltr'><strong>means,</strong></span> <span class='ocrx_word' id='word_1_208' title='bbox 1715 2983 1888 3053; x_wconf 83' lang='lat' dir='ltr'><strong>deque</strong></span> <span class='ocrx_word' id='word_1_209' title='bbox 1920 2982 2101 3035; x_wconf 90' lang='lat' dir='ltr'><strong>multis</strong></span> <span class='ocrx_word' id='word_1_210' title='bbox 2131 2980 2239 3032; x_wconf 87' lang='lat' dir='ltr'><strong>sol-</strong></span> 
     </span>
    </p>
   </div>
   <div class='ocr_carea' id='block_1_30' title="bbox 651 3071 2236 3146">
    <p class='ocr_par' dir='ltr' id='par_1_30' title="bbox 651 3071 2236 3146">
     <span class='ocr_line' id='line_1_30' title="bbox 651 3071 2236 3146; baseline -0.006 -12"><span class='ocrx_word' id='word_1_211' title='bbox 651 3084 825 3137; x_wconf 87' lang='lat' dir='ltr'><strong>Iieitus</strong></span> <span class='ocrx_word' id='word_1_212' title='bbox 878 3084 967 3146; x_wconf 91' lang='lat' dir='ltr'><strong>sit,</strong></span> <span class='ocrx_word' id='word_1_213' title='bbox 1018 3083 1129 3135; x_wconf 80' lang='lat' dir='ltr'><strong>sive</strong></span> <span class='ocrx_word' id='word_1_214' title='bbox 1175 3079 1439 3133; x_wconf 84' lang='lat' dir='ltr'><strong>exercitus</strong></span> <span class='ocrx_word' id='word_1_215' title='bbox 1481 3085 1534 3131; x_wconf 89' lang='lat' dir='ltr'><strong>et</strong></span> <span class='ocrx_word' id='word_1_216' title='bbox 1571 3076 1822 3138; x_wconf 83' lang='lat' dir='ltr'><strong>afﬂictus,</strong></span> <span class='ocrx_word' id='word_1_217' title='bbox 1875 3088 2048 3141; x_wconf 89' lang='lat' dir='ltr'><strong>neque</strong></span> <span class='ocrx_word' id='word_1_218' title='bbox 2094 3071 2236 3125; x_wconf 84' lang='lat' dir='ltr'><strong>aliud</strong></span> 
     </span>
    </p>
   </div>
   <div class='ocr_carea' id='block_1_31' title="bbox 654 3161 2236 3242">
    <p class='ocr_par' dir='ltr' id='par_1_31' title="bbox 654 3161 2236 3242">
     <span class='ocr_line' id='line_1_31' title="bbox 654 3161 2236 3242; baseline -0.007 -17"><span class='ocrx_word' id='word_1_219' title='bbox 654 3186 909 3242; x_wconf 73' lang='lat' dir='ltr'><strong>prmterea</strong></span> <span class='ocrx_word' id='word_1_220' title='bbox 941 3187 1151 3236; x_wconf 71' lang='lat' dir='ltr'><strong>curans,</strong></span> <span class='ocrx_word' id='word_1_221' title='bbox 1194 3170 1242 3222; x_wconf 92' lang='lat' dir='ltr'><strong>id</strong></span> <span class='ocrx_word' id='word_1_222' title='bbox 1282 3169 1407 3221; x_wconf 90' lang='lat' dir='ltr'><strong>nihil</strong></span> <span class='ocrx_word' id='word_1_223' title='bbox 1439 3168 1586 3237; x_wconf 89' lang='lat' dir='ltr'><strong>pensi</strong></span> <span class='ocrx_word' id='word_1_224' title='bbox 1635 3165 1822 3232; x_wconf 89' lang='lat' dir='ltr'><strong>babet._</strong></span> <span class='ocrx_word' id='word_1_225' title='bbox 1848 3163 2094 3218; x_wconf 62' lang='lat' dir='ltr'><strong>Victoria:</strong></span> <span class='ocrx_word' id='word_1_226' title='bbox 2118 3161 2236 3231; x_wconf 88' lang='lat' dir='ltr'><strong>qui-</strong></span> 
     </span>
    </p>
   </div>
   <div class='ocr_carea' id='block_1_32' title="bbox 653 3255 2235 3328">
    <p class='ocr_par' dir='ltr' id='par_1_32' title="bbox 653 3255 2235 3328">
     <span class='ocr_line' id='line_1_32' title="bbox 653 3255 2235 3328; baseline -0.006 -12"><span class='ocrx_word' id='word_1_227' title='bbox 653 3264 775 3317; x_wconf 88' lang='lat' dir='ltr'><strong>dcm</strong></span> <span class='ocrx_word' id='word_1_228' title='bbox 804 3262 1040 3327; x_wconf 90' lang='lat' dir='ltr'><strong>modum,</strong></span> <span class='ocrx_word' id='word_1_229' title='bbox 1078 3271 1234 3328; x_wconf 88' lang='lat' dir='ltr'><strong>atque</strong></span> <span class='ocrx_word' id='word_1_230' title='bbox 1262 3259 1326 3312; x_wconf 90' lang='lat' dir='ltr'><strong>ad</strong></span> <span class='ocrx_word' id='word_1_231' title='bbox 1360 3268 1614 3327; x_wconf 73' lang='lat' dir='ltr'><strong>trepteum</strong></span> <span class='ocrx_word' id='word_1_232' title='bbox 1647 3256 1900 3312; x_wconf 88' lang='lat' dir='ltr'><strong>ferentem</strong></span> <span class='ocrx_word' id='word_1_233' title='bbox 1929 3255 2090 3318; x_wconf 84' lang='lat' dir='ltr'><strong>viam,</strong></span> <span class='ocrx_word' id='word_1_234' title='bbox 2119 3267 2235 3306; x_wconf 90' lang='lat' dir='ltr'><strong>eam</strong></span> 
     </span>
    </p>
   </div>
   <div class='ocr_carea' id='block_1_33' title="bbox 654 3329 2238 3425">
    <p class='ocr_par' dir='ltr' id='par_1_33' title="bbox 654 3329 2238 3425">
     <span class='ocr_line' id='line_1_33' title="bbox 654 3329 2238 3425; baseline -0.006 -18"><span class='ocrx_word' id='word_1_235' title='bbox 654 3356 908 3425; x_wconf 69' lang='lat' dir='ltr'><strong>prtedicat</strong></span> <span class='ocrx_word' id='word_1_236' title='bbox 935 3369 1052 3424; x_wconf 63' lang='lat' dir='ltr'><strong>quae</strong></span> <span class='ocrx_word' id='word_1_237' title='bbox 1093 3354 1248 3406; x_wconf 84' lang='lat' dir='ltr'><strong>rebus</strong></span> <span class='ocrx_word' id='word_1_238' title='bbox 1285 3352 1532 3404; x_wconf 85' lang='lat' dir='ltr'><strong>omnibus</strong></span> <span class='ocrx_word' id='word_1_239' title='bbox 1563 3329 1806 3403; x_wconf 79' lang='lat' dir='ltr'><strong>humanis</strong></span> <span class='ocrx_word' id='word_1_240' title='bbox 1851 3348 2023 3401; x_wconf 88' lang='lat' dir='ltr'><strong>soluta</strong></span> <span class='ocrx_word' id='word_1_241' title='bbox 2070 3348 2136 3399; x_wconf 82' lang='lat' dir='ltr'><strong>sit</strong></span> <span class='ocrx_word' id='word_1_242' title='bbox 2178 3359 2238 3399; x_wconf 91' lang='lat' dir='ltr'><strong>ac</strong></span> 
     </span>
    </p>
   </div>
   <div class='ocr_carea' id='block_1_34' title="bbox 658 3438 2238 3511">
    <p class='ocr_par' dir='ltr' id='par_1_34' title="bbox 658 3438 2238 3511">
     <span class='ocr_line' id='line_1_34' title="bbox 658 3438 2238 3511; baseline -0.006 -13"><span class='ocrx_word' id='word_1_243' title='bbox 658 3448 822 3501; x_wconf 84' lang='lat' dir='ltr'><strong>libera</strong></span> <span class='ocrx_word' id='word_1_244' title='bbox 849 3465 859 3498; x_wconf 93' lang='lat'>:</span> <span class='ocrx_word' id='word_1_245' title='bbox 885 3446 1004 3511; x_wconf 88' lang='lat' dir='ltr'><strong>quia</strong></span> <span class='ocrx_word' id='word_1_246' title='bbox 1037 3455 1210 3498; x_wconf 84' lang='lat' dir='ltr'><strong>autem</strong></span> <span class='ocrx_word' id='word_1_247' title='bbox 1246 3450 1297 3496; x_wconf 91' lang='lat' dir='ltr'><strong>tu</strong></span> <span class='ocrx_word' id='word_1_248' title='bbox 1326 3460 1444 3495; x_wconf 89' lang='lat' dir='ltr'><strong>eum</strong></span> <span class='ocrx_word' id='word_1_249' title='bbox 1475 3457 1636 3495; x_wconf 78' lang='lat' dir='ltr'><strong>uxore</strong></span> <span class='ocrx_word' id='word_1_250' title='bbox 1667 3455 1730 3495; x_wconf 88' lang='lat' dir='ltr'><strong>ac</strong></span> <span class='ocrx_word' id='word_1_251' title='bbox 1756 3441 1957 3505; x_wconf 79' lang='lat' dir='ltr'><strong>liberis,</strong></span> <span class='ocrx_word' id='word_1_252' title='bbox 1983 3438 2238 3506; x_wconf 85' lang='lat' dir='ltr'><strong>negotiis-</strong></span> 
     </span>
    </p>
   </div>
   <div class='ocr_carea' id='block_1_35' title="bbox 654 3529 2240 3610">
    <p class='ocr_par' dir='ltr' id='par_1_35' title="bbox 654 3529 2240 3610">
     <span class='ocr_line' id='line_1_35' title="bbox 654 3529 2240 3610; baseline -0.008 -17"><span class='ocrx_word' id='word_1_253' title='bbox 654 3557 758 3610; x_wconf 83' lang='lat' dir='ltr'><strong>que</strong></span> <span class='ocrx_word' id='word_1_254' title='bbox 801 3541 898 3592; x_wconf 91' lang='lat' dir='ltr'><strong>ista</strong></span> <span class='ocrx_word' id='word_1_255' title='bbox 947 3536 1323 3593; x_wconf 85' lang='lat' dir='ltr'><strong>comitantibus</strong></span> <span class='ocrx_word' id='word_1_256' title='bbox 1369 3535 1563 3588; x_wconf 90' lang='lat' dir='ltr'><strong>bellmn</strong></span> <span class='ocrx_word' id='word_1_257' title='bbox 1608 3547 1796 3603; x_wconf 80' lang='lat' dir='ltr'><strong>gerere</strong></span> <span class='ocrx_word' id='word_1_258' title='bbox 1842 3547 1904 3585; x_wconf 83' lang='lat' dir='ltr'><strong>ac</strong></span> <span class='ocrx_word' id='word_1_259' title='bbox 1953 3529 2240 3599; x_wconf 85' lang='lat' dir='ltr'><strong>confligere</strong></span> 
     </span>
    </p>
   </div>
   <div class='ocr_carea' id='block_1_36' title="bbox 657 3620 2241 3700">
    <p class='ocr_par' dir='ltr' id='par_1_36' title="bbox 657 3620 2241 3700">
     <span class='ocr_line' id='line_1_36' title="bbox 657 3620 2241 3700; baseline -0.006 -17"><span class='ocrx_word' id='word_1_260' title='bbox 657 3632 756 3697; x_wconf 88' lang='lat' dir='ltr'><strong>vis,</strong></span> <span class='ocrx_word' id='word_1_261' title='bbox 781 3632 931 3700; x_wconf 81' lang='lat' dir='ltr'><strong>quasi</strong></span> <span class='ocrx_word' id='word_1_262' title='bbox 963 3631 1104 3697; x_wconf 86' lang='lat' dir='ltr'><strong>paria</strong></span> <span class='ocrx_word' id='word_1_263' title='bbox 1137 3628 1465 3698; x_wconf 75' lang='lat' dir='ltr'><strong>prmstiturus</strong></span> <span class='ocrx_word' id='word_1_264' title='bbox 1495 3635 1652 3694; x_wconf 88' lang='lat' dir='ltr'><strong>atque</strong></span> <span class='ocrx_word' id='word_1_265' title='bbox 1682 3626 1715 3679; x_wconf 93' lang='lat' dir='ltr'><strong>ii</strong></span> <span class='ocrx_word' id='word_1_266' title='bbox 1754 3624 1841 3693; x_wconf 88' lang='lat' dir='ltr'><strong>qui</strong></span> <span class='ocrx_word' id='word_1_267' title='bbox 1870 3623 1937 3676; x_wconf 88' lang='lat' dir='ltr'><strong>ab</strong></span> <span class='ocrx_word' id='word_1_268' title='bbox 1966 3622 2047 3676; x_wconf 90' lang='lat' dir='ltr'><strong>his</strong></span> <span class='ocrx_word' id='word_1_269' title='bbox 2069 3620 2241 3675; x_wconf 86' lang='lat' dir='ltr'><strong>omni-</strong></span> 
     </span>
    </p>
   </div>
   <div class='ocr_carea' id='block_1_37' title="bbox 660 3713 2240 3792">
    <p class='ocr_par' dir='ltr' id='par_1_37' title="bbox 660 3713 2240 3792">
     <span class='ocr_line' id='line_1_37' title="bbox 660 3713 2240 3792; baseline -0.008 -13"><span class='ocrx_word' id='word_1_270' title='bbox 660 3727 759 3780; x_wconf 91' lang='lat' dir='ltr'><strong>bus</strong></span> <span class='ocrx_word' id='word_1_271' title='bbox 780 3723 1007 3792; x_wconf 82' lang='lat' dir='ltr'><strong>expediti</strong></span> <span class='ocrx_word' id='word_1_272' title='bbox 1036 3731 1178 3787; x_wconf 90' lang='lat' dir='ltr'><strong>sunt,</strong></span> <span class='ocrx_word' id='word_1_273' title='bbox 1202 3721 1422 3790; x_wconf 90' lang='lat' dir='ltr'><strong>ideoque</strong></span> <span class='ocrx_word' id='word_1_274' title='bbox 1446 3719 1630 3788; x_wconf 86' lang='lat' dir='ltr'><strong>majori</strong></span> <span class='ocrx_word' id='word_1_275' title='bbox 1655 3716 1988 3770; x_wconf 86' lang='lat' dir='ltr'><strong>admirationi</strong></span> <span class='ocrx_word' id='word_1_276' title='bbox 2013 3713 2240 3780; x_wconf 90' lang='lat' dir='ltr'><strong>futurus,</strong></span> 
     </span>
    </p>
   </div>
   <div class='ocr_carea' id='block_1_38' title="bbox 659 3807 2244 3882">
    <p class='ocr_par' dir='ltr' id='par_1_38' title="bbox 659 3807 2244 3882">
     <span class='ocr_line' id='line_1_38' title="bbox 659 3807 2244 3882; baseline -0.007 -11"><span class='ocrx_word' id='word_1_277' title='bbox 659 3833 799 3871; x_wconf 91' lang='lat' dir='ltr'><strong>nunc</strong></span> <span class='ocrx_word' id='word_1_278' title='bbox 827 3817 1049 3870; x_wconf 79' lang='lat' dir='ltr'><strong>fortasse</strong></span> <span class='ocrx_word' id='word_1_279' title='bbox 1082 3830 1178 3868; x_wconf 90' lang='lat' dir='ltr'><strong>nos</strong></span> <span class='ocrx_word' id='word_1_280' title='bbox 1219 3828 1423 3882; x_wconf 76' lang='lat' dir='ltr'><strong>magum</strong></span> <span class='ocrx_word' id='word_1_281' title='bbox 1453 3811 1714 3882; x_wconf 77' lang='lat' dir='ltr'><strong>superbia:</strong></span> <span class='ocrx_word' id='word_1_282' title='bbox 1757 3809 2069 3870; x_wconf 88' lang='lat' dir='ltr'><strong>insimules,</strong></span> <span class='ocrx_word' id='word_1_283' title='bbox 2111 3807 2154 3860; x_wconf 91' lang='lat' dir='ltr'><strong>si</strong></span> <span class='ocrx_word' id='word_1_284' title='bbox 2193 3815 2244 3860; x_wconf 87' lang='lat' dir='ltr'><strong>te</strong></span> 
     </span>
    </p>
   </div>
   <div class='ocr_carea' id='block_1_39' title="bbox 659 3881 2243 3974">
    <p class='ocr_par' dir='ltr' id='par_1_39' title="bbox 659 3881 2243 3974">
     <span class='ocr_line' id='line_1_39' title="bbox 659 3881 2243 3974; baseline -0.008 -12"><span class='ocrx_word' id='word_1_285' title='bbox 659 3909 723 3962; x_wconf 81' lang='lat' dir='ltr'><strong>ad</strong></span> <span class='ocrx_word' id='word_1_286' title='bbox 755 3907 891 3960; x_wconf 90' lang='lat' dir='ltr'><strong>idem</strong></span> <span class='ocrx_word' id='word_1_287' title='bbox 935 3906 1002 3959; x_wconf 87' lang='lat' dir='ltr'><strong>ad</strong></span> <span class='ocrx_word' id='word_1_288' title='bbox 1047 3907 1185 3974; x_wconf 89' lang='lat' dir='ltr'><strong>quod</strong></span> <span class='ocrx_word' id='word_1_289' title='bbox 1232 3881 1594 3958; x_wconf 18' lang='lat' dir='ltr'><strong>illiicacumeti</strong></span> <span class='ocrx_word' id='word_1_290' title='bbox 1634 3901 1893 3969; x_wconf 87' lang='lat' dir='ltr'><strong>attingere</strong></span> <span class='ocrx_word' id='word_1_291' title='bbox 1939 3913 2040 3952; x_wconf 89' lang='lat' dir='ltr'><strong>non</strong></span> <span class='ocrx_word' id='word_1_292' title='bbox 2087 3912 2243 3966; x_wconf 84' lang='lat' dir='ltr'><strong>posse</strong></span> 
     </span>
    </p>
   </div>
   <div class='ocr_carea' id='block_1_40' title="bbox 660 3987 2246 4072">
    <p class='ocr_par' dir='ltr' id='par_1_40' title="bbox 660 3987 2246 4072">
     <span class='ocr_line' id='line_1_40' title="bbox 660 3987 2246 4072; baseline -0.009 -18"><span class='ocrx_word' id='word_1_293' title='bbox 660 4001 933 4062; x_wconf 90' lang='lat' dir='ltr'><strong>dicamus;</strong></span> <span class='ocrx_word' id='word_1_294' title='bbox 979 3997 1070 4050; x_wconf 92' lang='lat' dir='ltr'><strong>sed</strong></span> <span class='ocrx_word' id='word_1_295' title='bbox 1114 3993 1707 4072; x_wconf 65' lang='lat' dir='ltr'><strong>puemiorumdemum</strong></span> <span class='ocrx_word' id='word_1_296' title='bbox 1755 3999 1966 4057; x_wconf 80' lang='lat' dir='ltr'><strong>tempus</strong></span> <span class='ocrx_word' id='word_1_297' title='bbox 1994 3987 2154 4055; x_wconf 84' lang='lat' dir='ltr'><strong>probe</strong></span> <span class='ocrx_word' id='word_1_298' title='bbox 2197 3996 2246 4040; x_wconf 89' lang='lat' dir='ltr'><strong>te</strong></span> 
     </span>
    </p>
   </div>
   <div class='ocr_carea' id='block_1_41' title="bbox 665 4079 2249 4157">
    <p class='ocr_par' dir='ltr' id='par_1_41' title="bbox 665 4079 2249 4157">
     <span class='ocr_line' id='line_1_41' title="bbox 665 4079 2249 4157; baseline -0.009 -13"><span class='ocrx_word' id='word_1_299' title='bbox 665 4104 772 4145; x_wconf 91' lang='lat' dir='ltr'><strong>tum</strong></span> <span class='ocrx_word' id='word_1_300' title='bbox 805 4091 1034 4156; x_wconf 83' lang='lat' dir='ltr'><strong>docebit,</strong></span> <span class='ocrx_word' id='word_1_301' title='bbox 1059 4090 1227 4143; x_wconf 90' lang='lat' dir='ltr'><strong>multo</strong></span> <span class='ocrx_word' id='word_1_302' title='bbox 1255 4095 1508 4157; x_wconf 61' lang='lat' dir='ltr'><strong>praestare</strong></span> <span class='ocrx_word' id='word_1_303' title='bbox 1536 4083 1875 4138; x_wconf 74' lang='lat' dir='ltr'><strong>securitatem</strong></span> <span class='ocrx_word' id='word_1_304' title='bbox 1913 4081 2054 4134; x_wconf 88' lang='lat' dir='ltr'><strong>inani</strong></span> <span class='ocrx_word' id='word_1_305' title='bbox 2082 4079 2249 4133; x_wconf 89' lang='lat' dir='ltr'><strong>ambi-</strong></span> 
     </span>
    </p>
   </div>
   <div class='ocr_carea' id='block_1_42' title="bbox 665 4169 2246 4248">
    <p class='ocr_par' dir='ltr' id='par_1_42' title="bbox 665 4169 2246 4248">
     <span class='ocr_line' id='line_1_42' title="bbox 665 4169 2246 4248; baseline -0.009 -14"><span class='ocrx_word' id='word_1_306' title='bbox 665 4184 815 4245; x_wconf 91' lang='lat' dir='ltr'><strong>tioni,</strong></span> <span class='ocrx_word' id='word_1_307' title='bbox 851 4181 1122 4248; x_wconf 90' lang='lat' dir='ltr'><strong>satiusque</strong></span> <span class='ocrx_word' id='word_1_308' title='bbox 1147 4193 1267 4231; x_wconf 89' lang='lat' dir='ltr'><strong>esse</strong></span> <span class='ocrx_word' id='word_1_309' title='bbox 1294 4175 1528 4238; x_wconf 76' lang='lat' dir='ltr'><strong>Christo,</strong></span> <span class='ocrx_word' id='word_1_310' title='bbox 1568 4189 1725 4243; x_wconf 89' lang='lat' dir='ltr'><strong>quam</strong></span> <span class='ocrx_word' id='word_1_311' title='bbox 1757 4171 1994 4224; x_wconf 81' lang='lat' dir='ltr'><strong>futilibus</strong></span> <span class='ocrx_word' id='word_1_312' title='bbox 2029 4172 2136 4222; x_wconf 90' lang='lat' dir='ltr'><strong>suis</strong></span> <span class='ocrx_word' id='word_1_313' title='bbox 2164 4169 2246 4222; x_wconf 90' lang='lat' dir='ltr'><strong>in-</strong></span> 
     </span>
    </p>
   </div>
   <div class='ocr_carea' id='block_1_43' title="bbox 663 4261 2247 4333">
    <p class='ocr_par' dir='ltr' id='par_1_43' title="bbox 663 4261 2247 4333">
     <span class='ocr_line' id='line_1_43' title="bbox 663 4261 2247 4333; baseline -0.009 -7"><span class='ocrx_word' id='word_1_314' title='bbox 663 4273 839 4327; x_wconf 85' lang='lat' dir='ltr'><strong>ventis</strong></span> <span class='ocrx_word' id='word_1_315' title='bbox 877 4270 1116 4325; x_wconf 83' lang='lat' dir='ltr'><strong>credere.</strong></span> <span class='ocrx_word' id='word_1_316' title='bbox 1163 4268 1369 4322; x_wconf 89' lang='lat' dir='ltr'><strong>Etenim</strong></span> <span class='ocrx_word' id='word_1_317' title='bbox 1419 4266 1659 4320; x_wconf 86' lang='lat' dir='ltr'><strong>Christus</strong></span> <span class='ocrx_word' id='word_1_318' title='bbox 1691 4273 1845 4333; x_wconf 83' lang='lat' dir='ltr'><strong>negat</strong></span> <span class='ocrx_word' id='word_1_319' title='bbox 1889 4261 1952 4315; x_wconf 91' lang='lat' dir='ltr'><strong>ad</strong></span> <span class='ocrx_word' id='word_1_320' title='bbox 1999 4261 2247 4314; x_wconf 82' lang='lat' dir='ltr'><strong>virtutem</strong></span> 
     </span>
    </p>
   </div>
   <div class='ocr_carea' id='block_1_44' title="bbox 668 4351 2250 4426">
    <p class='ocr_par' dir='ltr' id='par_1_44' title="bbox 668 4351 2250 4426">
     <span class='ocr_line' id='line_1_44' title="bbox 668 4351 2250 4426; baseline -0.011 -8"><span class='ocrx_word' id='word_1_321' title='bbox 668 4365 828 4418; x_wconf 92' lang='lat' dir='ltr'><strong>nobis</strong></span> <span class='ocrx_word' id='word_1_322' title='bbox 851 4363 1121 4426; x_wconf 85' lang='lat' dir='ltr'><strong>sullicere,</strong></span> <span class='ocrx_word' id='word_1_323' title='bbox 1149 4363 1265 4416; x_wconf 89' lang='lat' dir='ltr'><strong>suis</strong></span> <span class='ocrx_word' id='word_1_324' title='bbox 1289 4362 1548 4414; x_wconf 87' lang='lat' dir='ltr'><strong>omnibus</strong></span> <span class='ocrx_word' id='word_1_325' title='bbox 1577 4358 1919 4414; x_wconf 84' lang='lat' dir='ltr'><strong>renuntiare.</strong></span> <span class='ocrx_word' id='word_1_326' title='bbox 1951 4353 2056 4408; x_wconf 87' lang='lat' dir='ltr'><strong>nisi</strong></span> <span class='ocrx_word' id='word_1_327' title='bbox 2086 4351 2250 4407; x_wconf 88' lang='lat' dir='ltr'><strong>etiam</strong></span> 
     </span>
    </p>
   </div>
   <div class='ocr_carea' id='block_1_45' title="bbox 667 4439 2253 4524">
    <p class='ocr_par' dir='ltr' id='par_1_45' title="bbox 667 4439 2253 4524">
     <span class='ocr_line' id='line_1_45' title="bbox 667 4439 2253 4524; baseline -0.009 -13"><span class='ocrx_word' id='word_1_328' title='bbox 667 4457 1035 4524; x_wconf 87' lang='lat' dir='ltr'><strong>nosmetipsos</strong></span> <span class='ocrx_word' id='word_1_329' title='bbox 1059 4439 1338 4508; x_wconf 72' lang='lat' dir='ltr'><strong>oderimus</strong></span> <span class='ocrx_word' id='word_1_330' title='bbox 1360 4453 1510 4514; x_wconf 86' lang='lat' dir='ltr'><strong>(Luc.</strong></span> <span class='ocrx_word' id='word_1_331' title='bbox 1544 4453 1630 4505; x_wconf 80' lang='grc' dir='ltr'>Η.</span> <span class='ocrx_word' id='word_1_332' title='bbox 1656 4449 1726 4503; x_wconf 71' lang='lat'><strong>26</strong></span> <span class='ocrx_word' id='word_1_333' title='bbox 1746 4450 1784 4516; x_wconf 91' lang='lat'><strong>);</strong></span> <span class='ocrx_word' id='word_1_334' title='bbox 1810 4448 1974 4502; x_wconf 83' lang='lat' dir='ltr'><strong>tubis</strong></span> <span class='ocrx_word' id='word_1_335' title='bbox 1997 4445 2253 4498; x_wconf 88' lang='lat' dir='ltr'><strong>omnibus</strong></span> 
     </span>
    </p>
   </div>
   <div class='ocr_carea' id='block_1_46' title="bbox 669 4534 2248 4615">
    <p class='ocr_par' dir='ltr' id='par_1_46' title="bbox 669 4534 2248 4615">
     <span class='ocr_line' id='line_1_46' title="bbox 669 4534 2248 4615; baseline -0.008 -17"><span class='ocrx_word' id='word_1_336' title='bbox 669 4545 974 4615; x_wconf 89' lang='lat' dir='ltr'><strong>permistus,</strong></span> <span class='ocrx_word' id='word_1_337' title='bbox 1032 4542 1108 4594; x_wconf 91' lang='lat' dir='ltr'><strong>ais</strong></span> <span class='ocrx_word' id='word_1_338' title='bbox 1161 4555 1319 4609; x_wconf 88' lang='lat' dir='ltr'><strong>posse</strong></span> <span class='ocrx_word' id='word_1_339' title='bbox 1372 4553 1644 4605; x_wconf 70' lang='lat' dir='ltr'><strong>superare.</strong></span> <span class='ocrx_word' id='word_1_340' title='bbox 1692 4535 1820 4596; x_wconf 85' lang='lat' dir='ltr'><strong>Sed,</strong></span> <span class='ocrx_word' id='word_1_341' title='bbox 1885 4544 1939 4587; x_wconf 92' lang='lat' dir='ltr'><strong>ut</strong></span> <span class='ocrx_word' id='word_1_342' title='bbox 1988 4534 2248 4597; x_wconf 91' lang='lat' dir='ltr'><strong>dicebam,</strong></span> 
     </span>
    </p>
   </div>
   <div class='ocr_carea' id='block_1_47' title="bbox 670 4625 2254 4704">
    <p class='ocr_par' dir='ltr' id='par_1_47' title="bbox 670 4625 2254 4704">
     <span class='ocr_line' id='line_1_47' title="bbox 670 4625 2254 4704; baseline -0.007 -17"><span class='ocrx_word' id='word_1_343' title='bbox 670 4636 835 4704; x_wconf 84' lang='lat' dir='ltr'><strong>probe</strong></span> <span class='ocrx_word' id='word_1_344' title='bbox 877 4644 986 4686; x_wconf 90' lang='lat' dir='ltr'><strong>tum</strong></span> <span class='ocrx_word' id='word_1_345' title='bbox 1028 4631 1310 4699; x_wconf 83' lang='lat' dir='ltr'><strong>intelliges,</strong></span> <span class='ocrx_word' id='word_1_346' title='bbox 1341 4638 1596 4697; x_wconf 89' lang='lat' dir='ltr'><strong>quantum</strong></span> <span class='ocrx_word' id='word_1_347' title='bbox 1639 4626 1704 4679; x_wconf 87' lang='lat' dir='ltr'><strong>ad</strong></span> <span class='ocrx_word' id='word_1_348' title='bbox 1743 4626 1988 4679; x_wconf 84' lang='lat' dir='ltr'><strong>virtutem</strong></span> <span class='ocrx_word' id='word_1_349' title='bbox 2034 4625 2254 4694; x_wconf 87' lang='lat' dir='ltr'><strong>impedi-</strong></span> 
     </span>
    </p>
   </div>
   <div class='ocr_carea' id='block_1_48' title="bbox 670 4719 1745 4788">
    <p class='ocr_par' dir='ltr' id='par_1_48' title="bbox 670 4719 1745 4788">
     <span class='ocr_line' id='line_1_48' title="bbox 670 4719 1745 4788; baseline -0.01 -8"><span class='ocrx_word' id='word_1_350' title='bbox 670 4736 904 4780; x_wconf 89' lang='lat' dir='ltr'><strong>mentum</strong></span> <span class='ocrx_word' id='word_1_351' title='bbox 927 4723 1000 4784; x_wconf 50' lang='lat' dir='ltr'><strong>.sit</strong></span> <span class='ocrx_word' id='word_1_352' title='bbox 1028 4737 1163 4777; x_wconf 82' lang='lat' dir='ltr'><strong>uxor</strong></span> <span class='ocrx_word' id='word_1_353' title='bbox 1183 4730 1339 4788; x_wconf 87' lang='lat' dir='ltr'><strong>atque</strong></span> <span class='ocrx_word' id='word_1_354' title='bbox 1363 4719 1559 4772; x_wconf 72' lang='lat' dir='ltr'><strong>uxoria:</strong></span> <span class='ocrx_word' id='word_1_355' title='bbox 1583 4733 1745 4771; x_wconf 81' lang='lat' dir='ltr'><strong>curae.</strong></span> 
     </span>
    </p>
   </div>
   <div class='ocr_carea' id='block_1_49' title="bbox 745 4809 2255 4889">
    <p class='ocr_par' dir='ltr' id='par_1_49' title="bbox 745 4809 2255 4889">
     <span class='ocr_line' id='line_1_49' title="bbox 745 4809 2255 4889; baseline -0.007 -18"><span class='ocrx_word' id='word_1_356' title='bbox 745 4817 927 4871; x_wconf 74' lang='lat' dir='ltr'><strong>XLVI.</strong></span> <span class='ocrx_word' id='word_1_357' title='bbox 969 4814 1073 4870; x_wconf 85' lang='lat' dir='ltr'><strong>Cur</strong></span> <span class='ocrx_word' id='word_1_358' title='bbox 1118 4813 1347 4883; x_wconf 77' lang='lat' dir='ltr'><strong>adjutria:</strong></span> <span class='ocrx_word' id='word_1_359' title='bbox 1375 4821 1546 4863; x_wconf 69' lang='lat' dir='ltr'><strong>vocata</strong></span> <span class='ocrx_word' id='word_1_360' title='bbox 1592 4828 1721 4863; x_wconf 64' lang='lat' dir='ltr'><strong>uxor</strong></span> <span class='ocrx_word' id='word_1_361' title='bbox 1749 4825 1860 4880; x_wconf 76' lang='lat' dir='ltr'><strong>qua:</strong></span> <span class='ocrx_word' id='word_1_362' title='bbox 1886 4809 2255 4889; x_wconf 57' lang='lat' dir='ltr'><strong>impedimento</strong></span> 
     </span>
    </p>
   </div>
   <div class='ocr_carea' id='block_1_50' title="bbox 669 4903 2255 4979">
    <p class='ocr_par' dir='ltr' id='par_1_50' title="bbox 669 4903 2255 4979">
     <span class='ocr_line' id='line_1_50' title="bbox 669 4903 2255 4979; baseline -0.008 -15"><span class='ocrx_word' id='word_1_363' title='bbox 669 4921 741 4966; x_wconf 87' lang='lat' dir='ltr'><strong>est</strong></span> <span class='ocrx_word' id='word_1_364' title='bbox 765 4910 832 4962; x_wconf 89' lang='lat' dir='ltr'><strong>ad</strong></span> <span class='ocrx_word' id='word_1_365' title='bbox 860 4908 1129 4979; x_wconf 75' lang='lat' dir='ltr'><strong>perfectam</strong></span> <span class='ocrx_word' id='word_1_366' title='bbox 1157 4907 1328 4959; x_wconf 84' lang='lat' dir='ltr'><strong>vitam.</strong></span> <span class='ocrx_word' id='word_1_367' title='bbox 1352 4935 1423 4943; x_wconf 90' lang='lat'><strong>-——</strong></span> <span class='ocrx_word' id='word_1_368' title='bbox 1453 4904 1515 4957; x_wconf 83' lang='lat' dir='ltr'><strong>Et</strong></span> <span class='ocrx_word' id='word_1_369' title='bbox 1538 4904 1647 4972; x_wconf 90' lang='lat' dir='ltr'><strong>qui,</strong></span> <span class='ocrx_word' id='word_1_370' title='bbox 1677 4904 1864 4972; x_wconf 91' lang='lat' dir='ltr'><strong>inquit,</strong></span> <span class='ocrx_word' id='word_1_371' title='bbox 1893 4903 2255 4971; x_wconf 89' lang='lat' dir='ltr'><strong>adjnmentnm</strong></span> 
     </span>
    </p>
   </div>
   <div class='ocr_carea' id='block_1_51' title="bbox 674 4991 2256 5064">
    <p class='ocr_par' dir='ltr' id='par_1_51' title="bbox 674 4991 2256 5064">
     <span class='ocr_line' id='line_1_51' title="bbox 674 4991 2256 5064; baseline -0.006 -11"><span class='ocrx_word' id='word_1_372' title='bbox 674 5015 791 5054; x_wconf 80' lang='lat' dir='ltr'><strong>eain</strong></span> <span class='ocrx_word' id='word_1_373' title='bbox 827 5007 977 5051; x_wconf 88' lang='lat' dir='ltr'><strong>vocat</strong></span> <span class='ocrx_word' id='word_1_374' title='bbox 1004 5011 1123 5064; x_wconf 58' lang='lat' dir='ltr'><strong>quas</strong></span> <span class='ocrx_word' id='word_1_375' title='bbox 1162 4994 1451 5063; x_wconf 85' lang='lat' dir='ltr'><strong>impediat?</strong></span> <span class='ocrx_word' id='word_1_376' title='bbox 1481 5009 1599 5044; x_wconf 90' lang='lat' dir='ltr'><strong>nam</strong></span> <span class='ocrx_word' id='word_1_377' title='bbox 1633 4991 1926 5056; x_wconf 75' lang='lat' dir='ltr'><strong>Faciamus.</strong></span> <span class='ocrx_word' id='word_1_378' title='bbox 1953 4992 2046 5053; x_wconf 89' lang='lat' dir='ltr'><strong>ait,</strong></span> <span class='ocrx_word' id='word_1_379' title='bbox 2089 4993 2133 5044; x_wconf 89' lang='lat' dir='ltr'><strong>ei</strong></span> <span class='ocrx_word' id='word_1_380' title='bbox 2161 4993 2256 5043; x_wconf 88' lang='lat' dir='ltr'><strong>ad-</strong></span> 
     </span>
    </p>
   </div>
   <div class='ocr_carea' id='block_1_52' title="bbox 670 5062 2256 5163">
    <p class='ocr_par' dir='ltr' id='par_1_52' title="bbox 670 5062 2256 5163">
     <span class='ocr_line' id='line_1_52' title="bbox 670 5062 2256 5163; baseline -0.005 -20"><span class='ocrx_word' id='word_1_381' title='bbox 670 5094 895 5163; x_wconf 81' lang='lat' dir='ltr'><strong>jutorcm</strong></span> <span class='ocrx_word' id='word_1_382' title='bbox 915 5062 1129 5142; x_wconf 82' lang='lat' dir='ltr'><strong>similem</strong></span> <span class='ocrx_word' id='word_1_383' title='bbox 1159 5062 1255 5156; x_wconf 86' lang='lat' dir='ltr'><strong>ipsi</strong></span> <span class='ocrx_word' id='word_1_384' title='bbox 1276 5084 1427 5156; x_wconf 73' lang='lat' dir='ltr'><strong>(Gen.</strong></span> <span class='ocrx_word' id='word_1_385' title='bbox 1453 5085 1506 5137; x_wconf 65' lang='grc' dir='ltr'>Ξ.</span> <span class='ocrx_word' id='word_1_386' title='bbox 1542 5086 1652 5152; x_wconf 80' lang='lat' dir='ltr'><strong>IS).</strong></span> <span class='ocrx_word' id='word_1_387' title='bbox 1685 5083 1795 5153; x_wconf 82' lang='lat' dir='ltr'><strong>Ego</strong></span> <span class='ocrx_word' id='word_1_388' title='bbox 1823 5099 1949 5137; x_wconf 86' lang='lat' dir='ltr'><strong>vero</strong></span> <span class='ocrx_word' id='word_1_389' title='bbox 1976 5062 2070 5136; x_wconf 81' lang='lat' dir='ltr'><strong>abs</strong></span> <span class='ocrx_word' id='word_1_390' title='bbox 2098 5093 2149 5137; x_wconf 88' lang='lat' dir='ltr'><strong>te</strong></span> <span class='ocrx_word' id='word_1_391' title='bbox 2175 5084 2256 5136; x_wconf 89' lang='lat' dir='ltr'><strong>in-</strong></span> 
     </span>
    </p>
   </div>
   <div class='ocr_carea' id='block_1_53' title="bbox 673 5175 2257 5252">
    <p class='ocr_par' dir='ltr' id='par_1_53' title="bbox 673 5175 2257 5252">
     <span class='ocr_line' id='line_1_53' title="bbox 673 5175 2257 5252; baseline -0.005 -15"><span class='ocrx_word' id='word_1_392' title='bbox 673 5198 834 5252; x_wconf 84' lang='lat' dir='ltr'><strong>super</strong></span> <span class='ocrx_word' id='word_1_393' title='bbox 862 5175 1252 5250; x_wconf 79' lang='lat' dir='ltr'><strong>quznram,-quo</strong></span> <span class='ocrx_word' id='word_1_394' title='bbox 1283 5187 1435 5248; x_wconf 85' lang='lat' dir='ltr'><strong>pacto</strong></span> <span class='ocrx_word' id='word_1_395' title='bbox 1466 5177 1692 5245; x_wconf 81' lang='lat' dir='ltr'><strong>adjutrix</strong></span> <span class='ocrx_word' id='word_1_396' title='bbox 1723 5185 1824 5241; x_wconf 91' lang='lat' dir='ltr'><strong>est,</strong></span> <span class='ocrx_word' id='word_1_397' title='bbox 1852 5193 1969 5245; x_wconf 69' lang='lat' dir='ltr'><strong>qum</strong></span> <span class='ocrx_word' id='word_1_398' title='bbox 2002 5177 2169 5230; x_wconf 86' lang='lat' dir='ltr'><strong>virum</strong></span> <span class='ocrx_word' id='word_1_399' title='bbox 2199 5193 2257 5229; x_wconf 91' lang='lat' dir='ltr'><strong>ea</strong></span> 
     </span>
    </p>
   </div>
   <div class='ocr_carea' id='block_1_54' title="bbox 677 5268 2260 5342">
    <p class='ocr_par' dir='ltr' id='par_1_54' title="bbox 677 5268 2260 5342">
     <span class='ocr_line' id='line_1_54' title="bbox 677 5268 2260 5342; baseline -0.004 -14"><span class='ocrx_word' id='word_1_400' title='bbox 677 5275 964 5328; x_wconf 88' lang='lat' dir='ltr'><strong>securitate</strong></span> <span class='ocrx_word' id='word_1_401' title='bbox 1003 5273 1273 5342; x_wconf 78' lang='lat' dir='ltr'><strong>spoliavit,</strong></span> <span class='ocrx_word' id='word_1_402' title='bbox 1299 5279 1458 5338; x_wconf 84' lang='lat' dir='ltr'><strong>atque</strong></span> <span class='ocrx_word' id='word_1_403' title='bbox 1487 5268 1780 5322; x_wconf 87' lang='lat' dir='ltr'><strong>admirabili</strong></span> <span class='ocrx_word' id='word_1_404' title='bbox 1815 5268 1904 5320; x_wconf 91' lang='lat' dir='ltr'><strong>illo</strong></span> <span class='ocrx_word' id='word_1_405' title='bbox 1936 5269 1986 5320; x_wconf 94' lang='lat' dir='ltr'><strong>in</strong></span> <span class='ocrx_word' id='word_1_406' title='bbox 2019 5269 2260 5336; x_wconf 71' lang='lat' dir='ltr'><strong>paradiso</strong></span> 
     </span>
    </p>
   </div>
   <div class='ocr_carea' id='block_1_55' title="bbox 671 5361 2258 5439">
    <p class='ocr_par' dir='ltr' id='par_1_55' title="bbox 671 5361 2258 5439">
     <span class='ocr_line' id='line_1_55' title="bbox 671 5361 2258 5439; baseline -0.003 -19"><span class='ocrx_word' id='word_1_407' title='bbox 671 5365 944 5439; x_wconf 59' lang='lat' dir='ltr'><strong>domicilio</strong></span> <span class='ocrx_word' id='word_1_408' title='bbox 964 5363 1298 5419; x_wconf 83' lang='lat' dir='ltr'><strong>exturbatum</strong></span> <span class='ocrx_word' id='word_1_409' title='bbox 1328 5363 1379 5415; x_wconf 92' lang='lat' dir='ltr'><strong>in</strong></span> <span class='ocrx_word' id='word_1_410' title='bbox 1408 5361 1682 5430; x_wconf 73' lang='lat' dir='ltr'><strong>prmsentis</strong></span> <span class='ocrx_word' id='word_1_411' title='bbox 1717 5361 1838 5413; x_wconf 71' lang='lat' dir='ltr'><strong>vita:</strong></span> <span class='ocrx_word' id='word_1_412' title='bbox 1871 5361 2051 5414; x_wconf 88' lang='lat' dir='ltr'><strong>turbas</strong></span> <span class='ocrx_word' id='word_1_413' title='bbox 2076 5361 2258 5430; x_wconf 88' lang='lat' dir='ltr'><strong>conje-</strong></span> 
     </span>
    </p>
   </div>
   <div class='ocr_carea' id='block_1_56' title="bbox 675 5452 2259 5520">
    <p class='ocr_par' dir='ltr' id='par_1_56' title="bbox 675 5452 2259 5520">
     <span class='ocr_line' id='line_1_56' title="bbox 675 5452 2259 5520; baseline -0.003 -8"><span class='ocrx_word' id='word_1_414' title='bbox 675 5458 785 5512; x_wconf 83' lang='lat' dir='ltr'><strong>cit?</strong></span> <span class='ocrx_word' id='word_1_415' title='bbox 815 5459 927 5511; x_wconf 80' lang='lat' dir='ltr'><strong>htec</strong></span> <span class='ocrx_word' id='word_1_416' title='bbox 964 5456 1107 5511; x_wconf 91' lang='lat' dir='ltr'><strong>enim</strong></span> <span class='ocrx_word' id='word_1_417' title='bbox 1141 5463 1263 5508; x_wconf 91' lang='lat' dir='ltr'><strong>sunt</strong></span> <span class='ocrx_word' id='word_1_418' title='bbox 1293 5467 1404 5507; x_wconf 88' lang='lat' dir='ltr'><strong>non</strong></span> <span class='ocrx_word' id='word_1_419' title='bbox 1424 5453 1783 5520; x_wconf 87' lang='lat' dir='ltr'><strong>adjumentutn</strong></span> <span class='ocrx_word' id='word_1_420' title='bbox 1815 5452 2137 5520; x_wconf 70' lang='lat' dir='ltr'><strong>prmstantis,</strong></span> <span class='ocrx_word' id='word_1_421' title='bbox 2165 5453 2259 5507; x_wconf 90' lang='lat' dir='ltr'><strong>sed</strong></span> 
     </span>
    </p>
   </div>
   <div class='ocr_carea' id='block_1_57' title="bbox 676 5542 2261 5613">
    <p class='ocr_par' dir='ltr' id='par_1_57' title="bbox 676 5542 2261 5613">
     <span class='ocr_line' id='line_1_57' title="bbox 676 5542 2261 5613; baseline -0.003 -9"><span class='ocrx_word' id='word_1_422' title='bbox 676 5549 997 5604; x_wconf 89' lang='lat' dir='ltr'><strong>insidiantis.</strong></span> <span class='ocrx_word' id='word_1_423' title='bbox 1023 5547 1067 5600; x_wconf 86' lang='grc' dir='ltr'><em>Α</em></span> <span class='ocrx_word' id='word_1_424' title='bbox 1101 5546 1328 5610; x_wconf 81' lang='lat' dir='ltr'><strong>muliere,</strong></span> <span class='ocrx_word' id='word_1_425' title='bbox 1375 5545 1546 5613; x_wconf 86' lang='lat' dir='ltr'><strong>inquit</strong></span> <span class='ocrx_word' id='word_1_426' title='bbox 1586 5542 1695 5607; x_wconf 90' lang='lat' dir='ltr'><strong>ille,</strong></span> <span class='ocrx_word' id='word_1_427' title='bbox 1735 5543 1934 5594; x_wconf 89' lang='lat' dir='ltr'><strong>initium</strong></span> <span class='ocrx_word' id='word_1_428' title='bbox 1975 5546 2184 5612; x_wconf 81' lang='lat' dir='ltr'><strong>peccati,</strong></span> <span class='ocrx_word' id='word_1_429' title='bbox 2218 5556 2261 5599; x_wconf 83' lang='lat' dir='ltr'><strong>et</strong></span> 
     </span>
    </p>
   </div>
   <div class='ocr_carea' id='block_1_58' title="bbox 680 5633 2263 5712">
    <p class='ocr_par' dir='ltr' id='par_1_58' title="bbox 680 5633 2263 5712">
     <span class='ocr_line' id='line_1_58' title="bbox 680 5633 2263 5712; baseline -0.001 -20"><span class='ocrx_word' id='word_1_430' title='bbox 680 5651 883 5712; x_wconf 79' lang='lat' dir='ltr'><strong>propter</strong></span> <span class='ocrx_word' id='word_1_431' title='bbox 907 5641 1052 5694; x_wconf 81' lang='lat' dir='ltr'><strong>illam</strong></span> <span class='ocrx_word' id='word_1_432' title='bbox 1082 5638 1326 5691; x_wconf 86' lang='lat' dir='ltr'><strong>morimur</strong></span> <span class='ocrx_word' id='word_1_433' title='bbox 1364 5651 1534 5689; x_wconf 89' lang='lat' dir='ltr'><strong>omnes</strong></span> <span class='ocrx_word' id='word_1_434' title='bbox 1561 5633 1746 5704; x_wconf 79' lang='lat' dir='ltr'><strong>(Eccli.</strong></span> <span class='ocrx_word' id='word_1_435' title='bbox 1778 5634 1866 5688; x_wconf 73' lang='lat'><strong>9.5.</strong></span> <span class='ocrx_word' id='word_1_436' title='bbox 1899 5635 2012 5704; x_wconf 74' lang='lat'><strong>35).</strong></span> <span class='ocrx_word' id='word_1_437' title='bbox 2048 5636 2112 5689; x_wconf 84' lang='lat' dir='ltr'><strong>Et</strong></span> <span class='ocrx_word' id='word_1_438' title='bbox 2142 5636 2263 5690; x_wconf 81' lang='lat' dir='ltr'><strong>hea-</strong></span> 
     </span>
    </p>
   </div>
   <div class='ocr_carea' id='block_1_59' title="bbox 675 5726 2260 5794">
    <p class='ocr_par' dir='ltr' id='par_1_59' title="bbox 675 5726 2260 5794">
     <span class='ocr_line' id='line_1_59' title="bbox 675 5726 2260 5794; baseline -0.003 -9"><span class='ocrx_word' id='word_1_439' title='bbox 675 5744 765 5785; x_wconf 91' lang='lat' dir='ltr'><strong>tus</strong></span> <span class='ocrx_word' id='word_1_440' title='bbox 793 5731 1005 5792; x_wconf 80' lang='lat' dir='ltr'><strong>Paulus,</strong></span> <span class='ocrx_word' id='word_1_441' title='bbox 1036 5728 1220 5792; x_wconf 78' lang='lat' dir='ltr'><strong>Adam,</strong></span> <span class='ocrx_word' id='word_1_442' title='bbox 1249 5727 1344 5792; x_wconf 87' lang='lat' dir='ltr'><strong>ait,</strong></span> <span class='ocrx_word' id='word_1_443' title='bbox 1371 5743 1471 5779; x_wconf 83' lang='lat' dir='ltr'><strong>non</strong></span> <span class='ocrx_word' id='word_1_444' title='bbox 1497 5736 1568 5779; x_wconf 87' lang='lat' dir='ltr'><strong>est</strong></span> <span class='ocrx_word' id='word_1_445' title='bbox 1594 5726 1848 5794; x_wconf 78' lang='lat' dir='ltr'><strong>deceptus,</strong></span> <span class='ocrx_word' id='word_1_446' title='bbox 1885 5736 1935 5778; x_wconf 83' lang='lat' dir='ltr'><strong>at</strong></span> <span class='ocrx_word' id='word_1_447' title='bbox 1967 5728 2136 5780; x_wconf 76' lang='lat' dir='ltr'><strong>mulier</strong></span> <span class='ocrx_word' id='word_1_448' title='bbox 2170 5732 2260 5781; x_wconf 83' lang='lat' dir='ltr'><strong>de-</strong></span> 
     </span>
    </p>
   </div>
   <div class='ocr_carea' id='block_1_60' title="bbox 675 5816 2258 5893">
    <p class='ocr_par' dir='ltr' id='par_1_60' title="bbox 675 5816 2258 5893">
     <span class='ocr_line' id='line_1_60' title="bbox 675 5816 2258 5893; baseline -0.002 -17"><span class='ocrx_word' id='word_1_449' title='bbox 675 5833 816 5893; x_wconf 81' lang='lat' dir='ltr'><strong>cepta</strong></span> <span class='ocrx_word' id='word_1_450' title='bbox 840 5823 893 5876; x_wconf 86' lang='lat' dir='ltr'><strong>in</strong></span> <span class='ocrx_word' id='word_1_451' title='bbox 925 5819 1332 5892; x_wconf 75' lang='lat' dir='ltr'><strong>prmricatioue</strong></span> <span class='ocrx_word' id='word_1_452' title='bbox 1356 5819 1452 5890; x_wconf 80' lang='lat' dir='ltr'><strong>fuit</strong></span> <span class='ocrx_word' id='word_1_453' title='bbox 1482 5818 1558 5889; x_wconf 89' lang='lat' dir='ltr'><strong>(I.</strong></span> <span class='ocrx_word' id='word_1_454' title='bbox 1591 5817 1720 5871; x_wconf 88' lang='lat' dir='ltr'><strong>Tim.</strong></span> <span class='ocrx_word' id='word_1_455' title='bbox 1749 5816 1802 5869; x_wconf 73' lang='lat'><strong>2.</strong></span> <span class='ocrx_word' id='word_1_456' title='bbox 1838 5817 1949 5886; x_wconf 75' lang='grc' dir='ltr'>Η).</span> <span class='ocrx_word' id='word_1_457' title='bbox 1981 5818 2258 5884; x_wconf 86' lang='lat' dir='ltr'><strong>Quomodo</strong></span> 
     </span>
    </p>
   </div>
   <div class='ocr_carea' id='block_1_61' title="bbox 1336 371 3176 476">
    <p class='ocr_par' dir='ltr' id='par_1_61' title="bbox 1336 371 3176 476">
     <span class='ocr_line' id='line_1_61' title="bbox 1336 371 3176 476; baseline -0.011 0"><span class='ocrx_word' id='word_1_458' title='bbox 1336 419 1394 476; x_wconf 87' lang='lat' dir='ltr'><strong>S.</strong></span> <span class='ocrx_word' id='word_1_459' title='bbox 1438 414 1720 474; x_wconf 71' lang='lat' dir='ltr'><strong>JOANNIS</strong></span> <span class='ocrx_word' id='word_1_460' title='bbox 1758 407 2236 470; x_wconf 68' lang='lat' dir='ltr'><strong>CIIRYSOSTOMI</strong></span> <span class='ocrx_word' id='word_1_461' title='bbox 2280 405 2598 462; x_wconf 77' lang='lat' dir='ltr'><strong>ARCIIIEP.</strong></span> <span class='ocrx_word' id='word_1_462' title='bbox 2642 371 3176 460; x_wconf 57' lang='lat' dir='ltr'><strong>CONSTANTIN’OP.</strong></span> 
     </span>
    </p>
   </div>
   <div class='ocr_carea' id='block_1_62' title="bbox 3819 399 3935 453">
    <p class='ocr_par' dir='ltr' id='par_1_62' title="bbox 3819 399 3935 453">
     <span class='ocr_line' id='line_1_62' title="bbox 3819 399 3935 453; baseline 0.017 -2"><span class='ocrx_word' id='word_1_463' title='bbox 3819 399 3935 453; x_wconf 75' lang='lat' dir='ltr'><strong>:‘iliS</strong></span> 
     </span>
    </p>
   </div>
   <div class='ocr_carea' id='block_1_63' title="bbox 2332 519 3934 598">
    <p class='ocr_par' dir='ltr' id='par_1_63' title="bbox 2332 519 3934 598">
     <span class='ocr_line' id='line_1_63' title="bbox 2332 519 3934 598; baseline -0.002 -22"><span class='ocrx_word' id='word_1_464' title='bbox 2332 524 2486 593; x_wconf 80' lang='lat' dir='ltr'><strong>igitur</strong></span> <span class='ocrx_word' id='word_1_465' title='bbox 2509 522 2737 592; x_wconf 76' lang='lat' dir='ltr'><strong>adjutrix</strong></span> <span class='ocrx_word' id='word_1_466' title='bbox 2779 531 2860 576; x_wconf 91' lang='lat' dir='ltr'><strong>est</strong></span> <span class='ocrx_word' id='word_1_467' title='bbox 2889 537 3007 591; x_wconf 79' lang='lat' dir='ltr'><strong>qua:</strong></span> <span class='ocrx_word' id='word_1_468' title='bbox 3045 521 3222 576; x_wconf 87' lang='lat' dir='ltr'><strong>virum</strong></span> <span class='ocrx_word' id='word_1_469' title='bbox 3268 519 3369 575; x_wconf 89' lang='lat' dir='ltr'><strong>sub</strong></span> <span class='ocrx_word' id='word_1_470' title='bbox 3397 529 3621 576; x_wconf 88' lang='lat' dir='ltr'><strong>mortem</strong></span> <span class='ocrx_word' id='word_1_471' title='bbox 3662 521 3934 598; x_wconf 58' lang='lat' dir='ltr'><strong>subjecit?</strong></span> 
     </span>
    </p>
   </div>
   <div class='ocr_carea' id='block_1_64' title="bbox 2331 613 3931 685">
    <p class='ocr_par' dir='ltr' id='par_1_64' title="bbox 2331 613 3931 685">
     <span class='ocr_line' id='line_1_64' title="bbox 2331 613 3931 685; baseline -0.003 -15"><span class='ocrx_word' id='word_1_472' title='bbox 2331 619 2598 685; x_wconf 88' lang='lat' dir='ltr'><strong>quomodo</strong></span> <span class='ocrx_word' id='word_1_473' title='bbox 2625 616 2878 684; x_wconf 82' lang='lat' dir='ltr'><strong>adjutrix,</strong></span> <span class='ocrx_word' id='word_1_474' title='bbox 2906 631 2999 684; x_wconf 89' lang='lat' dir='ltr'><strong>per</strong></span> <span class='ocrx_word' id='word_1_475' title='bbox 3023 630 3182 684; x_wconf 89' lang='lat' dir='ltr'><strong>quam</strong></span> <span class='ocrx_word' id='word_1_476' title='bbox 3208 613 3298 667; x_wconf 90' lang='lat' dir='ltr'><strong>Dei</strong></span> <span class='ocrx_word' id='word_1_477' title='bbox 3330 614 3442 680; x_wconf 84' lang='lat' dir='ltr'><strong>lilii,</strong></span> <span class='ocrx_word' id='word_1_478' title='bbox 3473 619 3712 682; x_wconf 91' lang='lat' dir='ltr'><strong>adeoque</strong></span> <span class='ocrx_word' id='word_1_479' title='bbox 3733 628 3931 668; x_wconf 88' lang='lat' dir='ltr'><strong>omnes</strong></span> 
     </span>
    </p>
   </div>
   <div class='ocr_carea' id='block_1_65' title="bbox 2333 703 3931 772">
    <p class='ocr_par' dir='ltr' id='par_1_65' title="bbox 2333 703 3931 772">
     <span class='ocr_line' id='line_1_65' title="bbox 2333 703 3931 772; baseline -0.004 -10"><span class='ocrx_word' id='word_1_480' title='bbox 2333 718 2441 762; x_wconf 92' lang='lat' dir='ltr'><strong>tum</strong></span> <span class='ocrx_word' id='word_1_481' title='bbox 2486 719 2679 762; x_wconf 89' lang='lat' dir='ltr'><strong>terram</strong></span> <span class='ocrx_word' id='word_1_482' title='bbox 2725 708 3039 772; x_wconf 84' lang='lat' dir='ltr'><strong>incolentes,</strong></span> <span class='ocrx_word' id='word_1_483' title='bbox 3087 720 3207 759; x_wconf 92' lang='lat' dir='ltr'><strong>cum</strong></span> <span class='ocrx_word' id='word_1_484' title='bbox 3241 703 3387 769; x_wconf 85' lang='lat' dir='ltr'><strong>feris,</strong></span> <span class='ocrx_word' id='word_1_485' title='bbox 3423 705 3747 770; x_wconf 88' lang='lat' dir='ltr'><strong>volucribus,</strong></span> <span class='ocrx_word' id='word_1_486' title='bbox 3792 719 3931 758; x_wconf 85' lang='lat' dir='ltr'><strong>cuu-</strong></span> 
     </span>
    </p>
   </div>
   <div class='ocr_carea' id='block_1_66' title="bbox 2331 796 3932 868">
    <p class='ocr_par' dir='ltr' id='par_1_66' title="bbox 2331 796 3932 868">
     <span class='ocr_line' id='line_1_66' title="bbox 2331 796 3932 868; baseline -0.002 -16"><span class='ocrx_word' id='word_1_487' title='bbox 2331 802 2535 868; x_wconf 81' lang='lat' dir='ltr'><strong>clisqne</strong></span> <span class='ocrx_word' id='word_1_488' title='bbox 2557 799 3144 868; x_wconf 85' lang='lat' dir='ltr'><strong>reliquisanimantibus</strong></span> <span class='ocrx_word' id='word_1_489' title='bbox 3167 797 3362 851; x_wconf 87' lang='lat' dir='ltr'><strong>diluvio</strong></span> <span class='ocrx_word' id='word_1_490' title='bbox 3379 796 3537 850; x_wconf 86' lang='lat' dir='ltr'><strong>deleti</strong></span> <span class='ocrx_word' id='word_1_491' title='bbox 3565 796 3724 849; x_wconf 82' lang='lat' dir='ltr'><strong>sunt?</strong></span> <span class='ocrx_word' id='word_1_492' title='bbox 3747 809 3932 849; x_wconf 83' lang='lat' dir='ltr'><strong>nonne</strong></span> 
     </span>
    </p>
   </div>
   <div class='ocr_carea' id='block_1_67' title="bbox 2332 887 3932 960">
    <p class='ocr_par' dir='ltr' id='par_1_67' title="bbox 2332 887 3932 960">
     <span class='ocr_line' id='line_1_67' title="bbox 2332 887 3932 960; baseline -0.004 -14"><span class='ocrx_word' id='word_1_493' title='bbox 2332 909 2393 946; x_wconf 90' lang='lat' dir='ltr'><strong>ea</strong></span> <span class='ocrx_word' id='word_1_494' title='bbox 2447 893 2649 960; x_wconf 89' lang='lat' dir='ltr'><strong>justum</strong></span> <span class='ocrx_word' id='word_1_495' title='bbox 2694 891 2890 946; x_wconf 89' lang='lat' dir='ltr'><strong>Jobum</strong></span> <span class='ocrx_word' id='word_1_496' title='bbox 2935 890 3252 960; x_wconf 62' lang='lat' dir='ltr'><strong>perdidisset</strong></span> <span class='ocrx_word' id='word_1_497' title='bbox 3297 889 3441 959; x_wconf 83' lang='lat' dir='ltr'><strong>(Job.</strong></span> <span class='ocrx_word' id='word_1_498' title='bbox 3487 889 3556 958; x_wconf 72' lang='lat'><strong>2)</strong></span> <span class='ocrx_word' id='word_1_499' title='bbox 3607 889 3706 943; x_wconf 91' lang='lat' dir='ltr'><strong>nisi</strong></span> <span class='ocrx_word' id='word_1_500' title='bbox 3746 890 3790 942; x_wconf 91' lang='lat' dir='ltr'><strong>is</strong></span> <span class='ocrx_word' id='word_1_501' title='bbox 3831 887 3932 941; x_wconf 83' lang='lat' dir='ltr'><strong>ad-</strong></span> 
     </span>
    </p>
   </div>
   <div class='ocr_carea' id='block_1_68' title="bbox 2331 979 3929 1050">
    <p class='ocr_par' dir='ltr' id='par_1_68' title="bbox 2331 979 3929 1050">
     <span class='ocr_line' id='line_1_68' title="bbox 2331 979 3929 1050; baseline -0.003 -13"><span class='ocrx_word' id='word_1_502' title='bbox 2331 984 2548 1037; x_wconf 84' lang='lat' dir='ltr'><strong>mo’dum</strong></span> <span class='ocrx_word' id='word_1_503' title='bbox 2579 998 2636 1035; x_wconf 87' lang='lat' dir='ltr'><strong>se</strong></span> <span class='ocrx_word' id='word_1_504' title='bbox 2661 983 2830 1035; x_wconf 90' lang='lat' dir='ltr'><strong>virum</strong></span> <span class='ocrx_word' id='word_1_505' title='bbox 2863 982 3219 1050; x_wconf 70' lang='lat' dir='ltr'><strong>prmbuisset?</strong></span> <span class='ocrx_word' id='word_1_506' title='bbox 3259 996 3434 1036; x_wconf 87' lang='lat' dir='ltr'><strong>nonne</strong></span> <span class='ocrx_word' id='word_1_507' title='bbox 3466 981 3578 1034; x_wconf 83' lang='lat' dir='ltr'><strong>haec</strong></span> <span class='ocrx_word' id='word_1_508' title='bbox 3607 979 3929 1035; x_wconf 87' lang='lat' dir='ltr'><strong>Samsonem</strong></span> 
     </span>
    </p>
   </div>
   <div class='ocr_carea' id='block_1_69' title="bbox 2333 1072 3931 1144">
    <p class='ocr_par' dir='ltr' id='par_1_69' title="bbox 2333 1072 3931 1144">
     <span class='ocr_line' id='line_1_69' title="bbox 2333 1072 3931 1144; baseline -0.001 -16"><span class='ocrx_word' id='word_1_509' title='bbox 2333 1074 2561 1142; x_wconf 88' lang='lat' dir='ltr'><strong>perdidit</strong></span> <span class='ocrx_word' id='word_1_510' title='bbox 2596 1073 2742 1144; x_wconf 88' lang='lat' dir='ltr'><strong>(Jud.</strong></span> <span class='ocrx_word' id='word_1_511' title='bbox 2780 1073 2912 1142; x_wconf 73' lang='lat'><strong>16)?</strong></span> <span class='ocrx_word' id='word_1_512' title='bbox 2955 1089 3133 1126; x_wconf 90' lang='lat' dir='ltr'><strong>nonne</strong></span> <span class='ocrx_word' id='word_1_513' title='bbox 3174 1088 3233 1128; x_wconf 88' lang='lat' dir='ltr'><strong>ea</strong></span> <span class='ocrx_word' id='word_1_514' title='bbox 3266 1072 3486 1141; x_wconf 75' lang='lat' dir='ltr'><strong>perfecit</strong></span> <span class='ocrx_word' id='word_1_515' title='bbox 3532 1084 3587 1125; x_wconf 92' lang='lat' dir='ltr'><strong>ut</strong></span> <span class='ocrx_word' id='word_1_516' title='bbox 3617 1073 3931 1126; x_wconf 86' lang='lat' dir='ltr'><strong>universum</strong></span> 
     </span>
    </p>
   </div>
   <div class='ocr_carea' id='block_1_70' title="bbox 2335 1163 3927 1236">
    <p class='ocr_par' dir='ltr' id='par_1_70' title="bbox 2335 1163 3927 1236">
     <span class='ocr_line' id='line_1_70' title="bbox 2335 1163 3927 1236; baseline 0 -18"><span class='ocrx_word' id='word_1_517' title='bbox 2335 1164 2679 1218; x_wconf 75' lang='lat' dir='ltr'><strong>Ilebneorum</strong></span> <span class='ocrx_word' id='word_1_518' title='bbox 2713 1179 2884 1234; x_wconf 86' lang='lat' dir='ltr'><strong>genus</strong></span> <span class='ocrx_word' id='word_1_519' title='bbox 2902 1165 3249 1234; x_wconf 88' lang='lat' dir='ltr'><strong>Beelpbegori</strong></span> <span class='ocrx_word' id='word_1_520' title='bbox 3280 1165 3576 1219; x_wconf 87' lang='lat' dir='ltr'><strong>initiaretur</strong></span> <span class='ocrx_word' id='word_1_521' title='bbox 3598 1163 3927 1236; x_wconf 78' lang='lat' dir='ltr'><strong>(Num.‘25),</strong></span> 
     </span>
    </p>
   </div>
   <div class='ocr_carea' id='block_1_71' title="bbox 2333 1256 3929 1327">
    <p class='ocr_par' dir='ltr' id='par_1_71' title="bbox 2333 1256 3929 1327">
     <span class='ocr_line' id='line_1_71' title="bbox 2333 1256 3929 1327; baseline -0.001 -17"><span class='ocrx_word' id='word_1_522' title='bbox 2333 1272 2396 1311; x_wconf 89' lang='lat' dir='ltr'><strong>ac</strong></span> <span class='ocrx_word' id='word_1_523' title='bbox 2437 1268 2784 1327; x_wconf 81' lang='lat' dir='ltr'><strong>cognatorum</strong></span> <span class='ocrx_word' id='word_1_524' title='bbox 2832 1257 3075 1310; x_wconf 88' lang='lat' dir='ltr'><strong>manibus</strong></span> <span class='ocrx_word' id='word_1_525' title='bbox 3120 1257 3507 1310; x_wconf 89' lang='lat' dir='ltr'><strong>trucidaretur?</strong></span> <span class='ocrx_word' id='word_1_526' title='bbox 3535 1256 3665 1322; x_wconf 89' lang='lat' dir='ltr'><strong>Quis</strong></span> <span class='ocrx_word' id='word_1_527' title='bbox 3709 1256 3929 1325; x_wconf 88' lang='lat' dir='ltr'><strong>potissi-</strong></span> 
     </span>
    </p>
   </div>
   <div class='ocr_carea' id='block_1_72' title="bbox 2333 1345 3929 1416">
    <p class='ocr_par' dir='ltr' id='par_1_72' title="bbox 2333 1345 3929 1416">
     <span class='ocr_line' id='line_1_72' title="bbox 2333 1345 3929 1416; baseline -0.001 -15"><span class='ocrx_word' id='word_1_528' title='bbox 2333 1363 2479 1401; x_wconf 90' lang='lat' dir='ltr'><strong>mum</strong></span> <span class='ocrx_word' id='word_1_529' title='bbox 2527 1347 2833 1400; x_wconf 85' lang='lat' dir='ltr'><strong>Achaahnm</strong></span> <span class='ocrx_word' id='word_1_530' title='bbox 2875 1347 3090 1401; x_wconf 89' lang='lat' dir='ltr'><strong>diabolo</strong></span> <span class='ocrx_word' id='word_1_531' title='bbox 3129 1346 3357 1415; x_wconf 86' lang='lat' dir='ltr'><strong>prodidit</strong></span> <span class='ocrx_word' id='word_1_532' title='bbox 3404 1347 3478 1414; x_wconf 78' lang='grc'>(5.</span> <span class='ocrx_word' id='word_1_533' title='bbox 3510 1345 3637 1416; x_wconf 82' lang='lat' dir='ltr'><strong>Reg.</strong></span> <span class='ocrx_word' id='word_1_534' title='bbox 3678 1347 3768 1400; x_wconf 73' lang='lat'><strong>2|.</strong></span> <span class='ocrx_word' id='word_1_535' title='bbox 3801 1345 3929 1415; x_wconf 79' lang='lat'><strong>9.5).</strong></span> 
     </span>
    </p>
   </div>
   <div class='ocr_carea' id='block_1_73' title="bbox 2335 1436 3932 1507">
    <p class='ocr_par' dir='ltr' id='par_1_73' title="bbox 2335 1436 3932 1507">
     <span class='ocr_line' id='line_1_73' title="bbox 2335 1436 3932 1507; baseline 0 -17"><span class='ocrx_word' id='word_1_536' title='bbox 2335 1449 2495 1507; x_wconf 89' lang='lat' dir='ltr'><strong>atque</strong></span> <span class='ocrx_word' id='word_1_537' title='bbox 2520 1447 2641 1492; x_wconf 90' lang='lat' dir='ltr'><strong>ante</strong></span> <span class='ocrx_word' id='word_1_538' title='bbox 2668 1453 2787 1490; x_wconf 89' lang='lat' dir='ltr'><strong>eum</strong></span> <span class='ocrx_word' id='word_1_539' title='bbox 2815 1436 3275 1506; x_wconf 74' lang='lat' dir='ltr'><strong>SalomonemUb.</strong></span> <span class='ocrx_word' id='word_1_540' title='bbox 3296 1437 3379 1490; x_wconf 79' lang='lat' dir='ltr'><strong>II.</strong></span> <span class='ocrx_word' id='word_1_541' title='bbox 3407 1438 3484 1506; x_wconf 74' lang='grc'><strong>4),</strong></span> <span class='ocrx_word' id='word_1_542' title='bbox 3509 1447 3627 1506; x_wconf 90' lang='lat' dir='ltr'><strong>post</strong></span> <span class='ocrx_word' id='word_1_543' title='bbox 3657 1447 3761 1490; x_wconf 89' lang='lat' dir='ltr'><strong>tam</strong></span> <span class='ocrx_word' id='word_1_544' title='bbox 3791 1438 3932 1490; x_wconf 91' lang='lat' dir='ltr'><strong>insi-</strong></span> 
     </span>
    </p>
   </div>
   <div class='ocr_carea' id='block_1_74' title="bbox 2333 1529 3934 1599">
    <p class='ocr_par' dir='ltr' id='par_1_74' title="bbox 2333 1529 3934 1599">
     <span class='ocr_line' id='line_1_74' title="bbox 2333 1529 3934 1599; baseline 0.001 -17"><span class='ocrx_word' id='word_1_545' title='bbox 2333 1546 2489 1599; x_wconf 85' lang='lat' dir='ltr'><strong>gnem</strong></span> <span class='ocrx_word' id='word_1_546' title='bbox 2537 1530 2848 1598; x_wconf 78' lang='lat' dir='ltr'><strong>Sapientiam</strong></span> <span class='ocrx_word' id='word_1_547' title='bbox 2882 1544 2945 1584; x_wconf 90' lang='lat' dir='ltr'><strong>ac</strong></span> <span class='ocrx_word' id='word_1_548' title='bbox 2976 1529 3389 1584; x_wconf 78' lang='lat' dir='ltr'><strong>celebritatem?</strong></span> <span class='ocrx_word' id='word_1_549' title='bbox 3433 1530 3620 1583; x_wconf 84' lang='lat' dir='ltr'><strong>Nonne</strong></span> <span class='ocrx_word' id='word_1_550' title='bbox 3660 1529 3934 1598; x_wconf 85' lang='lat' dir='ltr'><strong>hodieque</strong></span> 
     </span>
    </p>
   </div>
   <div class='ocr_carea' id='block_1_75' title="bbox 2335 1620 3938 1676">
    <p class='ocr_par' dir='ltr' id='par_1_75' title="bbox 2335 1620 3938 1676">
     <span class='ocr_line' id='line_1_75' title="bbox 2335 1620 3938 1676; baseline -0.001 -1"><span class='ocrx_word' id='word_1_551' title='bbox 2335 1623 2462 1676; x_wconf 85' lang='lat' dir='ltr'><strong>viris</strong></span> <span class='ocrx_word' id='word_1_552' title='bbox 2506 1624 2616 1676; x_wconf 91' lang='lat' dir='ltr'><strong>suis</strong></span> <span class='ocrx_word' id='word_1_553' title='bbox 2657 1633 2902 1676; x_wconf 91' lang='lat' dir='ltr'><strong>auctores</strong></span> <span class='ocrx_word' id='word_1_554' title='bbox 2930 1630 3054 1676; x_wconf 90' lang='lat' dir='ltr'><strong>sunt</strong></span> <span class='ocrx_word' id='word_1_555' title='bbox 3090 1622 3256 1675; x_wconf 87' lang='lat' dir='ltr'><strong>multa</strong></span> <span class='ocrx_word' id='word_1_556' title='bbox 3293 1622 3343 1675; x_wconf 92' lang='lat' dir='ltr'><strong>in</strong></span> <span class='ocrx_word' id='word_1_557' title='bbox 3378 1622 3541 1675; x_wconf 86' lang='lat' dir='ltr'><strong>Deum</strong></span> <span class='ocrx_word' id='word_1_558' title='bbox 3572 1620 3938 1675; x_wconf 78' lang='lat' dir='ltr'><strong>adniitteudi?</strong></span> 
     </span>
    </p>
   </div>
   <div class='ocr_carea' id='block_1_76' title="bbox 2335 1711 3936 1783">
    <p class='ocr_par' dir='ltr' id='par_1_76' title="bbox 2335 1711 3936 1783">
     <span class='ocr_line' id='line_1_76' title="bbox 2335 1711 3936 1783; baseline -0.002 -17"><span class='ocrx_word' id='word_1_559' title='bbox 2335 1728 2514 1767; x_wconf 91' lang='lat' dir='ltr'><strong>nonne</strong></span> <span class='ocrx_word' id='word_1_560' title='bbox 2558 1713 2754 1767; x_wconf 91' lang='lat' dir='ltr'><strong>ideirco</strong></span> <span class='ocrx_word' id='word_1_561' title='bbox 2799 1715 3012 1783; x_wconf 89' lang='lat' dir='ltr'><strong>sapiens</strong></span> <span class='ocrx_word' id='word_1_562' title='bbox 3050 1713 3138 1767; x_wconf 90' lang='lat' dir='ltr'><strong>ille</strong></span> <span class='ocrx_word' id='word_1_563' title='bbox 3185 1712 3439 1782; x_wconf 82' lang='lat' dir='ltr'><strong>scriptum</strong></span> <span class='ocrx_word' id='word_1_564' title='bbox 3482 1713 3715 1780; x_wconf 89' lang='lat' dir='ltr'><strong>reliquit,</strong></span> <span class='ocrx_word' id='word_1_565' title='bbox 3758 1711 3936 1764; x_wconf 81' lang='lat' dir='ltr'><strong>Parva</strong></span> 
     </span>
    </p>
   </div>
   <div class='ocr_carea' id='block_1_77' title="bbox 2335 1801 3930 1872">
    <p class='ocr_par' dir='ltr' id='par_1_77' title="bbox 2335 1801 3930 1872">
     <span class='ocr_line' id='line_1_77' title="bbox 2335 1801 3930 1872; baseline -0.001 -15"><span class='ocrx_word' id='word_1_566' title='bbox 2335 1813 2410 1857; x_wconf 87' lang='lat' dir='ltr'><strong>est</strong></span> <span class='ocrx_word' id='word_1_567' title='bbox 2446 1804 2633 1872; x_wconf 65' lang='lat' dir='ltr'><strong>quaevis</strong></span> <span class='ocrx_word' id='word_1_568' title='bbox 2673 1804 2897 1871; x_wconf 75' lang='lat' dir='ltr'><strong>pravitas</strong></span> <span class='ocrx_word' id='word_1_569' title='bbox 2941 1819 3047 1872; x_wconf 75' lang='lat' dir='ltr'><strong>pra:</strong></span> <span class='ocrx_word' id='word_1_570' title='bbox 3073 1805 3298 1857; x_wconf 78' lang='lat' dir='ltr'><strong>mulieris</strong></span> <span class='ocrx_word' id='word_1_571' title='bbox 3329 1804 3571 1871; x_wconf 87' lang='lat' dir='ltr'><strong>pravitate</strong></span> <span class='ocrx_word' id='word_1_572' title='bbox 3600 1801 3785 1872; x_wconf 82' lang='lat' dir='ltr'><strong>(Eccli.</strong></span> <span class='ocrx_word' id='word_1_573' title='bbox 3829 1803 3930 1858; x_wconf 73' lang='lat'><strong>25.</strong></span> 
     </span>
    </p>
   </div>
   <div class='ocr_carea' id='block_1_78' title="bbox 2334 1895 3932 1967">
    <p class='ocr_par' dir='ltr' id='par_1_78' title="bbox 2334 1895 3932 1967">
     <span class='ocr_line' id='line_1_78' title="bbox 2334 1895 3932 1967; baseline -0.001 -17"><span class='ocrx_word' id='word_1_574' title='bbox 2334 1895 2425 1966; x_wconf 66' lang='lat'><strong>26)</strong></span> <span class='ocrx_word' id='word_1_575' title='bbox 2448 1896 2775 1963; x_wconf 82' lang='lat' dir='ltr'><strong>?-Quomodo</strong></span> <span class='ocrx_word' id='word_1_576' title='bbox 2804 1896 2983 1967; x_wconf 86' lang='lat' dir='ltr'><strong>igitur,</strong></span> <span class='ocrx_word' id='word_1_577' title='bbox 3015 1897 3203 1965; x_wconf 89' lang='lat' dir='ltr'><strong>inquit,</strong></span> <span class='ocrx_word' id='word_1_578' title='bbox 3228 1896 3354 1949; x_wconf 72' lang='lat' dir='ltr'><strong>dixit</strong></span> <span class='ocrx_word' id='word_1_579' title='bbox 3391 1896 3552 1959; x_wconf 87' lang='lat' dir='ltr'><strong>Deus,</strong></span> <span class='ocrx_word' id='word_1_580' title='bbox 3581 1896 3851 1948; x_wconf 80' lang='lat' dir='ltr'><strong>Faciamus</strong></span> <span class='ocrx_word' id='word_1_581' title='bbox 3884 1898 3932 1948; x_wconf 87' lang='lat' dir='ltr'><strong>ei</strong></span> 
     </span>
    </p>
   </div>
   <div class='ocr_carea' id='block_1_79' title="bbox 2335 1987 3934 2059">
    <p class='ocr_par' dir='ltr' id='par_1_79' title="bbox 2335 1987 3934 2059">
     <span class='ocr_line' id='line_1_79' title="bbox 2335 1987 3934 2059; baseline 0.001 -20"><span class='ocrx_word' id='word_1_582' title='bbox 2335 1989 2619 2058; x_wconf 81' lang='lat' dir='ltr'><strong>adjutorem</strong></span> <span class='ocrx_word' id='word_1_583' title='bbox 2663 1990 2876 2042; x_wconf 85' lang='lat' dir='ltr'><strong>similem</strong></span> <span class='ocrx_word' id='word_1_584' title='bbox 2923 1990 3022 2057; x_wconf 80' lang='lat' dir='ltr'><strong>ipsi</strong></span> <span class='ocrx_word' id='word_1_585' title='bbox 3070 1987 3222 2059; x_wconf 82' lang='lat' dir='ltr'><strong>(Gen.</strong></span> <span class='ocrx_word' id='word_1_586' title='bbox 3271 1988 3324 2040; x_wconf 72' lang='lat'><strong>2.</strong></span> <span class='ocrx_word' id='word_1_587' title='bbox 3370 1988 3500 2057; x_wconf 72' lang='lat'><strong>18)?</strong></span> <span class='ocrx_word' id='word_1_588' title='bbox 3556 1998 3727 2057; x_wconf 88' lang='lat' dir='ltr'><strong>neque</strong></span> <span class='ocrx_word' id='word_1_589' title='bbox 3780 1989 3934 2043; x_wconf 86' lang='lat' dir='ltr'><strong>enim</strong></span> 
     </span>
    </p>
   </div>
   <div class='ocr_carea' id='block_1_80' title="bbox 2337 2080 3930 2149">
    <p class='ocr_par' dir='ltr' id='par_1_80' title="bbox 2337 2080 3930 2149">
     <span class='ocr_line' id='line_1_80' title="bbox 2337 2080 3930 2149; baseline -0.001 -16"><span class='ocrx_word' id='word_1_590' title='bbox 2337 2081 2592 2133; x_wconf 91' lang='lat' dir='ltr'><strong>mentitur</strong></span> <span class='ocrx_word' id='word_1_591' title='bbox 2619 2081 2778 2134; x_wconf 89' lang='lat' dir='ltr'><strong>Deus.</strong></span> <span class='ocrx_word' id='word_1_592' title='bbox 2820 2081 3000 2149; x_wconf 80' lang='lat' dir='ltr'><strong>Neque</strong></span> <span class='ocrx_word' id='word_1_593' title='bbox 3031 2080 3081 2134; x_wconf 88' lang='lat' dir='ltr'><strong>id</strong></span> <span class='ocrx_word' id='word_1_594' title='bbox 3109 2080 3351 2148; x_wconf 89' lang='lat' dir='ltr'><strong>equidem</strong></span> <span class='ocrx_word' id='word_1_595' title='bbox 3396 2095 3645 2149; x_wconf 87' lang='lat' dir='ltr'><strong>umquam</strong></span> <span class='ocrx_word' id='word_1_596' title='bbox 3675 2080 3930 2141; x_wconf 83' lang='lat' dir='ltr'><strong>dixerim,</strong></span> 
     </span>
    </p>
   </div>
   <div class='ocr_carea' id='block_1_81' title="bbox 2338 2170 3934 2242">
    <p class='ocr_par' dir='ltr' id='par_1_81' title="bbox 2338 2170 3934 2242">
     <span class='ocr_line' id='line_1_81' title="bbox 2338 2170 3934 2242; baseline -0.001 -18"><span class='ocrx_word' id='word_1_597' title='bbox 2338 2172 2555 2225; x_wconf 69' lang='lat' dir='ltr'><strong>minimc</strong></span> <span class='ocrx_word' id='word_1_598' title='bbox 2581 2173 2852 2240; x_wconf 89' lang='lat' dir='ltr'><strong>gentimn;</strong></span> <span class='ocrx_word' id='word_1_599' title='bbox 2885 2171 2975 2225; x_wconf 91' lang='lat' dir='ltr'><strong>sed</strong></span> <span class='ocrx_word' id='word_1_600' title='bbox 3009 2186 3126 2242; x_wconf 68' lang='lat' dir='ltr'><strong>qua:</strong></span> <span class='ocrx_word' id='word_1_601' title='bbox 3164 2187 3224 2224; x_wconf 89' lang='lat' dir='ltr'><strong>ea</strong></span> <span class='ocrx_word' id='word_1_602' title='bbox 3257 2170 3323 2226; x_wconf 90' lang='lat' dir='ltr'><strong>de</strong></span> <span class='ocrx_word' id='word_1_603' title='bbox 3351 2186 3508 2224; x_wconf 87' lang='lat' dir='ltr'><strong>causa</strong></span> <span class='ocrx_word' id='word_1_604' title='bbox 3553 2170 3690 2225; x_wconf 88' lang='lat' dir='ltr'><strong>facta</strong></span> <span class='ocrx_word' id='word_1_605' title='bbox 3729 2180 3830 2232; x_wconf 84' lang='lat' dir='ltr'><strong>est,</strong></span> <span class='ocrx_word' id='word_1_606' title='bbox 3875 2171 3934 2222; x_wconf 91' lang='lat' dir='ltr'><strong>in</strong></span> 
     </span>
    </p>
   </div>
   <div class='ocr_carea' id='block_1_82' title="bbox 2337 2262 3940 2331">
    <p class='ocr_par' dir='ltr' id='par_1_82' title="bbox 2337 2262 3940 2331">
     <span class='ocr_line' id='line_1_82' title="bbox 2337 2262 3940 2331; baseline 0.002 -19"><span class='ocrx_word' id='word_1_607' title='bbox 2337 2263 2592 2330; x_wconf 78' lang='lat' dir='ltr'><strong>dignitate</strong></span> <span class='ocrx_word' id='word_1_608' title='bbox 2629 2277 2722 2315; x_wconf 90' lang='lat' dir='ltr'><strong>sna</strong></span> <span class='ocrx_word' id='word_1_609' title='bbox 2770 2263 3054 2330; x_wconf 65' lang='lat' dir='ltr'><strong>persistere</strong></span> <span class='ocrx_word' id='word_1_610' title='bbox 3103 2262 3294 2327; x_wconf 90' lang='lat' dir='ltr'><strong>noluit;</strong></span> <span class='ocrx_word' id='word_1_611' title='bbox 3341 2262 3787 2331; x_wconf 90' lang='lat' dir='ltr'><strong>quemadmodum</strong></span> <span class='ocrx_word' id='word_1_612' title='bbox 3829 2279 3940 2317; x_wconf 90' lang='lat' dir='ltr'><strong>nec</strong></span> 
     </span>
    </p>
   </div>
   <div class='ocr_carea' id='block_1_83' title="bbox 2338 2352 3936 2423">
    <p class='ocr_par' dir='ltr' id='par_1_83' title="bbox 2338 2352 3936 2423">
     <span class='ocr_line' id='line_1_83' title="bbox 2338 2352 3936 2423; baseline 0 -17"><span class='ocrx_word' id='word_1_613' title='bbox 2338 2354 2454 2421; x_wconf 86' lang='lat' dir='ltr'><strong>ejus</strong></span> <span class='ocrx_word' id='word_1_614' title='bbox 2484 2353 2580 2405; x_wconf 88' lang='lat' dir='ltr'><strong>vir.</strong></span> <span class='ocrx_word' id='word_1_615' title='bbox 2616 2352 2744 2405; x_wconf 78' lang='lat' dir='ltr'><strong>Nam</strong></span> <span class='ocrx_word' id='word_1_616' title='bbox 2778 2363 2832 2406; x_wconf 88' lang='lat' dir='ltr'><strong>et</strong></span> <span class='ocrx_word' id='word_1_617' title='bbox 2874 2369 2994 2408; x_wconf 86' lang='lat' dir='ltr'><strong>cum</strong></span> <span class='ocrx_word' id='word_1_618' title='bbox 3026 2353 3089 2406; x_wconf 88' lang='lat' dir='ltr'><strong>ad</strong></span> <span class='ocrx_word' id='word_1_619' title='bbox 3129 2354 3407 2423; x_wconf 85' lang='lat' dir='ltr'><strong>imaginem</strong></span> <span class='ocrx_word' id='word_1_620' title='bbox 3440 2363 3493 2407; x_wconf 90' lang='lat' dir='ltr'><strong>et</strong></span> <span class='ocrx_word' id='word_1_621' title='bbox 3523 2353 3936 2407; x_wconf 87' lang='lat' dir='ltr'><strong>similitudinem</strong></span> 
     </span>
    </p>
   </div>
   <div class='ocr_carea' id='block_1_84' title="bbox 2338 2442 3939 2508">
    <p class='ocr_par' dir='ltr' id='par_1_84' title="bbox 2338 2442 3939 2508">
     <span class='ocr_line' id='line_1_84' title="bbox 2338 2442 3939 2508; baseline 0 -13"><span class='ocrx_word' id='word_1_622' title='bbox 2338 2456 2486 2495; x_wconf 88' lang='lat' dir='ltr'><strong>suam</strong></span> <span class='ocrx_word' id='word_1_623' title='bbox 2538 2443 2678 2495; x_wconf 88' lang='lat' dir='ltr'><strong>Deus</strong></span> <span class='ocrx_word' id='word_1_624' title='bbox 2728 2443 3013 2496; x_wconf 71' lang='lat' dir='ltr'><strong>fabricatus</strong></span> <span class='ocrx_word' id='word_1_625' title='bbox 3063 2451 3143 2495; x_wconf 88' lang='lat' dir='ltr'><strong>est</strong></span> <span class='ocrx_word' id='word_1_626' title='bbox 3171 2445 3221 2497; x_wconf 77' lang='lat'><strong>&#39;2</strong></span> <span class='ocrx_word' id='word_1_627' title='bbox 3258 2458 3377 2496; x_wconf 86' lang='lat' dir='ltr'><strong>nam</strong></span> <span class='ocrx_word' id='word_1_628' title='bbox 3405 2444 3497 2508; x_wconf 88' lang='lat' dir='ltr'><strong>ait,</strong></span> <span class='ocrx_word' id='word_1_629' title='bbox 3531 2442 3803 2495; x_wconf 82' lang='lat' dir='ltr'><strong>Faciamus</strong></span> <span class='ocrx_word' id='word_1_630' title='bbox 3830 2444 3939 2495; x_wconf 77' lang='lat' dir='ltr'><strong>lto-</strong></span> 
     </span>
    </p>
   </div>
   <div class='ocr_carea' id='block_1_85' title="bbox 2349 2531 3938 2601">
    <p class='ocr_par' dir='ltr' id='par_1_85' title="bbox 2349 2531 3938 2601">
     <span class='ocr_line' id='line_1_85' title="bbox 2349 2531 3938 2601; baseline 0 -19"><span class='ocrx_word' id='word_1_631' title='bbox 2349 2533 2542 2582; x_wconf 82' lang='lat' dir='ltr'><strong>minem</strong></span> <span class='ocrx_word' id='word_1_632' title='bbox 2570 2531 2639 2584; x_wconf 84' lang='lat' dir='ltr'><strong>ad</strong></span> <span class='ocrx_word' id='word_1_633' title='bbox 2662 2531 2943 2600; x_wconf 87' lang='lat' dir='ltr'><strong>imaginem</strong></span> <span class='ocrx_word' id='word_1_634' title='bbox 2970 2542 3019 2584; x_wconf 89' lang='lat' dir='ltr'><strong>et</strong></span> <span class='ocrx_word' id='word_1_635' title='bbox 3039 2533 3108 2583; x_wconf 86' lang='lat' dir='ltr'><strong>ad</strong></span> <span class='ocrx_word' id='word_1_636' title='bbox 3129 2534 3531 2587; x_wconf 83' lang='lat' dir='ltr'><strong>similitudinem</strong></span> <span class='ocrx_word' id='word_1_637' title='bbox 3554 2543 3793 2586; x_wconf 83' lang='lat' dir='ltr'><strong>nostram</strong></span> <span class='ocrx_word' id='word_1_638' title='bbox 3816 2532 3938 2601; x_wconf 82' lang='lat' dir='ltr'><strong>(Id.</strong></span> 
     </span>
    </p>
   </div>
   <div class='ocr_carea' id='block_1_86' title="bbox 2344 2623 3938 2692">
    <p class='ocr_par' dir='ltr' id='par_1_86' title="bbox 2344 2623 3938 2692">
     <span class='ocr_line' id='line_1_86' title="bbox 2344 2623 3938 2692; baseline 0.001 -17"><span class='ocrx_word' id='word_1_639' title='bbox 2344 2623 2396 2677; x_wconf 79' lang='grc'>1.</span> <span class='ocrx_word' id='word_1_640' title='bbox 2425 2623 2549 2691; x_wconf 80' lang='lat'><strong>26);</strong></span> <span class='ocrx_word' id='word_1_641' title='bbox 2581 2633 2714 2678; x_wconf 87' lang='lat' dir='ltr'><strong>utet</strong></span> <span class='ocrx_word' id='word_1_642' title='bbox 2745 2625 2906 2688; x_wconf 80' lang='lat' dir='ltr'><strong>dixit,</strong></span> <span class='ocrx_word' id='word_1_643' title='bbox 2939 2623 3229 2678; x_wconf 85' lang='lat' dir='ltr'><strong>Faciamus</strong></span> <span class='ocrx_word' id='word_1_644' title='bbox 3259 2625 3306 2679; x_wconf 84' lang='lat' dir='ltr'><strong>ei</strong></span> <span class='ocrx_word' id='word_1_645' title='bbox 3337 2623 3680 2690; x_wconf 82' lang='lat' dir='ltr'><strong>adiutorem:</strong></span> <span class='ocrx_word' id='word_1_646' title='bbox 3707 2623 3799 2678; x_wconf 86' lang='lat' dir='ltr'><strong>sed</strong></span> <span class='ocrx_word' id='word_1_647' title='bbox 3833 2624 3938 2692; x_wconf 85' lang='lat' dir='ltr'><strong>qu&#39;</strong></span> 
     </span>
    </p>
   </div>
   <div class='ocr_carea' id='block_1_87' title="bbox 2342 2717 3939 2788">
    <p class='ocr_par' dir='ltr' id='par_1_87' title="bbox 2342 2717 3939 2788">
     <span class='ocr_line' id='line_1_87' title="bbox 2342 2717 3939 2788; baseline -0.003 -16"><span class='ocrx_word' id='word_1_648' title='bbox 2342 2728 2567 2788; x_wconf 89' lang='lat' dir='ltr'><strong>utroque</strong></span> <span class='ocrx_word' id='word_1_649' title='bbox 2611 2718 2866 2785; x_wconf 67' lang='lat' dir='ltr'><strong>prmditns</strong></span> <span class='ocrx_word' id='word_1_650' title='bbox 2911 2725 3069 2780; x_wconf 87' lang='lat' dir='ltr'><strong>esset,</strong></span> <span class='ocrx_word' id='word_1_651' title='bbox 3113 2725 3393 2786; x_wconf 89' lang='lat' dir='ltr'><strong>utrumque</strong></span> <span class='ocrx_word' id='word_1_652' title='bbox 3439 2717 3681 2786; x_wconf 91' lang='lat' dir='ltr'><strong>protinus</strong></span> <span class='ocrx_word' id='word_1_653' title='bbox 3730 2717 3939 2768; x_wconf 68' lang='lat' dir='ltr'><strong>amisit.</strong></span> 
     </span>
    </p>
   </div>
   <div class='ocr_carea' id='block_1_88' title="bbox 2340 2806 3942 2877">
    <p class='ocr_par' dir='ltr' id='par_1_88' title="bbox 2340 2806 3942 2877">
     <span class='ocr_line' id='line_1_88' title="bbox 2340 2806 3942 2877; baseline 0 -17"><span class='ocrx_word' id='word_1_654' title='bbox 2340 2807 2471 2861; x_wconf 81' lang='lat' dir='ltr'><strong>Nam</strong></span> <span class='ocrx_word' id='word_1_655' title='bbox 2529 2821 2626 2861; x_wconf 89' lang='lat' dir='ltr'><strong>nec</strong></span> <span class='ocrx_word' id='word_1_656' title='bbox 2675 2807 3074 2861; x_wconf 90' lang='lat' dir='ltr'><strong>similitudinem</strong></span> <span class='ocrx_word' id='word_1_657' title='bbox 3129 2807 3486 2872; x_wconf 89' lang='lat' dir='ltr'><strong>conservavit,</strong></span> <span class='ocrx_word' id='word_1_658' title='bbox 3542 2808 3630 2877; x_wconf 91' lang='lat' dir='ltr'><strong>qui</strong></span> <span class='ocrx_word' id='word_1_659' title='bbox 3685 2806 3942 2860; x_wconf 68' lang='lat' dir='ltr'><strong>absurdae</strong></span> 
     </span>
    </p>
   </div>
   <div class='ocr_carea' id='block_1_89' title="bbox 2342 2896 3942 2967">
    <p class='ocr_par' dir='ltr' id='par_1_89' title="bbox 2342 2896 3942 2967">
     <span class='ocr_line' id='line_1_89' title="bbox 2342 2896 3942 2967; baseline -0.002 -15"><span class='ocrx_word' id='word_1_660' title='bbox 2342 2898 2614 2967; x_wconf 90' lang='lat' dir='ltr'><strong>cupiditati</strong></span> <span class='ocrx_word' id='word_1_661' title='bbox 2657 2913 2716 2954; x_wconf 88' lang='lat' dir='ltr'><strong>se</strong></span> <span class='ocrx_word' id='word_1_662' title='bbox 2760 2897 3044 2957; x_wconf 89' lang='lat' dir='ltr'><strong>dediderit,</strong></span> <span class='ocrx_word' id='word_1_663' title='bbox 3088 2912 3148 2952; x_wconf 90' lang='lat' dir='ltr'><strong>ac</strong></span> <span class='ocrx_word' id='word_1_664' title='bbox 3189 2896 3311 2950; x_wconf 90' lang='lat' dir='ltr'><strong>dolo</strong></span> <span class='ocrx_word' id='word_1_665' title='bbox 3352 2908 3559 2966; x_wconf 91' lang='lat' dir='ltr'><strong>captus,</strong></span> <span class='ocrx_word' id='word_1_666' title='bbox 3605 2898 3942 2964; x_wconf 86' lang='lat' dir='ltr'><strong>voluptatem</strong></span> 
     </span>
    </p>
   </div>
   <div class='ocr_carea' id='block_1_90' title="bbox 2342 2988 3964 3063">
    <p class='ocr_par' dir='ltr' id='par_1_90' title="bbox 2342 2988 3964 3063">
     <span class='ocr_line' id='line_1_90' title="bbox 2342 2988 3964 3063; baseline -0.002 -19"><span class='ocrx_word' id='word_1_667' title='bbox 2342 2991 2562 3044; x_wconf 90' lang='lat' dir='ltr'><strong>minime</strong></span> <span class='ocrx_word' id='word_1_668' title='bbox 2591 2989 2856 3063; x_wconf 68' lang='lat' dir='ltr'><strong>fregerit;</strong></span> <span class='ocrx_word' id='word_1_669' title='bbox 2906 2998 2957 3044; x_wconf 93' lang='lat' dir='ltr'><strong>et</strong></span> <span class='ocrx_word' id='word_1_670' title='bbox 3006 2989 3146 3058; x_wconf 91' lang='lat' dir='ltr'><strong>quod</strong></span> <span class='ocrx_word' id='word_1_671' title='bbox 3184 2998 3298 3042; x_wconf 83' lang='lat' dir='ltr'><strong>erat</strong></span> <span class='ocrx_word' id='word_1_672' title='bbox 3341 2989 3391 3042; x_wconf 91' lang='lat' dir='ltr'><strong>in</strong></span> <span class='ocrx_word' id='word_1_673' title='bbox 3428 3004 3509 3044; x_wconf 87' lang='lat' dir='ltr'><strong>eo</strong></span> <span class='ocrx_word' id='word_1_674' title='bbox 3540 2991 3604 3042; x_wconf 91' lang='lat' dir='ltr'><strong>ad</strong></span> <span class='ocrx_word' id='word_1_675' title='bbox 3651 2988 3964 3057; x_wconf 35' lang='lat' dir='ltr'><strong>imaginem-</strong></span> 
     </span>
    </p>
   </div>
   <div class='ocr_carea' id='block_1_91' title="bbox 2346 3067 3946 3150">
    <p class='ocr_par' dir='ltr' id='par_1_91' title="bbox 2346 3067 3946 3150">
     <span class='ocr_line' id='line_1_91' title="bbox 2346 3067 3946 3150; baseline -0.001 -15"><span class='ocrx_word' id='word_1_676' title='bbox 2346 3083 2462 3144; x_wconf 87' lang='lat' dir='ltr'><strong>Dei,</strong></span> <span class='ocrx_word' id='word_1_677' title='bbox 2524 3083 2684 3137; x_wconf 90' lang='lat' dir='ltr'><strong>etiam</strong></span> <span class='ocrx_word' id='word_1_678' title='bbox 2738 3081 2937 3135; x_wconf 90' lang='lat' dir='ltr'><strong>nolenti</strong></span> <span class='ocrx_word' id='word_1_679' title='bbox 2989 3080 3245 3150; x_wconf 83' lang='lat' dir='ltr'><strong>deinceps</strong></span> <span class='ocrx_word' id='word_1_680' title='bbox 3279 3067 3538 3149; x_wconf 63' lang='lat' dir='ltr'><strong>&#39;ereptum</strong></span> <span class='ocrx_word' id='word_1_681' title='bbox 3596 3089 3697 3134; x_wconf 78' lang='lat' dir='ltr'><strong>est.</strong></span> <span class='ocrx_word' id='word_1_682' title='bbox 3751 3079 3946 3148; x_wconf 83' lang='lat' dir='ltr'><strong>Neque</strong></span> 
     </span>
    </p>
   </div>
   <div class='ocr_carea' id='block_1_92' title="bbox 2346 3173 3942 3242">
    <p class='ocr_par' dir='ltr' id='par_1_92' title="bbox 2346 3173 3942 3242">
     <span class='ocr_line' id='line_1_92' title="bbox 2346 3173 3942 3242; baseline -0.002 -15"><span class='ocrx_word' id='word_1_683' title='bbox 2346 3173 2490 3228; x_wconf 87' lang='lat' dir='ltr'><strong>enim</strong></span> <span class='ocrx_word' id='word_1_684' title='bbox 2544 3175 2682 3227; x_wconf 84' lang='lat' dir='ltr'><strong>Dens</strong></span> <span class='ocrx_word' id='word_1_685' title='bbox 2727 3189 2887 3242; x_wconf 80' lang='lat' dir='ltr'><strong>parva</strong></span> <span class='ocrx_word' id='word_1_686' title='bbox 2937 3173 3144 3240; x_wconf 89' lang='lat' dir='ltr'><strong>imperii</strong></span> <span class='ocrx_word' id='word_1_687' title='bbox 3191 3181 3340 3241; x_wconf 88' lang='lat' dir='ltr'><strong>parte</strong></span> <span class='ocrx_word' id='word_1_688' title='bbox 3387 3187 3508 3225; x_wconf 91' lang='lat' dir='ltr'><strong>eum</strong></span> <span class='ocrx_word' id='word_1_689' title='bbox 3544 3173 3834 3239; x_wconf 74' lang='lat' dir='ltr'><strong>mulctavit,</strong></span> <span class='ocrx_word' id='word_1_690' title='bbox 3881 3183 3942 3224; x_wconf 88' lang='lat' dir='ltr'><strong>et</strong></span> 
     </span>
    </p>
   </div>
   <div class='ocr_carea' id='block_1_93' title="bbox 2346 3261 3946 3333">
    <p class='ocr_par' dir='ltr' id='par_1_93' title="bbox 2346 3261 3946 3333">
     <span class='ocr_line' id='line_1_93' title="bbox 2346 3261 3946 3333; baseline -0.002 -15"><span class='ocrx_word' id='word_1_691' title='bbox 2346 3279 2466 3318; x_wconf 88' lang='lat' dir='ltr'><strong>eum</strong></span> <span class='ocrx_word' id='word_1_692' title='bbox 2511 3266 2598 3333; x_wconf 85' lang='lat' dir='ltr'><strong>qui</strong></span> <span class='ocrx_word' id='word_1_693' title='bbox 2654 3265 2904 3317; x_wconf 83' lang='lat' dir='ltr'><strong>omnibus</strong></span> <span class='ocrx_word' id='word_1_694' title='bbox 2941 3262 3192 3317; x_wconf 82' lang='lat' dir='ltr'><strong>terribilis</strong></span> <span class='ocrx_word' id='word_1_695' title='bbox 3240 3271 3387 3316; x_wconf 85' lang='lat' dir='ltr'><strong>esset</strong></span> <span class='ocrx_word' id='word_1_696' title='bbox 3420 3262 3567 3316; x_wconf 79' lang='lat' dir='ltr'><strong>velut</strong></span> <span class='ocrx_word' id='word_1_697' title='bbox 3606 3261 3787 3324; x_wconf 88' lang='lat' dir='ltr'><strong>herus,</strong></span> <span class='ocrx_word' id='word_1_698' title='bbox 3837 3276 3946 3315; x_wconf 83' lang='lat' dir='ltr'><strong>cett</strong></span> 
     </span>
    </p>
   </div>
   <div class='ocr_carea' id='block_1_94' title="bbox 2349 3356 3947 3434">
    <p class='ocr_par' dir='ltr' id='par_1_94' title="bbox 2349 3356 3947 3434">
     <span class='ocr_line' id='line_1_94' title="bbox 2349 3356 3947 3434; baseline -0.001 -24"><span class='ocrx_word' id='word_1_699' title='bbox 2349 3358 2610 3426; x_wconf 78' lang='lat' dir='ltr'><strong>ingratum</strong></span> <span class='ocrx_word' id='word_1_700' title='bbox 2656 3374 2893 3422; x_wconf 83' lang='lat' dir='ltr'><strong>servum,</strong></span> <span class='ocrx_word' id='word_1_701' title='bbox 2921 3359 3014 3434; x_wconf 83' lang='lat' dir='ltr'><strong>qui</strong></span> <span class='ocrx_word' id='word_1_702' title='bbox 3054 3357 3328 3410; x_wconf 89' lang='lat' dir='ltr'><strong>dominum</strong></span> <span class='ocrx_word' id='word_1_703' title='bbox 3355 3356 3682 3422; x_wconf 86' lang='lat' dir='ltr'><strong>oITendisset,</strong></span> <span class='ocrx_word' id='word_1_704' title='bbox 3714 3372 3947 3411; x_wconf 60' lang='lat' dir='ltr'><strong>consen-</strong></span> 
     </span>
    </p>
   </div>
   <div class='ocr_carea' id='block_1_95' title="bbox 2347 3445 3948 3518">
    <p class='ocr_par' dir='ltr' id='par_1_95' title="bbox 2347 3445 3948 3518">
     <span class='ocr_line' id='line_1_95' title="bbox 2347 3445 3948 3518; baseline -0.003 -15"><span class='ocrx_word' id='word_1_705' title='bbox 2347 3450 2429 3510; x_wconf 81' lang='lat' dir='ltr'><strong>vis</strong></span> <span class='ocrx_word' id='word_1_706' title='bbox 2457 3449 2834 3518; x_wconf 81' lang='lat' dir='ltr'><strong>chpicabiletn</strong></span> <span class='ocrx_word' id='word_1_707' title='bbox 2863 3449 3059 3502; x_wconf 74' lang='lat' dir='ltr'><strong>ell‘ccit.</strong></span> <span class='ocrx_word' id='word_1_708' title='bbox 3089 3447 3220 3501; x_wconf 86' lang='lat' dir='ltr'><strong>Nam</strong></span> <span class='ocrx_word' id='word_1_709' title='bbox 3253 3449 3406 3500; x_wconf 82' lang='lat' dir='ltr'><strong>initio</strong></span> <span class='ocrx_word' id='word_1_710' title='bbox 3427 3448 3583 3501; x_wconf 88' lang='lat' dir='ltr'><strong>etiam</strong></span> <span class='ocrx_word' id='word_1_711' title='bbox 3614 3445 3740 3503; x_wconf 87' lang='lat' dir='ltr'><strong>feris</strong></span> <span class='ocrx_word' id='word_1_712' title='bbox 3765 3448 3913 3501; x_wconf 92' lang='lat' dir='ltr'><strong>omni</strong></span> <span class='ocrx_word' id='word_1_713' title='bbox 3932 3479 3948 3488; x_wconf 72' lang='grc' dir='ltr'><strong>ο</strong></span> 
     </span>
    </p>
   </div>
   <div class='ocr_carea' id='block_1_96' title="bbox 2349 3538 3947 3608">
    <p class='ocr_par' dir='ltr' id='par_1_96' title="bbox 2349 3538 3947 3608">
     <span class='ocr_line' id='line_1_96' title="bbox 2349 3538 3947 3608; baseline -0.003 -13"><span class='ocrx_word' id='word_1_714' title='bbox 2349 3541 2447 3595; x_wconf 89' lang='lat' dir='ltr'><strong>bus</strong></span> <span class='ocrx_word' id='word_1_715' title='bbox 2479 3542 2668 3595; x_wconf 88' lang='lat' dir='ltr'><strong>terrori</strong></span> <span class='ocrx_word' id='word_1_716' title='bbox 2711 3548 2859 3604; x_wconf 81' lang='lat' dir='ltr'><strong>erat;</strong></span> <span class='ocrx_word' id='word_1_717' title='bbox 2903 3554 3088 3594; x_wconf 88' lang='lat' dir='ltr'><strong>omnes</strong></span> <span class='ocrx_word' id='word_1_718' title='bbox 3117 3541 3313 3608; x_wconf 87' lang='lat' dir='ltr'><strong>quippe</strong></span> <span class='ocrx_word' id='word_1_719' title='bbox 3353 3539 3492 3593; x_wconf 92' lang='lat' dir='ltr'><strong>Deus</strong></span> <span class='ocrx_word' id='word_1_720' title='bbox 3536 3538 3601 3596; x_wconf 89' lang='lat' dir='ltr'><strong>ad</strong></span> <span class='ocrx_word' id='word_1_721' title='bbox 3651 3538 3795 3591; x_wconf 91' lang='lat' dir='ltr'><strong>illum</strong></span> <span class='ocrx_word' id='word_1_722' title='bbox 3839 3540 3947 3590; x_wconf 75' lang='lat' dir='ltr'><strong>atl-</strong></span> 
     </span>
    </p>
   </div>
   <div class='ocr_carea' id='block_1_97' title="bbox 2350 3630 3947 3702">
    <p class='ocr_par' dir='ltr' id='par_1_97' title="bbox 2350 3630 3947 3702">
     <span class='ocr_line' id='line_1_97' title="bbox 2350 3630 3947 3702; baseline -0.004 -14"><span class='ocrx_word' id='word_1_723' title='bbox 2350 3634 2519 3700; x_wconf 81' lang='lat' dir='ltr'><strong>duxit,</strong></span> <span class='ocrx_word' id='word_1_724' title='bbox 2555 3649 2726 3702; x_wconf 91' lang='lat' dir='ltr'><strong>neque</strong></span> <span class='ocrx_word' id='word_1_725' title='bbox 2758 3634 2860 3687; x_wconf 89' lang='lat' dir='ltr'><strong>ulla</strong></span> <span class='ocrx_word' id='word_1_726' title='bbox 2894 3649 3012 3686; x_wconf 90' lang='lat' dir='ltr'><strong>eum</strong></span> <span class='ocrx_word' id='word_1_727' title='bbox 3043 3633 3241 3686; x_wconf 72' lang='lat' dir='ltr'><strong>lmdere</strong></span> <span class='ocrx_word' id='word_1_728' title='bbox 3283 3647 3345 3685; x_wconf 91' lang='lat' dir='ltr'><strong>ac</strong></span> <span class='ocrx_word' id='word_1_729' title='bbox 3389 3630 3637 3684; x_wconf 88' lang='lat' dir='ltr'><strong>invadere</strong></span> <span class='ocrx_word' id='word_1_730' title='bbox 3667 3642 3749 3684; x_wconf 90' lang='lat' dir='ltr'><strong>est</strong></span> <span class='ocrx_word' id='word_1_731' title='bbox 3777 3645 3947 3692; x_wconf 84' lang='lat' dir='ltr'><strong>ausa;</strong></span> 
     </span>
    </p>
   </div>
   <div class='ocr_carea' id='block_1_98' title="bbox 2352 3721 3946 3794">
    <p class='ocr_par' dir='ltr' id='par_1_98' title="bbox 2352 3721 3946 3794">
     <span class='ocr_line' id='line_1_98' title="bbox 2352 3721 3946 3794; baseline -0.004 -14"><span class='ocrx_word' id='word_1_732' title='bbox 2352 3727 2562 3780; x_wconf 78' lang='lat' dir='ltr'><strong>videbat</strong></span> <span class='ocrx_word' id='word_1_733' title='bbox 2589 3727 2785 3794; x_wconf 87' lang='lat' dir='ltr'><strong>quippe</strong></span> <span class='ocrx_word' id='word_1_734' title='bbox 2828 3725 2878 3777; x_wconf 90' lang='lat' dir='ltr'><strong>in</strong></span> <span class='ocrx_word' id='word_1_735' title='bbox 2920 3739 2984 3777; x_wconf 87' lang='lat' dir='ltr'><strong>eo</strong></span> <span class='ocrx_word' id='word_1_736' title='bbox 3025 3723 3352 3777; x_wconf 90' lang='lat' dir='ltr'><strong>relucentem</strong></span> <span class='ocrx_word' id='word_1_737' title='bbox 3389 3722 3671 3791; x_wconf 80' lang='lat' dir='ltr'><strong>imaginem</strong></span> <span class='ocrx_word' id='word_1_738' title='bbox 3712 3721 3946 3789; x_wconf 84' lang='lat' dir='ltr'><strong>regiam.</strong></span> 
     </span>
    </p>
   </div>
   <div class='ocr_carea' id='block_1_99' title="bbox 2353 3811 3950 3886">
    <p class='ocr_par' dir='ltr' id='par_1_99' title="bbox 2353 3811 3950 3886">
     <span class='ocr_line' id='line_1_99' title="bbox 2353 3811 3950 3886; baseline -0.004 -16"><span class='ocrx_word' id='word_1_739' title='bbox 2353 3818 2495 3886; x_wconf 88' lang='lat' dir='ltr'><strong>Quas</strong></span> <span class='ocrx_word' id='word_1_740' title='bbox 2525 3819 2613 3871; x_wconf 90' lang='lat' dir='ltr'><strong>ubi</strong></span> <span class='ocrx_word' id='word_1_741' title='bbox 2655 3825 2806 3871; x_wconf 89' lang='lat' dir='ltr'><strong>notas</strong></span> <span class='ocrx_word' id='word_1_742' title='bbox 2834 3823 3053 3884; x_wconf 89' lang='lat' dir='ltr'><strong>peccato</strong></span> <span class='ocrx_word' id='word_1_743' title='bbox 3080 3813 3415 3875; x_wconf 68' lang='lat' dir='ltr'><strong>deformavit,</strong></span> <span class='ocrx_word' id='word_1_744' title='bbox 3451 3827 3572 3866; x_wconf 90' lang='lat' dir='ltr'><strong>cum</strong></span> <span class='ocrx_word' id='word_1_745' title='bbox 3603 3811 3742 3865; x_wconf 90' lang='lat' dir='ltr'><strong>Deus</strong></span> <span class='ocrx_word' id='word_1_746' title='bbox 3768 3811 3950 3877; x_wconf 82' lang='lat' dir='ltr'><strong>impe—</strong></span> 
     </span>
    </p>
   </div>
   <div class='ocr_carea' id='block_1_100' title="bbox 2354 3905 3950 3981">
    <p class='ocr_par' dir='ltr' id='par_1_100' title="bbox 2354 3905 3950 3981">
     <span class='ocr_line' id='line_1_100' title="bbox 2354 3905 3950 3981; baseline -0.006 -14"><span class='ocrx_word' id='word_1_747' title='bbox 2354 3914 2433 3968; x_wconf 89' lang='lat' dir='ltr'><strong>rio</strong></span> <span class='ocrx_word' id='word_1_748' title='bbox 2460 3912 2673 3981; x_wconf 89' lang='lat' dir='ltr'><strong>dejecit.</strong></span> <span class='ocrx_word' id='word_1_749' title='bbox 2711 3912 2889 3980; x_wconf 88' lang='lat' dir='ltr'><strong>Igitur,</strong></span> <span class='ocrx_word' id='word_1_750' title='bbox 2933 3911 3053 3964; x_wconf 84' lang='lat' dir='ltr'><strong>licet</strong></span> <span class='ocrx_word' id='word_1_751' title='bbox 3093 3909 3359 3971; x_wconf 90' lang='lat' dir='ltr'><strong>omnibus,</strong></span> <span class='ocrx_word' id='word_1_752' title='bbox 3388 3923 3507 3977; x_wconf 80' lang='lat' dir='ltr'><strong>qua:</strong></span> <span class='ocrx_word' id='word_1_753' title='bbox 3539 3908 3589 3960; x_wconf 93' lang='lat' dir='ltr'><strong>in</strong></span> <span class='ocrx_word' id='word_1_754' title='bbox 3633 3917 3770 3961; x_wconf 81' lang='lat' dir='ltr'><strong>terra</strong></span> <span class='ocrx_word' id='word_1_755' title='bbox 3811 3905 3950 3970; x_wconf 89' lang='lat' dir='ltr'><strong>sint,</strong></span> 
     </span>
    </p>
   </div>
   <div class='ocr_carea' id='block_1_101' title="bbox 2354 3996 3950 4070">
    <p class='ocr_par' dir='ltr' id='par_1_101' title="bbox 2354 3996 3950 4070">
     <span class='ocr_line' id='line_1_101' title="bbox 2354 3996 3950 4070; baseline -0.005 -14"><span class='ocrx_word' id='word_1_756' title='bbox 2354 4003 2487 4056; x_wconf 84' lang='lat' dir='ltr'><strong>adeo</strong></span> <span class='ocrx_word' id='word_1_757' title='bbox 2515 4018 2618 4055; x_wconf 91' lang='lat' dir='ltr'><strong>non</strong></span> <span class='ocrx_word' id='word_1_758' title='bbox 2649 4003 2892 4070; x_wconf 88' lang='lat' dir='ltr'><strong>imperet,</strong></span> <span class='ocrx_word' id='word_1_759' title='bbox 2925 4010 2983 4053; x_wconf 93' lang='lat' dir='ltr'><strong>ut</strong></span> <span class='ocrx_word' id='word_1_760' title='bbox 3011 4000 3251 4066; x_wconf 78' lang='lat' dir='ltr'><strong>qnzcdam</strong></span> <span class='ocrx_word' id='word_1_761' title='bbox 3303 3999 3459 4051; x_wconf 83' lang='lat' dir='ltr'><strong>etiam</strong></span> <span class='ocrx_word' id='word_1_762' title='bbox 3503 3999 3718 4050; x_wconf 88' lang='lat' dir='ltr'><strong>horreat</strong></span> <span class='ocrx_word' id='word_1_763' title='bbox 3745 4013 3806 4050; x_wconf 91' lang='lat' dir='ltr'><strong>ac</strong></span> <span class='ocrx_word' id='word_1_764' title='bbox 3835 3996 3950 4049; x_wconf 75' lang='lat' dir='ltr'><strong>for-</strong></span> 
     </span>
    </p>
   </div>
   <div class='ocr_carea' id='block_1_102' title="bbox 2357 4089 3945 4157">
    <p class='ocr_par' dir='ltr' id='par_1_102' title="bbox 2357 4089 3945 4157">
     <span class='ocr_line' id='line_1_102' title="bbox 2357 4089 3945 4157; baseline -0.004 -10"><span class='ocrx_word' id='word_1_765' title='bbox 2357 4093 2554 4154; x_wconf 88' lang='lat' dir='ltr'><strong>tuidet,</strong></span> <span class='ocrx_word' id='word_1_766' title='bbox 2591 4093 2679 4146; x_wconf 90' lang='lat' dir='ltr'><strong>Dei</strong></span> <span class='ocrx_word' id='word_1_767' title='bbox 2708 4091 3024 4146; x_wconf 72' lang='lat' dir='ltr'><strong>sententiam</strong></span> <span class='ocrx_word' id='word_1_768' title='bbox 3083 4091 3223 4143; x_wconf 89' lang='lat' dir='ltr'><strong>illam</strong></span> <span class='ocrx_word' id='word_1_769' title='bbox 3279 4089 3540 4142; x_wconf 89' lang='lat' dir='ltr'><strong>mendacii</strong></span> <span class='ocrx_word' id='word_1_770' title='bbox 3594 4105 3698 4141; x_wconf 90' lang='lat' dir='ltr'><strong>non</strong></span> <span class='ocrx_word' id='word_1_771' title='bbox 3746 4089 3945 4157; x_wconf 87' lang='lat' dir='ltr'><strong>arguit,</strong></span> 
     </span>
    </p>
   </div>
   <div class='ocr_carea' id='block_1_103' title="bbox 2357 4183 3948 4256">
    <p class='ocr_par' dir='ltr' id='par_1_103' title="bbox 2357 4183 3948 4256">
     <span class='ocr_line' id='line_1_103' title="bbox 2357 4183 3948 4256; baseline -0.002 -18"><span class='ocrx_word' id='word_1_772' title='bbox 2357 4183 2426 4238; x_wconf 82' lang='lat' dir='ltr'><strong>Et</strong></span> <span class='ocrx_word' id='word_1_773' title='bbox 2480 4185 2800 4236; x_wconf 81' lang='lat' dir='ltr'><strong>dominentur</strong></span> <span class='ocrx_word' id='word_1_774' title='bbox 2851 4183 3190 4235; x_wconf 81' lang='lat' dir='ltr'><strong>animantibus</strong></span> <span class='ocrx_word' id='word_1_775' title='bbox 3249 4183 3948 4256; x_wconf 71' lang='lat' dir='ltr'><strong>tcrrw(lb.v.‘£8):neqnc</strong></span> 
     </span>
    </p>
   </div>
   <div class='ocr_carea' id='block_1_104' title="bbox 2356 4274 3945 4345">
    <p class='ocr_par' dir='ltr' id='par_1_104' title="bbox 2356 4274 3945 4345">
     <span class='ocr_line' id='line_1_104' title="bbox 2356 4274 3945 4345; baseline -0.001 -15"><span class='ocrx_word' id='word_1_776' title='bbox 2356 4276 2498 4330; x_wconf 91' lang='lat' dir='ltr'><strong>enim</strong></span> <span class='ocrx_word' id='word_1_777' title='bbox 2525 4276 2641 4344; x_wconf 84' lang='lat' dir='ltr'><strong>ejus</strong></span> <span class='ocrx_word' id='word_1_778' title='bbox 2670 4277 2757 4345; x_wconf 88' lang='lat' dir='ltr'><strong>qui</strong></span> <span class='ocrx_word' id='word_1_779' title='bbox 2787 4275 2954 4340; x_wconf 89' lang='lat' dir='ltr'><strong>dedit,</strong></span> <span class='ocrx_word' id='word_1_780' title='bbox 2986 4274 3078 4329; x_wconf 90' lang='lat' dir='ltr'><strong>sed</strong></span> <span class='ocrx_word' id='word_1_781' title='bbox 3107 4275 3193 4344; x_wconf 91' lang='lat' dir='ltr'><strong>qui</strong></span> <span class='ocrx_word' id='word_1_782' title='bbox 3227 4275 3430 4342; x_wconf 88' lang='lat' dir='ltr'><strong>accepit</strong></span> <span class='ocrx_word' id='word_1_783' title='bbox 3459 4275 3586 4327; x_wconf 89' lang='lat' dir='ltr'><strong>vitio</strong></span> <span class='ocrx_word' id='word_1_784' title='bbox 3613 4291 3673 4328; x_wconf 91' lang='lat' dir='ltr'><strong>ea</strong></span> <span class='ocrx_word' id='word_1_785' title='bbox 3706 4285 3945 4345; x_wconf 78' lang='lat' dir='ltr'><strong>potestas</strong></span> 
     </span>
    </p>
   </div>
   <div class='ocr_carea' id='block_1_105' title="bbox 2361 4365 3950 4436">
    <p class='ocr_par' dir='ltr' id='par_1_105' title="bbox 2361 4365 3950 4436">
     <span class='ocr_line' id='line_1_105' title="bbox 2361 4365 3950 4436; baseline -0.001 -16"><span class='ocrx_word' id='word_1_786' title='bbox 2361 4368 2585 4436; x_wconf 73' lang='lat' dir='ltr'><strong>prmcisa</strong></span> <span class='ocrx_word' id='word_1_787' title='bbox 2634 4374 2759 4420; x_wconf 90' lang='lat' dir='ltr'><strong>est:</strong></span> <span class='ocrx_word' id='word_1_788' title='bbox 2793 4367 2861 4419; x_wconf 91' lang='lat' dir='ltr'><strong>ita</strong></span> <span class='ocrx_word' id='word_1_789' title='bbox 2900 4380 2999 4419; x_wconf 91' lang='lat' dir='ltr'><strong>nec</strong></span> <span class='ocrx_word' id='word_1_790' title='bbox 3039 4365 3243 4419; x_wconf 70' lang='lat' dir='ltr'><strong>insidim</strong></span> <span class='ocrx_word' id='word_1_791' title='bbox 3274 4380 3392 4435; x_wconf 75' lang='lat' dir='ltr'><strong>qua:</strong></span> <span class='ocrx_word' id='word_1_792' title='bbox 3422 4365 3548 4419; x_wconf 86' lang='lat' dir='ltr'><strong>viris</strong></span> <span class='ocrx_word' id='word_1_793' title='bbox 3587 4365 3654 4417; x_wconf 89' lang='lat' dir='ltr'><strong>ab</strong></span> <span class='ocrx_word' id='word_1_794' title='bbox 3692 4366 3950 4418; x_wconf 75' lang='lat' dir='ltr'><strong>uxoribus</strong></span> 
     </span>
    </p>
   </div>
   <div class='ocr_carea' id='block_1_106' title="bbox 2359 4449 3948 4522">
    <p class='ocr_par' dir='ltr' id='par_1_106' title="bbox 2359 4449 3948 4522">
     <span class='ocr_line' id='line_1_106' title="bbox 2359 4449 3948 4522; baseline -0.003 -10"><span class='ocrx_word' id='word_1_795' title='bbox 2359 4467 2656 4522; x_wconf 87' lang='lat' dir='ltr'><strong>struuntur,</strong></span> <span class='ocrx_word' id='word_1_796' title='bbox 2692 4458 2792 4511; x_wconf 90' lang='lat' dir='ltr'><strong>hoc</strong></span> <span class='ocrx_word' id='word_1_797' title='bbox 2821 4449 3019 4511; x_wconf 81' lang='lat' dir='ltr'><strong>dictum</strong></span> <span class='ocrx_word' id='word_1_798' title='bbox 3050 4456 3387 4521; x_wconf 82' lang='lat' dir='ltr'><strong>labefactant,</strong></span> <span class='ocrx_word' id='word_1_799' title='bbox 3421 4455 3693 4509; x_wconf 87' lang='lat' dir='ltr'><strong>Faciamus</strong></span> <span class='ocrx_word' id='word_1_800' title='bbox 3721 4458 3766 4510; x_wconf 84' lang='lat' dir='ltr'><strong>ei</strong></span> <span class='ocrx_word' id='word_1_801' title='bbox 3788 4458 3948 4522; x_wconf 75' lang='lat' dir='ltr'><strong>adiu-</strong></span> 
     </span>
    </p>
   </div>
   <div class='ocr_carea' id='block_1_107' title="bbox 2362 4548 3948 4617">
    <p class='ocr_par' dir='ltr' id='par_1_107' title="bbox 2362 4548 3948 4617">
     <span class='ocr_line' id='line_1_107' title="bbox 2362 4548 3948 4617; baseline -0.002 -14"><span class='ocrx_word' id='word_1_802' title='bbox 2362 4559 2518 4603; x_wconf 83' lang='lat' dir='ltr'><strong>tarent</strong></span> <span class='ocrx_word' id='word_1_803' title='bbox 2543 4550 2754 4603; x_wconf 82' lang='lat' dir='ltr'><strong>similem</strong></span> <span class='ocrx_word' id='word_1_804' title='bbox 2782 4550 2880 4617; x_wconf 83' lang='lat' dir='ltr'><strong>ipsi</strong></span> <span class='ocrx_word' id='word_1_805' title='bbox 2903 4566 2914 4601; x_wconf 89' lang='lat'>:</span> <span class='ocrx_word' id='word_1_806' title='bbox 2945 4563 3064 4601; x_wconf 91' lang='lat' dir='ltr'><strong>nam</strong></span> <span class='ocrx_word' id='word_1_807' title='bbox 3094 4548 3157 4602; x_wconf 90' lang='lat' dir='ltr'><strong>ad</strong></span> <span class='ocrx_word' id='word_1_808' title='bbox 3192 4548 3290 4602; x_wconf 92' lang='lat' dir='ltr'><strong>hoc</strong></span> <span class='ocrx_word' id='word_1_809' title='bbox 3312 4558 3614 4616; x_wconf 90' lang='lat' dir='ltr'><strong>comparata</strong></span> <span class='ocrx_word' id='word_1_810' title='bbox 3640 4558 3742 4612; x_wconf 89' lang='lat' dir='ltr'><strong>est,</strong></span> <span class='ocrx_word' id='word_1_811' title='bbox 3777 4548 3867 4602; x_wconf 84' lang='lat' dir='ltr'><strong>sed</strong></span> <span class='ocrx_word' id='word_1_812' title='bbox 3892 4549 3948 4601; x_wconf 90' lang='lat' dir='ltr'><strong>in</strong></span> 
     </span>
    </p>
   </div>
   <div class='ocr_carea' id='block_1_108' title="bbox 2362 4621 3951 4710">
    <p class='ocr_par' dir='ltr' id='par_1_108' title="bbox 2362 4621 3951 4710">
     <span class='ocr_line' id='line_1_108' title="bbox 2362 4621 3951 4710; baseline 0 -15"><span class='ocrx_word' id='word_1_813' title='bbox 2362 4657 2426 4695; x_wconf 89' lang='lat' dir='ltr'><strong>eo</strong></span> <span class='ocrx_word' id='word_1_814' title='bbox 2459 4657 2563 4702; x_wconf 86' lang='lat' dir='ltr'><strong>non</strong></span> <span class='ocrx_word' id='word_1_815' title='bbox 2595 4643 2902 4710; x_wconf 90' lang='lat' dir='ltr'><strong>permansit.</strong></span> <span class='ocrx_word' id='word_1_816' title='bbox 2930 4639 3068 4707; x_wconf 87' lang='lat' dir='ltr'><strong>Quin</strong></span> <span class='ocrx_word' id='word_1_817' title='bbox 3113 4639 3240 4693; x_wconf 91' lang='lat' dir='ltr'><strong>illud</strong></span> <span class='ocrx_word' id='word_1_818' title='bbox 3274 4649 3536 4708; x_wconf 82' lang='lat' dir='ltr'><strong>pr:eterca</strong></span> <span class='ocrx_word' id='word_1_819' title='bbox 3582 4639 3758 4695; x_wconf 79' lang='lat' dir='ltr'><strong>afferri</strong></span> <span class='ocrx_word' id='word_1_820' title='bbox 3778 4621 3951 4695; x_wconf 80' lang='lat' dir='ltr'><strong>etiam</strong></span> 
     </span>
    </p>
   </div>
   <div class='ocr_carea' id='block_1_109' title="bbox 2364 4731 3950 4802">
    <p class='ocr_par' dir='ltr' id='par_1_109' title="bbox 2364 4731 3950 4802">
     <span class='ocr_line' id='line_1_109' title="bbox 2364 4731 3950 4802; baseline -0.001 -18"><span class='ocrx_word' id='word_1_821' title='bbox 2364 4742 2730 4800; x_wconf 58' lang='lat' dir='ltr'><strong>posset,,eam</strong></span> <span class='ocrx_word' id='word_1_822' title='bbox 2778 4731 2844 4785; x_wconf 92' lang='lat' dir='ltr'><strong>ad</strong></span> <span class='ocrx_word' id='word_1_823' title='bbox 2895 4733 3174 4802; x_wconf 73' lang='lat' dir='ltr'><strong>prtcsentis</strong></span> <span class='ocrx_word' id='word_1_824' title='bbox 3219 4732 3339 4785; x_wconf 71' lang='lat' dir='ltr'><strong>vita:</strong></span> <span class='ocrx_word' id='word_1_825' title='bbox 3386 4740 3605 4796; x_wconf 89' lang='lat' dir='ltr'><strong>statmn,</strong></span> <span class='ocrx_word' id='word_1_826' title='bbox 3659 4733 3950 4785; x_wconf 87' lang='lat' dir='ltr'><strong>liberorum</strong></span> 
     </span>
    </p>
   </div>
   <div class='ocr_carea' id='block_1_110' title="bbox 2366 4823 3951 4892">
    <p class='ocr_par' dir='ltr' id='par_1_110' title="bbox 2366 4823 3951 4892">
     <span class='ocr_line' id='line_1_110' title="bbox 2366 4823 3951 4892; baseline -0.001 -15"><span class='ocrx_word' id='word_1_827' title='bbox 2366 4825 2827 4892; x_wconf 83' lang='lat' dir='ltr'><strong>procreationem,</strong></span> <span class='ocrx_word' id='word_1_828' title='bbox 2885 4834 3043 4892; x_wconf 90' lang='lat' dir='ltr'><strong>atque</strong></span> <span class='ocrx_word' id='word_1_829' title='bbox 3089 4824 3298 4876; x_wconf 86' lang='lat' dir='ltr'><strong>insitam</strong></span> <span class='ocrx_word' id='word_1_830' title='bbox 3343 4823 3393 4876; x_wconf 92' lang='lat' dir='ltr'><strong>in</strong></span> <span class='ocrx_word' id='word_1_831' title='bbox 3444 4833 3627 4876; x_wconf 89' lang='lat' dir='ltr'><strong>natura</strong></span> <span class='ocrx_word' id='word_1_832' title='bbox 3677 4823 3951 4877; x_wconf 88' lang='lat' dir='ltr'><strong>libidinem</strong></span> 
     </span>
    </p>
   </div>
   <div class='ocr_carea' id='block_1_111' title="bbox 2364 4913 3955 4984">
    <p class='ocr_par' dir='ltr' id='par_1_111' title="bbox 2364 4913 3955 4984">
     <span class='ocr_line' id='line_1_111' title="bbox 2364 4913 3955 4984; baseline -0.001 -16"><span class='ocrx_word' id='word_1_833' title='bbox 2364 4915 2727 4983; x_wconf 87' lang='lat' dir='ltr'><strong>adjumentum</strong></span> <span class='ocrx_word' id='word_1_834' title='bbox 2777 4924 3030 4984; x_wconf 72' lang='lat' dir='ltr'><strong>prrestare</strong></span> <span class='ocrx_word' id='word_1_835' title='bbox 3074 4914 3210 4968; x_wconf 91' lang='lat' dir='ltr'><strong>:scd</strong></span> <span class='ocrx_word' id='word_1_836' title='bbox 3261 4929 3381 4967; x_wconf 91' lang='lat' dir='ltr'><strong>cum</strong></span> <span class='ocrx_word' id='word_1_837' title='bbox 3431 4923 3484 4968; x_wconf 91' lang='lat' dir='ltr'><strong>et</strong></span> <span class='ocrx_word' id='word_1_838' title='bbox 3531 4915 3651 4967; x_wconf 77' lang='lat' dir='ltr'><strong>vita:</strong></span> <span class='ocrx_word' id='word_1_839' title='bbox 3685 4913 3858 4982; x_wconf 90' lang='lat' dir='ltr'><strong>hujus,</strong></span> <span class='ocrx_word' id='word_1_840' title='bbox 3897 4923 3955 4968; x_wconf 92' lang='lat' dir='ltr'><strong>et</strong></span> 
     </span>
    </p>
   </div>
   <div class='ocr_carea' id='block_1_112' title="bbox 2367 5005 3954 5076">
    <p class='ocr_par' dir='ltr' id='par_1_112' title="bbox 2367 5005 3954 5076">
     <span class='ocr_line' id='line_1_112' title="bbox 2367 5005 3954 5076; baseline -0.002 -15"><span class='ocrx_word' id='word_1_841' title='bbox 2367 5007 2568 5061; x_wconf 83' lang='lat' dir='ltr'><strong>sobolis</strong></span> <span class='ocrx_word' id='word_1_842' title='bbox 2615 5006 2993 5076; x_wconf 52' lang='lat' dir='ltr'><strong>procreanda,</strong></span> <span class='ocrx_word' id='word_1_843' title='bbox 3045 5015 3096 5060; x_wconf 91' lang='lat' dir='ltr'><strong>et</strong></span> <span class='ocrx_word' id='word_1_844' title='bbox 3152 5005 3384 5059; x_wconf 88' lang='lat' dir='ltr'><strong>libidinis</strong></span> <span class='ocrx_word' id='word_1_845' title='bbox 3442 5005 3695 5074; x_wconf 85' lang='lat' dir='ltr'><strong>deinceps</strong></span> <span class='ocrx_word' id='word_1_846' title='bbox 3745 5015 3954 5071; x_wconf 86' lang='lat' dir='ltr'><strong>tempus</strong></span> 
     </span>
    </p>
   </div>
   <div class='ocr_carea' id='block_1_113' title="bbox 2368 5093 3955 5166">
    <p class='ocr_par' dir='ltr' id='par_1_113' title="bbox 2368 5093 3955 5166">
     <span class='ocr_line' id='line_1_113' title="bbox 2368 5093 3955 5166; baseline -0.003 -15"><span class='ocrx_word' id='word_1_847' title='bbox 2368 5113 2472 5151; x_wconf 91' lang='lat' dir='ltr'><strong>non</strong></span> <span class='ocrx_word' id='word_1_848' title='bbox 2505 5099 2590 5162; x_wconf 83' lang='lat' dir='ltr'><strong>sit,</strong></span> <span class='ocrx_word' id='word_1_849' title='bbox 2621 5096 2743 5166; x_wconf 89' lang='lat' dir='ltr'><strong>quid</strong></span> <span class='ocrx_word' id='word_1_850' title='bbox 2784 5095 2912 5149; x_wconf 88' lang='lat' dir='ltr'><strong>mihi</strong></span> <span class='ocrx_word' id='word_1_851' title='bbox 2963 5097 3076 5164; x_wconf 83' lang='lat' dir='ltr'><strong>ejus</strong></span> <span class='ocrx_word' id='word_1_852' title='bbox 3111 5095 3247 5150; x_wconf 89' lang='lat' dir='ltr'><strong>hanc</strong></span> <span class='ocrx_word' id='word_1_853' title='bbox 3293 5096 3341 5148; x_wconf 93' lang='lat' dir='ltr'><strong>in</strong></span> <span class='ocrx_word' id='word_1_854' title='bbox 3383 5100 3590 5165; x_wconf 84' lang='lat' dir='ltr'><strong>partem</strong></span> <span class='ocrx_word' id='word_1_855' title='bbox 3641 5093 3955 5162; x_wconf 84' lang='lat' dir='ltr'><strong>adjutrieem</strong></span> 
     </span>
    </p>
   </div>
   <div class='ocr_carea' id='block_1_114' title="bbox 2370 5187 3957 5258">
    <p class='ocr_par' dir='ltr' id='par_1_114' title="bbox 2370 5187 3957 5258">
     <span class='ocr_line' id='line_1_114' title="bbox 2370 5187 3957 5258; baseline -0.002 -17"><span class='ocrx_word' id='word_1_856' title='bbox 2370 5188 2558 5242; x_wconf 90' lang='lat' dir='ltr'><strong>frustra</strong></span> <span class='ocrx_word' id='word_1_857' title='bbox 2606 5189 2902 5242; x_wconf 77' lang='lat' dir='ltr'><strong>memoras?</strong></span> <span class='ocrx_word' id='word_1_858' title='bbox 2938 5187 3068 5242; x_wconf 85' lang='lat' dir='ltr'><strong>Nam</strong></span> <span class='ocrx_word' id='word_1_859' title='bbox 3103 5204 3217 5258; x_wconf 78' lang='lat' dir='ltr'><strong>qua:</strong></span> <span class='ocrx_word' id='word_1_860' title='bbox 3261 5187 3324 5239; x_wconf 93' lang='lat' dir='ltr'><strong>ad</strong></span> <span class='ocrx_word' id='word_1_861' title='bbox 3371 5187 3587 5244; x_wconf 85' lang='lat' dir='ltr'><strong>minima</strong></span> <span class='ocrx_word' id='word_1_862' title='bbox 3629 5187 3795 5240; x_wconf 92' lang='lat' dir='ltr'><strong>solum</strong></span> <span class='ocrx_word' id='word_1_863' title='bbox 3837 5187 3957 5241; x_wconf 88' lang='lat' dir='ltr'><strong>usui</strong></span> 
     </span>
    </p>
   </div>
   <div class='ocr_carea' id='block_1_115' title="bbox 2369 5267 3959 5351">
    <p class='ocr_par' dir='ltr' id='par_1_115' title="bbox 2369 5267 3959 5351">
     <span class='ocr_line' id='line_1_115' title="bbox 2369 5267 3959 5351; baseline -0.003 -16"><span class='ocrx_word' id='word_1_864' title='bbox 2369 5282 2456 5347; x_wconf 87' lang='lat' dir='ltr'><strong>sit,</strong></span> <span class='ocrx_word' id='word_1_865' title='bbox 2497 5267 2612 5337; x_wconf 86' lang='lat' dir='ltr'><strong>eam</strong></span> <span class='ocrx_word' id='word_1_866' title='bbox 2656 5283 2697 5336; x_wconf 93' lang='lat' dir='ltr'><strong>si</strong></span> <span class='ocrx_word' id='word_1_867' title='bbox 2748 5282 2811 5335; x_wconf 91' lang='lat' dir='ltr'><strong>ad</strong></span> <span class='ocrx_word' id='word_1_868' title='bbox 2857 5297 3044 5351; x_wconf 83' lang='lat' dir='ltr'><strong>magna</strong></span> <span class='ocrx_word' id='word_1_869' title='bbox 3090 5282 3286 5334; x_wconf 92' lang='lat' dir='ltr'><strong>sociam</strong></span> <span class='ocrx_word' id='word_1_870' title='bbox 3325 5279 3596 5346; x_wconf 74' lang='lat' dir='ltr'><strong>adhibeat,</strong></span> <span class='ocrx_word' id='word_1_871' title='bbox 3645 5294 3748 5332; x_wconf 91' lang='lat' dir='ltr'><strong>non</strong></span> <span class='ocrx_word' id='word_1_872' title='bbox 3795 5279 3959 5332; x_wconf 90' lang='lat' dir='ltr'><strong>modo</strong></span> 
     </span>
    </p>
   </div>
   <div class='ocr_carea' id='block_1_116' title="bbox 2370 5369 3612 5443">
    <p class='ocr_par' dir='ltr' id='par_1_116' title="bbox 2370 5369 3612 5443">
     <span class='ocr_line' id='line_1_116' title="bbox 2370 5369 3612 5443; baseline -0.002 -19"><span class='ocrx_word' id='word_1_873' title='bbox 2370 5373 2499 5426; x_wconf 90' lang='lat' dir='ltr'><strong>nihil</strong></span> <span class='ocrx_word' id='word_1_874' title='bbox 2527 5373 2782 5443; x_wconf 80' lang='lat' dir='ltr'><strong>proficiet,</strong></span> <span class='ocrx_word' id='word_1_875' title='bbox 2807 5373 2896 5426; x_wconf 87' lang='lat' dir='ltr'><strong>sed</strong></span> <span class='ocrx_word' id='word_1_876' title='bbox 2925 5375 3083 5426; x_wconf 87' lang='lat' dir='ltr'><strong>etiam</strong></span> <span class='ocrx_word' id='word_1_877' title='bbox 3105 5372 3246 5425; x_wconf 91' lang='lat' dir='ltr'><strong>curis</strong></span> <span class='ocrx_word' id='word_1_878' title='bbox 3275 5369 3612 5437; x_wconf 86' lang='lat' dir='ltr'><strong>impcdietur.</strong></span> 
     </span>
    </p>
   </div>
   <div class='ocr_carea' id='block_1_117' title="bbox 2445 5463 3959 5532">
    <p class='ocr_par' dir='ltr' id='par_1_117' title="bbox 2445 5463 3959 5532">
     <span class='ocr_line' id='line_1_117' title="bbox 2445 5463 3959 5532; baseline -0.006 -11"><span class='ocrx_word' id='word_1_879' title='bbox 2445 5467 2649 5522; x_wconf 69' lang='lat' dir='ltr'><strong>XLVII.</strong></span> <span class='ocrx_word' id='word_1_880' title='bbox 2695 5467 2958 5531; x_wconf 84' lang='lat' dir='ltr'><strong>Quomodo</strong></span> <span class='ocrx_word' id='word_1_881' title='bbox 2989 5466 3150 5518; x_wconf 80' lang='lat' dir='ltr'><strong>virum</strong></span> <span class='ocrx_word' id='word_1_882' title='bbox 3190 5464 3391 5532; x_wconf 84' lang='lat' dir='ltr'><strong>adjuvet</strong></span> <span class='ocrx_word' id='word_1_883' title='bbox 3421 5479 3549 5516; x_wconf 79' lang='lat' dir='ltr'><strong>uxor</strong></span> <span class='ocrx_word' id='word_1_884' title='bbox 3577 5465 3628 5514; x_wconf 85' lang='lat' dir='ltr'><strong>in</strong></span> <span class='ocrx_word' id='word_1_885' title='bbox 3671 5463 3959 5531; x_wconf 79' lang='lat' dir='ltr'><strong>spirituali-</strong></span> 
     </span>
    </p>
   </div>
   <div class='ocr_carea' id='block_1_118' title="bbox 2371 5558 3964 5631">
    <p class='ocr_par' dir='ltr' id='par_1_118' title="bbox 2371 5558 3964 5631">
     <span class='ocr_line' id='line_1_118' title="bbox 2371 5558 3964 5631; baseline -0.004 -15"><span class='ocrx_word' id='word_1_886' title='bbox 2371 5561 2728 5628; x_wconf 86' lang='lat' dir='ltr'><strong>bus.—-Quid</strong></span> <span class='ocrx_word' id='word_1_887' title='bbox 2757 5563 2932 5631; x_wconf 86' lang='lat' dir='ltr'><strong>igitur,</strong></span> <span class='ocrx_word' id='word_1_888' title='bbox 2983 5561 3173 5629; x_wconf 90' lang='lat' dir='ltr'><strong>inquit,</strong></span> <span class='ocrx_word' id='word_1_889' title='bbox 3216 5558 3282 5612; x_wconf 86' lang='lat' dir='ltr'><strong>ad</strong></span> <span class='ocrx_word' id='word_1_890' title='bbox 3324 5558 3542 5612; x_wconf 85' lang='lat' dir='ltr'><strong>Paulum</strong></span> <span class='ocrx_word' id='word_1_891' title='bbox 3583 5558 3844 5623; x_wconf 89' lang='lat' dir='ltr'><strong>dicemus,</strong></span> <span class='ocrx_word' id='word_1_892' title='bbox 3873 5571 3964 5610; x_wconf 76' lang='lat' dir='ltr'><strong>cu-</strong></span> 
     </span>
    </p>
   </div>
   <div class='ocr_carea' id='block_1_119' title="bbox 2367 5649 3962 5722">
    <p class='ocr_par' dir='ltr' id='par_1_119' title="bbox 2367 5649 3962 5722">
     <span class='ocr_line' id='line_1_119' title="bbox 2367 5649 3962 5722; baseline -0.004 -15"><span class='ocrx_word' id='word_1_893' title='bbox 2367 5654 2456 5722; x_wconf 90' lang='lat' dir='ltr'><strong>jus</strong></span> <span class='ocrx_word' id='word_1_894' title='bbox 2496 5653 2653 5706; x_wconf 80' lang='lat' dir='ltr'><strong>verha</strong></span> <span class='ocrx_word' id='word_1_895' title='bbox 2697 5651 2813 5704; x_wconf 76' lang='lat' dir='ltr'><strong>htec</strong></span> <span class='ocrx_word' id='word_1_896' title='bbox 2853 5660 2973 5704; x_wconf 90' lang='lat' dir='ltr'><strong>sunt</strong></span> <span class='ocrx_word' id='word_1_897' title='bbox 3001 5669 3014 5704; x_wconf 89' lang='lat'><strong>:</strong></span> <span class='ocrx_word' id='word_1_898' title='bbox 3045 5649 3143 5716; x_wconf 85' lang='lat' dir='ltr'><strong>Qui</strong></span> <span class='ocrx_word' id='word_1_899' title='bbox 3171 5650 3286 5714; x_wconf 87' lang='lat' dir='ltr'><strong>scis,</strong></span> <span class='ocrx_word' id='word_1_900' title='bbox 3321 5649 3521 5715; x_wconf 87' lang='lat' dir='ltr'><strong>mulier,</strong></span> <span class='ocrx_word' id='word_1_901' title='bbox 3563 5649 3608 5703; x_wconf 81' lang='lat' dir='ltr'><strong>si</strong></span> <span class='ocrx_word' id='word_1_902' title='bbox 3651 5649 3812 5701; x_wconf 82' lang='lat' dir='ltr'><strong>virum</strong></span> <span class='ocrx_word' id='word_1_903' title='bbox 3851 5649 3962 5700; x_wconf 86' lang='lat' dir='ltr'><strong>sal-</strong></span> 
     </span>
    </p>
   </div>
   <div class='ocr_carea' id='block_1_120' title="bbox 2435 5743 3964 5874">
    <p class='ocr_par' dir='ltr' id='par_1_120' title="bbox 2435 5743 3964 5874">
     <span class='ocr_line' id='line_1_120' title="bbox 2435 5743 3964 5874; baseline -0.001 -63"><span class='ocrx_word' id='word_1_904' title='bbox 2435 5767 2452 5796; x_wconf 84' lang='grc'>¹</span> <span class='ocrx_word' id='word_1_905' title='bbox 2490 5763 2810 5874; x_wconf 64' lang='lat' dir='ltr'><strong>Illiclqumdam</strong></span> <span class='ocrx_word' id='word_1_906' title='bbox 2847 5763 3024 5813; x_wconf 86' lang='lat' dir='ltr'><strong>desunt</strong></span> <span class='ocrx_word' id='word_1_907' title='bbox 3059 5764 3108 5813; x_wconf 88' lang='lat' dir='ltr'><strong>in</strong></span> <span class='ocrx_word' id='word_1_908' title='bbox 3144 5743 3308 5811; x_wconf 67' lang='lat' dir='ltr'><strong>liorel.</strong></span> <span class='ocrx_word' id='word_1_909' title='bbox 3333 5772 3442 5822; x_wconf 72' lang='lat' dir='ltr'><strong>quae</strong></span> <span class='ocrx_word' id='word_1_910' title='bbox 3484 5774 3545 5809; x_wconf 78' lang='lat' dir='ltr'><strong>ex</strong></span> <span class='ocrx_word' id='word_1_911' title='bbox 3573 5767 3689 5823; x_wconf 79' lang='lat' dir='ltr'><strong>Reg.</strong></span> <span class='ocrx_word' id='word_1_912' title='bbox 3730 5770 3781 5811; x_wconf 87' lang='lat' dir='ltr'><strong>et</strong></span> <span class='ocrx_word' id='word_1_913' title='bbox 3821 5761 3964 5810; x_wconf 84' lang='lat' dir='ltr'><strong>savtl.</strong></span> 
     </span>
     <span class='ocr_line' id='line_1_121' title="bbox 2435 5839 2657 5874; baseline -0.005 0"><span class='ocrx_word' id='word_1_914' title='bbox 2435 5842 2491 5874; x_wconf 81' lang='lat' dir='ltr'><strong>ni.</strong></span> <span class='ocrx_word' id='word_1_915' title='bbox 2517 5840 2576 5874; x_wconf 89' lang='lat' dir='ltr'><strong>en</strong></span> <span class='ocrx_word' id='word_1_916' title='bbox 2602 5839 2657 5873; x_wconf 92' lang='lat' dir='ltr'><strong>ur</strong></span> 
     </span>
    </p>
   </div>
   <div class='ocr_carea' id='block_1_121' title="bbox 2372 5839 2657 5889">
    <p class='ocr_par' dir='ltr' id='par_1_121' title="bbox 2372 5839 2657 5889">
     <span class='ocr_line' id='line_1_122' title="bbox 2372 5839 2657 5889; baseline -0.014 -12"><span class='ocrx_word' id='word_1_917' title='bbox 2372 5839 2657 5889; x_wconf 60' lang='lat' dir='ltr'><strong>supplentur</strong></span> 
     </span>
    </p>
   </div>
  </div>
