4206 6324
245 380 344 434 567

252 501 391 557 κατὰ
429 497 529 569 τὴν
567 496 753 549 οἰκίαν
789 493 848 547 δέ
875 493 926 546 εῐ
953 508 1037 554 τις
1080 488 1353 554 ἐξετάσειε
1374 527 1387 549 ,
1414 485 1512 554 τῆς
1546 481 1713 550 αὐτῆς
1744 476 1841 533 καὶ

249 595 489 655 πλείονος
513 588 805 651 δυσκολίας
829 577 1049 658 εὑρήσει
1074 583 1312 653 γέμοντα
1343 577 1434 631 διὰ
1465 569 1558 646 τὴν
1581 574 1834 643 γυναῖκα⁹

251 687 418 740 πολλὰ
438 685 548 756 γὰρ
569 683 785 752 ἀνάγκη
809 679 1079 750 μεριμνᾷν
1107 677 1198 729 καί
1230 674 1370 744 ὑπὲρ
1400 661 1719 733 πολλῶν,ῶν
1743 666 1844 718 οὐκ

249 773 321 833 ἂν
341 775 537 845 ἐδεήθη
564 771 688 826 καθ’
715 770 910 824 ἐαυτὸν
935 767 1012 820 ῶν
1040 768 1068 819 6
1093 766 1254 836 ἀνὴρ,
1274 761 1563 817 καὶταῦτα
1588 759 1684 830 μὲν
1713 759 1845 810 ὅταν

251 867 455 936 κοσμία
479 860 620 936 τις
645 862 742 916 καὶ
767 856 1018 928 ἐπιεικὴς
1046 859 1094 926 ὴ·
1113 856 1272 927 γυνή·
1303 848 1369 903 ἂν
1393 852 1450 906 δὲ
1478 848 1728 921 μοχθηρὰ
1753 847 1848 900 καὶ

251 958 500 1030 ἐπαχθὴς
519 958 619 1010 καὶ
639 954 1038 1024 δυσανάσχετος
1061 961 1110 1014 ι,
1129 945 1315 1001 οὐκέτι
1339 944 1498 1017 μόνον
1518 941 1763 1025 ἀνάγκην
1787 939 1848 992 τὸ

253 1021 490 1124 «τρεῖςμᾷ
518 1049 857 1117 καλέσομεν,
884 1021 1024 1098 ἀλλὰ
1052 1041 1147 1096 καὶ
1172 1037 1446 1111 τιμωρίαν
1475 1021 1570 1088 καὶ
1601 1033 1844 1088 κόλασιν.

251 1145 378 1208 Πῶς
399 1139 493 1196 οὖν
522 1141 817 1210 δυνήσεται
839 1137 938 1208 τὴν
959 1134 1051 1188 ἐπὶ
1075 1133 1163 1186 τὸν
1184 1129 1414 1202 οὐρανὸν
1439 1125 1676 1195 βαδίζειν
1705 1124 1845 1186 ὁδὸν,

250 1240 352 1310 τὴν
380 1236 622 1290 εύλύτων
652 1235 748 1288 καὶ
776 1229 995 1300 κούφων
1022 1225 1285 1301 δεομένην
1314 1220 1512 1284 ποδῶν,
1545 1218 1640 1272 καὶ
1669 1216 1847 1286 ψυχῆς

214 1367 216 1370 ν
248 1331 498 1396 εὐζώνου
536 1327 633 1382 καὶ
673 1320 998 1386 εὐσταλοῦς,
1035 1316 1286 1372 τοσοῦτον
1325 1313 1464 1383 ἔχων
1497 1309 1845 1378 ἐπικείμενον

253 1421 603 1495 πραγμάτων
646 1417 844 1486 ὄγκον,
895 1412 1186 1473 τοσαύταις
1235 1404 1616 1474 συνδεδεμένος
1656 1400 1846 1462 πέδαις

251 1494 350 1570 καὶ
374 1513 466 1568 διά
492 1511 752 1580 τοιαύτης
783 1506 1026 1568 ἁλύσεως
1071 1503 1363 1573 ἑλκόμενος
1398 1499 1546 1553 κάτω
1582 1494 1842 1565 συνεχῶς,

250 1609 356 1679 τῆς
394 1603 662 1673 πονηρίας
692 1600 837 1668 λέγω
863 1598 964 1664 τῆς
988 1594 1242 1665 γυναικός
1263 1610 1289 1657 ζ’

328 1695 465 1748 ME’.
483 1691 645 1745 Ἀλλά
664 1690 748 1752 τίς
763 1691 791 1742 6
810 1686 970 1755 σοφὸς
985 1684 1093 1738 τῶν
1112 1681 1322 1736 πολλῶν
1336 1680 1511 1748 λόγος,
1527 1678 1656 1730 ὅταν
1676 1674 1847 1729 ταῦτα

254 1791 477 1842 ᾶπαντα
519 1785 704 1846 αὐτοῖς
727 1778 1082 1848 διεξέλθωμεν
1095 1777 1146 1840 b;
1177 1774 1385 1829 Οὐκοῦν
1429 1770 1664 1832 πλείονος
1699 1767 1849 1833 ἄξιος

253 1881 410 1932 ἔσται
437 1877 628 1946 τιμῆς.
662 1873 848 1943 φησὶν,
888 1872 917 1923 6
941 1889 944 1891 λ
966 1868 1101 1938 μετά
1141 1865 1412 1935 τοσαύτης
1437 1862 1684 1931 ἀνάγκης
1719 1876 1851 1912 κατ-

252 1969 456 2044 ορθῶν.
505 1969 661 2030 Τίνος
694 1965 910 2027 ἕνεκεν,
949 1955 995 2014 ὧ
1027 1958 1301 2030 βέλτιστε,
1345 1955 1440 2008 καὶ
1472 1953 1562 2006 διὰ
1605 1950 1658 2004 τί
1681 1966 1694 2015 ;
1717 1950 1851 2003 ·”οτι

255 2042 485 2116 πλείονα
529 2060 733 2132 μόχθον
753 2097 768 2123 ,
801 2056 998 2125 φησιν,
1030 2052 1327 2124 ῥφίσταται
1371 2047 1478 2101 ἀπὸ
1508 2043 1602 2097 τοῦ
1645 2042 1849 2113 γάμου.

255 2156 372 2210 Καὶ
394 2154 476 2217 τίς
508 2152 672 2206 αὐτὸν
695 2146 1053 2216 ἀναδέξασθαι
1075 2138 1295 2214 φορτίον
1320 2138 1575 2193 τοσοῦτον
1604 2134 1852 2204 ἠνάγκα-

258 2247 384 2311 ζεν;
421 2247 470 2299 εἰ
503 2245 601 2317 μὲν
638 2242 745 2315 γὰρ
775 2239 994 2310 ἐντολὴν
1020 2237 1261 2307 ἐπλήρου
1295 2231 1520 2302 γαμῶν,
1551 2228 1646 2283 καὶ
1685 2227 1853 2297 νόμου

257 2338 577 2411 παράϐασις
605 2333 674 2408 ἦν
709 2334 772 2388 τὸ
801 2333 875 2405 μὴ
902 2332 1122 2403 γαμεῖν,
1154 2327 1512 2398 εὐπρόσωπος
1535 2317 1741 2384 οὗτοςού
1762 2319 1856 2394 λό-

194 2477 201 2483 .
257 2449 359 2501 γος
381 2428 471 2502 ἦν·
498 2431 548 2483 εί
573 2430 630 2482 δὲ
657 2428 845 2499 κύριος
870 2425 943 2478 ῶν
963 2425 1056 2477 τοῦ
1082 2421 1157 2493 μὴ
1182 2421 1271 2475 τὸν
1296 2419 1458 2487 ζυγὸν
1483 2414 1737 2470 ὑπελθεῖν
1761 2412 1855 2465 τοῦ

256 2523 465 2593 γάμου,
495 2520 661 2580 ἐκὼν,
687 2516 1085 2586 ἀναγκάζοντος
1110 2511 1343 2574 οὐδενὸς,
1371 2506 1658 2570 δυσκολίας
1679 2503 1857 2574 ἐαυτῷ

259 2614 571 2683 περιθεῖναι
617 2611 885 2672 τοσαύτας
909 2606 1230 2677 ἠθέλησεν,
1267 2603 1411 2656 ῶστε
1453 2597 1856 2669 ἐπαχθέστερον

259 2682 416 2772 αὐτῷ
444 2699 703 2770 γενέσθαι
749 2696 844 2766 τῆς
876 2695 1078 2766 ἀρετῆς
1121 2693 1212 2746 τὸν
1248 2689 1456 2757 ἀγῶνα,
1503 2686 1656 2740 οὐδὲν
1699 2682 1858 2736 τοῦτο

259 2795 408 2866 πρὸς
440 2794 532 2846 τὸν
564 2789 927 2860 ἀγωνοθέτην·
965 2785 1128 2846 αὐτὸς
1153 2783 1262 2854 γὰρ
1307 2782 1364 2836 ἓν
1393 2780 1554 2851 μόνον
1594 2775 1860 2842 ἐπέταξεν

261 2887 485 2947 ἁνύσαι,
510 2885 599 2937 τὸν
626 2882 770 2936 κατὰ
792 2878 886 2933 τοῦ
913 2877 1160 2932 διαϐόλου
1190 2875 1447 2945 πόλεμον,
1470 2871 1566 2925 καὶ
1593 2869 1693 2939 τὴν
1717 2867 1859 2921 κατά

261 2980 368 3048 τῆς
390 2976 592 3038 κακίας
620 2975 778 3044 νίκην
812 2970 994 3024 λαϐεῖν
1014 2987 1028 3000 ο
1064 2969 1176 3020 εἴτε
1208 2966 1263 3019 δέ
1293 2963 1487 3036 γαμῶν
1516 2963 1610 3017 καὶ
1637 2959 1860 3032 τρυφῶν

264 3072 364 3123 καὶ
398 3067 571 3121 πολλά
603 3063 880 3137 μεριμνῶν
908 3080 991 3126 τις
1029 3059 1181 3113 ἀνύοι
1208 3058 1396 3123 τοῦτο,
1435 3056 1545 3109 εἴτε
1584 3053 1861 3124 ἀσκούμε-

262 3181 360 3226 νος
397 3163 494 3215 καὶ
522 3157 907 3228 ταλαιπωρῶν,
937 3155 1030 3209 καὶ
1061 3152 1197 3226 μετά
1226 3151 1318 3204 τοῦ
1352 3149 1517 3220 μηδὲν
1547 3136 1736 3218 ἕτερον
1767 3163 1864 3215 με·

265 3257 495 3326 ριμνᾷν,
518 3253 671 3307 οὐδὲν
687 3249 838 3321 αὑτῷ
865 3248 1056 3302 τούτου
1085 3244 1238 3316 μέλει
1260 3242 1466 3296 λοιπόν.
1500 3239 1603 3292 Τὸν
1632 3238 1730 3308 μὲν
1753 3237 1863 3307 γὰρ

263 3348 473 3418 τρόπον
498 3345 600 3414 τῆς
631 3343 810 3411 νίκης,
839 3341 933 3394 καὶ
958 3339 1058 3410 τὴν
1094 3336 1186 3391 ἐπὶ
1215 3334 1277 3386 τὸ
1300 3332 1560 3403 τρόπαιον
1590 3328 1864 3400 φέρουσαν

261 3440 388 3492 ὁδὸν
407 3437 568 3499 αὐτὸς
586 3434 800 3502 ἐκείνην
827 3428 964 3484 εἷναί
989 3447 1122 3499 φησι
1146 3428 1245 3498 τὴν
1272 3428 1494 3481 πάντων
1513 3419 1866 3491 ἀπηλλαγμέ-

263 3546 371 3598 νην
395 3527 503 3579 τῶν
543 3523 815 3594 βιωτικῶν
835 3539 848 3553 ο
886 3521 1075 3590 ἐπειδὴ
1106 3519 1163 3572 δὲ
1196 3518 1260 3571 σὺ
1312 3516 1448 3588 μετά
1477 3513 1738 3583 γυναικὸς
1769 3513 1865 3566 καὶ

265 3619 480 3672 παίδων
521 3617 615 3668 καὶ
663 3614 769 3667 τῶν
821 3611 1031 3674 τούτοις
1065 3609 1474 3680 ἐπισυρομένων
1529 3604 1866 3675 πραγμάτων

267 3705 671 3781 στρατεύεσθαι
693 3702 870 3773 βούλει
889 3703 982 3754 καὶ
1004 3700 1285 3770 πολεμεῖν,
1309 3697 1384 3760 ὼς
1401 3696 1468 3749 τὰ
1495 3695 1633 3748 αύτά
1652 3691 1866 3745 ἀνύσων

263 3805 504 3865 ἐκείνοις
519 3805 630 3865 τοῖς
646 3800 822 3853 οὐδενὶ
835 3797 1038 3850 τούτων
1062 3794 1555 3866 ἐμπεπλεγμένοις,
1576 3791 1668 3844 καὶ
1685 3790 1785 3843 πλε
1795 3789 1868 3842 ίο-

261 3918 364 3964 νος
390 3899 716 3954 ἀπολαύσων
740 3895 829 3948 διὰ
854 3894 1013 3948 τοῦτο
1038 3892 1315 3962 θαύματος
1331 3932 1345 3955 ,
1377 3890 1472 3944 νῦν
1501 3889 1599 3960 μὲν
1622 3890 1750 3953 ίσως
1773 3889 1868 3942 καὶ

263 3999 486 4067 τῦφονὴ
497 3999 586 4066 μῖν
602 3993 921 4062 ἐγκαλέσεις
937 3989 1199 4053 πολὺν,ἃν
1217 3988 1460 4059 εἴπωμεν
1471 3988 1553 4040 ὅτι
1566 3987 1625 4039 οὐ
1641 3986 1870 4040 δυνατόν

237 4113 336 4148 ,σε
371 4095 506 4166 πρὸς
547 4092 646 4161 τὴν
681 4089 851 4159 αὐτὴν
881 4088 1111 4149 ἐκείνοις
1147 4084 1352 4154 φθάσαι
1387 4084 1661 4154 κορυφήν·
1707 4083 1770 4136 τὸ
1812 4082 1868 4136 δὲ

259 4191 430 4252 τέλος
465 4189 562 4242 καὶ
587 4191 616 4241 ό
635 4187 746 4238 τῶν
791 4183 1066 4252 στεφάνων
1096 4180 1288 4252 καιρὸς
1316 4180 1437 4233 τότε
1470 4195 1528 4232 σε
1557 4179 1737 4231 πείσει
1767 4195 1869 4232 κα-

258 4287 405 4349 λῶς,
431 4287 512 4339 ὅτι
537 4283 718 4360 πολλῷ
754 4282 961 4352 βέλτιον
985 4290 1008 4318 ο
1041 4277 1313 4346 ἀσφάλεια
1338 4267 1650 4344 φιλοτιμίας
1682 4276 1866 4344 κενῆς,

257 4381 376 4435 καὶ
398 4382 646 4450 κρεῖττον
672 4376 749 4446 τῷ
772 4371 992 4444 Χριστῷ
1023 4369 1330 4433 πείθεσθαι,
1363 4368 1395 4438 ἢ
1427 4370 1492 4438 τῇ
1519 4369 1626 4420 τῶν
1648 4367 1870 4421 οίκείων

257 4471 434 4546 [5051
465 4469 785 4540 ματαιότητι
816 4462 1112 4534 λογισμῶν.
1152 4463 1209 4516 'O
1242 4461 1339 4530 μὲν
1361 4459 1469 4531 γὰρ
1495 4459 1727 4530 Χριστὸς
1750 4459 1871 4513 οὐδὲ

253 4543 329 4608 τὸ
367 4557 480 4616 τοῖς
516 4551 739 4613 οἰκείοις
770 4547 1310 4612 ἀποτάξασθαι-πᾶσι
1340 4543 1477 4614 πρὸς
1510 4543 1713 4614 ἀρετὴν
1738 4545 1871 4614 ἡμῖν

257 4653 446 4706 φησιν
465 4636 676 4706 ἀρκεῖν.
699 4632 765 4685 ἂν
790 4631 866 4703 μὴ
893 4631 988 4684 καὶ
1017 4631 1164 4701 ἡμᾶς
1193 4628 1390 4690 αὐτοὺς
1422 4628 1744 4697 μισήσωμεν
1764 4643 1779 4658 ·
1803 4628 1870 4680 σὺ

249 4721 317 4774 δὲ
379 4722 516 4771 πᾶσι
559 4717 774 4778 τούτοις
806 4715 1112 4786 φυρόμενος
1157 4712 1293 4782 ἐφης
1338 4709 1601 4764 δύνασθαι
1649 4725 1874 4780 περιγε-

253 4803 491 4858 νέσθαι.
555 4801 714 4864 ⁹Αλλ’,
768 4802 905 4870 ὅπερ
943 4798 1107 4867 ἔφην,
1141 4797 1266 4848 τότε
1315 4795 1436 4865 εἴσῃ
1494 4793 1712 4860 καλῶς,
1748 4794 1872 4846 ὅσον

254 4889 418 4957 πρὸς
452 4887 652 4955 ἀρετὴν
681 4883 937 4954 ἐμπόδιον
971 4879 1108 4950 γυνὴ
1147 4879 1244 4932 καὶ
1273 4878 1530 4944 γυναικὸς
1568 4877 1869 4947 φροντίδες.

324 4971 391 5024 Μ
401 4971 493 5035 ς’.
510 4969 631 5032 Πῶς
647 4963 761 5028 οὖν,
780 4965 934 5037 φησὶ,
954 4964 1146 5035 βοηθὸν
1163 4962 1333 5033 αὐτὴν
1351 4961 1574 5014 ἐκάλεσε
1592 4963 1690 5031 τὴν
1709 4962 1894 5032 ἐμπο-’

249 5055 566 5117 δίζουσαν;
595 5051 947 5118 Ποιήσωμεν
967 5047 1078 5118 γὰρ
1100 5046 1280 5111 αὐτῷ,
1310 5046 1471 5118 φησίι
1487 5044 1722 5113 ,ϐοηθὸν
1743 5047 1872 5098 κατ’

250 5137 490 5190 αὐτόν.
519 5133 686 5203 Κάγὼ
701 5135 754 5186 δέ
776 5150 836 5185 σε
859 5121 1155 5201 ἐρήσομαι,
1173 5129 1289 5191 πῶς
1316 5109 1510 5199 βοηθὸς
1540 5130 1572 5197 ὴ
1603 5127 1873 5198 τοσαύτης

253 5221 710 5288 ἀποστερήσασα
738 5217 830 5268 τὸν
884 5215 1052 5285 ἄνδρα
1105 5211 1429 5282 ἀσφαλείας,
1479 5212 1704 5282 καὶτῆς
1743 5213 1874 5266 θαυ-

256 5301 501 5374 μαστῆς
537 5302 632 5370 μὲν
667 5299 886 5369 ἐκείνης
915 5296 1222 5351 ἐκϐαλοῦσα
1257 5294 1536 5365 διαγωγῆς
1569 5296 1668 5364 τῆς
1705 5298 1762 5347 ἐν
1795 5296 1874 5366 τῷ

253 5384 615 5457 παραδείσῳ,
651 5385 731 5445 εἰς
768 5381 825 5434 δὲ
865 5379 966 5451 τὴν
1007 5378 1103 5433 τοῦ
1153 5378 1422 5448 παρόντος
1463 5378 1579 5446 βίου
1627 5380 1874 5450 ταραχὴν

252 5466 625 5540 ἐμϐαλούσας
676 5465 848 5518 ταῦτα
885 5464 994 5534 γὰρ
1040 5464 1103 5516 οὐ
1155 5464 1316 5534 μόνον
1362 5463 1422 5514 οὐ
1468 5460 1686 5532 βοηθοῦ,
1738 5464 1872 5518 ἀλλὰ

251 5555 363 5609 καὶ
415 5549 732 5604 ἐπιϐούλου.
781 5549 916 5602 Ἀπὸ
959 5547 1069 5618 γὰρ
1117 5546 1430 5616 γυναικὸς.
1479 5548 1665 5617 φησὶν,
1713 5550 1873 5620 ἀρχὴ

248 5634 591 5708 ἁμαρτίας,
627 5633 726 5686 καὶ
749 5631 840 5692 ,δι’
877 5630 1072 5699 αὐτὴν
1111 5630 1584 5699 ἀποθνήσκομεν
1627 5633 1872 5701 πάντες.

321 5865 348 5889 ⁸
383 5857 522 5917 Reg.
550 5858 882 5913 δυσκάθεκτος.

317 5923 350 5990 ιι
380 5923 522 5990 ljeg.
547 5920 684 5990 λόγος
837 5917 988 5990 ταῦτα
1014 5919 1199 5969 ἅπαντα
1224 5917 1344 5983 ἅπερ
1381 5918 1537 5977 αὐτοῖς
1561 5922 1873 5986 διεξήλθομεν.

320 5989 346 6019 τ
383 5971 766 6041 μειξαςένιῐ.
795 5971 1008 6043 βελτίων.
1321 5971 1329 5983 ”
1527 5971 1537 5977 ’
1643 5971 1684 5980 "
1728 5971 1731 5972 '
1774 5971 1782 5986 ‘

1594 363 1681 416 DE
1718 353 2204 415 VlRGI‘NlTATE..

3429 354 3537 408 568

1954 473 2065 527 Καὶ
2095 476 2124 528 6
2158 476 2430 547 μακάριος
2455 475 2512 528 δὲ
2536 475 2766 540 Παῦλος,
2805 475 3006 545 Ἀδὰμ,
3033 475 3218 545 φησὶν,
3252 474 3364 527 οὐκ
3389 473 3545 542 ἡπα-

1956 555 2131 625 τήθη·
2163 560 2201 626 ἠ
2233 557 2302 611 δὲ
2341 559 2496 629 γυνὴ
2547 559 2924 626 ἁπατηθεῖσα
2960 559 3032 612 ἐν
3073 557 3407 626 παραϐάσει
3441 575 3474 630 '7
3487 555 3543 610 ἐ-

1957 655 2118 706 τονε.
2153 640 2280 704 Πῶς
2317 638 2411 695 οῦν
2448 642 2638 712 βοηθὸς
2667 644 2698 713 ή
2739 643 2817 714 τῷ
2855 642 3072 713 θανάτῳ
3096 641 3188 715 τὸν
3215 641 3386 712 ἄνδρα
3413 641 3536 693 ὑπο-

1957 721 2199 789 τάξασα;
2235 725 2352 788 πῶς
2383 725 2574 796 βοηθὸς
2602 720 2668 780 δι⁴
2700 722 2768 800 ἧς
2799 728 2848 779 οἱ
2879 727 2986 779 υἱοὶ
3016 725 3111 778 τοῦ
3140 724 3299 786 Θεοῦ,
3344 723 3547 794 μᾶλλον

1957 804 2014 857 δὲ
2044 806 2244 870 πάντες
2272 809 2322 860 οί
2345 808 2444 879 τὴν
2471 810 2575 878 γῆν
2603 808 2989 873 κατοικοῦντες
3017 809 3162 872 τότε,
3200 806 3317 879 ἅμα
3336 807 3548 878 θηρίοις

1959 889 2055 942 καὶ
2088 893 2356 955 πετεινοῖς
2383 893 2476 945 καὶ
2500 895 2612 956 τοῖς
2637 892 2818 957 ἀλλοις
2849 893 3022 946 ἀπασι
3065 890 3226 956 ζώοις
3268 888 3545 943 κατακλυ-

1962 974 2179 1038 σθέντες
2198 977 2510 1044 ἀπῶλοντος
2535 977 2646 1046 Ούχ
2674 976 2811 1047 αῦτη
2836 977 2928 1029 τὸν
2951 976 3155 1029 δίκαιον
3180 972 3300 1027 Ἰὼϐ
3325 972 3549 1043 ἔμελλεν

1960 1056 2278 1131 ἀπολλύναι,
2319 1061 2368 1112 εί
2405 1060 2480 1131 μὴ
2517 1061 2722 1131 σφόδρα
2761 1061 2968 1133 ἐκεῖνος
2994 1053 3062 1129 ἦν
3086 1058 3256 1126 ἀνῆρς
3283 1057 3379 1126 οὺχ
3408 1053 3548 1125 αὕτη

1959 1139 2049 1204 τὸν
2097 1142 2336 1212 Σαμψὼν
2369 1144 2689 1208 ἀπώλεσεν;
2728 1143 2789 1195 οὐ
2834 1143 2896 1195 τὸ
2943 1144 3052 1195 πᾶν
3091 1139 3360 1211 Ἐϐραίων
3394 1137 3551 1205 γένος

1957 1225 2094 1292 αὑτὴ
2126 1227 2448 1298 τελεσθῆναι
2477 1228 2555 1300 τῷ
2586 1225 2909 1299 Βεελφεγὼρ
2938 1225 3032 1278 καὶ
3058 1227 3178 1286 ταῖς
3203 1224 3553 1291 συγγενιγαῐς

1959 1312 2336 1381 κατακοπῆναι
2367 1312 2524 1382 χερσὶ
2555 1311 2939 1384 παρεσκεύασε
2964 1327 2978 1375 ;
3015 1307 3118 1360 Τὸν
3141 1307 3198 1360 δὲ
3235 1305 3438 1375 ’Λχαάϐ
3466 1304 3551 1368 τίς

1960 1391 2195 1460 μάλιστα
2225 1394 2304 1464 τῷ
2337 1393 2570 1465 διαϐόλῳ
2605 1395 2916 1466 παρέδωκε,
2953 1394 3048 1445 καὶ
3099 1390 3202 1460 πρὸ
3239 1389 3430 1441 τούτου
3460 1385 3552 1440 τὸν

1957 1475 2281 1545 Σολομῶντα
2314 1478 2454 1547 μετά
2483 1478 2580 1548 τὴν
2620 1478 2822 1548 πολλὴν
2856 1475 3073 1547 ἐκείνην
3103 1473 3297 1542 σοφίαν
3342 1472 3436 1524 καῖ.
3465 1470 3545 1523 εῦ-

1956 1556 2278 1628 δοκίμησιν;
2306 1561 2380 1613 Οὐ
2413 1561 2577 1632 μέχρι
2604 1563 2699 1616 καὶ
2721 1561 2816 1614 νῦν
2846 1560 3019 1614 πολλά
3049 1559 3178 1622 τοὺς
3203 1558 3402 1626 ἄνδρας
3424 1556 3550 1616 τοὺς

1959 1641 2167 1694 ἐαυτῶν
2214 1643 2571 1697 ἀναπείθουσι
2623 1644 2988 1716 προσκρούειν
3016 1644 3094 1714 τῷ
3137 1641 3291 1712 Θεῷ;
3349 1641 3410 1691 ού
3463 1638 3553 1691 διὰ

1958 1723 2118 1776 τοῦτό
2159 1743 2326 1796 φησιν
2373 1729 2402 1780 6
2452 1727 2616 1796 σοφὸς
2663 1728 2870 1790 ἐκεῖνος
2920 1728 3092 1796 ἀνήρ’
3139 1723 3331 1791 Μικρὰ
3382 1721 3556 1777 πᾶσα

1962 1807 2143 1862 κακία
2179 1807 2331 1875 πρὸς
2382 1811 2604 1864 κακίαν
2648 1812 2970 1880 γυναικός-ς
3006 1809 3131 1872 Πῶς
3186 1804 3301 1868 οῦν.
3363 1805 3552 1875 φησὶν,

1963 1885 2115 1942 εἶπεν
2138 1890 2286 1961 αύτῷ
2305 1892 2334 1944 6
2352 1893 2507 1958 Θεὸς,
2540 1892 2895 1963 Ποιήσωμεν
2914 1894 3074 1958 αὐτῷ
3089 1893 3324 1959 ,βοηθὸν
3347 1890 3555 1954 ὅμοιον

1963 1972 2158 2038 abab;
2183 1975 2306 2028 οὐδὲ
2338 1977 2446 2046 γὰρ
2476 1976 2733 2047 ψεύδεται
2765 1979 2793 2030 ὀ
2825 1963 2978 2041 Θεός.
3008 1977 3142 2029 Οὐδὲ
3168 1975 3279 2042 ἐγὼ
3307 1971 3466 2025 τοῦτο
3486 1969 3554 2024 ἀν

1964 2056 2442 2148 εἴποιμ’-ἄπαγε’
2481 2061 2849 2148 ἀὶλςιὲγένετο
2887 2061 2984 2132 μὲν
3016 2059 3110 2111 ἐπὶ
3142 2057 3300 2110 τοῦτο
3335 2056 3429 2109 καὶ
3465 2053 3556 2108 διὰ

1964 2138 2141 2203 τοῦτο,
2176 2141 2276 2194 ούκ
2304 2142 2536 2213 ἠθέλησε
2575 2143 2632 2196 δὲ
2669 2147 2848 2213 μεῖναι
2881 2142 2974 2196 ἐπὶ
3002 2142 3104 2212 τῆς
3137 2142 3345 2203 οἰκείας
3373 2138 3556 2204 ἀξίας,

1965 2222 2217 2306 καθάπερ
2253 2221 2347 2278 οὖν
2372 2225 2492 2279 οὐδὲ
2520 2228 2548 2279 6
2576 2227 2781 2297 ταύτης
2808 2227 2970 2298 ἀνήρ.
3007 2227 3120 2278 Καὶ
3146 2225 3255 2294 γὰρ
3286 2226 3500 2276 ἐκεῖνον
3528 2221 3559 2274 6

1965 2307 2098 2371 Θεὸς
2129 2309 2353 2380 ἐποίησε
2381 2311 2501 2364 κατ’
2530 2311 2714 2364 εἰκόνα
2745 2310 2840 2364 καὶ
2873 2309 3135 2380 ὁμοίωσιν
3172 2308 3271 2379 τὴν
3324 2304 3556 2358 ἐαυτοῦο

1968 2392 2321 2461 Ποιήσωμεν
2343 2395 2472 2465 γὰρ,
2510 2395 2697 2466 φησὶν,
2730 2394 3047 2462 ἄνθρωπον
3073 2394 3199 2445 κατ’
3226 2393 3431 2444 εἰκόνα
3461 2387 3561 2441 καί

1967 2475 2099 2528 καθ’
2119 2477 2405 2544 ὁμοίωσιν
2428 2478 2740 2548 ἡμετέραν,
2768 2478 2956 2546 ὥσπερ
2991 2473 3085 2530 οῦν
3116 2475 3257 2541 εἶπε,
3285 2475 3561 2540 Ποιήσω-

1965 2575 2080 2626 μεν
2112 2557 2274 2624 αὺτῷ
2305 2560 2571 2628 βοηθόνο
2609 2561 2900 2632 γενόμενος
2948 2560 3004 2613 δὲ
3039 2559 3325 2630 ἀμφότερα
3358 2556 3562 2619 εὐθέως

1969 2641 2448 2723 ἀπῶλεσενηοῦτε
2520 2643 2636 2716 γὰρ
2680 2644 2741 2697 τὸ
2797 2644 2922 2697 καθ’
2977 2643 3239 2714 ὁμοίωσιν
3274 2638 3563 2706 ἀὲφύλαξε

1971 2721 2111 2792 (πῶς
2139 2725 2269 2796 γὰρ,
2287 2721 2470 2789 ἐνδοὺς
2494 2727 2765 2798 ἐπιθυμίᾳ
2795 2728 3004 2796 ἀτόπῳ,
3033 2726 3126 2778 καὶ
3159 2724 3346 2796 ἀπάτῃ
3375 2723 3561 2787 ἁλοὺς,

1971 2807 2065 2859 καὶ
2089 2807 2165 2878 μὴ
2197 2812 2477 2880 κρατήσας
2504 2809 2714 2882 ἡδονῆς)
2734 2850 2749 2873 ,
2765 2810 2826 2862 τό
2842 2827 2902 2862 τε
2930 2809 3049 2862 κατ’
3071 2808 3256 2861 εἰκόνα
3287 2807 3378 2860 καὶ
3403 2806 3565 2861 ἄκον-

1969 2908 2061 2954 τος
2093 2893 2342 2965 ἀφῃρέθη
2376 2893 2589 2946 λοιπόν·
2617 2894 2678 2946 οὐ
2707 2893 2815 2964 γὰρ
2849 2893 3044 2965 μικρὸν
3065 2890 3228 2946 αὐτοῦ
3256 2893 3357 2960 τῆς
3386 2888 3565 2959 ἀρχῆς

1972 2976 1999 3025 6
2032 2974 2162 3038 Θεὸς
2193 2976 2497 3046 ὑπετέμετο
2526 2978 2712 3048 μέρος,
2736 2977 2829 3030 τὸν
2853 2977 3080 3050 φοϐερὸν
3106 2975 3280 3030 ἅπασι
3309 2973 3564 3044 καθάπερ

1972 3057 2258 3128 δεσπότην,
2295 3059 2486 3130 ῶσπερ
2519 3060 2738 3131 οἰκέτην
2787 3060 3080 3130 ἀγνώμονα
3116 3057 3258 3130 μετὰ
3299 3057 3362 3110 τὸ
3396 3073 3567 3128 προσ⁴

1974 3141 2202 3212 κροῦσαι
2237 3142 2316 3213 τῷ
2344 3143 2603 3215 δεσπότῃ,
2634 3146 2746 3207 τοῖς
2778 3144 3094 3214 ὁμοδούλοις
3130 3143 3364 3211 ποιήσας
3396 3141 3564 3192 εὐκα-

1974 3226 2332 3296 ταφρόνητον.
2385 3227 2544 3298 Παρά
2579 3227 2679 3299 μὲν
2712 3228 2822 3300 γὰρ
2853 3228 2954 3300 τὴν
2995 3227 3170 3300 ἀρχὴν
3213 3227 3306 3279 καὶ
3331 3227 3444 3286 τοῖς
3472 3223 3569 3293 οη-

1979 3309 2113 3377 ρίοις
2139 3313 2304 3363 πᾶσιν
2330 3310 2590 3378 ἐπίφοϐος
2617 3307 2684 3382 ἦν
2705 3329 2718 3341 ·
2744 3312 2925 3366 πάντα
2947 3313 3056 3383 γὰρ
3081 3311 3220 3383 πρὸς
3243 3309 3404 3362 αὑτὸν
3428 3309 3570 3378 ἤγα-

1974 3408 2071 3461 γεν
2100 3394 2128 3446 6
2163 3392 2314 3456 Θεὸς,
2346 3394 2441 3447 καὶ
2471 3395 2622 3447 οὐδὲν
2655 3395 2805 3466 αὑτῷ
2826 3394 3172 3466 λυμήνασθαι
3200 3393 3319 3446 οὐδὲ
3348 3391 3570 3444 ἐπιϐου-

1975 3474 2165 3528 λεῦσαι
2218 3476 2552 3548 ἐτόλμησεν·
2596 3478 2744 3548 ἐώρα
2794 3478 2902 3548 γὰρ
2953 3481 3010 3532 ἐν
3059 3476 3206 3548 αὐτῷ
3241 3477 3570 3550 λάμπουσαν

1977 3559 2075 3628 τὴν
2103 3559 2289 3612 εἰκόνα
2322 3557 2420 3630 τὴν
2461 3560 2780 3633 βασιλικήνο
2815 3562 3008 3633 ἐπειδὴ
3047 3561 3104 3613 δὲ
3132 3561 3258 3624 τοὺς
3290 3557 3572 3630 χαρακτῆ-

1979 3660 2079 3713 ρας
2112 3643 2351 3706 ἐκείνους
2381 3644 2682 3715 ἠμαύρωσε
2716 3645 2802 3711 διὰ
2849 3647 2949 3716 τῆς
2993 3645 3290 3716 ἁμαρτίας,
3329 3643 3424 3696 καὶ
3459 3641 3572 3694 ἀπὸ

1976 3726 2076 3796 τῆς
2120 3727 2293 3797 ἀρχῆς
2328 3728 2491 3781 αὑτὸν
2523 3730 2739 3799 ἐκείνης
2769 3730 3103 3800 κατήγαγεν.
3143 3729 3351 3797 Ὥσπερ
3385 3721 3478 3778 οῦν
3509 3725 3574 3778 τὸ

1982 3808 2056 3878 μὴ
2093 3811 2310 3863 πάντων
2343 3811 2505 3864 αὐτὸν
2537 3812 2724 3882 ἄρχειν
2754 3813 2863 3866 τῶν
2891 3814 2985 3866 ἐπὶ
3013 3804 3122 3882 τῆς
3144 3813 3271 3881 γῆς,
3306 3811 3422 3864 ἀλλ’
3453 3809 3574 3863 ἔνια

1979 3891 2073 3944 καὶ
2102 3893 2326 3962 τρέμειν
2359 3895 2454 3947 καὶ
2482 3894 2799 3966 δεδοικέναι,
2837 3896 2898 3948 οὑ
2928 3893 3098 3966 ψευδῆ
3129 3897 3274 3947 ποιεῖ
3305 3893 3398 3946 τοῦ
3432 3891 3573 3945 Θεοῦ

1977 3975 2076 4044 τὴν
2097 3975 2371 4044 ἀπόφασιν
2391 3963 2800 4048 τῆν’).έγουσσιν,
2831 3963 3315 4047 Καίὰρχέτωσαν
3331 3975 3451 4029 τῶν
3467 3978 3574 4042 θη·-

1971 4059 2122 4142 ρίων
2143 4058 2252 4142 τῆς
2279 4058 2391 4129 γῆς
2425 4062 2507 4131 (ού
2526 4062 2634 4132 γὰρ
2661 4058 2736 4115 πα
2747 4062 2813 4132 ρὰ
2837 4063 2929 4114 τὸν
2951 4061 3243 4126 δεδωκότα,
3262 4060 3398 4114 ἀλλὰ
3420 4059 3576 4130 παρά

1979 4139 2070 4238 τὸν
2100 4139 2358 4238 εἰληφότα
2421 4145 2521 4215 τῆς
2536 4143 2792 4238 ’ἐξουσίας
2813 4143 3277 4216 ἀκρωτηριασμὸς
3299 4142 3572 4213 γέγονεν)·

1979 4226 2151 4288 οὓτως
2180 4226 2300 4279 οὐδὲ
2329 4228 2385 4280 αί
2411 4229 2560 4300 παρὰ
2584 4228 2693 4283 τῶν
2723 4228 2999 4298 γυναικῶν
3029 4227 3315 4282 ἐπιϐουλαὶ
3348 4228 3426 4290 εἰς
3447 4227 3578 4289 τοὺς

1981 4307 2180 4378 ἄνδρας
2191 4311 2492 4382 γινόμεναι,
2512 4312 2667 4386 [506]
2681 4315 2876 4386 ἐκείνῳ
2887 4314 3117 4385 τῷλόγῳ
3129 4315 3192 4368 λυ
3202 4314 3482 4384 μαίνονται
3497 4311 3577 4382 τῷ

1981 4392 2212 4462 λέγοντι,
2221 4395 2573 4465 Ποιήσωμεν
2585 4396 2744 4463 αὺτῷ
2758 4398 2993 4466 ,βοηθὸν
3005 4398 3134 4452 κατ’
3145 4398 3350 4453 αὐτόν·
3360 4397 3580 4465 ἐγένετο

1986 4477 2086 4545 μὲν
2118 4477 2227 4548 γὰρ
2260 4480 2340 4542 εἰς
2372 4479 2554 4542 τοῦτο,
2585 4480 2685 4534 οὐκ
2711 4481 2892 4552 ἔμεινε
2915 4482 2970 4534 δὲ
3001 4484 3058 4536 ἐν
3083 4481 3277 4553 τούτῳ.
3304 4481 3487 4551 Χωρίς
3519 4477 3578 4532 δὲ

1982 4561 2173 4614 τούτου
2215 4562 2437 4616 κάκεῖνο
2485 4563 2633 4617 ἐστιν
2680 4567 2878 4633 εἰπεῖν,
2923 4566 3007 4620 ὅτι
3048 4567 3144 4619 καὶ
3184 4565 3321 4637 πρὸς
3349 4565 3450 4635 τὴν
3479 4563 3576 4616 τοῦ

1984 4651 2252 4722 παρόντος
2281 4652 2398 4721 βίου
2428 4651 2709 4719 σύστασιν,
2742 4655 2833 4707 καὶ
2865 4654 3001 4726 πρὸς
3026 4655 3235 4709 παίδων
3274 4653 3460 4725 γονὴν,
3483 4653 3580 4706 καὶ

1984 4734 2120 4804 πρὸς
2156 4736 2392 4807 φυσικὴν
2409 4735 2735 4810 ,ἐπιθυμίαν
2771 4737 2870 4809 τὴν
2917 4738 3173 4808 βοήθειαν
3205 4736 3577 4789 ἐπιδείκνυται

1982 4818 2081 4889 τὴν
2126 4818 2328 4886 αὐτῆςο
2375 4818 2503 4872 ὅταν
2536 4819 2593 4872 δὲ
2627 4821 2827 4892 μηκέτι
2877 4816 3132 4895 καιρὸςῇ
3169 4819 3263 4873 τοῦ
3309 4819 3580 4895 παρόντος

1985 4899 2123 4969 βίου,
2171 4901 2307 4971 μηδέ
2353 4902 2719 4968 παιδοποιίας,
2772 4903 2907 4975 μηδὲ
2951 4892 3269 4974 ἐπιθυμίας,
3305 4901 3357 4954 τί
3399 4892 3583 4973 μάτην

1986 4984 2349 5054 μνημονεύεις
2383 4986 2617 5040 ἐνταῦθα
2651 4987 2879 5058 βοηθούς
2917 4989 3030 5059 Τὴν
3068 4988 3178 5058 γὰρ
3225 4988 3282 5038 ἐν
3316 4987 3430 5047 τοῖς
3458 4985 3585 5038 ἐλα-

1982 5066 2188 5136 χίστοις
2232 5068 2672 5142 συλλαμϐάνεινο
2714 5071 3020 5142 δυναμένην
3061 5071 3244 5141 μόνον,
3277 5068 3484 5138 ταύτην
3513 5068 3582 5123 ἄν

1981 5167 2065 5213 τις
2116 5153 2175 5204 ἐν
2224 5156 2337 5216 τοῖς
2385 5155 2644 5224 μεγάλοις
2690 5156 2967 5225 ἐπάγηται
3005 5153 3289 5221 συνεργὸν,
3323 5155 3383 5205 ού
3420 5153 3581 5221 μόνον

1983 5235 2134 5288 οὐδὲν
2157 5235 2388 5306 ὤνησεν,
2412 5237 2548 5291 ἀλλά
2576 5239 2671 5291 καὶ
2704 5239 3053 5291 συνεπόδισεν
3082 5238 3246 5291 αὑτὸν
3272 5241 3390 5301 ταῖς
3418 5237 3582 5307 φρονὲ

1983 5320 2112 5373 τίσι.

1993 5490 2004 5496 Α
2023 5494 2036 5496 Α
2056 5415 2185 5468 MZ'.
2215 5416 2280 5467 Τί
2302 5411 2394 5468 οῦν
2418 5416 2683 5488 ἐροῦμενί
2712 5418 2790 5489 τῷ
2820 5419 3039 5489 Παύλῳ,
3066 5419 3219 5490 φησὶ,
3245 5417 3479 5486 λέγοντι,
3516 5416 3583 5470 Τί

1985 5494 2174 5564 οἶδας,
2205 5501 2403 5567 γύναι,
2439 5504 2492 5554 εί
2539 5503 2646 5555 τὸν
2675 5501 2866 5571 ἄνδρα
2909 5501 3165 5568 σώσεις;
3196 5504 3291 5555 καλ.
3325 5500 3421 5572 τὴν
3452 5501 3584 5570 βοή·-

1986 5582 2138 5634 θειαν
2185 5583 2356 5652 αὐτῆς
2409 5585 2716 5652 ἀναγκαίαν
2766 5586 2862 5638 καὶ
2913 5587 2970 5638 ἐν
3027 5589 3135 5648 τοῖς
3191 5587 3583 5655 πνευματικοῖς

1986 5666 2376 5736 ἀποφαίνοντι;
2415 5669 2524 5722 Καὶ
2556 5669 2666 5737 ἐγὼ
2690 5669 2852 5723 τοῦτο
2893 5671 3260 5742 συνομολογῶ.
3301 5670 3435 5723 Οὑδέ
3474 5669 3583 5740 γὰρ

2050 5863 2076 5901 τί
2111 5865 2260 5914 ςτιγίι.
2283 5866 2337 5914 τὸ
2355 5867 2461 5914 κατ’
2486 5869 2660 5927 εἰκόνα,
2685 5868 2792 5917 ούτε
2817 5872 2870 5917 τὸ
2895 5873 2997 5917 καθ’
3028 5874 3101 5927 ἑτι.

2048 5930 2071 5994 '_
2105 5928 2226 5994 [ἐρα.
2249 5930 2589 5994 συμϐαλέσθαι.
2617 5922 2710 5978 Α’ξίί
2740 5922 3096 5994 συλλαμϐάνειν.

2056 5989 2071 6025 ί
2104 5990 2225 6050 Reg.
2255 5992 2472 6038 clSaul.
2505 5994 2549 6038 in
2581 6005 2730 6047 marg.
2760 5995 2802 6040 τί
2829 5989 2909 6041 οὖν
2937 5995 3056 6050 ἀντεῖ
3078 5995 3218 6038 c-‘mw
