4174 6318
231 476 342 531 509

227 610 346 647 vum
386 596 539 660 {aries
580 591 656 657 (ι.
689 590 802 641 Cor.
836 590 886 641 7.
934 587 1056 653 l6)?
1083 586 1275 654 quique
1315 583 1427 652 ejus
1454 581 1818 649 adjumentum

229 688 396 738 etiam
439 687 493 735 in
529 681 854 749 spiritalibus
900 678 1257 731 necessarium
1286 673 1511 727 censet?
1549 671 1613 725 Et
1646 687 1744 741 ego
1773 670 1824 724 id

230 775 501 827 eontiteor
546 791 558 823 :
607 785 712 823 non
755 770 897 822 enim
949 783 1066 821 eam
1111 766 1179 818 ab
1216 766 1359 818 omni
1411 763 1631 830 Spiritalj
1675 762 1826 830 adju-

227 873 414 917 meuto
442 861 704 924 excludo;
745 861 962 913 minime
991 874 1153 923 vero;
1186 857 1279 912 sed
1323 857 1374 910 in
1422 871 1539 909 eam
1575 863 1827 924 priestare

226 955 373 1014 dico,
412 969 516 1004 non
547 969 666 1005 cum
693 959 905 1005 exercet
936 965 998 1003 ea
1030 965 1148 1018 qua:
1191 946 1514 1000 matrimonii
1553 954 1697 1010 sunt,
1730 945 1826 998 sed

227 1061 352 1097 eum
399 1045 644 1097 muliebri
683 1059 813 1098 sexu
863 1042 1118 1111 prmdita,
1162 1040 1227 1093 ad
1269 1039 1545 1094 beatorum
1588 1039 1826 1091 virorum

226 1136 482 1188 virtutem
522 1135 718 1189 evadit.
749 1135 930 1202 Neque
957 1135 1098 1186 enim
1123 1142 1356 1200 compta,
1389 1132 1634 1194 delicata,
1667 1144 1829 1197 pecu-

226 1228 433 1280 niarios
474 1226 680 1280 reditus
721 1240 751 1278 a
796 1226 908 1278 viro
945 1223 1207 1293 ﬂagitans,
1243 1223 1480 1291 prodiga,
1515 1230 1826 1290 sumptuosa

225 1334 352 1370 cum
382 1319 594 1385 eripere
618 1325 796 1385 queat,
821 1316 918 1370 sed
945 1331 1067 1368 cum
1097 1315 1179 1368 his
1209 1314 1368 1368 rebus
1393 1314 1640 1366 omnibus
1665 1312 1831 1365 subli-

227 1409 392 1471 mior,
440 1407 790 1476 apostolicam
831 1407 884 1460 in
926 1395 985 1460 se
1027 1411 1186 1459 vitam
1237 1405 1510 1472 exprimit,
1563 1417 1827 1455 summam

228 1500 555 1566 probitatem
578 1508 632 1553 et
654 1499 992 1566 modestiam,
1007 1507 1058 1551 et
1078 1497 1417 1566 pecuniarum
1440 1503 1825 1562 contemptum,

225 1602 280 1644 et
317 1593 660 1646 tolerantiam
692 1592 1088 1655 demonstrans,
1121 1590 1194 1643 ita
1237 1604 1359 1642 cum
1397 1587 1616 1642 demum
1657 1601 1828 1654 expu-

224 1697 398 1750 gnare
437 1683 634 1749 poterit
662 1701 674 1735 :
705 1699 826 1736 cmn
863 1683 1008 1736 'dicet
1034 1699 1048 1734 :
1081 1681 1333 1733 Alimenta
1363 1687 1514 1747 atque
1545 1687 1828 1748 tegumenta

227 1775 496 1839 habentes,
528 1775 590 1826 iis
611 1775 829 1826 contenti
855 1789 1031 1828 sumus
1065 1773 1142 1841 (Ι.
1173 1771 1308 1824 Tim.
1341 1770 1393 1824 6.
1429 1770 1483 1839 8)
1518 1787 1530 1821 :
1564 1784 1685 1823 cum
1717 1767 1830 1821 ha-c

228 1865 393 1918 rebus
434 1865 564 1933 ipsis
608 1866 919 1930 meditatur,
958 1880 1021 1918 ac
1059 1863 1391 1932 corporalem
1438 1869 1664 1914 mortent
1707 1860 1830 1913 irri-

223 1957 388 2019 dens,
436 1958 598 2020 vitam
631 1957 771 2010 hanc
797 1959 1113 2024 prmseut’em
1163 1954 1292 2006 nihil
1339 1969 1459 2006 esse
1504 1951 1674 2004 dicit:
1706 1963 1826 2003 cum

223 2063 448 2101 oinnem
473 2050 596 2100 vita:
615 2048 770 2115 hujus
791 2047 1016 2116 gloriam
1041 2045 1333 2099 sccundmn
1363 2042 1677 2112 prophetam
1702 2040 1826 2094 lieni

225 2144 420 2194 norem
447 2142 718 2195 existimat
749 2139 898 2211 (lsai.
933 2141 1022 2221 4.0.
1052 2140 1125 2207 7).
1157 2138 1269 2191 Νοιι
1304 2137 1462 2206 igitur
1484 2149 1601 2204 qua:
1631 2133 1827 2186 mulie—

223 2230 402 2285 briter
427 2247 549 2285 cum
575 2231 688 2284 viro
708 2234 1045 2293 consuescat,
1075 2229 1154 2281 sic
1173 2229 1343 2280 virum
1365 2239 1583 2279 servare
1614 2225 1828 2293 poterit,

221 2321 322 2375 sed
384 2320 513 2374 dum
557 2321 919 2390 evangelieam
963 2319 1128 2372 vit‘m
1182 2315 1488 2387 prastabit;
1541 2317 1644 2371 lt)C
1682 2314 1828 2370 enim

224 2412 421 2464 multa:
446 2414 611 2465 etiam
635 2413 774 2465 citra
797 2411 1206 2466 matrimonium
1239 2410 1506 2485 iecerunt.
1537 2408 1672 2464 Nam
1707 2407 1828 2463 Pri-

233 2501 426 2564 scilla,
459 2500 644 2569 inquit
684 2502 830 2570 (Act.
871 2503 980 2571 18),
1006 2502 1242 2556 aScitum
1275 2501 1467 2569 Apollo
1489 2515 1586 2570 per
1611 2514 1829 2554 omnem

219 2597 474 2652 veritatis
504 2597 641 2649 viam
686 2595 926 2649 deduxit.
968 2594 1122 2662 Quod
1170 2593 1215 2648 si
1261 2608 1403 2647 nunc
1453 2608 1557 2645 non
1591 2593 1833 2654 licet,'~at

223 2697 458 2756 possunt
501 2687 714 2740 interim
757 2701 883 2756 erga
925 2685 1180 2762 mulieres
1224 2685 1364 2738 idem
1417 2684 1650 2737 studium
1693 2699 1830 2752 pra:-

218 2789 400 2842 s:are,
445 2776 802 2845 eumdemquc
845 2774 1074 2828 fructum
1123 2775 1331 2838 facere;
1383 2789 1506 2827 nam
1549 2772 1691 2842 quod
1717 2773 1827 2841 jam

217 2869 359 2933 dixi,
399 2867 716 2936 neque,'illa
756 2866 1009 2934 quoniam
1051 2865 1246 2934 conjux
1293 2873 1397 2930 est,
1429 2865 1604 2918 virum
1644 2864 1824 2917 trahit.

220 2957 307 3011 Ali
338 2957 444 3026 qui
473 2955 604 3008 nihil
628 2963 852 3019 vetaret,
887 2957 1155 3009 neminem
1192 2970 1256 3007 ex
1303 2953 1368 3008 iis
1395 2954 1483 3022 qui
1515 2969 1735 3007 uxorem
1768 2953 1828 3005 li-

216 3050 407 3102 delem
433 3046 664 3099 habeant
700 3045 966 3099 inﬁdelem
998 3060 1238 3109 manere,
1271 3044 1314 3098 si
1337 3042 1552 3113 quidem
1594 3059 1825 3098 consue-

220 3138 356 3192 tudo
384 3152 448 3190 ac
476 3137 753 3190 convictus
781 3152 893 3190 rem
921 3136 1166 3191 cll'ectam
1197 3135 1370 3190 daret.
1404 3137 1474 3188 At
1504 3150 1609 3189 non
1640 3135 1710 3188 ita
1740 3150 1826 3189 res

217 3245 283 3283 se
312 3228 381 3281 ba
391 3230 508 3293 bet;
537 3227 630 3282 sed
647 3229 691 3281 si
710 3228 927 3282 multam
943 3227 1328 3298 philosophiam
1347 3237 1507 3296 atque
1522 3226 1827 3296 patientiam

217 3319 504 3383 exhibeat,
517 3318 560 3370 si
572 3319 802 3388 conjugii
816 3318 1144 3373 calamitates
1157 3313 1584 3386 derideat,‘atque
1598 3318 1646 3372 id
1663 3333 1828 3371 unum

216 3411 444 3465 assidue
485 3411 751 3479 negotium
787 3405 968 3475 du‘eat,
1010 3409 1062 3462 id
1105 3424 1232 3462 vero
1277 3409 1524 3478 estquod
1552 3407 1669 3477 ejus
1705 3423 1826 3462 eum

217 3519 332 3573 quo
383 3503 586 3554 habitat
629 3502 870 3554 animum
918 3503 1126 3554 salvum
1163 3510 1416 3569 praestet:
1449 3499 1532 3554 sin
1579 3501 1828 3569 persistat

218 3593 512 3646 muliebria
557 3593 847 3661 pastulare,
891 3591 941 3646 ei
987 3599 1145 3645 nocet
1188 3592 1356 3660 magis
1388 3606 1547 3660 quant
1585 3592 1824 3660 prodest.

217 3686 342 3738 Jam
376 3701 505 3738 vero
534 3686 613 3738 vel
645 3685 723 3738 sic
763 3700 878 3738 rem
923 3685 975 3738 in
1006 3685 1193 3753 primis
1221 3684 1495 3738 dilticilem
1531 3699 1670 3748 esse,
1701 3685 1824 3739 audi

217 3777 349 3844 quid
397 3776 541 3828 dicat
573 3795 585 3828 ί
613 3776 715 3839 Qui
760 3777 860 3828 scis
905 3776 1057 3838 enim,
1098 3775 1302 3840 mulier,
1349 3776 1395 3829 si
1432 3777 1595 3828 virum
1631 3778 1828 3830 salvum

221 3870 429 3939 facies?
469 3883 576 3935 quo
620 3867 980 3936 interrogandi
1020 3881 1216 3935 genere
1261 3866 1336 3919 uti
1373 3866 1609 3921 solemus
1658 3867 1708 3920 in
1763 3867 1827 3920 iis

219 3975 346 4026 qua:
393 3958 686 4011 insidenter
715 3957 981 4011 accidunt.
1023 3957 1160 4024 Quid
1203 3972 1332 4011 vero
1375 3965 1493 4026 post
1531 3957 1620 4011 illa
1656 3958 1828 4012 dicit?

219 4050 485 4119 Alligatus
514 4065 563 4101 es
592 4049 780 4101 uxori?
809 4049 913 4100 noli
938 4063 1161 4117 quaerere
1185 4048 1486 4101 solutione»:
1506 4063 1526 4111 ;
1551 4049 1748 4102 solutus
1775 4065 1827 4102 es

219 4142 289 4193 ab
335 4141 539 4193 uxore?
580 4140 687 4192 noli
726 4155 952 4209 querere
988 4156 1217 4192 uxorem.
1261 4139 1439 4200 Vides.
1492 4149 1549 4194 ut
1585 4141 1826 4196 assiduas

223 4231 575 4286 transitiones
604 4232 780 4295 iaciat,
810 4238 863 4284 et
891 4230 1144 4298 frequens
1169 4230 1387 4283 omnino
1414 4230 1721 4300 'utriusque
1737 4245 1826 4285 co-

222 4321 552 4375 hortationis
585 4322 730 4374 velut
757 4322 1267 4390 temperamentum?
1296 4320 1428 4374 Nam
1462 4329 1517 4374 ut
1542 4321 1610 4376 de
1640 4323 1826 4374 matri-

221 4412 413 4466 monio
433 4411 782 4480 disputationi
811 4410 877 4465 de
897 4410 1224 4464 continentia
1255 4424 1556 4464 sermonem
1587 4411 1826 4478 interpo-

222 4504 356 4568 suit,
385 4503 689 4555 auditorem
722 4503 932 4555 interim
964 4508 1203 4554 exeitaus
1227 4518 1239 4553 :
1263 4501 1332 4554 ita
1361 4510 1416 4554 et
1443 4499 1528 4554 hic
1551 4501 1826 4554 tractatio-

227 4611 350 4648 nem
384 4594 457 4647 de
493 4582 834 4647 matrimonio
860 4593 1094 4647 vicissim
1140 4593 1344 4656 inserit,
1387 4608 1512 4647 eum
1553 4608 1822 4648 recreans.

228 4685 475 4740 Esorsus
503 4699 533 4735 a
562 4684 886 4751 virginitate,
924 4695 1209 4752 antequam
1237 4683 1304 4738 de
1344 4699 1405 4737 ea
1432 4684 1631 4754 aliquid
1657 4683 1826 4738 dixis-

225 4787 330 4840 set,
380 4777 562 4828 statim
615 4775 681 4826 ad
730 4775 1122 4827 matrinumiutu
1182 4775 1605 4828 recurrit:illud
1657 4776 1821 4842 enim,

230 4869 556 4934 Prii-ceptum
608 4883 708 4918 non
759 4865 950 4926 habeo,
995 4865 1435 4919 matrimonium'
1473 4867 1828 4936 permittentis

224 4970 282 5013 et
307 4959 697 5012 introducentis
719 4967 820 5011 est.
852 4958 986 5033 Tum
1011 4958 1098 5010 ubi
1129 4957 1196 5010 ad
1229 4957 1584 5026 virginitatem
1609 4969 1823 5012 ventum

225 5061 329 5113 est,
362 5051 694 5119 dictumque,
725 5050 952 5103 Arbitror
978 5051 1073 5102 hoc
1095 5049 1276 5102 bonum
1311 5066 1438 5115 esse,
1470 5065 1590 5102 cum
1621 5050 1828 5104 videret

225 5143 343 5212 ejus
373 5157 570 5194 nomen
600 5140 816 5194 assidue
842 5149 1154 5208 usurpatum
1175 5139 1417 5194 delicatis
1446 5141 1661 5195 auribus
1689 5145 1828 5196 mul-

226 5249 335 5286 tam
376 5232 724 5286 acerbitatem
767 5231 978 5295 afferre,
1018 5247 1122 5284 non
1168 5231 1457 5285 identidem
1501 5232 1551 5285 id
1597 5235 1823 5302 repetit;

223 5326 353 5393 quin
389 5323 654 5392 explicata
702 5325 832 5376 satis
873 5323 1023 5391 gravi
1063 5337 1221 5377 causa
1259 5323 1325 5376 ad
1352 5324 1466 5392 ejus
1499 5324 1708 5379 labores
1734 5340 1826 5379 so-

221 5414 442 5478 landos,
474 5414 526 5467 id
549 5421 651 5476 est,
679 5414 898 5467 instanti
926 5415 1263 5479 necessitate,
1294 5429 1360 5466 ne
1383 5414 1460 5468 sic
1484 5415 1699 5483 quidem
1729 5432 1826 5469 au-

221 5521 316 5560 sus
363 5514 452 5560 est
501 5506 861 5574 virginitatem
915 5506 1106 5558 iterum
1161 5505 1471 5571 nominare;
1519 5509 1612 5561 sed
1657 5509 1827 5577 quid?

225 5596 432 5650 Bonum
480 5606 554 5649 est
595 5597 786 5649 homini
834 5597 907 5649 sic
945 5613 1070 5650 esse.
1115 5596 1299 5667 Neque
1345 5613 1462 5652 eam
1507 5601 1828 5654 sententiam

221 5690 599 5760 prosequitur,
646 5691 738 5743 sed
781 5705 844 5744 ea
875 5691 1168 5762 interrupta
1218 5703 1271 5747 et
1301 5693 1488 5761 incisa,
1523 5696 1828 5765 priusquam

283 5840 294 5858 '
338 5835 420 5881 sic
440 5833 582 5892 juxta
600 5832 744 5881 Savil.
772 5840 819 5880 In
847 5840 893 5881 tt.
910 5869 924 5889 ,
947 5830 1079 5883 brevi
1102 5833 1365 5884 intervallo.
1449 5844 1500 5884 Μ.

281 5899 301 5926 ι
344 5905 470 5955 vox,
493 5895 865 5958 mott'mumt'um,
890 5897 1033 5946 deest
1064 5900 1110 5946 ia
1139 5904 1252 5958 ttcg.

1580 467 1665 521 DE
1711 465 2164 520 \‘llitllNlTATlS.

3422 463 3526 518 570

1937 583 2115 652 gravis
2148 579 2439 646 videretur,
2470 580 2538 634 de
2581 581 2922 636 matrimonio
2958 598 3168 638 rursum
3197 583 3410 638 disserit
3441 586 3522 639 his

1935 672 2150 725 verbis:
2183 670 2436 740 Alligatus
2492 687 2543 724 es
2581 673 2766 726 uxori?
2799 674 2903 726 noli
2955 690 3176 743 quivi-ere
3225 675 3524 730 solutionem

1935 764 2009 832 (Ι.
2035 765 2151 818 Cor.
2185 767 2235 819 7.
2271 764 2382 832 Ἦ).
2415 766 2546 819 Nam
2577 766 2628 822 ni
2660 768 2710 821 id
2745 775 2909 831 esset,
2940 767 3036 820 nisi
3064 767 3115 820 id
3161 767 3244 821 hic
3273 769 3522 822 solatium

1934 871 2123 923 parare
2159 861 2450 929 cogitaret,
2482 864 2716 930 ineptum
2745 867 2888 914 esset
2933 861 3285 929 virginitatem
3326 877 3524 916 consu-

1936 947 2135 1002 lentem
2176 950 2244 1004 de
2285 953 2624 1007 matrimonio
2661 953 3049 1022 philosophari.
3098 953 3297 1008 Deinde
3336 955 3524 1007 iterum

1937 1037 2002 1089 ad
2029 1039 2381 1108 virginitatem
2413 1044 2637 1107 transit;
2686 1060 2748 1097 ac
2793 1061 2858 1098 ne
2900 1060 3038 1098 nunc
3067 1044 3282 1112 quidem
3315 1047 3528 1113 proprio

1937 1133 2153 1186 nomine
2178 1133 2433 1200 appellat,
2460 1133 2555 1187 sed
2582 1135 2744 1202 quid?
2763 1136 2988 1188 Solutus
3016 1152 3066 1188 es
3095 1137 3156 1187 ab
3192 1152 3348 1188 uxore
3372 1138 3397 1189 ?
3423 1138 3528 1188 noli

1935 1240 2157 1292 qua'rere
2200 1241 2431 1277 uxorem.
2463 1227 2533 1278 At
2560 1227 2704 1278 enim
2745 1242 2812 1279 ne
2843 1242 3091 1286 vereare;
3122 1242 3225 1279 non
3264 1227 3314 1279 id
3343 1237 3528 1280 censet

1936 1325 2096 1382 atque
2119 1315 2333 1368 sancit:
2369 1330 2536 1384 prope
2565 1326 2644 1370 est
2677 1316 2821 1370 enim
2853 1333 3060 1369 rursum
3092 1319 3159 1369 de
3187 1318 3528 1377 matrimonio

1937 1421 2135 1470 sermo,
2187 1415 2445 1461 terrorem
2493 1423 2614 1460 eum
2661 1409 2877 1462 solvens
2928 1409 3011 1463 his
3043 1410 3260 1462 verbis:
3296 1409 3444 1474 Quod
3484 1411 3530 1462 si

1937 1497 2142 1549 duxeris
2167 1535 2182 1558 ,
2233 1513 2332 1550 non
2363 1499 2579 1564 peccasti
2611 1497 2770 1566 (Ibid.
2795 1516 2843 1551 υ.
3036 1500 3104 1552 At
3128 1514 3225 1553 nec
3259 1500 3367 1568 jam
3394 1514 3526 1552 con-

1937 1589 2088 1652 cide;
2121 1604 2241 1641 nam
2271 1590 2463 1643 iterum
2502 1599 2552 1644 te
2581 1591 2646 1643 ad
2680 1592 3035 1660 virginitatem
3066 1593 3246 1646 trahit.
3277 1593 3450 1661 Atque
3475 1593 3525 1646 id

1936 1679 2184 1748 estquod
2213 1681 2346 1746 vult,
2378 1680 2600 1746 docens,
2629 1681 2719 1750 qui
2763 1682 3159 1735 matrimonium
3200 1683 3404 1751 ineant,
3433 1698 3530 1736 eos

1938 1770 2157 1823 multam
2205 1770 2256 1822 in
2301 1786 2464 1824 carne
2509 1772 2903 1830 tribulationem
2946 1774 3230 1826 sustinere.
3269 1773 3338 1827 Ut
3383 1775 3527 1826 enim

1937 1862 2122 1930 optimi
2153 1864 2347 1932 quique
2378 1865 2568 1918 medici
2597 1873 2651 1917 et
2678 1865 2888 1933 benigni
2909 1880 3148 1918 amarum
3171 1866 3526 1920 medicamen-

1940 1963 2050 2006 tum
2081 1964 2172 2006 aut
2213 1955 2506 2009 sectionem
2552 1965 2644 2009 aut
2680 1957 3052 2010 ustulationem
3091 1966 3183 2010 aut
3221 1959 3393 2010 simile
3428 1960 3525 2010 ali.

1937 2045 2062 2113 quid
2109 2045 2420 2112 adhibituri,
2467 2063 2572 2101 non
2616 2049 2870 2102 continuo
2903 2061 3067 2103 totum
3115 2062 3390 2120 peragunt,
3433 2054 3526 2105 sed

1937 2137 2061 2189 data
2093 2137 2301 2191 interim
2329 2154 2472 2207 a-gro
2503 2141 2875 2208 reSpiratione,
2911 2142 2979 2193 ita
3006 2155 3217 2210 semper
3237 2143 3379 2209 quod
3401 2145 3526 2194 reli-

1937 2243 2099 2293 quum
2135 2227 2527 2282 est‘adducunt
2552 2247 2566 2283 :
2594 2230 2659 2282 ad
2700 2231 2948 2284 eumdem
2994 2232 3209 2286 modum
3250 2242 3303 2286 et
3339 2234 3528 2288 beatus

1941 2315 2136 2368 l‘aulns
2164 2317 2480 2386 virginitatis
2519 2321 2797 2372 consilium
2831 2335 2935 2373 non
2976 2322 3093 2376 sine
3135 2322 3528 2378 intermissione

1937 2415 1988 2458 ct
2017 2414 2272 2474 perpetuo
2299 2422 2361 2460 ac
2387 2419 2778 2478 consequenter
2803 2411 3087 2480 pertexuit,
3121 2412 3214 2466 sed
3243 2414 3308 2468 de
3346 2415 3527 2467 matri-

1938 2498 2121 2551 monio
2163 2501 2444 2554 sententiis
2489 2501 2541 2554 id
2569 2502 2783 2556 assidue
2813 2504 3224 2573 interrmnpens,
3268 2513 3427 2574 atque
3458 2507 3528 2562 ita

1939 2587 2196 2642 molestia:
2241 2589 2381 2643 illius
2409 2606 2626 2646 sensum
2667 2592 2923 2660 eripiens,
2954 2593 3201 2648 blandam
3242 2610 3306 2649 ac
3333 2597 3527 2664 plausi-

1937 2677 2098 2731 bilem
2130 2681 2428 2735 orationem
2466 2681 2723 2736 reddidit.
2753 2683 2836 2736 Ob
2874 2685 2926 2738 id
2959 2685 3116 2754 igitur
3142 2688 3281 2740 varia
3309 2698 3528 2743 senten-

1939 2771 2131 2824 tiarum
2172 2773 2323 2839 quasi
2359 2773 2593 2827 miseella
2636 2774 2773 2828 iacta
2815 2784 2917 2830 est.
2947 2777 3051 2831 Sed
3089 2793 3266 2849 operm
3296 2783 3527 2848 pretium

1938 2878 2099 2932 porro
2120 2874 2201 2919 est
2219 2865 2330 2932 ipsa
2349 2866 2509 2920 etiam
2530 2867 2687 2921 verba
2711 2867 2980 2938 indagare.
3000 2871 3250 2941 Alligatus
3273 2890 3324 2926 es
3346 2876 3493 2927 uxori
3506 2877 3530 2929 .’

1939 2957 2128 3029 inquit,
2161 2958 2265 3010 noli
2295 2965 2518 3027 quaerere
2552 2961 2872 3014 solutionem.
2916 2962 3030 3018 lloc
3060 2981 3164 3018 non
3209 2975 3314 3019 tam
3343 2981 3528 3021 consu-

1937 3049 2097 3101 lentis
2138 3057 2243 3113 est,
2287 3065 2446 3119 quam
2493 3053 2692 3106 vinculi
2741 3056 3079 3110 tenacitatem
3121 3072 3183 3111 ac
3221 3057 3526 3115 ﬁrmitatem

1936 3140 2375 3199 demonstrantis.
2414 3143 2772 3208 Quamobrem
2820 3157 3130 3203 autemnon
3170 3149 3324 3216 dixit,
3354 3151 3528 3207 [labes

1935 3231 2198 3286 uxorem?
2229 3249 2297 3288 ne
2326 3249 2443 3287 cam
2471 3233 2690 3300 desere;
2731 3251 2852 3291 cum
2897 3239 2982 3291 illa
3022 3240 3338 3310 conjunctus
3367 3243 3522 3308 vivis,

1939 3339 2010 3378 ne
2035 3320 2270 3389 discede,
2316 3325 2408 3379 sed
2441 3326 2710 3380 vinculum
2755 3326 3060 3397 conjugium
3092 3333 3340 3386 vocavit?
3367 3334 3528 3388 nimi-

1936 3430 2054 3468 rum
2085 3425 2141 3469 ut
2165 3416 2242 3470 rei
2268 3417 2612 3472 acerbitatem
2637 3417 2722 3471 hie
2749 3419 3075 3474 ostenderet.
3098 3423 3357 3488 Quoniam
3384 3425 3526 3478 enim

1935 3506 2005 3559 ad
2045 3507 2443 3562 matrimonium
2483 3524 2584 3563 ceu
2627 3511 2693 3564 ad
2735 3511 2942 3566 facilius
2982 3514 3137 3582 vulgo
3179 3527 3526 3580 concurrunt,

1939 3597 2194 3667 COnjuges
2219 3600 2456 3654 declarat
2486 3601 2618 3655 nihil
2643 3617 2671 3654 a
2699 3604 2891 3657 vinctis
2917 3604 3165 3670 dill'erre;
3199 3622 3319 3660 nam
3347 3618 3403 3662 et
3443 3608 3529 3663 hic

1936 3706 2270 3761 quocumque
2303 3694 2440 3747 alter
2467 3695 2660 3759 trahat,
2685 3697 2836 3750 alteri
2864 3697 3194 3766 sequendum
3233 3709 3337 3764 est,
3361 3712 3452 3754 aut
3482 3703 3527 3755 si

1939 3797 2168 3851 pugnam
2197 3793 2428 3847 moveat,
2461 3799 2582 3838 eum
2607 3801 2673 3838 eo
2704 3803 2803 3839 una
2837 3789 3190 3856 pereundum.
3211 3791 3349 3858 Quid
3379 3774 3525 3860 vero,

1939 3871 2129 3940 inquit,
2167 3873 2212 3926 si
2245 3876 2326 3926 vir
2362 3873 2655 3929 dissolutus
2699 3877 2804 3940 sit,
2855 3894 2954 3945 ego
2979 3880 3259 3934 continens
3285 3896 3405 3936 esse
3434 3899 3526 3938 ve-

1939 3965 2332 4022 lim?Necesse
2376 3976 2480 4033 est,
2508 3979 2566 4022 ut
2595 3980 2648 4023 tu
2682 3971 2828 4024 illum
2867 3973 3142 4040 sequaris;
3187 3974 3239 4026 id
3286 3976 3430 4029 enim
3473 3988 3530 4030 ut

1937 4057 2022 4111 vel
2059 4058 2251 4112 nolens
2287 4059 2467 4124 facias,
2491 4059 2725 4128 jucunda
2767 4061 3090 4116 matrimonii
3125 4073 3312 4118 catena
3342 4063 3525 4132 trahit,

1936 4150 2004 4204 ad
2035 4166 2263 4221 eumque
2290 4151 2431 4221 cogit
2471 4153 2560 4222 qui
2590 4162 2763 4208 tecum
2792 4153 2943 4208 initio
2984 4155 3263 4211 devinctus
3289 4166 3372 4212 est
3403 4177 3414 4211 :
3445 4161 3525 4214 sin

1937 4242 2179 4296 obnitare
2206 4259 2268 4298 ac
2304 4253 2354 4297 te
2380 4244 2648 4313 Sejunga‘s,
2692 4255 2747 4300 et
2784 4254 2833 4300 te
2871 4248 3094 4303 vinculis
3123 4265 3227 4304 non
3255 4251 3524 4319 exsolves,

1937 4343 1991 4389 et
2019 4335 2070 4387 in
2095 4343 2393 4389 extremum
2425 4337 2739 4405 supplicium
2767 4339 3042 4406 conjicies.

2010 4427 2240 4482 XLVIII.
2277 4429 2405 4494 Qua:
2424 4429 2576 4482 invito
2595 4431 2701 4484 uiro
2725 4433 2984 4486 continens
3003 4431 3084 4498 sit,
3106 4435 3361 4502 graviores
3375 4452 3528 4506 quam

1938 4519 1980 4572 is
2007 4519 2091 4587 qui
2133 4519 2382 4572 adulterat
2399 4535 2578 4588 pwnas
2603 4521 2953 4576 daturam.——
2975 4522 3180 4580 Etenim
3203 4541 3324 4596 qua:
3357 4527 3526 4581 invito

1939 4612 2054 4664 viro
2089 4611 2370 4666 continens
2407 4620 2529 4678 est,
2563 4626 2667 4666 non
2703 4613 2876 4668 solum
2915 4615 3253 4670 continentize
3293 4620 3527 4687 pra'miis

1939 4713 2124 4768 caret,
2155 4702 2249 4756 sed
2294 4702 2434 4756 illius
2467 4704 2628 4757 etiam
2661 4703 2976 4758 adulterium
3008 4707 3220 4774 gravius
3247 4722 3410 4777 quam
3441 4709 3528 4764 ille

1942 4793 2052 4847 luet
2077 4807 2139 4847 ac
2179 4794 2462 4863 plectetur.
2492 4793 2626 4859 Quid
2659 4795 2768 4848 ita?
2795 4795 2945 4861 Quod
2972 4811 3093 4849 eum
3121 4796 3354 4864 legitimo
3384 4800 3525 4852 coitu

1939 4884 2265 4951 fraudatum,
2299 4888 2350 4938 in
2376 4887 2609 4940 lasciviae
2641 4887 2947 4942 barathrum
2972 4887 3286 4943 deturbarit.
3317 4889 3448 4943 Nam
3481 4893 3524 4943 si

1939 4994 2005 5033 eo
2034 4979 2249 5033 nolente
2282 4994 2380 5034 nec
2413 4979 2690 5034 minimum
2734 4979 2785 5034 id
2826 4981 3000 5035 facere
3041 4983 3396 5051 permittitur,
3421 4999 3525 5052 qua

1939 5075 2089 5130 venia
2118 5075 2273 5144 digna
2301 5076 2370 5128 sit
2396 5091 2517 5143 qua:
2541 5091 2661 5128 eum
2690 5076 2879 5129 solatio
2910 5076 3008 5129 hoc
3036 5087 3290 5145 perpetuo
3318 5077 3532 5144 privat?

1941 5165 2009 5219 Et
2031 5165 2180 5234 quid,
2215 5165 2404 5232 inquit,
2433 5182 2496 5219 ea
2525 5166 2842 5220 necessitate
2871 5182 2933 5220 ac
2960 5167 3171 5220 miseria
3199 5167 3384 5222 durius
3410 5183 3531 5237 pos-

1939 5255 2009 5309 sit
2034 5255 2314 5309 accidere?
2339 5255 2407 5309 Et
2430 5270 2529 5325 ego
2555 5255 2692 5310 idem
2719 5256 2912 5310 sentio.
2944 5257 3051 5311 Cur
3076 5265 3126 5310 te
3153 5259 3456 5311 necessitati
3481 5260 3530 5322 ei

1940 5346 2198 5415 subjicis?
2223 5346 2500 5401 enimvero
2527 5361 2646 5402 eam
2677 5347 2934 5400 rationem
2963 5363 3066 5400 non
3097 5357 3216 5416 post
3241 5389 3255 5413 ,
3285 5349 3379 5402 sed
3407 5361 3533 5402 ante

1944 5437 2340 5492 matrimonium
2363 5439 2677 5492 subductam
2697 5439 2992 5506 Oportebat.
3016 5438 3193 5508 Itaque
3213 5441 3371 5493 etiam
3397 5439 3533 5493 Pau-

1944 5527 2024 5581 lus
2055 5529 2322 5597 prOposita
2357 5528 2572 5583 demum
2603 5529 2797 5582 vinculi
2826 5530 3141 5584 necessitate
3167 5571 3182 5593 ,
3215 5529 3281 5584 de
3308 5531 3530 5584 solutio-

1944 5635 2010 5672 ne
2034 5620 2452 5674 sermocinatur:
2473 5619 2523 5674 ei
2545 5621 2845 5686 sententiae,
2871 5620 3120 5691 Alligatus
3141 5637 3192 5673 cs
3212 5623 3360 5674 uxori
3378 5622 3404 5675 .’
3428 5621 3535 5675 noli

1941 5725 2163 5777 quozrere
2183 5711 2504 5774 solutionem,
2525 5712 2667 5765 illam
2690 5713 2942 5779 subdens,
2966 5713 3175 5766 Solutus
3195 5730 3246 5766 es
3263 5713 3325 5766 ab
3344 5713 3539 5766 uxore!

1943 5818 2004 5854 ne
2031 5818 2196 5869 qurere
2226 5819 2453 5856 uxorem.
2486 5803 2540 5857 Id
2581 5813 2758 5858 autem
2788 5805 2940 5866 facit,
2976 5815 3032 5858 ut
3057 5814 3165 5858 tute
3199 5806 3342 5873 prius
3374 5821 3533 5857 accu-

1946 5902 2054 5947 rate
2079 5903 2440 5964 perspettaae
2462 5895 2670 5966 cognita
2696 5895 3017 5950 matrimonii
3038 5895 3084 5949 ri
3112 5895 3312 5950 facilius
3338 5896 3402 5950 de
3430 5910 3537 5948 ea:-
