4174 6318
699 312 792 368 57!

695 433 860 488 libatu
888 434 1181 490 orationem
1208 433 1472 487 admittas.
1501 432 1648 499 Quod
1670 433 1708 484 si
1730 431 1936 492 duxisti,
1963 433 2148 502 inquit,
2177 448 2275 486 non

695 530 953 592 peccasti;
979 537 1025 580 et
1051 529 1095 581 si
1123 533 1290 597 nupsit
1317 527 1475 597 virgo,
1506 545 1605 580 non
1634 528 1872 598 peccavit.
1906 528 1982 581 En
2010 529 2185 596 magni
2219 529 2278 582 il-

695 619 796 672 lius
823 618 1091 686 facinoris,
1114 620 1432 673 matrimOnii
1460 620 1680 685 scilicet,
1703 621 1923 685 exitum,
1949 629 2000 673 ιιι
2028 636 2130 674 non
2155 635 2276 675 reus

692 712 888 778 agaris,
921 725 1024 763 non
1053 719 1107 762 ut
1133 709 1468 764 admirationi
1503 710 1774 775 habearis;
1809 706 2029 765 idenim
2061 723 2142 766 est
2173 713 2275 765 vir-

691 799 924 870 ginitatis
955 816 969 854 :
995 809 1245 854 caeterum
1274 793 1485 869 conju‘gi
1517 801 1644 854 satis
1674 801 1742 853 sit
1764 801 1947 853 audire
1973 843 1986 863 ,
2019 816 2139 855 eum
2169 817 2272 855 non

691 906 959 960 peccasse.
1005 892 1113 946 Cur
1154 891 1347 961 igitur,
1392 891 1600 960 inquit,
1637 891 1867 944 hortaris
1907 907 2124 945 uxorem
2169 907 2271 946 non

689 982 967 1050 quaerere?
991 980 1141 1048 Quod
1170 981 1334 1035 semel
1362 968 1608 1035 devincto
1628 1021 1642 1046 ,
1675 981 1806 1035 solvi
1837 982 1983 1034 nefas
2009 983 2097 1048 sit,
2129 982 2268 1051 quod

690 1074 742 1127 in
773 1089 837 1128 eo
873 1074 942 1127 sit
973 1075 1154 1144 ingens
1185 1073 1420 1128 miseria.
1448 1072 1678 1127 Hoecine
1716 1072 1887 1126 solum
1914 1113 1926 1138 ,
1955 1087 2137 1141 quaeso
2160 1115 2173 1136 ,
2205 1088 2270 1126 ex

688 1166 984 1236 virginitate
1012 1172 1244 1235 qumstus
1272 1165 1477 1230 faciam,
1511 1173 1566 1218 ut
1591 1164 1833 1219 miserias
1861 1165 1956 1219 has
1984 1164 2270 1234 effugiam?

687 1265 740 1311 et
761 1257 884 1326 quis
909 1257 1260 1325 virginitatem
1287 1257 1465 1311 colere
1485 1249 1742 1310 sustineat
1765 1256 1962 1309 tantilla
1992 1255 2268 1310 mercede?

684 1347 806 1417 quis
834 1347 882 1400 in
909 1356 1109 1400 tantum
1132 1356 1402 1402 certamen
1430 1346 1750 1401 descendere
1773 1347 2006 1400 animum
2031 1346 2262 1412 inducat,

686 1446 953 1492 tantorum
981 1437 1234 1491 sudorum
1262 1438 1360 1491 hoc
1386 1438 1554 1492 solum
1583 1439 1856 1507 pr:emium
1884 1439 2176 1506 capturus?

756 1527 940 1582 XLIX.
983 1526 1086 1582 Cur
1121 1529 1183 1580 ab
1219 1528 1371 1597 hujus
1409 1529 1522 1581 title
1551 1527 1794 1597 jucundis
1829 1527 1896 1580 ad
1932 1529 2264 1596 virginitatem

684 1620 978 1689 instiget.—
994 1613 1127 1686 Quid
1145 1618 1314 1672 dicis?
1332 1633 1450 1672 cum
1472 1633 1555 1672 me
1579 1617 1645 1671 ad
1669 1633 1897 1687 pugnam
1919 1633 2038 1672 cum
2055 1619 2259 1673 dscmo-

641 1768 646 1774 ,
683 1713 837 1766 nibus
867 1725 1140 1780 provocas.
1172 1710 1282 1765 Nec
1309 1712 1440 1764 enim
1465 1710 1605 1764 nobis
1628 1711 1760 1764 lucta
1785 1721 1856 1766 est
1880 1712 2117 1765 adversm
2141 1728 2260 1765 san-

681 1803 881 1872 guinem
912 1812 957 1855 et
986 1819 1183 1855 carnem
1218 1801 1235 1871 (
1261 1802 1448 1870 Ephes.
1474 1804 1525 1857 ti.
1554 1801 1620 1856 12
1643 1801 1659 1871 )
1683 1846 1696 1867 ,
1727 1818 1844 1856 cum
1870 1812 2069 1856 naturze
2098 1803 2259 1856 furori

679 1893 938 1948 obsistere
969 1893 1159 1962 jubes,
1194 1909 1312 1947 cum
1353 1909 1512 1948 carne
1546 1903 1599 1947 et
1637 1895 1893 1962 sanguine
1921 1895 2258 1948 constitutam

681 1984 1010 2054 ineorporeis
1035 1985 1327 2038 Virtutibus
1354 1986 1497 2064 paria
1529 1993 1778 2053 prwstare
1811 1985 2052 2049 hortaris,
2088 1977 2254 2040 terre-

678 2091 746 2131 na
776 2090 1039 2130 memoras
1068 2075 1204 2130 bona
1230 2117 1243 2140 ,
1272 2075 1510 2145 dicisque
1540 2091 1636 2130 nos
1667 2076 1987 2130 matrimonii
2020 2076 2258 2130 miserias

678 2183 783 2222 non
812 2166 1048 2220 laturas?
1073 2165 1201 2219 Nam
1233 2182 1329 2220 cur
1368 2182 1471 2219 non
1505 2167 1579 2220 sie
1607 2166 1681 2220 ait
1708 2183 1721 2219 :
1753 2162 1904 2233 Q'nod
1936 2167 1977 2219 si
2021 2168 2258 2236 nupserit

677 2262 845 2328 virgo,
875 2274 980 2312 non
1010 2258 1266 2327 peccavit,
1296 2257 1388 2310 sed
1419 2257 1735 2326 virginitatis
1761 2259 1973 2312 coronis
1998 2273 2055 2312 se
2080 2259 2256 2328 priva-

679 2350 786 2414 vit,
815 2349 1021 2418 magnis
1055 2347 1159 2401 illis
1190 2357 1242 2400 et
1267 2332 1476 2401 arcanis
1505 2347 1702 2401 bonis?
1730 2347 1836 2402 Cur
1863 2364 1968 2401 non
1998 2350 2211 2418 praemia
2237 2391 2252 2415 ,

674 2454 794 2507 qua:
825 2447 943 2508 post
971 2447 1239 2492 certamen
1270 2453 1360 2492 eas
1388 2446 1655 2504 maneant,
1683 2439 1968 2505 recensuit,
1999 2448 2054 2494 ut
2079 2441 2129 2495 in
2160 2455 2253 2494 oc-

673 2544 884 2583 cursum
915 2529 1172 2598 prodeant
1193 2543 1408 2597 Sponsa,
1433 2537 1489 2584 ut
1512 2529 1815 2598 splendidas
1837 2531 2079 2586 lucernas
2105 2532 2255 2588 habi-

672 2628 804 2671 tune
830 2619 935 2672 sint
954 2658 970 2683 ,
999 2627 1055 2671 ut
1086 2633 1290 2672 summa
1321 2633 1440 2671 cum
1471 2620 1634 2688 gloria
1664 2635 1726 2674 ac
1755 2619 1945 2674 fiducia
1974 2621 2170 2692 Regem
2201 2625 2249 2677 in

673 2711 959 2776 thalamum
986 2711 1307 2764 comitentur
1329 2751 1343 2775 ,
1371 2719 1428 2763 ut
1451 2711 1686 2764 omnium
1717 2713 1954 2780 proxime
1977 2714 2091 2782 ejus
2116 2715 2252 2769 solio

669 2811 722 2857 et
763 2802 923 2870 regiis
966 2802 1096 2855 toris
1137 2799 1460 2871 elfulgeant?
1501 2801 1606 2856 Sed
1650 2803 1716 2856 de
1755 2803 1837 2858 his
1877 2819 1944 2858 ne
1984 2804 2250 2861 levissime

669 2892 880 2961 quidem
908 2893 1172 2958 meminit;
1201 2892 1426 2962 vita‘que
1452 2892 1783 2947 miseriarum
1807 2895 2117 2950 vacuitatem
2137 2911 2250 2950 sur-

670 3000 787 3040 sum
815 2985 1169 3054 deorsumque
1189 2986 1372 3054 jactat.
1398 2984 1647 3047 Arbitror,
1675 2985 1861 3054 inquit,
1883 2987 1938 3040 id
1961 2987 2144 3041 bonum
2166 3005 2247 3042 es-

668 3093 719 3130 se
747 3093 766 3130 :
797 3091 859 3131 ac
897 3076 1073 3131 dicere
1112 3077 1417 3147 negligens,
1470 3085 1684 3145 propter
1722 3076 1892 3130 futura
1934 3077 2105 3141 bona,
2135 3079 2244 3146 ait,

669 3170 886 3238 Pmpter
915 3171 1179 3222 instantem
1206 3169 1563 3223 necessitatem.
1592 3168 1793 3223 Deinde
1833 3186 2040 3224 rursum
2073 3185 2137 3223 eo
2161 3169 2245 3224 di-

666 3269 753 3314 cto
777 3300 791 3322 ,
828 3259 976 3324 Quod
1001 3258 1045 3312 si
1073 3261 1299 3328 nupserit
1328 3260 1467 3330 uirgo
1487 3300 1502 3326 ,
1534 3276 1633 3313 non
1664 3261 1915 3328 peccavit,
1945 3261 2246 3316 ca-lestibus

667 3353 919 3422 przemiis,
942 3352 1131 3421 quibus
1157 3366 1214 3406 se
1238 3352 1474 3420 privarit,
1499 3351 1712 3405 silentio
1735 3351 2036 3420 praeteritis,
2064 3352 2245 3405 Tribu-

665 3445 922 3510 lationem,
952 3444 1142 3512 inquit,
1172 3446 1336 3496 carnis
1365 3442 1612 3496 habebunt
1639 3444 1950 3514 hujusmodi.
1981 3444 2162 3514 Neque
2193 3445 2242 3498 id

665 3540 920 3590 hactenus
946 3537 1139 3602 solum,
1173 3536 1265 3590 sed
1294 3535 1359 3589 ad
1395 3536 1551 3590 finem
1582 3551 1746 3604 usque
1778 3535 1902 3590 facit
1922 3577 1934 3600 ,
1963 3548 2015 3591 et
2045 3539 2240 3592 omissa

663 3629 779 3696 ejus
806 3644 833 3679 a
862 3627 1048 3680 futuris
1073 3627 1228 3680 benis
1252 3626 1714 3680 commendatione
1736 3667 1749 3689 ,
1776 3625 1967 3681 iterum
1998 3628 2062 3680 ad
2094 3644 2241 3681 eam-

664 3719 781 3772 dem
822 3731 1038 3772 causam
1081 3717 1352 3786 confugit,
1387 3715 1604 3783 Tempus
1645 3717 1785 3770 breve
1818 3727 1888 3771 cst
1912 3759 1926 3783 ,
1958 3718 2238 3788 inquiens;

664 3811 887 3879 ejusque
912 3809 1049 3872 loco,
1080 3809 1213 3862 Volo
1238 3824 1332 3863 vos
1359 3809 1408 3861 in
1435 3810 1567 3862 emlo
1595 3810 1957 3877 reSplendere,
1984 3820 2038 3865 et
2065 3814 2242 3881 nuptis

664 3904 832 3956 multo
879 3903 1188 3956 illustriores
1233 3901 1451 3963 haberi,
1496 3916 1705 3954 rursum
1751 3902 1916 3956 lueret
1959 3904 2234 3972 inquiens,

673 3992 797 4046 Volo
819 4003 985 4045 autem
1010 4007 1093 4044 vos
1118 3992 1222 4044 sine
1246 3990 1582 4045 sollicitudine
1606 4008 1728 4045 esse.
1752 3992 1935 4061 Neque
1964 3994 2014 4047 id
2043 3994 2128 4049 hic
2154 4011 2241 4048 so-

663 4083 769 4144 lum
802 4083 923 4136 facit
951 4123 965 4149 ,
997 4081 1091 4136 sed
1121 4081 1279 4135 etiam
1311 4083 1562 4154 quoloco
1597 4084 1644 4136 ei
1681 4083 1747 4137 de
1776 4084 1979 4151 injuriis
2002 4084 2240 4141 ferendis

663 4190 838 4230 sermo
868 4182 949 4229 est
969 4214 984 4240 ,
1013 4173 1252 4227 eamdem
1280 4174 1485 4226 consilii
1515 4173 1653 4226 viam
1683 4174 1818 4226 iniit.
1853 4174 1979 4228 Nam
2008 4190 2130 4230 eum
2157 4177 2239 4230 di-

665 4267 828 4320 xisset
847 4307 860 4329 ,
896 4263 955 4318 Si
983 4263 1387 4317 esuritinimicus
1414 4274 1527 4317 tuus
1549 4307 1561 4328 ,
1586 4263 1695 4316 ciba
1722 4265 1900 4330 illum;
1924 4268 1965 4318 si
1994 4267 2114 4331 sitit,
2146 4284 2240 4335 p0-

667 4368 772 4411 tum
797 4360 862 4409 da
889 4357 966 4409 illi
986 4355 1158 4426 (Rom.
1186 4355 1269 4407 l2.
1298 4355 1389 4423 20)
1418 4375 1429 4409 :
1453 4355 1541 4426 qui
1568 4372 1676 4410 rem
1707 4365 1903 4410 tantam
1933 4359 2235 4426 imperaret,

662 4460 951 4517 contraque
989 4455 1189 4500 natura“:
1219 4446 1589 4500 necessitatem
1621 4447 1714 4501 niti
1752 4447 1961 4516 juberet
1983 4490 1995 4512 ,
2031 4465 2092 4503 ac
2119 4467 2237 4504 cum

661 4556 792 4610 rogo
840 4549 944 4592 tam
993 4537 1306 4591 intolerabili
1351 4537 1658 4602 decertare,
1691 4538 1779 4593 ubi
1829 4539 1893 4593 ad
1935 4541 2238 4596 mercedem

663 4644 877 4684 ventum
904 4637 986 4683 est
1006 4671 1018 4691 ,
1047 4628 1112 4681 de
1139 4628 1269 4680 caelo
1297 4642 1359 4681 ac
1383 4628 1684 4681 caelestibus
1709 4629 2002 4695 silentium;
2037 4641 2239 4686 tantum

662 4725 776 4792 ejus
807 4738 834 4774 a
867 4737 971 4791 quo
1002 4721 1157 4775 lmsus
1184 4721 1257 4774 sis
1278 4720 1474 4774 damno
1505 4723 1985 4776 remunerationem
2015 4723 2234 4778 definit:

667 4813 732 4867 Id
767 4814 898 4866 enim
936 4813 1156 4882 faciens,
1189 4810 1359 4879 inquit
1379 4851 1393 4875 ,
1425 4810 1661 4863 carbones
1691 4812 1820 4881 ignis
1861 4813 1914 4864 in
1942 4813 2051 4883 ejus
2089 4823 2238 4884 caput

664 4900 897 4965 congeris
936 4896 1165 4965 (Ιὺίά.).
1195 4896 1332 4960 Quid
1365 4897 1529 4964 igitur
1558 4915 1620 4950 eo
1665 4899 1840 4952 solatii
1881 4915 2079 4968 genere
2113 4917 2241 4955 usus

662 4988 782 5041 est?
833 4986 948 5040 Non
1011 4988 1227 5041 inscitia
1289 5004 1461 5056 neque
1519 4989 1734 5058 ignarus
1788 4993 2239 5057 quemadmodum

665 5078 982 5132 alliciendus
1017 5087 1177 5142 atque
1214 5072 1549 5132 inducendus
1584 5081 1654 5133 sit
1685 5081 1926 5146 auditor,
1965 5083 2057 5136 sed
2099 5084 2242 5152 quod

665 5169 1169 5241 maxime\omnium
1195 5169 1503 5222 mortalium
1529 5171 1630 5224 hac
1660 5171 1856 5226 virtute
1881 5175 2141 5241 praeditus
2167 5190 2247 5229 es-

665 5272 767 5322 set,
801 5259 1187 5330 persuadendi,
1225 5261 1466 5328 inQuam.
1506 5260 1659 5317 Unde
1694 5264 1745 5316 id
1781 5266 2040 5332 apparet?
2077 5264 2153 5318 Ex
2182 5266 2247 5320 iis

666 5368 787 5417 qua:
803 5351 1043 5404 disserit.
1065 5349 1190 5416 Qui,
1205 5360 1258 5407 et
1272 5354 1574 5420 quomodo?
1588 5353 1885 5409 Corinthiis
1903 5356 2246 5426 loquebatur;

673 5448 826 5521 prius
853 5447 997 5500 enim
1018 5445 1119 5498 hoc
1132 5443 1198 5498 de
1215 5444 1525 5514 virginitate
1539 5446 2248 5515 expediemus;Corinthiis,

671 5536 1079 5609 inqu:tm,,apud
1103 5552 1241 5604 quos
1265 5546 1535 5591 statuerat
1557 5537 1692 5591 nihil
1717 5539 2021 5618 scire,.nisi
2059 5539 2249 5595 Jesum

669 5629 983 5694 illiristum,
1005 5635 1056 5681 et
1087 5643 1209 5683 eum
1229 5629 1549 5682 crucifixum
1580 5630 1654 5697 (l.
1685 5629 1806 5709 Cor.
1839 5630 1890 5682 2.
1919 5630 2007 5700 2);
2035 5648 2171 5700 quos
2195 5641 2253 5684 ut

678 5720 990 5797 spirituales
1017 5723 1217 5795 allaqui
1244 5738 1352 5778 non
1369 5732 1640 5798 potuerat,
1669 5733 1718 5780 et
1740 5726 1882 5801 quod
1908 5727 2156 5783 carnales
2175 5742 2254 5783 es-

1372 377 1375 382 ,
1424 321 1479 372 S.
1520 318 1796 374 JO.\NNlS
1829 317 2302 375 CIIRYSOSTOMI
2347 318 2666 380 ARClllEP.
2709 324 3247 384 CONSTANTINOP.

3862 335 3961 391 57'.’

2390 446 2509 491 sent
2548 437 2756 503 adhuc,
2808 441 2940 495 lacte
2981 443 3220 508 aluerat;
3263 445 3453 514 quibus
3494 447 3651 502 etiam
3693 463 3812 503 cum
3859 451 3963 506 lucc

2387 529 2664 593 scriberet,
2697 531 2808 583 hate
2840 533 2966 586 vitio
2987 533 3184 601 dabat,
3217 536 3321 589 Sed
3350 554 3411 590 ne
3435 555 3568 591 nunc
3596 541 3799 609 quidem
3827 555 3958 611 pote.

2385 620 2508 683 stis;
2535 620 2702 676 adhuc
2734 624 2866 676 enim
2894 628 3123 680 carnales
3160 631 3278 681 estis
3298 671 3310 694 ,
3343 640 3389 682 et
3412 633 3686 684 secundum
3717 633 3959 687 ltoutmcm

2383 711 2651 766 ambulatis
2685 711 2758 783 (Ι.
2793 715 2907 767 Cor.
2938 715 2989 769 3.
3021 715 3101 788 2).
3138 717 3256 771 ldeo
3282 733 3311 771 a
3338 719 3498 774 rebus
3529 722 3771 785 terrenis,
3806 737 3958 792 aspe-

2381 799 2658 858 ctabilibus
2680 819 2741 858 ac
2762 806 3101 862 sensibilibus
3119 852 3132 872 ,
3157 825 3250 864 eos
3271 821 3322 866 et
3343 811 3408 865 ad
3435 813 3787 882 virginitatem
3813 817 3958 869 insti—

2379 902 2488 963 gat,
2516 904 2569 950 ct
2597 910 2627 950 a
2658 898 2995 953 matrimonio
3019 901 3234 956 abducit
3262 921 3275 956 :
3299 905 3440 973 quod
3471 907 3634 974 probe
3660 908 3842 972 sciret,
3865 909 3955 963 de-

2378 984 2550 1054 jectos
2575 996 2732 1056 atque
2759 1003 2956 1057 pronos
2981 1001 3030 1046 et
3059 993 3109 1045 in
3140 1003 3332 1048 terram
3359 996 3530 1051 adlmc
3552 979 3830 1054 inclinatus
3859 1009 3959 1053 ter-

2379 1079 2520 1131 renis
2565 1079 2721 1134 rebus
2770 1083 2935 1150 magis
2977 1084 3107 1138 cieri
3150 1100 3211 1140 ac
3252 1088 3443 1155 pellici.
3484 1089 3618 1156 Quid
3657 1101 3739 1145 est
3779 1094 3950 1153 enim.

2375 1184 2557 1239 quceso
2577 1211 2590 1234 ,
2622 1172 2760 1241 rpiod
2793 1174 3033 1231 homines
3058 1178 3271 1247 quidem
3297 1181 3478 1236 rustici
3507 1197 3571 1237 ac
3597 1185 3821 1255 pingues
3847 1197 3954 1242 tum

2382 1264 2556 1329 parvis
2582 1305 2596 1328 ,
2632 1275 2738 1318 tum
2772 1270 2975 1336 magnis
3005 1270 3055 1322 in
3085 1272 3242 1326 rebus
3279 1288 3468 1329 secure
3497 1275 3661 1331 Deum
3691 1288 3746 1332 et
3777 1281 3954 1348 jurant

2374 1364 2424 1406 et
2457 1356 2724 1424 pejerant;
2759 1360 2807 1412 in
2845 1363 3018 1430 capite
3057 1378 3183 1418 vero
3211 1367 3435 1421 filiorum
3459 1368 3641 1438 jurare
3667 1388 3952 1443 numquam

2371 1446 2606 1502 animmn
2627 1448 2913 1506 inducant?
2933 1468 3158 1524 cumque
3180 1467 3230 1511 et
3256 1459 3544 1528 perjnrium
3566 1471 3618 1517 et
3634 1466 3951 1534 supplicimu

2372 1538 2470 1594 hoc
2497 1541 2623 1595 illud
2651 1543 2805 1613 longe
2832 1547 3043 1615 gravius
3065 1547 3138 1607 sit
3163 1590 3177 1614 ,
3215 1560 3388 1605 tamen
3434 1552 3534 1609 hoc
3562 1571 3718 1624 quam
3747 1558 3842 1612 illo
3862 1560 3951 1628 ju-

2369 1631 2652 1700 rejurando
2692 1637 2860 1706 magis
2898 1643 3252 1696 continentur.
3284 1646 3440 1714 Atqui
3481 1647 3546 1700 ad
3577 1662 3842 1718 pauperes
3864 1652 3949 1721 ju-

2369 1721 2573 1775 vandos
2601 1739 2704 1778 non
2736 1726 2957 1794 perinde
2986 1732 3320 1786 sermonibus
3347 1734 3413 1789 de
3442 1751 3605 1805 regno
3632 1741 3948 1802 excitantur.

2367 1811 2463 1864 etsi
2513 1812 2821 1883 frequenter
2863 1817 3107 1886 audiant,
3155 1831 3310 1891 atque
3352 1838 3447 1893 spe
3490 1831 3846 1897 consequendi
3898 1833 3948 1887 in

2368 1905 2614 1972 prmsenti
2641 1907 2747 1960 vita
2774 1908 2874 1961 sibi
2895 1919 2982 1962 aut
3005 1911 3187 1967 liberis
3213 1913 3356 1968 boni.
3382 1914 3560 1986 Itaque
3582 1928 3690 1973 tum
3717 1924 3946 1977 maxime

2371 1995 2422 2048 in
2467 1996 2549 2050 his
2587 1997 2905 2066 adjumentis
2945 2004 3208 2058 ambitiosi
3254 2007 3414 2071 fiunt,
3458 2009 3545 2064 ubi
3589 2027 3653 2065 ex
3697 2011 3949 2068 diuturno

2364 2086 2551 2140 morbo
2591 2090 2988 2155 convaluerint,
3029 2085 3119 2148 ubi
3166 2095 3458 2162 periculum
3504 2099 3824 2170 effugerint,
3857 2105 3945 2159 ubi

2364 2177 2726 2244 magistratum
2766 2181 2994 2249 aliquem
3019 2191 3071 2235 et
3106 2183 3387 2251 imperium
3419 2189 3556 2241 nacti
3587 2191 3725 2254 sint;
3759 2193 3944 2261 plane-

2360 2281 2465 2341 que
2490 2268 2656 2321 multo
2685 2269 2860 2336 plures
2886 2271 2981 2337 iis,
3014 2288 3131 2340 qua:
3160 2283 3283 2328 ante
3311 2276 3472 2344 pedes
3497 2279 3602 2332 sint
3621 2321 3635 2346 ,
3669 2285 3837 2352 magis
3863 2286 3946 2342 in-

2361 2356 2510 2408 citari
2535 2357 2924 2426 deprehendas.
2953 2361 3076 2415 Hmc
3103 2378 3330 2432 namque
3355 2376 3409 2420 et
3436 2368 3487 2422 in
3516 2371 3761 2426 secundis
3785 2374 3944 2430 vehe-

2360 2450 2590 2504 mentius
2617 2452 2998 2518 exstimulant,
3027 2464 3080 2510 et
3119 2457 3170 2510 in
3208 2458 3447 2514 adversis
3487 2469 3688 2517 terrent
3726 2468 3902 2522 acrius
3926 2510 3941 2533 ,

2357 2540 2498 2608 quod
2529 2540 2716 2596 horum
2747 2558 2958 2599 sensum
2995 2547 3425 2616 propinquiorem
3473 2552 3718 2608 habeant.
3767 2557 3943 2622 Quare

2357 2642 2410 2686 et
2438 2646 2557 2685 cum
2587 2632 2881 2689 Corinthiis
2909 2636 2986 2690 sic
3014 2636 3303 2702 disseruit,
3339 2649 3392 2694 et
3425 2641 3694 2700 Romanos
3724 2661 3750 2698 a
3783 2649 3942 2701 rebus

2357 2724 2708 2790 prmsentibus
2752 2725 2816 2780 ad
2861 2726 3067 2795 injuria:
3105 2730 3410 2797 patientiam
3451 2737 3705 2788 exercuit.
3750 2738 3942 2802 Anima

2355 2813 2497 2868 enim
2540 2813 2748 2869 infirma
2787 2816 3028 2872 lacessita
3054 2860 3068 2882 ,
3102 2836 3205 2874 non
3240 2835 3343 2874 tam
3375 2821 3526 2879 facile
3551 2827 3643 2879 ira:
3675 2843 3941 2884 venenum

2355 2906 2595 2972 remittit,
2625 2908 2668 2960 si
2697 2907 2763 2961 de
2793 2923 2955 2978 regno
2981 2911 3177 2976 audiat,
3206 2923 3362 2983 atque
3395 2917 3443 2969 in
3471 2932 3617 2986 spem
3645 2923 3823 2975 veniat
3853 2941 3940 2978 re-

2356 3005 2553 3055 motam
2580 3039 2594 3063 ,
2625 3013 2780 3067 quam
2819 3002 2862 3053 si
2901 3001 3014 3069 ejus
3051 3003 3137 3071 qui
3168 3005 3410 3073 injuriam
3447 3008 3654 3068 dederit
3687 3013 3939 3074 ultionem

2353 3098 2640 3158 exspectet.
2671 3089 2848 3161 itaque
2871 3093 3053 3148 volens
3072 3095 3120 3147 in
3123 3096 3378 3162 juriarum
3407 3080 3789 3160 recordationis
3808 3108 3942 3164 radi-

2351 3194 2465 3233 cem
2494 3182 2818 3246 convcllerc,
2851 3193 3009 3253 atque
3039 3186 3167 3266 iram
3193 3203 3442 3245 amovere
3463 3234 3478 3258 ,
3505 3195 3643 3262 quod
3669 3194 3940 3252 efficacius

2352 3278 2469 3323 erat
2493 3271 2558 3323 ad
2587 3286 2707 3325 eum
2734 3273 2822 3342 qui
2848 3272 3008 3330 lamus
3030 3287 3172 3331 esset
3197 3279 3474 3334 solandum
3505 3285 3720 3352 profert,
3753 3305 3855 3340 non
3884 3302 3939 3344 ut

2352 3375 2472 3413 eum
2513 3363 2758 3430 repositis
2798 3364 2851 3416 in
2883 3363 3058 3419 futuro
3098 3376 3336 3436 tempore
3378 3375 3606 3439 prarmiis
3648 3375 3934 3444 fraudaret.

2350 3450 2440 3504 sed
2471 3460 2526 3504 ut
2556 3467 2764 3522 quoque
2805 3455 2963 3509 modo
2995 3457 3046 3510 in
3089 3457 3440 3528 philosophia:
3483 3465 3616 3519 viam
3657 3467 3938 3527 imluccret

2349 3551 2505 3610 atque
2547 3545 2611 3597 ad
2657 3547 3144 3603 reconciliationem
3185 3554 3376 3607 ostium
3419 3558 3666 3624 aperiret.
3710 3561 3840 3615 Nam
3885 3567 3933 3616 in

2353 3632 2497 3686 omni
2531 3634 2780 3701 praeclara
2816 3637 3082 3692 iunctione
3123 3640 3326 3695 initium
3366 3643 3536 3699 facere
3564 3648 3935 3708 difficillimum

2347 3733 2462 3789 05¢;
2499 3735 2615 3794 Post
2656 3728 2950 3799 ingreSsnm
2991 3746 3051 3785 ca
3094 3749 3195 3785 non
3241 3751 3390 3804 a-que
3431 3749 3511 3790 est
3552 3740 3834 3798 laboriosa.
3869 3749 3938 3802 At

2347 3829 2452 3868 non
2501 3816 2752 3869 Dominus
2795 3830 2974 3873 noster
3012 3821 3163 3874 Jesus
3199 3824 3440 3879 Christus
3482 3828 3618 3882 idem
3659 3829 3801 3897 facit,
3839 3852 3936 3891 nec

2347 3919 2464 3958 cum
2497 3905 2563 3959 de
2594 3908 2895 3975 virginitate
2921 3951 2934 3974 ,
2971 3927 3066 3965 nec
3100 3928 3219 3965 cum
3252 3915 3318 3968 de
3356 3916 3565 3985 injuriis
3592 3919 3823 3977 ferendis
3841 3921 3940 3976 disc

2346 4005 2524 4064 putat;
2567 4000 2658 4052 sed
2688 4001 2791 4053 illic
2810 4003 3022 4058 c:rlesle
3048 4019 3262 4074 regnum
3307 4011 3584 4076 proponit:
3612 4012 3742 4066 Sunt
3766 4017 3930 4081 enim,

2347 4088 2552 4155 inquit,
2582 4094 2829 4154 eunuchi,
2857 4095 2944 4162 qui
2985 4094 3173 4165 seipsos
3211 4110 3415 4168 propter
3449 4119 3654 4172 regnum
3694 4108 3934 4164 ca'lorum

2344 4188 2630 4232 castrarunt
2657 4183 2673 4250 (
2705 4181 2889 4235 Matth.
2925 4185 3009 4238 19.
3049 4186 3109 4238 12
3137 4185 3154 4254 )
3183 4206 3194 4239 :
3222 4205 3340 4241 cum
3383 4206 3508 4245 vero
3552 4209 3647 4261 pro
3689 4197 3934 4254 hostibus

2346 4275 2548 4339 precari
2581 4283 2758 4328 monet
2785 4315 2800 4341 ,
2825 4292 2932 4330 nec
2967 4277 3270 4332 detrimenti
3303 4297 3486 4336 eorum
3519 4287 3605 4353 qui
3649 4287 3887 4343 heserint
3913 4333 3927 4358 ,

2345 4377 2444 4416 nec
2478 4363 2750 4434 igneorum
2780 4367 3072 4420 carbonum
3107 4371 3383 4436 meminit,
3413 4374 3506 4427 sed
3539 4391 3597 4427 ea
3625 4378 3801 4430 omnia
3832 4396 3931 4447 pu-

2344 4453 2622 4508 sillanimis
2651 4469 2713 4509 ac
2761 4457 2970 4514 miseris
2994 4458 3213 4513 dicenda
3246 4453 3480 4525 mittens,
3511 4464 3620 4532 ipse
3648 4483 3739 4521 eos
3766 4471 3933 4538 lltnjn—

2344 4543 2490 4601 ribus
2535 4546 2766 4612 praemiis
2807 4549 3012 4602 invitat.
3056 4550 3418 4620 Quibusnam?
3453 4555 3517 4608 Ut
3555 4558 3743 4612 similes
3781 4561 3928 4628 sitis,

2324 4633 2534 4703 inquit,
2570 4634 2741 4688 Patris
2767 4640 2913 4694 vestri
2937 4639 3022 4708 qui
3048 4643 3098 4692 in
3124 4643 3259 4695 caelis
3282 4654 3352 4695 est
3384 4645 3593 4715 (.ilatth.
3619 4649 3663 4702 5.
3701 4651 3812 4719 45).
3841 4652 3931 4705 Vi-

2345 4723 2411 4776 de
2437 4734 2690 4793 quantum
2727 4729 3035 4793 pra‘miutn;
3073 4746 3190 4786 nam
3225 4732 3491 4788 auditores
3523 4749 3673 4791 erant
3703 4740 3927 4808 Petrus,

2343 4813 2591 4881 lacubus,
2619 4815 2872 4882 Joannes,
2901 4830 3197 4891 catleraque
3227 4826 3586 4890 apostolorum
3618 4829 3767 4883 turba
3795 4849 3807 4885 :
3832 4833 3931 4887 ita-

2345 4921 2446 4974 que
2487 4922 2578 4960 eos
2619 4908 2944 4976 spiritalibus
2986 4914 3218 4982 praemiis
3262 4917 3443 4968 allicit.
3478 4921 3649 4987 Atque
3696 4923 3831 4977 idem
3877 4936 3931 4982 et

2345 4996 2536 5049 Paulus
2560 4995 2761 5057 fecisset
2774 5040 2786 5063 ,
2804 4999 2845 5050 si
2861 5015 2979 5053 cum
2995 5000 3252 5068 ejusmodi
3272 5014 3545 5062 tractasset
3565 5029 3577 5063 :
3597 5012 3690 5065 sed
3707 5015 3793 5083 qui
3809 5032 3928 5070 eum

2343 5087 2630 5141 Corinthiis
2655 5101 2866 5160 ageret,
2897 5091 3068 5146 adhuc
3101 5094 3280 5150 rudius
3305 5097 3506 5153 affectis
3528 5143 3540 5165 ,
3565 5102 3674 5168 jam
3704 5107 3825 5165 inde
3853 5110 3932 5161 eis

2345 5177 2582 5232 laborum
2636 5181 2864 5234 fructum
2917 5185 3202 5257 proponit,
3248 5203 3354 5259 quo
3401 5192 3610 5247 virtutis
3661 5199 3929 5264 negotium

2343 5266 2650 5332 promptius
2675 5267 2896 5319 inirent.
2923 5269 3108 5338 Neque
3137 5274 3296 5329 aliam
3317 5275 3387 5329 ob
3409 5293 3633 5334 causam
3665 5284 3805 5339 Deus
3836 5286 3934 5341 Ju-

2343 5353 2474 5408 daeis
2499 5354 2678 5424 (Deut.
2705 5356 2818 5426 28),
2843 5361 3046 5414 omissa
3074 5364 3307 5419 caelestis
3339 5371 3486 5438 regni
3506 5374 3930 5444 pollicitatione,

2342 5460 2560 5507 terrena
2582 5448 2720 5501 bona
2737 5449 3142 5520 largiebatur,et
3162 5472 3257 5534 pro
3277 5457 3582 5521 sceleribus
3601 5481 3707 5519 non
3729 5471 3932 5534 gehen-

2338 5553 2494 5602 nam,
2527 5541 2623 5594 sed
2670 5542 2767 5594 aevi
2817 5544 2977 5612 hujus
3013 5546 3374 5612 calamitates,
3425 5566 3663 5622 pestem,
3695 5560 3890 5616 famem
3913 5605 3928 5629 ,

2338 5629 2581 5698 morbos,
2615 5631 2779 5696 bella,
2817 5636 3093 5700 exsilium,
3127 5639 3447 5713 reliquaque
3474 5646 3673 5701 similia
3701 5656 3924 5708 eotmni-

2338 5723 2586 5789 nubatur,
2623 5725 2706 5779 his
2737 5726 2880 5781 enim
2916 5730 3249 5786 carnaliores
3278 5737 3449 5806 magis
3477 5740 3833 5798 continentur
3866 5762 3929 5802 ac
