4174 6318
148 490 237 543 5ἷό

150 596 537 661 perterrebant;
565 596 635 652 de
662 597 724 653 iis
749 612 878 653 vero
904 614 1023 668 qua:
1052 608 1327 670 aspectum
1353 602 1552 671 fugiant
1573 644 1587 669 ,
1621 619 1721 658 nec

154 697 327 757 praesto
351 689 478 754 sint,
504 689 681 743 minus
704 702 991 759 anguntur.
1012 690 1189 757 Quare
1211 692 1407 747 Paulus
1432 693 1483 747 in
1517 693 1583 748 iis
1606 709 1722 748 ma-

150 780 217 845 gis
238 778 427 844 lueret,
443 770 571 847 ’qute
592 795 776 835 eorum
800 782 1101 837 tarditatem
1126 784 1457 853 potissimum
1481 782 1720 839 ferirent.

157 869 399 925 l’ra:tcrea
429 871 557 925 illud
586 888 797 941 quoque
821 874 1105 929 ostendere
1130 875 1375 940 volebat,
1406 885 1721 931 exterarum

151 961 386 1014 virtutum
416 961 674 1031 quasdam
704 964 790 1017 hic
818 978 917 1019 nos
948 964 1426 1020 multis‘laboribus
1447 981 1721 1035 exercere,

153 1062 196 1104 ct
224 1050 444 1107 fructum
476 1070 691 1108 onmem
723 1056 774 1109 in
802 1055 1034 1123 futurum
1065 1065 1273 1127 tempus
1300 1044 1536 1113 condere
1566 1076 1580 1111 :
1610 1059 1721 1112 vir-

152 1145 402 1213 ginitatem
434 1161 584 1215 vero,
612 1149 774 1202 etiam
801 1147 929 1203 dum
963 1149 1174 1216 colitur,
1206 1164 1310 1203 non
1351 1150 1523 1205 levem
1560 1151 1715 1206 nobis

153 1239 619 1305 compensationem
651 1238 894 1305 reddere,
918 1254 1037 1309 qua:
1063 1255 1161 1294 nos
1189 1248 1267 1293 tot
1286 1240 1539 1295 aerumnis
1564 1250 1725 1309 atque

155 1328 277 1382 curis
302 1329 505 1383 liberet.
540 1331 713 1399 Atque
742 1332 962 1400 insuper
986 1338 1041 1385 et
1066 1331 1279 1386 tertium
1304 1314 1557 1402 quiddam
1582 1348 1722 1401 prae-

155 1420 291 1473 stitit.
318 1420 619 1487 Quidnam?
647 1422 724 1477 Ne
762 1438 848 1477 res
880 1424 1565 1493 impossibilis-crederetur
1584 1467 1599 1492 ,
1631 1425 1724 1479 sed

156 1509 228 1561 vel
253 1509 300 1561 in
329 1509 512 1578 primis
544 1510 733 1564 facilis.
765 1511 820 1565 ld
847 1520 1023 1575 autem
1050 1513 1232 1579 efﬁcit,
1262 1500 1438 1568 inesse
1463 1514 1515 1567 in
1544 1515 1729 1567 matri-

158 1601 315 1653 monio
354 1600 469 1669 plus
510 1600 879 1656 dilicuitatum
926 1603 1080 1663 facile
1121 1603 1535 1668 demonstrans;
1576 1606 1734 1673 quasi

156 1690 337 1745 diceret
376 1710 389 1746 :
426 1692 755 1749 eErumnosa
798 1695 894 1750 tibi
938 1710 1002 1750 ac
1044 1696 1307 1750 laboriosa
1352 1711 1441 1751 res
1481 1696 1723 1758 videtur!

156 1781 379 1848 equidem
414 1798 539 1837 vero
569 1796 851 1854 propterea
882 1786 1306 1856 persequendam
1332 1802 1549 1849 censeo,
1582 1786 1725 1857 quod

156 1874 273 1926 adeo
300 1875 427 1929 levis
454 1878 538 1939 sit,
574 1889 628 1930 ut
659 1879 992 1948 negotiorum
1023 1880 1189 1933 multo
1219 1880 1395 1932 minus
1418 1895 1577 1947 quam
1609 1894 1727 1932 nia~

158 1964 438 2018 trimonidm
469 1967 723 2035 pra-beat.
755 1968 886 2021 Nam
917 1984 1037 2022 cum
1068 1969 1221 2022 VttblS
1252 1984 1489 2040 parcam,
1519 1970 1725 2039 inquit,

157 2069 244 2109 nec
260 2056 410 2110 velim
435 2058 679 2112 miserias
699 2058 925 2124 habere,
950 2070 1191 2128 optarem
1215 2076 1310 2115 vos
1331 2062 1729 2115 matrimonium

158 2162 247 2199 non
274 2152 608 2205 contrahere.
635 2151 804 2217 Quam
834 2152 1142 2206 miseriam?
1164 2152 1306 2207 dicat
1334 2152 1559 2207 fortasse
1586 2153 1749 2221 quiS—~

158 2238 313 2304 piam;
347 2240 451 2294 imo
484 2255 613 2296 vero
654 2241 910 2311 grandem
950 2243 1362 2297 oblectationem
1406 2259 1470 2298 ac
1511 2242 1730 2298 delicias

158 2329 333 2383 habere
361 2330 715 2385 inveniemus.
748 2334 923 2402 Atque
961 2334 1013 2387 in
1055 2333 1239 2403 primis
1268 2348 1476 2387 summa
1506 2349 1625 2389 cum
1662 2334 1726 2389 li-

157 2423 309 2477 centia
332 2424 675 2504 cupiditatem
701 2427 939 2495 explere,
972 2442 1069 2481 nec
1093 2427 1209 2497 cogi
1240 2436 1444 2481 natura:
1472 2427 1728 2496 impetum

158 2513 280 2569 ferre
319 2531 422 2570 non
452 2517 733 2572 minimum
762 2517 889 2574 facit
915 2519 982 2573 ad
1021 2519 1326 2574 facilitatem
1360 2537 1372 2574 :
1405 2519 1731 2590 insupcrque

158 2604 338 2675 reliqua
364 2608 538 2663 omnis
566 2608 671 2662 vita
698 2624 728 2663 a
758 2625 992 2666 mmrore
1016 2625 1081 2664 ac
1105 2611 1352 2680 squalore
1380 2611 1567 2679 libera,
1596 2610 1732 2666 hila-

157 2696 311 2752 ritalis
333 2741 348 2765 ,
384 2701 556 2765 risus,
600 2702 776 2771 gaudii
817 2704 972 2771 plena
1006 2711 1111 2758 est.
1148 2702 1363 2757 Etenim
1398 2711 1453 2758 et
1490 2705 1726 2774 opiparis

158 2792 357 2856 mensis,
375 2800 426 2847 et
446 2793 688 2848 delicatis
704 2795 958 2859 vestibus,
977 2806 1029 2849 et
1052 2795 1197 2849 molli
1222 2804 1362 2863 toro,
1382 2803 1439 2850 et
1459 2797 1729 2866 perpetuis
1762 2826 1787 2833 ‘-

158 2878 343 2935 balneis
367 2923 381 2946 ,
412 2892 465 2937 et
495 2884 779 2955 unguentis
799 2926 815 2949 ,
844 2892 900 2940 et
932 2885 1055 2940 vino
1084 2896 1356 2956 unguento
1384 2882 1549 2942 nihilo
1574 2888 1726 2943 dete-

157 2967 289 3034 riori,
312 2972 516 3041 aliaque
541 2974 705 3027 multa
725 2988 788 3028 ac
809 2975 952 3028 varia
978 2960 1217 3045 impensa
1239 2990 1434 3047 corpus
1454 2985 1727 3046 curantes,

158 3060 264 3116 inde
290 3077 523 3119 summas
549 3065 598 3120 ei
623 3057 843 3121 delicias
870 3076 1203 3139 comparant.

218 3150 285 3204 L-
306 3152 509 3207 Delicias
534 3155 745 3225 perinde
767 3157 817 3209 in
848 3154 1013 3210 Veteri
1036 3166 1187 3227 atque
1206 3158 1258 3211 in
1282 3156 1433 3212 Nova
1455 3157 1591 3230 Lege
1610 3176 1731 3229 pro.

158 3242 327 3297 hibita.
356 3273 418 3284 ——
439 3246 511 3299 At
538 3261 672 3301 vero
698 3262 872 3317 neque
899 3246 1015 3302 lucc
1039 3248 1221 3314 licent,
1248 3258 1303 3303 et
1330 3250 1729 3305 matrimonium

157 3332 315 3387 coitus
328 3335 496 3389 solum
520 3336 941 3401 licentiam,non
964 3341 1121 3393 etiam
1144 3339 1455 3395 deliciarum
1478 3351 1732 3410 prmstare

158 3423 280 3477 solet
306 3441 319 3480 :
353 3426 401 3479 id
430 3429 617 3481 beatus
650 3428 844 3483 Paulus
872 3438 1097 3484 testatur
1128 3430 1210 3485 his
1236 3431 1413 3486 verbis
1432 3472 1447 3497 ,
1485 3433 1612 3499 Qua:
1638 3448 1733 3485 au-

161 3524 244 3568 tem
263 3517 311 3571 in
330 3518 521 3573 deliciis
541 3530 635 3585 est,
660 3522 826 3575 vivens
846 3525 1044 3576 mortua’
1070 3532 1144 3575 est
1164 3523 1239 3591 (l.
1268 3522 1402 3576 Tim.
1426 3524 1478 3577 5.
1498 3523 1574 3593 6).
1599 3524 1730 3591 Qua:

161 3608 196 3659 si
221 3607 281 3663 de
307 3610 476 3664 viduis
498 3609 691 3675 eﬂ‘atus
715 3622 813 3676 est,
844 3612 1119 3685 audi‘quid
1145 3612 1212 3667 de
1236 3614 1417 3683 nuptis
1439 3613 1621 3669 itidem
1647 3614 1729 3668 di-

161 3706 234 3750 cat
265 3715 278 3750 :
309 3700 547 3756 Mulieres
576 3702 749 3755 Imbitn
773 3703 999 3757 modesto
1022 3743 1037 3768 ,
1059 3719 1173 3758 cum
1200 3704 1337 3757 omni
1368 3706 1663 3757 verecundia
1684 3714 1730 3758 et

162 3786 402 3844 sobrietate
423 3800 662 3846 amantes
681 3808 754 3856 se,
784 3809 883 3846 non
911 3776 1177 3854 cincinnis,
1200 3802 1285 3845 aut
1310 3810 1457 3859 auro,
1481 3804 1570 3847 aut
1595 3812 1731 3847 mar—

162 3880 336 3947 garitis,
355 3891 439 3934 aut
462 3891 758 3960 sumptuoso
781 3885 977 3945 uestitu,
1006 3883 1095 3937 sed
1122 3895 1172 3936 ut
1202 3884 1417 3953 [emittas
1445 3886 1603 3948 decet,
1626 3887 1733 3955 piso

165 3978 298 4023 tatem
324 3983 453 4027 recte
480 3973 631 4045 factis
660 3974 950 4043 proﬁtentes
972 3975 1049 4044 (ι.
1078 3973 1209 4027 Tim.
1240 3974 1295 4028 2.
1324 3975 1377 4030 9.
1402 3975 1514 4043 10).
1546 3970 1733 4045 Neque

166 4057 242 4115 hic
263 4062 450 4130 solum,
477 4064 573 4119 sed
603 4064 732 4119 alibi
761 4080 972 4134 quoque
1004 4066 1053 4119 in
1082 4080 1147 4120 eo
1172 4066 1325 4120 valde
1358 4066 1604 4135 frequens
1628 4078 1730 4132 est,

168 4150 279 4203 nihil
295 4152 447 4221 plane
461 4153 649 4208 harum
671 4168 848 4209 rerum
864 4169 1185 4226 ntagnOpere
1207 4157 1561 4224 expetendum
1581 4158 1735 4213 nobis

166 4254 289 4297 esse.
317 4243 383 4298 Et
425 4244 553 4315 quid
593 4236 815 4300 Paulum
858 4246 980 4300 dico
1019 4246 1079 4301 "l
1108 4248 1195 4316 qui
1236 4243 1356 4301 cuin
1401 4257 1453 4302 et
1510 4265 1734 4303 summa:

166 4335 497 4390 accurationis
538 4345 746 4406 tempus
781 4347 954 4404 esset,
984 4349 1038 4393 et
1064 4339 1250 4409 ingens
1278 4341 1495 4409 spiritus
1518 4343 1687 4411 gratia.
1712 4382 1728 4407 ,

169 4426 268 4480 lucc
301 4427 528 4485 dicebat.
559 4430 728 4485 Amos
764 4432 928 4496 enim,
956 4432 1046 4501 qui
1084 4431 1311 4488 infantes
1344 4433 1559 4488 Judaros
1594 4435 1731 4490 allo-

169 4517 407 4583 quebatur
427 4561 442 4587 ,
469 4536 573 4590 qua
601 4529 916 4593 tempestate
937 4522 1163 4589 delicias,
1194 4524 1347 4579 luxus
1367 4567 1391 4591 τ
1414 4526 1698 4595 omniaque
1718 4569 1733 4593 ,

170 4618 218 4659 ut
242 4614 313 4665 sic
340 4612 510 4668 dicam
533 4654 552 4678 ,
581 4627 976 4683 supervacanea
1014 4618 1271 4685 permissa
1311 4627 1464 4672 erant
1486 4659 1500 4681 ,
1529 4619 1653 4673 audi
1682 4629 1737 4674 ut

170 4697 355 4757 deliciis
378 4704 619 4758 addictos
646 4705 792 4760 serio
817 4716 997 4776 tangat
1022 4725 1035 4762 :
1077 4706 1162 4761 Vw
1188 4710 1274 4777 qui
1296 4710 1366 4762 ad
1387 4710 1520 4765 diem
1546 4712 1738 4764 malum

171 4794 429 4862 conﬂuunt,
457 4797 542 4864 qui
570 4795 704 4865 falsa
730 4796 937 4852 sabbata
965 4798 1281 4867 frequentant
1309 4809 1457 4867 atque
1485 4812 1735 4867 tractant;

172 4880 245 4945 qui
268 4882 315 4935 in
340 4881 477 4947 lectis
500 4884 741 4962 cqbantes
766 4886 1015 4954 eburneis,
1037 4887 1362 4941 luxuriantur
1388 4889 1439 4943 in
1466 4890 1568 4943 suis
1595 4890 1706 4944 cubi
1720 4921 1736 4931 -

172 4971 381 5039 libus,.et
408 4964 615 5032 oviliitm
646 4980 817 5033 Iitrtlos
837 5021 853 5046 ,
882 4990 929 5034 et
955 4997 1018 5035 ea:
1040 4982 1203 5035 medio
1232 4980 1473 5036 herilium
1502 4983 1739 5040 lactentes

174 5064 335 5121 titulos
371 5069 677 5135 comedunt;
700 5072 785 5135 qui
811 5070 880 5125 ad
898 5087 1208 5143 organorum
1237 5089 1418 5127 sonum
1446 5074 1697 5146 plaudunt
1720 5117 1737 5142 ,

176 5154 364 5226 fngitira
392 5176 485 5227 pro
510 5162 661 5218 statis
683 5162 939 5225 habentes,
967 5148 1137 5216 uinum
1163 5163 1462 5233 defarcatum
1488 5166 1703 5222 bibentes
1722 5208 1737 5239 ,

176 5258 214 5299 et
240 5249 482 5322 primariis
511 5253 779 5323 unguentis
807 5254 1013 5307 delibuti
1041 5242 1215 5326 (Amos
1244 5255 1296 5310 6.
1325 5251 1463 5324 Δοϐ).

153 5342 161 5375 '-
241 5343 311 5397 LI.
345 5345 482 5425 Licet
511 5344 742 5399 deliciari
783 5347 1083 5415 permissum
1120 5358 1283 5425 esset,
1329 5349 1640 5403 matrimonii
1665 5360 1737 5404 tuo

178 5438 553 5493 matrnulrstias
594 5439 719 5491 satis
745 5455 854 5493 esse
881 5456 992 5505 qua:
1039 5456 1149 5493 eant
1191 5439 1498 5510 voluptatem
1553 5443 1746 5495 castiu—

179 5526 598 5599 guant.-—ltaqne
631 5528 770 5599 quod
800 5529 1038 5584 dicebam
1069 5531 1118 5585 in
1149 5529 1355 5601 primis,
1384 5545 1483 5586 nec
1504 5530 1743 5586 deliciari

233 5682 247 5711 ¹
279 5690 451 5757 ποετ...
477 5684 619 5757 ᾂρὺίδ
636 5699 740 5757 esse
758 5698 787 5757 ;_
808 5685 1042 5737 nubentes
1065 5686 1191 5751 enim
1205 5683 1399 5757 ,ittqyit
1413 5720 1431 5757 ,
1454 5682 1681 5757 alimentg
1701 5690 1748 5755 et

181 5744 451 5817 (matricidii,
475 5745 553 5797 Itis
579 5747 787 5801 contenti
808 5761 987 5801 sumus.
1015 5758 1135 5799 Nam
1158 5746 1242 5809 qui
1263 5744 1423 5797 volunt
1446 5744 1750 5857 dirite‘sjieri

183 5806 374 5857 viridam
394 5823 444 5857 sn
468 5809 793 5857 teruats'oncm.
814 5817 860 5857 et
880 5809 934 5857 in
952 5810 1176 5857 laauenm
1199 5808 1405 5857 diaboli.
1431 5816 1476 5857 et
1494 5807 1605 5857 des'
1642 5806 1750 5857 cria

183 5806 374 5879 iuridmtt
394 5807 793 5879 infestationem,
814 5817 860 5859 et
880 5809 934 5860 in
952 5806 1179 5868 laqueum
1198 5808 1378 5879 diaboli
1393 5847 1405 5868 ,
1431 5816 1476 5879 et
1494 5806 1750 5879 desideria

180 5868 312 5918 mnta
333 5869 522 5936 mutilat
542 5878 589 5936 et
611 5870 924 5936 norimqu
935 5871 1403 5936 mergunt/iamiam
1426 5869 1477 5920 in
1498 5869 1748 5936 interitum

184 5936 221 5980 tt
238 5932 540 6004 perditionem
564 5934 634 5998 (Ι.
660 5933 774 5986 tim.
793 5930 840 5985 6⁷.
858 5938 908 5987 8.
925 5936 998 5998 9).
1025 5930 1079 5986 Et
1103 5934 1221 5999 quid
1248 5932 1450 5985 Paulum
1472 5932 1582 5984 dico
1598 5930 1681 5983 .9...

1467 492 1557 547 DE
1595 467 2064 548 Vincamus.

3314 491 3417 545 5η

1836 604 1987 659 licet.
2011 603 2148 670 Quin
2190 614 2247 657 ut
2273 600 2403 658 nihil
2434 603 2623 656 horum
2654 602 2872 673 velitum
2905 610 3083 667 esset,
3116 599 3210 656 sed
3241 606 3423 656 omnia

1832 709 2109 759 concessa,
2139 703 2195 748 at
2219 705 2343 748 sunt
2366 693 2468 746 alia
2505 692 2572 745 ad
2620 693 2925 748 mtestitiam
2956 707 3019 745 ac
3065 691 3305 745 dolorem
3337 693 3418 744 his

1832 786 2078 855 mqualia,
2112 783 2219 837 imo
2250 792 2397 839 tanto
2420 792 2475 839 et
2499 784 2647 853 plura
2676 792 2731 837 et
2756 784 2978 851 majora,
2999 792 3055 836 ut
3086 782 3294 835 illorum
3322 792 3424 835 nec

1834 881 2111 934 minimum
2142 879 2357 949 quidem
2395 894 2613 934 sensum
2643 878 2916 948 capiamus
2946 918 2960 942 ,
3008 876 3103 931 sed
3132 876 3307 930 omnis
3353 887 3417 927 ex

1832 971 1900 1025 iis
1930 972 2173 1039 Voluptas
2198 969 2447 1025 facessat.

1905 1060 2013 1115 Lll.
2044 1060 2303 1128 Quantum
2333 1061 2523 1113 malum
2552 1060 2617 1113 sit
2640 1059 2913 1128 zelotypia.
2941 1086 3016 1097 —
3041 1055 3099 1111 Si
3128 1055 3271 1109 enim
3298 1054 3418 1123 quis

1834 1160 2022 1205 natura
2072 1153 2142 1206 sit
2189 1151 2255 1206 ad
2303 1150 2621 1221 zelotypiam
2667 1163 2963 1219 propensus
2992 1190 3007 1215 ,
3049 1155 3141 1201 aut
3168 1162 3233 1202 ex
3261 1161 3419 1199 causa

1834 1233 1941 1296 ulla
1975 1242 2194 1297 minime
2220 1256 2347 1297 vera
2373 1256 2439 1296 eo
2467 1240 2609 1294 malo
2627 1240 2951 1308 corripiatur
2981 1280 2997 1305 ,
3027 1236 3218 1308 ecquid
3242 1238 3419 1290 anima

1834 1332 2135 1401 hujusmodi
2165 1331 2520 1387 miserabilius
2546 1330 2654 1385 sit?
2694 1329 2751 1385 Si
2781 1330 2975 1384 bellum
3012 1338 3174 1398 atque
3219 1327 3425 1395 tempe-

1834 1432 2025 1479 Statem
2044 1440 2164 1479 cum
2182 1424 2265 1478 his
2279 1424 2481 1480 mdibns
2493 1408 3190 1491 coniparemus,accuratam
3204 1419 3426 1488 hujusce

1837 1517 1911 1571 rei
1936 1532 2328 1587 consequemur
2349 1516 2631 1587 imaginem
2661 1533 2675 1569 :
2700 1515 2875 1570 omnia
2899 1514 3146 1576 tristitiae,
3164 1513 3425 1580 suSpicio-

1834 1610 1941 1677 nis,
1984 1610 2250 1673 rixarum,
2270 1609 2441 1663 turbre
2460 1608 2618 1677 plena
2647 1616 2789 1661 sunt.
2828 1605 2959 1660 Nam
2978 1605 3066 1675 qui
3097 1604 3194 1659 hac
3217 1604 3437 1679 insania

1834 1689 1973 1755 ieius
1984 1701 2127 1765 sit,ei
2141 1684 2308 1755 nihilo
2326 1699 2516 1754 melius
2532 1708 2796 1767 est,qnain
2812 1696 3153 1751 dzcmoniacis
3169 1710 3234 1750 ac
3246 1705 3425 1749 mente

1834 1792 2024 1860 captis:
2038 1792 2174 1846 adeo
2189 1790 2403 1845 assidue
2427 1789 2821 1856 exsilit,resilit,
2836 1789 2887 1843 in
2907 1802 3095 1842 omnes
3117 1786 3387 1842 stomacha
3402 1816 3423 1826 -

1837 1891 1924 1937 tur
1947 1883 2335 1949 in-pracsentes,
2358 1897 2453 1936 seu
2481 1897 2689 1946 servus,
2717 1896 2810 1934 seu
2837 1888 2999 1933 natus
3020 1888 3041 1943 ,'
3062 1894 3156 1935 seu
3185 1879 3426 1948 quisquis

1832 1976 1973 2030 alius
1996 1975 2083 2039 sit,
2109 1978 2453 2030 immerentes
2470 1975 2613 2039 licet,
2629 1960 2894 2027 irascitur.
2930 1971 3187 2040 Voluptas
3205 1983 3425 2040 prorsus

1837 2052 2328 2137 fugatur,muarore,
2351 2066 2515 2132 luctu,
2536 2065 2856 2119 insuavitate
2877 2063 3053 2118 omnia
3068 2062 3260 2117 referta
3275 2070 3420 2115 sunt:

1837 2172 1930 2212 seu
1955 2157 2099 2213 domi
2128 2166 2359 2220 maneat,
2392 2173 2482 2210 seu
2511 2156 2764 2211 in'lorum
2791 2154 3046 2226 prodeat,
3077 2168 3172 2209 seu
3202 2153 3305 2207 iter
3330 2150 3425 2205 ad-

1836 2260 1990 2305 ornet
2011 2292 2025 2314 ,
2055 2249 2251 2320 ubique
2280 2249 2419 2302 man
2447 2248 2677 2317 tangitur
2702 2288 2718 2311 ,
2762 2248 2998 2333 animum
3028 2245 3077 2300 ei
3106 2244 3299 2315 quovis
3324 2242 3424 2295 sti-

1836 2341 1982 2395 mulo
2011 2341 2188 2395 acrius
2212 2349 2479 2411 pungente
2500 2354 2564 2393 ac
2585 2346 2810 2393 vexante
2840 2378 2857 2402 ,
2904 2352 3003 2391 nec
3042 2336 3323 2405 quiescere
3348 2334 3423 2388 sic

1836 2436 2035 2485 nente:
2063 2445 2235 2499 neque
2262 2430 2403 2485 enim
2436 2430 2521 2483 hic
2547 2429 2763 2483 morbus
2792 2427 3060 2481 tristitiam
3088 2425 3261 2480 solum
3284 2468 3299 2492 ,
3329 2425 3424 2479 sed

1839 2522 2003 2576 etiam
2035 2519 2424 2574 intolerabilem
2456 2517 2690 2572 furorem
2714 2532 2903 2587 parere
2925 2517 3079 2570 solet.
3113 2517 3291 2585 Atque
3313 2515 3427 2568 haec

1830 2612 1920 2688 .vel
1942 2610 2146 2679 singula
2168 2611 2296 2665 satis
2307 2612 2412 2664 sint
2426 2626 2542 2680 qmc
2558 2608 2658 2663 hoc
2678 2610 2869 2664 morbo
2883 2618 3094 2678 captum
3114 2608 3424 2663 conficiant:

1836 2702 1918 2757 sin
1961 2712 2138 2755 autem
2186 2701 2344 2756 simul
2401 2701 2681 2770 conjuncta
2725 2706 3078 2769 oppugnent,
3125 2714 3248 2753 eum
3285 2699 3425 2752 assi-

1836 2791 1940 2846 due
1966 2792 2255 2861 prementia
2281 2832 2295 2853 ,
2332 2805 2433 2845 nec
2470 2790 2745 2844 minimum
2792 2790 2841 2844 ei
2890 2789 3187 2859 respirandi
3218 2797 3429 2857 tempus

1839 2882 2119 2937 tribuentia
2146 2922 2161 2948 ,
2200 2898 2304 2952 qua
2333 2896 2438 2937 non
2468 2888 2641 2961 morte
2664 2881 2713 2935 id
2745 2880 2990 2935 acerbius
3018 2870 3125 2934 sit?
3171 2879 3304 2935 Nam
3333 2894 3427 2933 Sclt

1835 2984 2131 3031 extremam
2157 2982 2449 3044 egestatem
2476 3015 2492 3040 ,
2521 2989 2616 3028 seu
2643 2972 2991 3027 insanabilem
3020 2972 3263 3032 morbum
3289 3013 3303 3032 ,
3331 2986 3425 3023 seu

1838 3066 2033 3134 ignem,
2056 3079 2153 3120 seu
2179 3064 2381 3120 ferrum
2410 3064 2672 3131 nomines,
2693 3063 2823 3117 nihil
2851 3078 2946 3131 par
2970 3062 3171 3116 dixeris
3204 3080 3217 3115 :
3250 3062 3299 3115 id
3326 3062 3428 3115 soli

1836 3172 1904 3217 ex
1916 3157 2045 3226 p_erti
2072 3156 2236 3225 probe
2257 3157 2450 3209 sciunt.
2477 3154 2631 3209 Nulla
2653 3162 2737 3208 est
2757 3155 2896 3209 enim
2919 3146 3129 3209 dicendi
3154 3162 3295 3206 tanta
3325 3152 3427 3211 vis.

1836 3267 1956 3319 qua:
2004 3251 2125 3303 mali
2167 3249 2485 3320 gravitatem
2521 3256 2897 3316 consequatur.
2924 3246 3133 3299 Etenim
3160 3260 3283 3298 cum
3310 3258 3426 3297 om-

1816 3344 1983 3398 tnium
2016 3343 2347 3397 carissimam
2380 3382 2395 3407 ,
2428 3349 2479 3395 et
2524 3354 2622 3409 pro
2666 3354 2771 3409 qua
2813 3338 3000 3402 lubens
3026 3336 3110 3390 vel
3139 3336 3296 3387 vitam
3328 3334 3427 3386 im-

1840 3434 2067 3505 pendat,
2114 3443 2413 3502 sospeetam
2445 3431 2642 3486 habere
2677 3444 2890 3497 semper
2926 3428 3154 3497 cogitur,
3178 3424 3305 3495 quid
3350 3435 3432 3478 est

1838 3526 2058 3581 omnino
2086 3524 2227 3593 quod
2255 3524 2413 3579 solari
2454 3538 2577 3578 eum
2609 3521 2819 3591 possit?
2866 3519 2972 3574 Seu
3001 3534 3233 3587 namque
3272 3533 3411 3573 smn-

1838 3635 1965 3686 num
1994 3617 2149 3683 inire,
2180 3632 2272 3670 seu
2300 3616 2476 3671 cibum
2502 3624 2790 3684 potumque
2816 3625 3009 3680 capere
3034 3624 3312 3664 necessum
3334 3609 3425 3672 sit,

1839 3724 2077 3764 mensam
2108 3707 2353 3763 letalibus
2376 3705 2598 3761 venenis
2633 3704 2811 3773 potius
2841 3699 2997 3773 quam
3022 3699 3211 3756 eduliis
3229 3699 3427 3754 instru-

1838 3807 1978 3853 ctam
2004 3798 2219 3854 credet:
2256 3798 2309 3852 in
2340 3797 2478 3867 lecto
2496 3811 2595 3849 nec
2617 3795 2699 3849 vel
2730 3803 3003 3847 momento
3032 3792 3305 3861 quiescet,
3334 3790 3427 3843 sed

1842 3900 2093 3960 tanquam
2125 3888 2381 3958 subjectis
2414 3888 2598 3956 prunis
2619 3885 2954 3940 mstuabit-ac
2978 3882 3298 3952 jactabitnr:
3330 3896 3427 3935 ne-

1841 3997 1945 4052 que
1970 3989 2061 4034 aut
2085 3980 2380 4034 amicorum
2410 3965 2749 4047 congressus,
2780 3983 2873 4028 aut
2904 3972 3237 4042 negotiorum
3276 3986 3426 4033 cura,

1837 4082 1934 4128 ant
1955 4072 2311 4143 periculorum
2331 4078 2521 4133 metus,
2546 4078 2637 4121 aut
2664 4068 2853 4136 ingens
2877 4067 3141 4133 voluptas,
3165 4071 3256 4115 aut
3282 4063 3427 4115 aliud

1840 4165 2127 4235 quidquam
2159 4163 2225 4217 ab
2249 4177 2315 4217 eo
2339 4171 2473 4215 mstu
2512 4159 2779 4213 hominem
2810 4156 3075 4211 abducere
3096 4161 3273 4223 potest
3296 4193 3310 4218 ,
3332 4152 3428 4206 sed

1842 4259 2073 4330 procella
2104 4256 2219 4311 lucc
2252 4255 2498 4310 omnibus
2528 4262 2581 4307 et
2601 4250 2852 4321 jucundis
2882 4258 2936 4305 et
2969 4246 3210 4303 tristibus
3242 4255 3427 4317 puten-

1844 4354 1948 4411 tius
1986 4350 2223 4405 animum
2271 4347 2527 4419 possidet.
2577 4346 2700 4399 llrec
2739 4359 2860 4399 cum
2888 4341 3249 4414 perspexi-set
3280 4341 3432 4395 Salo-

1843 4424 1990 4511 mon,
2019 4444 2268 4499 dicebat»:
2299 4441 2470 4495 Durus
2490 4440 2616 4495 sicut
2639 4440 2871 4509 infernus
2901 4435 3035 4490 zelus
3050 4433 3225 4507 (Cant.
3254 4435 3305 4489 8.
3337 4431 3430 4502 6):

1842 4550 1897 4595 et
1924 4554 2152 4603 rursum,
2188 4534 2381 4609 Plenus
2411 4533 2543 4587 enim
2570 4532 2665 4585 zeli
2695 4532 2802 4602 ejus
2831 4529 2925 4582 viri
2944 4531 3111 4598 furor,
3137 4541 3237 4579 non
3265 4532 3434 4594 parcet

1843 4633 1897 4687 in
1908 4632 1990 4685 die
1994 4624 2206 4701 jndicii,
2225 4644 2313 4681 nec
2337 4624 2677 4694 redemptione
2702 4622 2809 4675 ulla
2832 4617 3122 4673 inimicitias
3147 4625 3431 4684 componet,

1844 4742 1936 4780 nec
1962 4723 2238 4795 quttntisvis
2276 4720 2421 4793 donis
2452 4717 2735 4800 placabitur
2755 4713 2937 4786 (Prov.
2965 4712 3016 4767 6.
3044 4711 3261 4780 ωδε).
3288 4710 3335 4763 ls
3354 4717 3438 4763 est

1845 4819 1987 4871 enim
2016 4815 2186 4868 morbi
2206 4812 2364 4881 hujus
2396 4811 2562 4872 furor,
2593 4819 2651 4863 ut
2676 4823 2775 4861 nec
2794 4814 3008 4875 Sumpto
3031 4802 3099 4858 de
3127 4817 3204 4857 eo
3222 4801 3313 4872 qui
3344 4802 3439 4855 la:-

1846 4909 1977 4964 serit
2004 4906 2291 4977 supplicio,
2320 4904 2562 4959 dolorem
2598 4898 2817 4955 missum
2847 4898 3022 4951 faciat.
3052 4895 3235 4965 Itaque
3254 4894 3434 4957 .multi,

1845 5001 2090 5056 adultero
2116 4998 2327 5054 sublato
2360 5038 2374 5061 ,
2418 4996 2549 5049 iram
2590 5002 2751 5062 atque
2782 5005 3067 5046 intereram
3112 4988 3300 5042 tollere
3331 5002 3436 5041 non

1845 5100 2153 5163 potuerunt.
2183 5090 2317 5146 Sunt
2343 5098 2397 5144 et
2429 5088 2518 5158 qui
2544 5086 2696 5140 erasis
2722 5084 2832 5139 suis
2853 5081 3169 5152 conjugibus
3192 5122 3207 5146 ,
3240 5095 3393 5150 teque
3421 5121 3438 5145 ,

1850 5186 1956 5240 imo
1982 5183 2170 5253 magis,
2203 5197 2270 5237 eo
2296 5195 2425 5248 rogo
2450 5176 2766 5232 exarserint.
2798 5177 2874 5228 Ac
2900 5176 2980 5227 vir
3018 5172 3232 5242 quidem
3274 5170 3328 5227 in
3360 5172 3441 5224 his

1843 5276 2004 5330 malis
2029 5276 2208 5343 degit,
2264 5274 2423 5326 ctiam
2471 5285 2595 5324 cum
2636 5267 2766 5323 nihil
2809 5282 2993 5322 verum
3038 5265 3127 5319 sit.
3174 5264 3441 5319 Cancrum

1852 5368 2047 5421 misera
2078 5366 2167 5420 illa
2196 5374 2251 5419 et
2272 5376 2574 5418 aerumnosa
2602 5360 2685 5414 vel
2703 5359 2818 5414 viro
2841 5357 3056 5428 gravius
3081 5354 3440 5410 escrueiatur.

1850 5459 1982 5515 Nam
2012 5473 2132 5512 eum
2156 5472 2280 5513 eum
2317 5498 2333 5522 ,
2365 5455 2454 5525 qui
2504 5467 2866 5509 atrumnarum
2910 5449 3147 5503 omnium
3195 5445 3443 5501 solatium

1851 5566 1974 5606 esse
2002 5550 2226 5616 debeat,
2282 5556 2351 5616 et
2372 5546 2515 5601 unde
2538 5543 2851 5615 pra‘sidium
2880 5537 3299 5617 exspectandum
3331 5537 3393 5589 sit
3427 5576 3443 5601 ,

1854 5644 2076 5701 efferum
2102 5644 2267 5711 atque
2309 5640 2545 5693 omnium
2597 5638 2647 5691 in
2703 5652 2760 5690 se
2805 5633 3168 5688 inimicissime
3196 5628 3446 5682 affectum

1842 5738 2048 5800 cernit,
2089 5752 2195 5805 quo
2216 5736 2326 5804 jam
2357 5747 2416 5787 se
2441 5730 2648 5787 vertat?
2694 5729 2759 5783 ad
2778 5742 2935 5796 quem
2963 5722 3274 5792 confugiat?
3304 5720 3446 5774 unde

1846 5828 2117 5885 ~malorum
2145 5826 2407 5881 auxilium
2432 5833 2573 5894 petat
2599 5864 2614 5888 ,
2641 5831 2793 5891 portu
2822 5820 2868 5870 ci
2899 5814 3249 5886 priestructo,
3282 5824 3342 5866 et.
3362 5813 3414 5865 in
3432 5839 3447 5850 -

1861 5922 2279 5987 nunicrabilibus
2313 5917 2548 5990 scopulis
2578 5912 2812 5993 referto?
2855 5911 2990 5969 Tum
3019 5920 3072 5968 et
3108 5909 3252 5964 servi
3276 5914 3321 5961 ct
3347 5919 3445 5961 an-
