4174 6318
716 348 821 405 575

713 464 850 517 cilia:
891 466 942 519 in
967 481 1086 521 eam
1128 469 1242 522 viro
1286 474 1782 530 contumeliosiorcs
1829 489 1971 532 sunt.
2018 479 2113 532 Est
2149 481 2291 534 enim

716 570 882 620 genus
911 557 1010 610 hoc
1040 556 1309 613 hominum
1333 603 1347 624 ,
1382 577 1501 617 cum
1529 565 1723 635 alioqui
1750 570 2100 637 suspiciosum
2129 580 2183 623 et
2212 573 2292 624 in-

717 657 923 711 gratum
954 688 968 707 ,
1004 657 1111 701 tum
1143 651 1370 706 licentia:
1397 655 1513 722 plus
1540 658 1679 710 nacti
1704 699 1718 721 ,
1749 658 2076 728 interqne'se
2101 661 2292 716 adver-

718 750 806 787 sos
850 736 1008 792 heros
1035 730 1420 809 conSpicientes
1446 785 1461 810 ,
1492 761 1560 799 ex
1599 735 1785 801 eorum
1825 748 1963 803 bello
1989 765 2094 803 non
2124 750 2293 805 levem

721 827 1073 892 improbitatis
1099 846 1209 885 sua:
1236 849 1418 888 ansam
1447 839 1680 907 capiunt.
1728 839 1858 894 Nam
1902 851 2010 894 tum
2039 843 2103 896 iis
2137 832 2296 912 quid-

716 915 843 982 quid
861 918 1006 973 lubet
1027 920 1231 976 summa
1248 923 1558 994 impunitate
1581 929 1776 999 fingere
1797 934 2293 1000 atquecomminisci

723 1004 844 1059 licet
867 1047 880 1071 ,
925 1017 976 1062 et
1004 1012 1362 1078 su5pieiouem
1393 1017 1671 1072 calumniis
1700 1021 1812 1074 suis
1845 1024 2293 1078 confirmatiorem

721 1097 964 1152 reddere.
997 1101 1219 1155 Animus
1259 1107 1398 1158 enim
1440 1110 1609 1162 semel
1652 1109 1754 1164 hoc
1799 1113 2064 1180 pestilenti
2111 1119 2297 1171 morbo

720 1200 1012 1258 orcupatus
1030 1233 1044 1256 ,
1096 1194 1249 1248 facile
1278 1210 1463 1252 cuncta
1489 1202 1658 1255 credit
1682 1245 1695 1266 ,
1721 1212 1773 1258 et
1800 1220 1927 1260 aure
1954 1207 2202 1262 omnibus
2230 1224 2296 1264 ex

719 1295 873 1350 a'qno
903 1288 1082 1352 aperta
1110 1328 1125 1350 ,
1160 1289 1514 1358 syenphantas
1547 1309 1576 1346 a
1607 1308 1707 1348 non
1735 1299 2074 1367 sycophantis
2099 1301 2301 1354 discer-

722 1388 850 1428 nere
881 1391 982 1429 non
1009 1382 1254 1447 sustinet,
1287 1383 1378 1436 sed
1412 1385 1444 1437 ii
1477 1387 1650 1454 potius
1675 1404 1796 1443 vera
1827 1390 2007 1446 dicere
2029 1392 2293 1460 videntur,

721 1466 810 1533 qui
855 1470 1210 1540 suspicionem
1256 1485 1469 1543 augent,
1502 1493 1660 1546 quam
1686 1480 1773 1549 qui
1801 1481 1985 1536 tollere
2010 1493 2294 1536 conantur.

725 1554 905 1624 Itaque
930 1555 1133 1628 fugitivi
1157 1563 1253 1629 illi,
1286 1579 1577 1636 eorumque
1608 1583 1821 1635 uxores,
1848 1570 2014 1624 nihilo
2043 1573 2217 1626 minus
2247 1574 2298 1627 ei

720 1662 879 1715 quam
908 1652 1306 1710 contubernalis
1336 1658 1552 1711 timendi
1575 1669 1624 1714 et
1649 1661 1900 1716 horrendi
1933 1673 2089 1730 sunt,
2117 1679 2297 1718 suum-

719 1753 822 1806 que
846 1740 949 1794 illis
977 1741 1151 1797 locum
1178 1745 1334 1799 cedat
1372 1749 1424 1801 in
1453 1749 1770 1820 illorumque
1790 1752 2032 1807 ordinem
2065 1763 2299 1810 transeat

718 1841 947 1900 oportet.
974 1833 1040 1888 Et
1059 1837 1270 1904 quando
1290 1839 1406 1893 sine
1426 1840 1678 1912 lacrymis
1698 1859 1855 1913 agere
1884 1847 2118 1915 poterit?
2138 1863 2297 1917 quam

720 1922 975 1975 noctem?
1005 1939 1160 1993 quem
1201 1926 1384 1981 diem?
1432 1930 1571 1996 quod
1629 1932 1863 1987 fesnnn?
1910 1934 2122 2004 quando
2166 1937 2298 1992 citra

716 2011 969 2078 gemitum
994 2055 1009 2081 ,
1033 2015 1285 2084 ejulatum
1317 2060 1332 2086 ,
1379 2019 1644 2075 lamenta?
1672 2023 1825 2078 M;n-.e
1855 2067 1870 2093 ,
1915 2029 2249 2084 contumelia:
2281 2070 2297 2096 ,

719 2103 956 2157 convicia
1040 2117 1295 2176 perpetuo
1345 2151 1360 2177 ,
1431 2121 1538 2166 tum
1614 2130 1644 2167 a
1713 2116 1826 2171 viro
1902 2127 2099 2175 temere
2171 2137 2296 2177 sau-

717 2193 802 2246 cio
829 2236 844 2256 ,
891 2203 999 2250 tum
1029 2199 1096 2252 ab
1123 2199 1344 2269 impuris
1389 2203 1600 2259 fatnulis
1633 2225 1646 2260 :
1677 2211 1931 2264 custodire
1974 2229 2093 2266 una:
2137 2225 2296 2284 atque

715 2283 900 2339 altera:
931 2304 943 2338 :
977 2291 1154 2343 omnia
1180 2295 1401 2347 terroris
1424 2311 1486 2349 ac
1516 2300 1880 2366 trepidationis
1907 2304 2081 2371 plena.
2113 2304 2299 2376 Neque

716 2376 859 2429 enim
888 2379 1064 2434 exitus
1103 2383 1275 2436 solum
1305 2393 1358 2439 et
1391 2388 1660 2455 ingressus
1688 2431 1703 2456 ,
1736 2392 1830 2446 sed
1861 2401 1915 2448 et
1935 2396 2091 2449 verba
2124 2406 2178 2451 et
2202 2399 2300 2453 ob-

634 2544 636 2546 ,
717 2476 864 2522 tutus
885 2478 935 2522 et
962 2473 1188 2540 su3piria
1215 2486 1464 2531 accurate
1503 2487 1662 2548 atque
1691 2496 1901 2538 curiose
1928 2485 2294 2556 explorantur,

716 2566 769 2610 et
796 2559 876 2612 vel
907 2561 1052 2614 saxis
1077 2562 1384 2632 rigidiorem
1425 2568 1640 2624 silentio
1666 2582 1854 2626 cuncta
1879 2573 2039 2641 ferre,
2083 2591 2147 2631 ac
2178 2578 2289 2631 tha-

719 2646 857 2704 lamo
881 2663 1136 2721 perpetuo
1159 2655 1371 2712 afﬁxam
1391 2674 1509 2714 esse
1532 2661 1708 2717 vincto
1732 2663 1918 2719 durius
1945 2682 2165 2723 necesse
2189 2677 2291 2736 est,

716 2741 797 2795 vel
830 2742 993 2811 loqui,
1017 2745 1308 2814 suspirare,
1339 2751 1522 2817 egredi
1551 2753 1820 2823 volentem
1847 2798 1861 2822 ,
1894 2759 2130 2813 omnium
2161 2775 2293 2815 cau-

712 2847 826 2887 sam
858 2833 1039 2892 dicere
1064 2839 1203 2906 apud
1237 2851 1521 2911 corruptos
1556 2859 1649 2900 eos
1674 2846 1882 2915 judices
1906 2891 1922 2914 ,
1957 2849 2182 2904 famulas
2209 2854 2294 2906 in-

712 2939 870 2990 quam
897 2934 949 2980 et
975 2941 1250 2983 servorum
1283 2933 1511 2987 turbam.
1543 2935 1736 3004 Igitur,
1769 2940 1811 2992 si
1840 2941 2027 3009 placet,
2058 2958 2178 2998 cum
2210 2943 2294 3000 his

715 3015 868 3068 malis
893 3024 947 3070 et
971 3032 1101 3087 opes
1144 3020 1382 3091 ingentes
1416 3033 1469 3078 et
1507 3026 1817 3094 Splcntlidas
1863 3047 2072 3087 mensas
2097 3045 2150 3088 et
2175 3050 2292 3090 ser-

714 3117 900 3159 vorum
928 3122 1140 3178 gregem
1167 3151 1181 3174 ,
1227 3114 1440 3182 generis
1486 3117 1825 3186 splendorem
1855 3162 1867 3185 ,
1899 3125 2147 3190 potentiae
2177 3141 2294 3181 ma-

713 3198 1041 3265 gnitudinem
1069 3243 1082 3266 ,
1112 3203 1333 3272 gloriam
1357 3222 1616 3264 summam
1639 3254 1652 3277 ,
1701 3212 1961 3283 majorum
1994 3218 2288 3275 claritatem

709 3288 927 3355 confer;
957 3305 1140 3347 eorum
1170 3311 1288 3365 qua:
1316 3300 1475 3354 vitam
1504 3302 1638 3358 hanc
1678 3285 1858 3361 studio
1884 3308 2288 3367 desiderabilem

712 3382 945 3438 eﬂiciant
971 3385 1102 3439 nihil
1132 3391 1501 3461 praetermitte,
1527 3393 1620 3449 sed
1652 3397 1828 3451 omnia
1856 3398 2137 3469 diligenter
2165 3403 2283 3457 col-

710 3473 842 3528 lecta
874 3475 1042 3530 dolori
1089 3479 1210 3534 huic
1235 3495 1445 3549 oppone
1482 3500 1496 3535 :
1528 3499 1657 3541 sane
1696 3488 2019 3558 voluptatem
2067 3509 2184 3568 qua:
2222 3510 2288 3550 ex

693 3565 774 3641 _iis
797 3574 977 3622 man‘at
1000 3585 1099 3624 nec
1128 3582 1472 3642 apparentem
1506 3578 1720 3647 quidem
1746 3597 1934 3636 cernes
1959 3623 1974 3649 ,
2027 3565 2184 3655 atque
2216 3587 2286 3640 ita

709 3657 1071 3727 proﬂigatam,
1102 3673 1158 3716 ut
1184 3665 1413 3720 scintilla
1447 3668 1498 3720 in
1527 3678 1731 3724 vastum
1761 3687 1942 3742 arquor
1972 3674 2156 3744 illapsa
2188 3693 2286 3730 ex-

707 3747 1012 3817 stinguitur.
1052 3752 1116 3805 Et
1142 3753 1255 3807 lucc
1285 3756 1497 3824 quidem
1520 3759 1605 3811 ubi
1634 3761 1714 3814 vir
1742 3763 2001 3833 zelotypia
2028 3765 2183 3821 fuerit
2203 3768 2287 3821 af-

715 3838 903 3894 fectus.
941 3842 1033 3895 Sin
1062 3844 1128 3898 ad
1151 3862 1376 3903 uxorem
1411 3851 1672 3919 :egritudo
1698 3835 1760 3909 c'a
1783 3857 2041 3924 pervadat
2072 3858 2091 3930 (
2114 3877 2285 3930 neque

706 3932 849 4019 enim
881 3934 929 3987 id
956 3951 1076 3990 raro
1101 3940 1315 3994 evenire
1342 3943 1478 3996 solet
1502 3944 1520 4013 )
1550 3986 1563 4010 ,
1592 3960 1710 4000 cum
1737 3948 1827 4001 illo
1847 3965 2004 4019 quam
2037 3968 2154 4007 mm
2187 3954 2286 4010 hac

709 4010 900 4076 melius
940 4037 1161 4095 agetur:
1210 4030 1304 4084 sed
1333 4031 1385 4086 in
1415 4033 1552 4090 hanc
1585 4038 1830 4094 miseram
1864 4059 2073 4100 rursum
2117 4047 2286 4114 major

706 4113 946 4168 dolorum
974 4131 1096 4186 pars
1127 4121 1442 4179 redundabit
1468 4144 1480 4180 :
1511 4143 1683 4198 neque
1708 4132 1850 4186 enim
1884 4135 1960 4188 fas
1989 4146 2071 4190 est
2093 4113 2281 4194 iisdem

706 4205 869 4258 armis
899 4207 951 4260 in
979 4220 1282 4279 suspectum
1308 4218 1402 4268 uti.
1454 4217 1582 4273 Nam
1628 4223 1744 4290 quis
1789 4241 2007 4281 uxorem
2042 4228 2174 4284 ferat
2200 4232 2284 4300 ju-

705 4295 915 4352 bentem
945 4301 1087 4355 domi
1115 4306 1326 4360 assidue
1361 4312 1618 4365 manere?
1654 4315 1770 4383 quis
1801 4307 1832 4370 e
1881 4320 2049 4374 servis
2097 4295 2280 4378 herum

702 4391 987 4448 observare
1021 4397 1197 4462 ausit,
1229 4401 1353 4468 quin
1385 4404 1636 4457 continuo
1690 4407 1754 4458 ad
1809 4407 2112 4466 barathrum
2143 4416 2283 4468 abri-

705 4485 913 4551 ptatur?
947 4484 1122 4556 Itaque
1147 4504 1246 4545 nec
1277 4490 1359 4546 his
1390 4495 1828 4553 machinamentis
1867 4503 2025 4556 solari
2065 4519 2124 4559 se
2163 4522 2285 4575 pos-

703 4574 1076 4649 sit,nec1’ram
1117 4583 1295 4636 verbis
1339 4584 1560 4642 eﬂ‘erre:
1609 4590 1702 4642 sed
1741 4592 1823 4644 vir
1859 4593 2029 4648 semel
2058 4574 2280 4652 fortasse

706 4666 998 4737 iterumque
1063 4671 1452 4742 vitilitigantem
1525 4679 1796 4747 patietur;
1855 4683 1938 4736 sin
2005 4685 2279 4742 criminari

703 4757 974 4824 persistat,
1002 4763 1178 4816 statim
1209 4763 1439 4830 docebit,
1462 4776 1717 4835 praestare
1734 4786 1794 4825 ea
1823 4773 2035 4828 silentio
2057 4775 2197 4831 ferre
2219 4793 2281 4832 ac

704 4851 995 4905 tabescere.
1036 4856 1208 4923 Atque
1235 4855 1348 4910 haac
1378 4860 1591 4926 quidem
1642 4862 1686 4916 si
1735 4865 1969 4932 suspicio
1999 4867 2086 4921 sit.
2113 4868 2279 4923 Porro

701 4945 744 4997 si
775 4946 971 4999 malum
1015 4947 1112 5000 hoc
1138 4964 1320 5004 verum
1353 4952 1420 5005 sit
1448 4994 1463 5019 ,
1512 4954 1622 5022 jam
1658 4970 1877 5012 uxorem
1925 4973 2131 5015 nemoe
2159 4961 2274 5015 la‘si

711 5041 954 5092 manibus
992 5042 1182 5110 eripiat
1210 5085 1224 5107 ,
1258 5046 1382 5112 quin
1415 5046 1557 5114 leges
1596 5049 1917 5121 opitulantcs
1949 5063 2134 5107 nactus
2158 5069 2278 5106 om-

702 5132 844 5183 nium
877 5132 973 5185 sibi
997 5135 1330 5196 carissimam
1361 5138 1411 5190 in
1432 5137 1687 5206 judicium
1717 5141 1994 5196 adductam
2030 5133 2272 5199 trucidet:

707 5233 958 5277 caeterum
981 5225 1064 5278 vir
1090 5225 1263 5296 legum
1292 5243 1476 5297 pmnas
1505 5227 1719 5301 effugit,
1749 5235 2053 5290 sublimi-ac
2082 5237 2275 5292 divinre
2304 5219 2308 5222 ﬂ

700 5317 978 5370 sententiae
1003 5329 1266 5373 servatus.
1305 5321 1498 5376 Verum
1531 5324 1583 5378 id
1607 5324 1672 5378 ad
1705 5326 1917 5381 misera:
1951 5330 2275 5383 consolatio-

701 5425 938 5465 nemnon
964 5413 1289 5480 sufficit;sed
1319 5432 1538 5473 necesse
1566 5421 1878 5491 est‘longam
1905 5423 2184 5492 quamdam
2216 5441 2278 5479 ac

701 5503 1057 5558 miserandam
1089 5516 1314 5562 mortem
1338 5509 1551 5575 subire,
1581 5525 1677 5580 per
1698 5513 2086 5568 incantamenta
2119 5520 2275 5585 atq‘ue

704 5597 951 5652 veneficia
971 5640 986 5665 ,
1017 5615 1135 5668 qua:
1159 5600 1418 5655 adultera:
1444 5602 1696 5657 mulieres
1724 5617 2018 5674 przeparant
2045 5623 2056 5657 :
2090 5608 2275 5674 plerze-

699 5705 801 5757 qae
823 5690 981 5742 etiam
1015 5704 1113 5744 nec
1141 5691 1345 5746 insidiis
1371 5693 1422 5746 in
1459 5707 1552 5748 eas
1576 5709 1708 5762 quas
1736 5695 1997 5749 lacessant
2018 5711 2153 5765 epus
2182 5696 2276 5750 ha-

700 5785 1044 5851 bncrunt,sed
1068 5785 1168 5841 illae
1184 5788 1428 5843 maeroris
1445 5789 1780 5847 vehementia
1801 5791 1950 5862 prius
1971 5792 2270 5863 exStinctre,

1412 360 1469 415 S.
1508 360 1783 420 JOANNIS
1820 365 2292 422 CllliYSOSTOMl
2334 369 2647 431 ARCHIEP.
2693 372 3227 434 CONST.\NTlNOP.

3875 381 3972 438 5'76

2401 484 2540 550 ipsas
2570 495 2968 553 prmverternnt.
3020 490 3093 543 ita
3128 501 3182 544 ut
3207 494 3542 559 quantumvis
3570 497 3667 549 viri
3693 513 3880 552 omnes
3909 500 3971 552 ad

2402 574 3166 645 matrimoniumconﬂuerent,
3195 581 3404 638 feminis
3435 585 3484 638 id
3531 601 3638 640 nou
3677 589 3748 641 sit
3795 603 3978 658 perse-

2400 667 2690 735 quendum.
2717 669 2850 724 Nam
2880 687 2978 726 nec
3009 673 3183 730 inesse
3215 675 3266 729 in
3310 690 3368 730 se
3393 686 3591 732 tantam
3622 680 3858 736 libidinis
3879 682 3981 735 im—

2402 759 2688 826 potentiam
2720 771 2940 828 possunt
2964 763 3142 819 dicere
3164 805 3181 832 ,
3228 775 3283 820 et
3304 767 3549 824 dolorum
3574 772 3662 839 qui
3694 786 3759 826 ex
3789 787 3854 826 eo
3881 773 3980 825 im-

2403 843 2666 916 pendeant
2692 849 2812 918 plus
2839 853 3053 920 capiunt
3083 870 3097 905 :
3126 855 3265 923 quod
3298 857 3510 926 qnidem
3528 859 3635 928 jam
3663 869 3746 914 est
3773 876 3803 913 a
3829 861 3980 916 nobis

2401 938 2840 1016 demonstratum.
2862 943 2996 1010 Quid
3016 945 3188 1015 igitur,
3217 947 3418 1016 inquit,
3442 949 3494 1004 id
3523 950 3572 1004 in
3606 951 3751 1006 omni
3782 953 3968 1005 matri-

2402 1030 2582 1084 monio
2622 1031 2747 1086 est?
2773 1032 2882 1089 Nec
2931 1050 3060 1090 vero
3107 1036 3259 1091 abest
3285 1038 3350 1092 ab
3380 1041 3523 1094 omni
3563 1057 3576 1092 :
3627 1050 3885 1115 cancrum
3914 1042 3984 1095 ab

2402 1123 2546 1176 omni
2576 1120 2871 1194 virginitate
2893 1127 3046 1197 longe
3065 1136 3219 1198 atque
3242 1131 3421 1199 procul
3448 1141 3545 1186 est.
3576 1133 3650 1188 Ae
3666 1147 3830 1202 nupta
3859 1135 3982 1188 licet

2403 1215 2455 1268 in
2483 1216 2679 1272 malum
2711 1233 2815 1273 non
2843 1221 3038 1276 incidat
3063 1263 3078 1289 ,
3105 1231 3160 1276 at
3186 1224 3235 1275 in
3263 1225 3382 1277 mali
3409 1235 3604 1279 metmn
3633 1227 3830 1281 incidet
3853 1246 3865 1281 :
3899 1244 3983 1282 ne-

2403 1322 2505 1373 que
2550 1309 2691 1360 enim
2723 1318 2933 1376 potest,
2965 1313 3046 1364 cui
3080 1328 3199 1366 cum
3228 1315 3341 1368 viro
3371 1317 3825 1371 consuescendmn
3875 1319 3979 1376 sit.

2403 1413 2507 1449 non
2541 1411 2638 1450 una
2664 1414 2782 1452 cum
2811 1403 3194 1458 consuetudine
3224 1405 3358 1457 mala
3385 1407 3562 1459 omnia
3593 1423 3772 1461 secum
3796 1418 3980 1476 putare

2402 1501 2464 1540 ac
2492 1496 2729 1544 metuere
2757 1508 2770 1544 :
2812 1492 2957 1561 virgo
2981 1501 3154 1548 autem
3186 1510 3291 1548 non
3320 1496 3490 1548 solum
3512 1511 3539 1548 a
3565 1497 3820 1552 molestiis
3844 1541 3859 1563 ,
3887 1498 3980 1550 sed

2404 1580 2561 1630 ctiam
2583 1594 2612 1631 a
2642 1580 2943 1650 suspicione
2971 1582 3134 1637 libera
3162 1593 3262 1638 est.
3297 1585 3368 1638 At
3393 1583 3494 1640 hoc
3521 1601 3622 1639 non
3653 1597 3734 1641 est
3760 1571 3810 1640 in
3837 1588 3983 1641 omni

2403 1669 2760 1724 matrimonio.
2792 1670 2908 1725 Non
2946 1673 3191 1742 equidem
3222 1674 3273 1729 id
3299 1675 3455 1742 dico,
3501 1677 3592 1730 sed
3636 1682 3881 1745 quamvis
3931 1678 3981 1730 id

2405 1772 2510 1811 non
2536 1759 2678 1826 insit,
2705 1761 2804 1814 alia
2834 1762 3013 1817 insunt
3035 1764 3222 1829 multa,
3248 1780 3308 1819 ac
3329 1757 3452 1820 lieet
3482 1759 3567 1820 illa
3597 1766 3834 1834 effugias,
3866 1782 3986 1819 om-

2405 1849 2490 1903 nia
2517 1850 2672 1919 plane
2698 1851 2931 1922 eﬂ'ugere
2963 1869 3066 1908 non
3091 1856 3263 1924 possis
3287 1872 3302 1922 ;
3335 1856 3429 1910 sed
3457 1857 3599 1911 velut
3629 1857 3680 1910 in
3707 1857 3947 1910 sentibus
3965 1899 3979 1918 .

2402 1945 2522 2009 qua:
2547 1943 2876 1999 vestimentis
2903 1944 3212 2000 adhaereant
3237 1988 3252 2011 ,
3280 1946 3370 2016 qui
3396 1961 3575 2014 sepem
3602 1946 3935 2006 transcendit
3965 1989 3981 2012 ,

2402 2034 2468 2088 ad
2489 2051 2644 2089 unam
2666 2036 2994 2111 evellendam
3017 2054 3324 2104 conversus,
3349 2039 3465 2093 aliis
3490 2040 3722 2108 pluribus
3751 2047 3983 2093 tenetur:

2402 2125 2476 2179 ita
2502 2134 2557 2180 et
2586 2127 2637 2181 in
2671 2143 2730 2182 re
2755 2129 2939 2182 uxoria
2962 2170 2977 2194 ,
3007 2130 3095 2200 qui
3128 2129 3230 2184 hoc
3268 2131 3563 2200 perrumpit
3593 2172 3608 2194 ,
3645 2131 3736 2184 illo
3771 2146 3981 2184 rursum

2403 2217 2644 2283 lazditnr;
2692 2221 2780 2290 qui
2812 2237 2939 2275 vero
2968 2222 3092 2276 illud
3119 2223 3346 2277 evaserit
3366 2263 3379 2284 ,
3410 2223 3552 2276 aliud
3584 2223 3803 2275 offendit
3829 2241 3839 2275 :
3883 2238 3984 2276 nec

2402 2309 2556 2364 facile
2588 2314 2980 2368 matrimonium
3010 2315 3247 2383 invenias
3277 2317 3418 2367 minii
3453 2315 3688 2368 molestia
3721 2315 3976 2367 solutum.

2471 2400 2601 2453 Llll.
2638 2399 2939 2471 Conjugium
2978 2405 3188 2457 divitum
3223 2405 3549 2472 expetendum
3575 2422 3673 2456 non
3701 2421 3836 2467 esse,
3881 2405 3984 2456 uno

2402 2507 2680 2560 pauperum
2707 2493 2954 2548 connubio
2983 2495 3240 2548 molestius
3264 2512 3386 2548 esse.
3407 2524 3475 2534 ——
3504 2495 3732 2560 Verum,
3765 2495 3806 2548 si
3835 2496 3983 2549 vidc-

2403 2593 2506 2643 tur.
2543 2585 2783 2639 infaustis
2812 2587 3044 2640 dimissis
3067 2629 3082 2653 ,
3111 2587 3250 2656 quod
3280 2587 3329 2640 in
3363 2572 3535 2642 coiter
3565 2588 3772 2640 beatum
3797 2589 3982 2640 existi-

2401 2685 2595 2739 metur,
2629 2684 2681 2730 et
2721 2677 2890 2740 multi,
2919 2678 3159 2747 adeoque
3187 2693 3372 2732 omnes
3399 2687 3578 2746 optent
3610 2679 3892 2748 consequi,
3930 2679 3981 2732 id

2399 2781 2541 2819 nunc
2567 2767 2617 2820 in
2648 2767 2880 2822 medium
2911 2770 3224 2836 productum
3265 2770 3610 2838 iutptiratt'ttts.
3637 2770 3895 2837 Quidnam
3927 2772 3980 2826 id

2398 2859 2516 2913 est?
2543 2859 2641 2925 Qui
2677 2873 2897 2929 pauper.
2929 2860 3142 2914 humilis
3163 2903 3177 2926 ,
3212 2861 3447 2929 abjectus
3476 2862 3549 2914 sis
3572 2903 3586 2927 ,
3619 2878 3684 2916 ex
3711 2865 3884 2931 ampla
3916 2879 3980 2916 ac

2399 2952 2599 3019 potenti
2643 2958 2696 3004 et
2740 2951 3000 3020 locuplete
3037 2952 3198 3005 domo
3226 2967 3442 3007 uxorem
3473 2953 3688 3009 ducere.
3729 2956 3797 3007 At
3837 2952 3976 3018 hoc,

2397 3039 2537 3109 quod
2565 3039 2920 3110 expetendum
2945 3041 3172 3108 videtur,
3206 3058 3308 3096 non
3355 3044 3683 3106 minoribus,
3717 3060 3875 3114 quam
3918 3047 3979 3097 il-

2397 3130 2482 3185 lud
2502 3173 2515 3196 ,
2549 3133 2685 3203 quod
2728 3147 2973 3201 perosum
3005 3142 3116 3196 est,
3148 3134 3535 3189 calamitatibus
3566 3135 3852 3188 obnoxium
3883 3135 3978 3189 de-

2396 3226 2806 3294 prehendetnus.
2839 3225 2933 3280 Est
2960 3227 3100 3279 enim
3133 3225 3333 3296 alioqui
3357 3240 3477 3280 cum
3509 3227 3778 3280 hominum
3807 3242 3976 3296 genus

2395 3315 2890 3388 insolentissimum,
2926 3328 3032 3371 tum
3059 3317 3112 3370 in
3139 3316 3202 3370 iis
3228 3317 3495 3381 mulieres,
3525 3331 3589 3372 eo
3616 3317 3831 3388 quidem
3858 3333 3975 3370 ma-

2393 3387 2493 3478 gis,
2525 3425 2632 3478 quo
2672 3409 3068 3478 impotentiorcs
3099 3417 3241 3462 sunt.
3270 3409 3445 3476 Quare
3469 3419 3525 3463 et
3553 3387 3738 3463 morbo
3768 3410 3865 3463 hoc
3899 3408 3975 3462 fa-

2393 3500 2547 3554 cilius
2575 3499 2855 3566 capiuntur
2879 3516 2892 3552 :
2920 3500 2964 3552 si
2994 3513 3118 3552 vero
3144 3499 3406 3568 superbia:
3435 3515 3622 3568 graves
3647 3499 3804 3553 etiam
3843 3514 3974 3552 cau-

2392 3607 2479 3647 sas
2525 3592 2788 3658 habeant,
2823 3591 2950 3645 nihil
2979 3600 3060 3645 est
3095 3591 3234 3660 quod
3260 3605 3351 3646 eas
3378 3579 3429 3645 in
3469 3590 3647 3646 officio
3670 3593 3972 3657 contineat;

2391 3683 2488 3738 sed
2518 3684 2666 3753 quasi
2696 3683 2908 3738 ﬂamma
2936 3683 3210 3738 materiam
3241 3669 3426 3746 nacta‘,
3455 3683 3521 3736 ita
3551 3683 3778 3738 immane
3803 3700 3971 3752 quan-

2394 3784 2503 3829 tum
2535 3791 2592 3829 se
2614 3775 2921 3839 sustollunt,
2950 3775 3191 3829 ordinem
3220 3775 3520 3839 invertunt,
3547 3775 3971 3828 summainlimis

2392 3875 2616 3921 mutant.
2649 3866 2779 3920 Nam
2810 3865 2981 3919 virum
3013 3881 3147 3919 uxor
3185 3866 3373 3934 capitis
3414 3865 3586 3920 locum
3635 3874 3816 3919 tenere
3864 3881 3970 3919 non

2390 3960 2533 4023 sinit,
2562 3959 2654 4013 sed
2682 3975 2783 4028 qua
2809 3968 2892 4013 est
2915 3960 3243 4013 contumacia
3269 3967 3425 4028 atque
3452 3959 3608 4025 fastu,
3632 3960 3698 4014 de
3721 3975 3784 4027 eo
3805 3960 3970 4029 gradu

2389 4050 2652 4120 dejectum
2694 4051 2744 4104 in
2776 4065 2928 4105 suum
2950 4092 2965 4116 ,
2997 4051 3044 4104 id
3074 4062 3157 4106 est
3184 4050 3250 4104 ad
3280 4043 3661 4119 subjectionem
3685 4092 3698 4115 ,
3728 4054 3970 4120 compel-

2389 4141 2476 4204 lit,
2522 4143 2739 4210 ipsaque
2770 4141 2826 4194 ﬂt
2853 4151 3012 4210 caput
3056 4156 3117 4195 ac
3142 4140 3268 4194 dux.
3301 4141 3366 4196 Et
3395 4141 3521 4210 quid
3552 4156 3612 4194 ea
3640 4141 3971 4197 absurditate

2387 4226 2598 4294 gravius
2625 4215 2744 4279 esse
2781 4226 2993 4294 potest?
3035 4233 3089 4277 ut
3117 4224 3248 4277 nihil
3285 4224 3492 4289 dicam,
3537 4225 3773 4279 convicia
3795 4268 3809 4291 ,
3843 4241 3971 4279 con-

2389 4316 2631 4369 tumelias
2651 4358 2664 4381 ,
2696 4315 3080 4380 insuavitatem,
3111 4331 3228 4385 qua:
3256 4316 3492 4370 omnium
3516 4326 3638 4370 sunt
3663 4317 3969 4371 durissima.

2458 4406 2590 4460 LIV.
2628 4407 2955 4471 Quantumris
2990 4406 3262 4476 subjectum
3304 4423 3512 4460 uxorem
3550 4409 3837 4478 opulentam
3879 4410 3971 4461 Im-

2388 4499 2522 4564 bros,
2565 4484 2738 4566 ingens
2777 4498 3148 4550 incommodum
3189 4513 3312 4550 esse.
3342 4515 3412 4535 -'—
3440 4496 3556 4552 Jam
3593 4498 3636 4550 si
3667 4499 3784 4568 quis
3828 4498 3972 4552 dicat

2388 4594 2534 4662 (nam
2580 4591 2823 4659 equidem
2864 4590 3062 4642 multos
3103 4590 3281 4644 dicere
3325 4589 3521 4654 audivi,
3554 4605 3672 4643 cum
3704 4590 3967 4658 ejusmodi

2387 4697 2664 4740 sermones
2695 4678 2955 4750 incidunt)
2988 4697 3011 4733 το
3036 4680 3262 4733 Tantum
3295 4680 3442 4734 dives
3469 4690 3522 4734 et
3561 4695 3840 4754 nummosa
3878 4682 3967 4746 sit,

2387 4773 2532 4828 nullo
2563 4773 2771 4842 negotio
2792 4772 2906 4840 ejus
2937 4770 3100 4825 fastus
3123 4771 3448 4838 deprimetur
3480 4785 3542 4824 ac
3571 4771 3851 4840 dejicietur
3880 4788 3895 4824 :
3925 4773 3968 4825 si

2385 4864 2524 4933 quis,
2573 4864 2808 4932 inquam,
2855 4863 2970 4916 [nec
3017 4862 3180 4927 dicat,
3227 4879 3309 4916 me
3357 4862 3444 4916 ille
3489 4865 3716 4931 primum
3763 4865 3970 4933 ignorat

2384 4955 2535 5010 valde
2559 4955 2608 5008 id
2635 4955 2849 5010 difficile
2869 4969 2988 5010 esse
3010 4973 3022 5018 ;
3045 4954 3237 5009 deinde
3264 4965 3320 5008 ut
3340 4955 3629 5024 contingat,
3654 4971 3759 5010 non
3783 4971 3966 5025 parum

2383 5046 2554 5102 adfert
2577 5047 2902 5102 detrimenti.
2934 5047 3146 5101 Etenim
3174 5048 3223 5101 vi
3257 5059 3312 5101 et
3339 5049 3610 5103 timentem
3638 5062 3700 5102 ac
3727 5039 3966 5103 coactam

2384 5140 2499 5193 viro
2526 5139 2736 5209 subjici,
2766 5140 2976 5206 gravius
3019 5151 3176 5208 atque
3204 5139 3540 5209 injucundius
3569 5149 3670 5202 est,
3700 5156 3859 5210 quam
3888 5141 3969 5196 vel

2383 5245 2591 5288 summa
2624 5232 2936 5286 auctoritate
2975 5233 3023 5285 ei
3067 5233 3346 5300 imperare.
3385 5231 3520 5296 Quid
3559 5231 3669 5285 ita?
3714 5231 3868 5299 Quod
3907 5248 3968 5287 ea

2381 5326 2462 5379 vis
2490 5325 2777 5379 amicitiam
2801 5338 3012 5377 omnem
3041 5338 3102 5376 ac
3130 5323 3454 5392 voluptatem
3487 5322 3755 5391 expellat:
3787 5325 3970 5379 amici-

2384 5417 2469 5471 tia:
2495 5424 2671 5470 autem
2698 5424 2856 5483 atque
2895 5414 3054 5468 studii
3097 5414 3265 5467 vicem
3309 5423 3514 5468 terrore
3557 5428 3620 5466 ac
3648 5415 3968 5471 necessitate

2382 5510 2662 5572 subeunte,
2689 5509 2870 5578 quanti
2902 5508 3010 5577 jam
3048 5507 3173 5560 illud
3202 5504 3358 5560 fuerit
3391 5505 3788 5558 matrimonium
3816 5506 3966 5560 aesti-

2380 5602 2670 5659 mandum?
3235 5649 3242 5658 .

2454 5695 2563 5750 LV.
2597 5691 2921 5748 Intolerabile
2950 5693 3137 5747 malum
3176 5709 3281 5746 esse
3319 5692 3491 5745 diliori
3524 5691 3629 5744 viro
3664 5690 3865 5744 nubere.
3898 5719 3965 5731 —-

2384 5792 2559 5859 Atque
2586 5787 2697 5843 htec
2719 5786 2931 5858 quidem
2955 5786 2996 5842 si
3025 5800 3156 5840 uxor
3181 5785 3430 5853 epulenta
3449 5785 3533 5838 sit.
3555 5784 3648 5858 Sin
3667 5785 3962 5854 contingat,
