  <div class='ocr_page' id='page_1' title='image "/cluster/home/n/w/nwhite01/storage/ocr_20150623/48/pst.000005712458/064.png"; bbox 0 0 4174 6318; ppageno 0'>
   <div class='ocr_carea' id='block_1_1' title="bbox 265 303 374 357">
    <p class='ocr_par' dir='ltr' id='par_1_1' title="bbox 265 303 374 357">
     <span class='ocr_line' id='line_1_1' title="bbox 265 303 374 357; baseline -0.009 -1"><span class='ocrx_word' id='word_1_1' title='bbox 265 303 374 357; x_wconf 74' lang='grc'><strong>577</strong></span> 
     </span>
    </p>
   </div>
   <div class='ocr_carea' id='block_1_2' title="bbox 266 413 1875 493">
    <p class='ocr_par' dir='ltr' id='par_1_2' title="bbox 266 413 1875 493">
     <span class='ocr_line' id='line_1_2' title="bbox 266 413 1875 493; baseline 0.005 -27"><span class='ocrx_word' id='word_1_2' title='bbox 266 427 331 466; x_wconf 87' lang='lat' dir='ltr'><strong>ea</strong></span> <span class='ocrx_word' id='word_1_3' title='bbox 362 413 499 469; x_wconf 79' lang='lat' dir='ltr'><strong>nihil</strong></span> <span class='ocrx_word' id='word_1_4' title='bbox 531 414 779 480; x_wconf 84' lang='lat' dir='ltr'><strong>habente,</strong></span> <span class='ocrx_word' id='word_1_5' title='bbox 814 416 985 473; x_wconf 85' lang='lat' dir='ltr'><strong>virum</strong></span> <span class='ocrx_word' id='word_1_6' title='bbox 1012 418 1229 474; x_wconf 82' lang='lat' dir='ltr'><strong>divitem</strong></span> <span class='ocrx_word' id='word_1_7' title='bbox 1260 418 1627 485; x_wconf 78' lang='lat' dir='ltr'><strong>csse,-famula</strong></span> <span class='ocrx_word' id='word_1_8' title='bbox 1654 421 1756 475; x_wconf 89' lang='lat' dir='ltr'><strong>erit</strong></span> <span class='ocrx_word' id='word_1_9' title='bbox 1779 436 1875 493; x_wconf 88' lang='lat' dir='ltr'><strong>pro</strong></span> 
     </span>
    </p>
   </div>
   <div class='ocr_carea' id='block_1_3' title="bbox 268 506 1877 578">
    <p class='ocr_par' dir='ltr' id='par_1_3' title="bbox 268 506 1877 578">
     <span class='ocr_line' id='line_1_3' title="bbox 268 506 1877 578; baseline 0.002 -17"><span class='ocrx_word' id='word_1_10' title='bbox 268 506 531 577; x_wconf 78' lang='lat' dir='ltr'><strong>eoiijuge,</strong></span> <span class='ocrx_word' id='word_1_11' title='bbox 552 517 608 562; x_wconf 90' lang='lat' dir='ltr'><strong>et</strong></span> <span class='ocrx_word' id='word_1_12' title='bbox 625 524 746 578; x_wconf 66' lang='lat' dir='ltr'><strong>quae</strong></span> <span class='ocrx_word' id='word_1_13' title='bbox 771 510 999 578; x_wconf 79' lang='lat' dir='ltr'><strong>ingenua</strong></span> <span class='ocrx_word' id='word_1_14' title='bbox 1026 520 1110 566; x_wconf 89' lang='lat' dir='ltr'><strong>est</strong></span> <span class='ocrx_word' id='word_1_15' title='bbox 1135 526 1289 566; x_wconf 88' lang='lat' dir='ltr'><strong>serva</strong></span> <span class='ocrx_word' id='word_1_16' title='bbox 1314 511 1599 577; x_wconf 86' lang='lat' dir='ltr'><strong>efticietur,</strong></span> <span class='ocrx_word' id='word_1_17' title='bbox 1628 525 1692 565; x_wconf 89' lang='lat' dir='ltr'><strong>ac</strong></span> <span class='ocrx_word' id='word_1_18' title='bbox 1713 526 1771 566; x_wconf 86' lang='lat' dir='ltr'><strong>se</strong></span> <span class='ocrx_word' id='word_1_19' title='bbox 1794 510 1877 565; x_wconf 88' lang='lat' dir='ltr'><strong>di-</strong></span> 
     </span>
    </p>
   </div>
   <div class='ocr_carea' id='block_1_4' title="bbox 262 597 1877 678">
    <p class='ocr_par' dir='ltr' id='par_1_4' title="bbox 262 597 1877 678">
     <span class='ocr_line' id='line_1_4' title="bbox 262 597 1877 678; baseline 0.005 -31"><span class='ocrx_word' id='word_1_20' title='bbox 262 611 376 665; x_wconf 78' lang='lat' dir='ltr'><strong>gna</strong></span> <span class='ocrx_word' id='word_1_21' title='bbox 394 597 684 653; x_wconf 84' lang='lat' dir='ltr'><strong>libertatce</strong></span> <span class='ocrx_word' id='word_1_22' title='bbox 697 600 942 655; x_wconf 83' lang='lat' dir='ltr'><strong>manibus</strong></span> <span class='ocrx_word' id='word_1_23' title='bbox 960 602 1179 669; x_wconf 82' lang='lat' dir='ltr'><strong>amissa,</strong></span> <span class='ocrx_word' id='word_1_24' title='bbox 1198 604 1453 673; x_wconf 88' lang='lat' dir='ltr'><strong>emptitiis</strong></span> <span class='ocrx_word' id='word_1_25' title='bbox 1474 604 1640 678; x_wconf 74' lang='lat' dir='ltr'><strong>nillilp</strong></span> <span class='ocrx_word' id='word_1_26' title='bbox 1655 611 1877 674; x_wconf 45' lang='lat' dir='ltr'><strong>pm‘sta-</strong></span> 
     </span>
    </p>
   </div>
   <div class='ocr_carea' id='block_1_5' title="bbox 268 687 1877 765">
    <p class='ocr_par' dir='ltr' id='par_1_5' title="bbox 268 687 1877 765">
     <span class='ocr_line' id='line_1_5' title="bbox 268 687 1877 765; baseline 0.006 -25"><span class='ocrx_word' id='word_1_27' title='bbox 268 687 392 752; x_wconf 86' lang='lat' dir='ltr'><strong>bit;</strong></span> <span class='ocrx_word' id='word_1_28' title='bbox 426 687 525 744; x_wconf 85' lang='lat' dir='ltr'><strong>sed</strong></span> <span class='ocrx_word' id='word_1_29' title='bbox 553 692 897 757; x_wconf 73' lang='lat' dir='ltr'><strong>quantumvis</strong></span> <span class='ocrx_word' id='word_1_30' title='bbox 935 694 1018 748; x_wconf 88' lang='lat' dir='ltr'><strong>vir</strong></span> <span class='ocrx_word' id='word_1_31' title='bbox 1052 694 1311 760; x_wconf 73' lang='lat' dir='ltr'><strong>lasciviat,</strong></span> <span class='ocrx_word' id='word_1_32' title='bbox 1351 698 1691 765; x_wconf 80' lang='lat' dir='ltr'><strong>quantumvis</strong></span> <span class='ocrx_word' id='word_1_33' title='bbox 1730 696 1877 752; x_wconf 90' lang='lat' dir='ltr'><strong>fero-</strong></span> 
     </span>
    </p>
   </div>
   <div class='ocr_carea' id='block_1_6' title="bbox 264 781 1874 859">
    <p class='ocr_par' dir='ltr' id='par_1_6' title="bbox 264 781 1874 859">
     <span class='ocr_line' id='line_1_6' title="bbox 264 781 1874 859; baseline 0.006 -26"><span class='ocrx_word' id='word_1_34' title='bbox 264 781 407 844; x_wconf 83' lang='lat' dir='ltr'><strong>ciat,</strong></span> <span class='ocrx_word' id='word_1_35' title='bbox 436 784 782 851; x_wconf 79' lang='lat' dir='ltr'><strong>quantumvis</strong></span> <span class='ocrx_word' id='word_1_36' title='bbox 810 787 1154 841; x_wconf 90' lang='lat' dir='ltr'><strong>meretricum</strong></span> <span class='ocrx_word' id='word_1_37' title='bbox 1196 802 1415 859; x_wconf 72' lang='lat' dir='ltr'><strong>planum</strong></span> <span class='ocrx_word' id='word_1_38' title='bbox 1455 788 1511 843; x_wconf 88' lang='lat' dir='ltr'><strong>in</strong></span> <span class='ocrx_word' id='word_1_39' title='bbox 1553 789 1670 858; x_wconf 83' lang='lat' dir='ltr'><strong>ejus</strong></span> <span class='ocrx_word' id='word_1_40' title='bbox 1698 798 1874 843; x_wconf 89' lang='lat' dir='ltr'><strong>torum</strong></span> 
     </span>
    </p>
   </div>
   <div class='ocr_carea' id='block_1_7' title="bbox 264 872 1877 950">
    <p class='ocr_par' dir='ltr' id='par_1_7' title="bbox 264 872 1877 950">
     <span class='ocr_line' id='line_1_7' title="bbox 264 872 1877 950; baseline 0.006 -25"><span class='ocrx_word' id='word_1_41' title='bbox 264 872 567 937; x_wconf 70' lang='lat' dir='ltr'><strong>adsciscat,</strong></span> <span class='ocrx_word' id='word_1_42' title='bbox 600 877 779 929; x_wconf 87' lang='lat' dir='ltr'><strong>omnia</strong></span> <span class='ocrx_word' id='word_1_43' title='bbox 818 879 924 945; x_wconf 89' lang='lat' dir='ltr'><strong>pati</strong></span> <span class='ocrx_word' id='word_1_44' title='bbox 964 893 1031 932; x_wconf 87' lang='lat' dir='ltr'><strong>ac</strong></span> <span class='ocrx_word' id='word_1_45' title='bbox 1072 876 1296 949; x_wconf 76' lang='lat' dir='ltr'><strong>benigne</strong></span> <span class='ocrx_word' id='word_1_46' title='bbox 1325 880 1571 950; x_wconf 89' lang='lat' dir='ltr'><strong>accipere</strong></span> <span class='ocrx_word' id='word_1_47' title='bbox 1598 895 1877 935; x_wconf 91' lang='lat' dir='ltr'><strong>necessum</strong></span> 
     </span>
    </p>
   </div>
   <div class='ocr_carea' id='block_1_8' title="bbox 264 955 1876 1041">
    <p class='ocr_par' dir='ltr' id='par_1_8' title="bbox 264 955 1876 1041">
     <span class='ocr_line' id='line_1_8' title="bbox 264 955 1876 1041; baseline 0.007 -25"><span class='ocrx_word' id='word_1_48' title='bbox 264 966 403 1026; x_wconf 84' lang='lat' dir='ltr'><strong>crit.</strong></span> <span class='ocrx_word' id='word_1_49' title='bbox 426 976 521 1020; x_wconf 85' lang='lat' dir='ltr'><strong>aut</strong></span> <span class='ocrx_word' id='word_1_50' title='bbox 543 966 705 1021; x_wconf 91' lang='lat' dir='ltr'><strong>domo</strong></span> <span class='ocrx_word' id='word_1_51' title='bbox 729 969 944 1025; x_wconf 80' lang='lat' dir='ltr'><strong>cedere.</strong></span> <span class='ocrx_word' id='word_1_52' title='bbox 973 955 1158 1039; x_wconf 81' lang='lat' dir='ltr'><strong>Neque</strong></span> <span class='ocrx_word' id='word_1_53' title='bbox 1196 971 1248 1025; x_wconf 87' lang='lat' dir='ltr'><strong>id</strong></span> <span class='ocrx_word' id='word_1_54' title='bbox 1278 972 1450 1026; x_wconf 88' lang='lat' dir='ltr'><strong>solum</strong></span> <span class='ocrx_word' id='word_1_55' title='bbox 1481 980 1564 1027; x_wconf 90' lang='lat' dir='ltr'><strong>est</strong></span> <span class='ocrx_word' id='word_1_56' title='bbox 1592 972 1876 1041; x_wconf 69' lang='lat' dir='ltr'><strong>molestiae,</strong></span> 
     </span>
    </p>
   </div>
   <div class='ocr_carea' id='block_1_9' title="bbox 271 1050 1880 1130">
    <p class='ocr_par' dir='ltr' id='par_1_9' title="bbox 271 1050 1880 1130">
     <span class='ocr_line' id='line_1_9' title="bbox 271 1050 1880 1130; baseline 0.006 -21"><span class='ocrx_word' id='word_1_57' title='bbox 271 1050 375 1110; x_wconf 82' lang='lat' dir='ltr'><strong>sed</strong></span> <span class='ocrx_word' id='word_1_58' title='bbox 413 1058 572 1111; x_wconf 83' lang='lat' dir='ltr'><strong>etiam</strong></span> <span class='ocrx_word' id='word_1_59' title='bbox 607 1060 752 1129; x_wconf 89' lang='lat' dir='ltr'><strong>quod</strong></span> <span class='ocrx_word' id='word_1_60' title='bbox 786 1062 902 1115; x_wconf 89' lang='lat' dir='ltr'><strong>viro</strong></span> <span class='ocrx_word' id='word_1_61' title='bbox 934 1062 1015 1117; x_wconf 89' lang='lat' dir='ltr'><strong>sic</strong></span> <span class='ocrx_word' id='word_1_62' title='bbox 1052 1062 1264 1128; x_wconf 81' lang='lat' dir='ltr'><strong>aﬂ&#39;eeto,</strong></span> <span class='ocrx_word' id='word_1_63' title='bbox 1297 1078 1397 1119; x_wconf 92' lang='lat' dir='ltr'><strong>nec</strong></span> <span class='ocrx_word' id='word_1_64' title='bbox 1422 1064 1626 1130; x_wconf 80' lang='lat' dir='ltr'><strong>servis,</strong></span> <span class='ocrx_word' id='word_1_65' title='bbox 1656 1079 1756 1119; x_wconf 85' lang='lat' dir='ltr'><strong>nec</strong></span> <span class='ocrx_word' id='word_1_66' title='bbox 1782 1080 1880 1118; x_wconf 84' lang='lat' dir='ltr'><strong>an-</strong></span> 
     </span>
    </p>
   </div>
   <div class='ocr_carea' id='block_1_10' title="bbox 279 1147 1880 1224">
    <p class='ocr_par' dir='ltr' id='par_1_10' title="bbox 279 1147 1880 1224">
     <span class='ocr_line' id='line_1_10' title="bbox 279 1147 1880 1224; baseline 0.007 -23"><span class='ocrx_word' id='word_1_67' title='bbox 279 1148 422 1204; x_wconf 77' lang='lat' dir='ltr'><strong>eillis</strong></span> <span class='ocrx_word' id='word_1_68' title='bbox 466 1150 636 1206; x_wconf 86' lang='lat' dir='ltr'><strong>libere</strong></span> <span class='ocrx_word' id='word_1_69' title='bbox 683 1153 939 1209; x_wconf 88' lang='lat' dir='ltr'><strong>mandare</strong></span> <span class='ocrx_word' id='word_1_70' title='bbox 988 1156 1206 1224; x_wconf 89' lang='lat' dir='ltr'><strong>poterit,</strong></span> <span class='ocrx_word' id='word_1_71' title='bbox 1262 1156 1356 1210; x_wconf 87' lang='lat' dir='ltr'><strong>sed</strong></span> <span class='ocrx_word' id='word_1_72' title='bbox 1404 1155 1546 1212; x_wconf 84' lang='lat' dir='ltr'><strong>velut</strong></span> <span class='ocrx_word' id='word_1_73' title='bbox 1592 1157 1644 1211; x_wconf 92' lang='lat' dir='ltr'><strong>in</strong></span> <span class='ocrx_word' id='word_1_74' title='bbox 1690 1147 1880 1212; x_wconf 86' lang='lat' dir='ltr'><strong>alienis</strong></span> 
     </span>
    </p>
   </div>
   <div class='ocr_carea' id='block_1_11' title="bbox 271 1237 1879 1315">
    <p class='ocr_par' dir='ltr' id='par_1_11' title="bbox 271 1237 1879 1315">
     <span class='ocr_line' id='line_1_11' title="bbox 271 1237 1879 1315; baseline 0.005 -22"><span class='ocrx_word' id='word_1_75' title='bbox 271 1237 508 1311; x_wconf 83' lang='lat' dir='ltr'><strong>degens,</strong></span> <span class='ocrx_word' id='word_1_76' title='bbox 537 1243 871 1313; x_wconf 68' lang='lat' dir='ltr'><strong>iisqtte‘quze</strong></span> <span class='ocrx_word' id='word_1_77' title='bbox 908 1244 975 1299; x_wconf 90' lang='lat' dir='ltr'><strong>ad</strong></span> <span class='ocrx_word' id='word_1_78' title='bbox 1017 1259 1076 1301; x_wconf 90' lang='lat' dir='ltr'><strong>se</strong></span> <span class='ocrx_word' id='word_1_79' title='bbox 1120 1250 1225 1299; x_wconf 85' lang='lat' dir='ltr'><strong>non</strong></span> <span class='ocrx_word' id='word_1_80' title='bbox 1272 1247 1574 1315; x_wconf 88' lang='lat' dir='ltr'><strong>pertineant</strong></span> <span class='ocrx_word' id='word_1_81' title='bbox 1609 1256 1782 1314; x_wconf 83' lang='lat' dir='ltr'><strong>utens,</strong></span> <span class='ocrx_word' id='word_1_82' title='bbox 1825 1255 1879 1301; x_wconf 90' lang='lat' dir='ltr'><strong>et</strong></span> 
     </span>
    </p>
   </div>
   <div class='ocr_carea' id='block_1_12' title="bbox 274 1328 1880 1408">
    <p class='ocr_par' dir='ltr' id='par_1_12' title="bbox 274 1328 1880 1408">
     <span class='ocr_line' id='line_1_12' title="bbox 274 1328 1880 1408; baseline 0.006 -25"><span class='ocrx_word' id='word_1_83' title='bbox 274 1328 419 1384; x_wconf 80' lang='lat' dir='ltr'><strong>hero</strong></span> <span class='ocrx_word' id='word_1_84' title='bbox 454 1332 627 1400; x_wconf 84' lang='lat' dir='ltr'><strong>potius</strong></span> <span class='ocrx_word' id='word_1_85' title='bbox 655 1349 815 1403; x_wconf 91' lang='lat' dir='ltr'><strong>quam</strong></span> <span class='ocrx_word' id='word_1_86' title='bbox 846 1336 964 1388; x_wconf 92' lang='lat' dir='ltr'><strong>viro</strong></span> <span class='ocrx_word' id='word_1_87' title='bbox 990 1337 1301 1402; x_wconf 87' lang='lat' dir='ltr'><strong>eouvivens,</strong></span> <span class='ocrx_word' id='word_1_88' title='bbox 1336 1337 1406 1391; x_wconf 90' lang='lat' dir='ltr'><strong>ita</strong></span> <span class='ocrx_word' id='word_1_89' title='bbox 1436 1337 1615 1392; x_wconf 87' lang='lat' dir='ltr'><strong>omnia</strong></span> <span class='ocrx_word' id='word_1_90' title='bbox 1641 1346 1695 1392; x_wconf 87' lang='lat' dir='ltr'><strong>et</strong></span> <span class='ocrx_word' id='word_1_91' title='bbox 1719 1350 1880 1408; x_wconf 86' lang='lat' dir='ltr'><strong>agere</strong></span> 
     </span>
    </p>
   </div>
   <div class='ocr_carea' id='block_1_13' title="bbox 273 1424 1879 1498">
    <p class='ocr_par' dir='ltr' id='par_1_13' title="bbox 273 1424 1879 1498">
     <span class='ocr_line' id='line_1_13' title="bbox 273 1424 1879 1498; baseline 0.004 -21"><span class='ocrx_word' id='word_1_92' title='bbox 273 1431 333 1477; x_wconf 90' lang='lat' dir='ltr'><strong>et</strong></span> <span class='ocrx_word' id='word_1_93' title='bbox 366 1424 478 1493; x_wconf 84' lang='lat' dir='ltr'><strong>pati</strong></span> <span class='ocrx_word' id='word_1_94' title='bbox 521 1426 746 1495; x_wconf 87' lang='lat' dir='ltr'><strong>cogitur.</strong></span> <span class='ocrx_word' id='word_1_95' title='bbox 773 1426 927 1495; x_wconf 84' lang='lat' dir='ltr'><strong>Quod</strong></span> <span class='ocrx_word' id='word_1_96' title='bbox 964 1428 1010 1482; x_wconf 89' lang='lat' dir='ltr'><strong>si</strong></span> <span class='ocrx_word' id='word_1_97' title='bbox 1049 1428 1269 1498; x_wconf 82' lang='lat' dir='ltr'><strong>:rqnalis</strong></span> <span class='ocrx_word' id='word_1_98' title='bbox 1306 1430 1630 1495; x_wconf 72' lang='lat' dir='ltr'><strong>conditionis</strong></span> <span class='ocrx_word' id='word_1_99' title='bbox 1658 1444 1879 1484; x_wconf 92' lang='lat' dir='ltr'><strong>uxorem</strong></span> 
     </span>
    </p>
   </div>
   <div class='ocr_carea' id='block_1_14' title="bbox 275 1504 1879 1591">
    <p class='ocr_par' dir='ltr' id='par_1_14' title="bbox 275 1504 1879 1591">
     <span class='ocr_line' id='line_1_14' title="bbox 275 1504 1879 1591; baseline 0.007 -26"><span class='ocrx_word' id='word_1_100' title='bbox 275 1514 471 1585; x_wconf 86' lang='lat' dir='ltr'><strong>ducas,</strong></span> <span class='ocrx_word' id='word_1_101' title='bbox 509 1516 857 1585; x_wconf 89' lang='lat' dir='ltr'><strong>subjectionis</strong></span> <span class='ocrx_word' id='word_1_102' title='bbox 889 1534 1100 1573; x_wconf 86' lang='lat' dir='ltr'><strong>rursum</strong></span> <span class='ocrx_word' id='word_1_103' title='bbox 1132 1504 1299 1589; x_wconf 81' lang='lat' dir='ltr'><strong>legem</strong></span> <span class='ocrx_word' id='word_1_104' title='bbox 1330 1520 1607 1590; x_wconf 81' lang='lat' dir='ltr'><strong>:equalitas</strong></span> <span class='ocrx_word' id='word_1_105' title='bbox 1634 1536 1879 1591; x_wconf 90' lang='lat' dir='ltr'><strong>pessum-</strong></span> 
     </span>
    </p>
   </div>
   <div class='ocr_carea' id='block_1_15' title="bbox 276 1602 1882 1678">
    <p class='ocr_par' dir='ltr' id='par_1_15' title="bbox 276 1602 1882 1678">
     <span class='ocr_line' id='line_1_15' title="bbox 276 1602 1882 1678; baseline 0.006 -22"><span class='ocrx_word' id='word_1_106' title='bbox 276 1602 454 1671; x_wconf 88' lang='lat' dir='ltr'><strong>dabit,</strong></span> <span class='ocrx_word' id='word_1_107' title='bbox 478 1620 599 1660; x_wconf 89' lang='lat' dir='ltr'><strong>cum</strong></span> <span class='ocrx_word' id='word_1_108' title='bbox 622 1605 931 1662; x_wconf 82' lang='lat' dir='ltr'><strong>facultatum</strong></span> <span class='ocrx_word' id='word_1_109' title='bbox 960 1609 1151 1663; x_wconf 90' lang='lat' dir='ltr'><strong>modus</strong></span> <span class='ocrx_word' id='word_1_110' title='bbox 1174 1612 1421 1678; x_wconf 83' lang='lat' dir='ltr'><strong>posmlet,</strong></span> <span class='ocrx_word' id='word_1_111' title='bbox 1453 1622 1593 1666; x_wconf 88' lang='lat' dir='ltr'><strong>utea</strong></span> <span class='ocrx_word' id='word_1_112' title='bbox 1623 1628 1745 1665; x_wconf 91' lang='lat' dir='ltr'><strong>cum</strong></span> <span class='ocrx_word' id='word_1_113' title='bbox 1768 1612 1882 1666; x_wconf 91' lang='lat' dir='ltr'><strong>viro</strong></span> 
     </span>
    </p>
   </div>
   <div class='ocr_carea' id='block_1_16' title="bbox 276 1696 1882 1773">
    <p class='ocr_par' dir='ltr' id='par_1_16' title="bbox 276 1696 1882 1773">
     <span class='ocr_line' id='line_1_16' title="bbox 276 1696 1882 1773; baseline 0.007 -27"><span class='ocrx_word' id='word_1_114' title='bbox 276 1706 546 1764; x_wconf 75' lang='lat' dir='ltr'><strong>mquemr.</strong></span> <span class='ocrx_word' id='word_1_115' title='bbox 587 1696 723 1764; x_wconf 84' lang='lat' dir='ltr'><strong>Quid</strong></span> <span class='ocrx_word' id='word_1_116' title='bbox 755 1698 914 1768; x_wconf 83' lang='lat' dir='ltr'><strong>igitur</strong></span> <span class='ocrx_word' id='word_1_117' title='bbox 946 1709 1023 1754; x_wconf 89' lang='lat' dir='ltr'><strong>tot</strong></span> <span class='ocrx_word' id='word_1_118' title='bbox 1053 1700 1247 1770; x_wconf 85' lang='lat' dir='ltr'><strong>ubique</strong></span> <span class='ocrx_word' id='word_1_119' title='bbox 1286 1701 1690 1758; x_wconf 73' lang='lat' dir='ltr'><strong>difﬁcultatibus</strong></span> <span class='ocrx_word' id='word_1_120' title='bbox 1715 1704 1882 1773; x_wconf 75' lang='lat' dir='ltr'><strong>agas!</strong></span> 
     </span>
    </p>
   </div>
   <div class='ocr_carea' id='block_1_17' title="bbox 272 1782 1878 1867">
    <p class='ocr_par' dir='ltr' id='par_1_17' title="bbox 272 1782 1878 1867">
     <span class='ocr_line' id='line_1_17' title="bbox 272 1782 1878 1867; baseline 0.007 -29"><span class='ocrx_word' id='word_1_121' title='bbox 272 1783 469 1854; x_wconf 81' lang='lat' dir='ltr'><strong>Neque</strong></span> <span class='ocrx_word' id='word_1_122' title='bbox 495 1787 639 1840; x_wconf 90' lang='lat' dir='ltr'><strong>enim</strong></span> <span class='ocrx_word' id='word_1_123' title='bbox 680 1790 831 1853; x_wconf 80' lang='lat' dir='ltr'><strong>milii,</strong></span> <span class='ocrx_word' id='word_1_124' title='bbox 859 1790 906 1844; x_wconf 93' lang='lat' dir='ltr'><strong>si</strong></span> <span class='ocrx_word' id='word_1_125' title='bbox 935 1807 1055 1859; x_wconf 69' lang='lat' dir='ltr'><strong>quae</strong></span> <span class='ocrx_word' id='word_1_126' title='bbox 1085 1782 1307 1862; x_wconf 82' lang='lat' dir='ltr'><strong>usquam</strong></span> <span class='ocrx_word' id='word_1_127' title='bbox 1343 1810 1507 1861; x_wconf 82' lang='lat' dir='ltr'><strong>pauca</strong></span> <span class='ocrx_word' id='word_1_128' title='bbox 1536 1790 1878 1867; x_wconf 87' lang='lat' dir='ltr'><strong>matrimonia</strong></span> 
     </span>
    </p>
   </div>
   <div class='ocr_carea' id='block_1_18' title="bbox 276 1877 1883 1955">
    <p class='ocr_par' dir='ltr' id='par_1_18' title="bbox 276 1877 1883 1955">
     <span class='ocr_line' id='line_1_18' title="bbox 276 1877 1883 1955; baseline 0.009 -27"><span class='ocrx_word' id='word_1_129' title='bbox 276 1877 405 1931; x_wconf 72' lang='lat' dir='ltr'><strong>lucc</strong></span> <span class='ocrx_word' id='word_1_130' title='bbox 443 1877 761 1949; x_wconf 68' lang='lat' dir='ltr'><strong>effugerunt,</strong></span> <span class='ocrx_word' id='word_1_131' title='bbox 800 1897 862 1935; x_wconf 90' lang='lat' dir='ltr'><strong>ea</strong></span> <span class='ocrx_word' id='word_1_132' title='bbox 904 1883 956 1936; x_wconf 91' lang='lat' dir='ltr'><strong>in</strong></span> <span class='ocrx_word' id='word_1_133' title='bbox 1001 1886 1240 1939; x_wconf 88' lang='lat' dir='ltr'><strong>medium</strong></span> <span class='ocrx_word' id='word_1_134' title='bbox 1282 1886 1491 1955; x_wconf 84' lang='lat' dir='ltr'><strong>profer;</strong></span> <span class='ocrx_word' id='word_1_135' title='bbox 1537 1902 1659 1942; x_wconf 91' lang='lat' dir='ltr'><strong>nam</strong></span> <span class='ocrx_word' id='word_1_136' title='bbox 1710 1904 1775 1942; x_wconf 89' lang='lat' dir='ltr'><strong>ex</strong></span> <span class='ocrx_word' id='word_1_137' title='bbox 1818 1889 1883 1944; x_wconf 90' lang='lat' dir='ltr'><strong>iis</strong></span> 
     </span>
    </p>
   </div>
   <div class='ocr_carea' id='block_1_19' title="bbox 274 1970 1882 2046">
    <p class='ocr_par' dir='ltr' id='par_1_19' title="bbox 274 1970 1882 2046">
     <span class='ocr_line' id='line_1_19' title="bbox 274 1970 1882 2046; baseline 0.01 -27"><span class='ocrx_word' id='word_1_138' title='bbox 274 1984 406 2036; x_wconf 75' lang='lat' dir='ltr'><strong>qure</strong></span> <span class='ocrx_word' id='word_1_139' title='bbox 428 1970 643 2024; x_wconf 79' lang='lat' dir='ltr'><strong>assidue</strong></span> <span class='ocrx_word' id='word_1_140' title='bbox 670 1973 1002 2042; x_wconf 85' lang='lat' dir='ltr'><strong>contingant,</strong></span> <span class='ocrx_word' id='word_1_141' title='bbox 1038 1989 1145 2030; x_wconf 89' lang='lat' dir='ltr'><strong>non</strong></span> <span class='ocrx_word' id='word_1_142' title='bbox 1174 1992 1293 2046; x_wconf 75' lang='lat' dir='ltr'><strong>qua:</strong></span> <span class='ocrx_word' id='word_1_143' title='bbox 1321 1978 1601 2033; x_wconf 82' lang='lat' dir='ltr'><strong>insolentia</strong></span> <span class='ocrx_word' id='word_1_144' title='bbox 1629 1979 1758 2045; x_wconf 92' lang='lat' dir='ltr'><strong>sint,</strong></span> <span class='ocrx_word' id='word_1_145' title='bbox 1792 1994 1882 2043; x_wconf 83' lang='lat' dir='ltr'><strong>res</strong></span> 
     </span>
    </p>
   </div>
   <div class='ocr_carea' id='block_1_20' title="bbox 270 2059 1881 2137">
    <p class='ocr_par' dir='ltr' id='par_1_20' title="bbox 270 2059 1881 2137">
     <span class='ocr_line' id='line_1_20' title="bbox 270 2059 1881 2137; baseline 0.008 -25"><span class='ocrx_word' id='word_1_146' title='bbox 270 2059 653 2115; x_wconf 64' lang='lat' dir='ltr'><strong>describendae</strong></span> <span class='ocrx_word' id='word_1_147' title='bbox 677 2072 820 2116; x_wconf 89' lang='lat' dir='ltr'><strong>sunt.</strong></span> <span class='ocrx_word' id='word_1_148' title='bbox 852 2064 976 2118; x_wconf 73' lang='lat' dir='ltr'><strong>llmc</strong></span> <span class='ocrx_word' id='word_1_149' title='bbox 1004 2080 1235 2135; x_wconf 88' lang='lat' dir='ltr'><strong>namque</strong></span> <span class='ocrx_word' id='word_1_150' title='bbox 1256 2067 1309 2121; x_wconf 91' lang='lat' dir='ltr'><strong>in</strong></span> <span class='ocrx_word' id='word_1_151' title='bbox 1338 2068 1638 2137; x_wconf 82' lang='lat' dir='ltr'><strong>virginitate</strong></span> <span class='ocrx_word' id='word_1_152' title='bbox 1659 2068 1881 2125; x_wconf 80' lang='lat' dir='ltr'><strong>difﬁcile</strong></span> 
     </span>
    </p>
   </div>
   <div class='ocr_carea' id='block_1_21' title="bbox 270 2152 1883 2227">
    <p class='ocr_par' dir='ltr' id='par_1_21' title="bbox 270 2152 1883 2227">
     <span class='ocr_line' id='line_1_21' title="bbox 270 2152 1883 2227; baseline 0.008 -25"><span class='ocrx_word' id='word_1_153' title='bbox 270 2160 363 2202; x_wconf 83' lang='lat' dir='ltr'><strong>est</strong></span> <span class='ocrx_word' id='word_1_154' title='bbox 391 2152 627 2215; x_wconf 89' lang='lat' dir='ltr'><strong>evenire,</strong></span> <span class='ocrx_word' id='word_1_155' title='bbox 654 2154 758 2207; x_wconf 84' lang='lat' dir='ltr'><strong>imo</strong></span> <span class='ocrx_word' id='word_1_156' title='bbox 785 2170 844 2208; x_wconf 89' lang='lat' dir='ltr'><strong>ea</strong></span> <span class='ocrx_word' id='word_1_157' title='bbox 874 2156 1117 2210; x_wconf 85' lang='lat' dir='ltr'><strong>accidere</strong></span> <span class='ocrx_word' id='word_1_158' title='bbox 1140 2168 1437 2227; x_wconf 77' lang='lat' dir='ltr'><strong>nequeunt;</strong></span> <span class='ocrx_word' id='word_1_159' title='bbox 1469 2160 1519 2213; x_wconf 91' lang='lat' dir='ltr'><strong>in</strong></span> <span class='ocrx_word' id='word_1_160' title='bbox 1543 2159 1883 2223; x_wconf 86' lang='lat' dir='ltr'><strong>matrimonio</strong></span> 
     </span>
    </p>
   </div>
   <div class='ocr_carea' id='block_1_22' title="bbox 273 2243 1075 2301">
    <p class='ocr_par' dir='ltr' id='par_1_22' title="bbox 273 2243 1075 2301">
     <span class='ocr_line' id='line_1_22' title="bbox 273 2243 1075 2301; baseline 0.006 -7"><span class='ocrx_word' id='word_1_161' title='bbox 273 2243 507 2298; x_wconf 87' lang='lat' dir='ltr'><strong>difficile</strong></span> <span class='ocrx_word' id='word_1_162' title='bbox 534 2253 615 2299; x_wconf 90' lang='lat' dir='ltr'><strong>est</strong></span> <span class='ocrx_word' id='word_1_163' title='bbox 642 2262 749 2301; x_wconf 88' lang='lat' dir='ltr'><strong>non</strong></span> <span class='ocrx_word' id='word_1_164' title='bbox 778 2252 1020 2301; x_wconf 83' lang='lat' dir='ltr'><strong>evenire.</strong></span> <span class='ocrx_word' id='word_1_165' title='bbox 1054 2290 1075 2299; x_wconf 79' lang='lat'><strong>-</strong></span> 
     </span>
    </p>
   </div>
   <div class='ocr_carea' id='block_1_23' title="bbox 352 2334 1882 2413">
    <p class='ocr_par' dir='ltr' id='par_1_23' title="bbox 352 2334 1882 2413">
     <span class='ocr_line' id='line_1_23' title="bbox 352 2334 1882 2413; baseline 0.005 -25"><span class='ocrx_word' id='word_1_166' title='bbox 352 2334 491 2388; x_wconf 72' lang='lat' dir='ltr'><strong>LVI.</strong></span> <span class='ocrx_word' id='word_1_167' title='bbox 533 2334 725 2407; x_wconf 67' lang='lat' dir='ltr'><strong>Nuptae</strong></span> <span class='ocrx_word' id='word_1_168' title='bbox 751 2336 966 2407; x_wconf 49' lang='lat' dir='ltr'><strong>&#39;grattem</strong></span> <span class='ocrx_word' id='word_1_169' title='bbox 1000 2340 1192 2395; x_wconf 65' lang='lat' dir='ltr'><strong>dolatis</strong></span> <span class='ocrx_word' id='word_1_170' title='bbox 1222 2343 1565 2396; x_wconf 81' lang='lat' dir='ltr'><strong>necessitatem</strong></span> <span class='ocrx_word' id='word_1_171' title='bbox 1594 2343 1882 2413; x_wconf 76' lang='lat' dir='ltr'><strong>impositam</strong></span> 
     </span>
    </p>
   </div>
   <div class='ocr_carea' id='block_1_24' title="bbox 272 2426 1879 2501">
    <p class='ocr_par' dir='ltr' id='par_1_24' title="bbox 272 2426 1879 2501">
     <span class='ocr_line' id='line_1_24' title="bbox 272 2426 1879 2501; baseline 0.005 -22"><span class='ocrx_word' id='word_1_172' title='bbox 272 2442 409 2479; x_wconf 74' lang='lat' dir='ltr'><strong>me.</strong></span> <span class='ocrx_word' id='word_1_173' title='bbox 433 2456 503 2465; x_wconf 86' lang='lat'><strong>-—</strong></span> <span class='ocrx_word' id='word_1_174' title='bbox 524 2426 675 2492; x_wconf 83' lang='lat' dir='ltr'><strong>Quod</strong></span> <span class='ocrx_word' id='word_1_175' title='bbox 708 2430 749 2481; x_wconf 89' lang='lat' dir='ltr'><strong>si</strong></span> <span class='ocrx_word' id='word_1_176' title='bbox 782 2430 831 2481; x_wconf 90' lang='lat' dir='ltr'><strong>in</strong></span> <span class='ocrx_word' id='word_1_177' title='bbox 864 2431 927 2482; x_wconf 91' lang='lat' dir='ltr'><strong>iis</strong></span> <span class='ocrx_word' id='word_1_178' title='bbox 954 2431 1323 2499; x_wconf 71' lang='lat' dir='ltr'><strong>qmejucunda</strong></span> <span class='ocrx_word' id='word_1_179' title='bbox 1355 2428 1654 2501; x_wconf 86' lang='lat' dir='ltr'><strong>videantur,</strong></span> <span class='ocrx_word' id='word_1_180' title='bbox 1676 2443 1879 2487; x_wconf 89' lang='lat' dir='ltr'><strong>tantum</strong></span> 
     </span>
    </p>
   </div>
   <div class='ocr_carea' id='block_1_25' title="bbox 272 2516 1882 2591">
    <p class='ocr_par' dir='ltr' id='par_1_25' title="bbox 272 2516 1882 2591">
     <span class='ocr_line' id='line_1_25' title="bbox 272 2516 1882 2591; baseline 0.007 -24"><span class='ocrx_word' id='word_1_181' title='bbox 272 2516 458 2570; x_wconf 81' lang='lat' dir='ltr'><strong>oritur</strong></span> <span class='ocrx_word' id='word_1_182' title='bbox 502 2519 835 2572; x_wconf 83' lang='lat' dir='ltr'><strong>miseriarum</strong></span> <span class='ocrx_word' id='word_1_183' title='bbox 871 2529 925 2574; x_wconf 90' lang='lat' dir='ltr'><strong>et</strong></span> <span class='ocrx_word' id='word_1_184' title='bbox 963 2520 1345 2584; x_wconf 70' lang='lat' dir='ltr'><strong>calamitatum,</strong></span> <span class='ocrx_word' id='word_1_185' title='bbox 1380 2523 1503 2590; x_wconf 88' lang='lat' dir='ltr'><strong>quid</strong></span> <span class='ocrx_word' id='word_1_186' title='bbox 1543 2522 1610 2577; x_wconf 87' lang='lat' dir='ltr'><strong>de</strong></span> <span class='ocrx_word' id='word_1_187' title='bbox 1656 2524 1721 2578; x_wconf 88' lang='lat' dir='ltr'><strong>iis</strong></span> <span class='ocrx_word' id='word_1_188' title='bbox 1762 2539 1882 2591; x_wconf 81' lang='lat' dir='ltr'><strong>qtuc</strong></span> 
     </span>
    </p>
   </div>
   <div class='ocr_carea' id='block_1_26' title="bbox 275 2605 1879 2683">
    <p class='ocr_par' dir='ltr' id='par_1_26' title="bbox 275 2605 1879 2683">
     <span class='ocr_line' id='line_1_26' title="bbox 275 2605 1879 2683; baseline 0.006 -25"><span class='ocrx_word' id='word_1_189' title='bbox 275 2605 428 2659; x_wconf 87' lang='lat' dir='ltr'><strong>baud</strong></span> <span class='ocrx_word' id='word_1_190' title='bbox 456 2606 618 2662; x_wconf 82' lang='lat' dir='ltr'><strong>dubie</strong></span> <span class='ocrx_word' id='word_1_191' title='bbox 651 2610 842 2663; x_wconf 88' lang='lat' dir='ltr'><strong>acerba</strong></span> <span class='ocrx_word' id='word_1_192' title='bbox 872 2619 1017 2676; x_wconf 85' lang='lat' dir='ltr'><strong>sunt,</strong></span> <span class='ocrx_word' id='word_1_193' title='bbox 1047 2611 1332 2665; x_wconf 85' lang='lat' dir='ltr'><strong>dicendum</strong></span> <span class='ocrx_word' id='word_1_194' title='bbox 1364 2613 1497 2666; x_wconf 89' lang='lat' dir='ltr'><strong>erit?</strong></span> <span class='ocrx_word' id='word_1_195' title='bbox 1525 2613 1709 2683; x_wconf 81' lang='lat' dir='ltr'><strong>Neque</strong></span> <span class='ocrx_word' id='word_1_196' title='bbox 1737 2616 1879 2669; x_wconf 84' lang='lat' dir='ltr'><strong>enim</strong></span> 
     </span>
    </p>
   </div>
   <div class='ocr_carea' id='block_1_27' title="bbox 271 2701 1882 2776">
    <p class='ocr_par' dir='ltr' id='par_1_27' title="bbox 271 2701 1882 2776">
     <span class='ocr_line' id='line_1_27' title="bbox 271 2701 1882 2776; baseline 0.004 -23"><span class='ocrx_word' id='word_1_197' title='bbox 271 2707 410 2754; x_wconf 81' lang='lat' dir='ltr'><strong>cum</strong></span> <span class='ocrx_word' id='word_1_198' title='bbox 449 2701 563 2755; x_wconf 88' lang='lat' dir='ltr'><strong>sola</strong></span> <span class='ocrx_word' id='word_1_199' title='bbox 605 2704 860 2756; x_wconf 85' lang='lat' dir='ltr'><strong>moritura</strong></span> <span class='ocrx_word' id='word_1_200' title='bbox 900 2702 989 2768; x_wconf 85' lang='lat' dir='ltr'><strong>sit,</strong></span> <span class='ocrx_word' id='word_1_201' title='bbox 1035 2720 1192 2758; x_wconf 88' lang='lat' dir='ltr'><strong>uuam</strong></span> <span class='ocrx_word' id='word_1_202' title='bbox 1236 2705 1406 2759; x_wconf 90' lang='lat' dir='ltr'><strong>solum</strong></span> <span class='ocrx_word' id='word_1_203' title='bbox 1451 2716 1677 2761; x_wconf 82' lang='lat' dir='ltr'><strong>mortem</strong></span> <span class='ocrx_word' id='word_1_204' title='bbox 1718 2722 1882 2776; x_wconf 75' lang='lat' dir='ltr'><strong>expa-</strong></span> 
     </span>
    </p>
   </div>
   <div class='ocr_carea' id='block_1_28' title="bbox 272 2792 1879 2861">
    <p class='ocr_par' dir='ltr' id='par_1_28' title="bbox 272 2792 1879 2861">
     <span class='ocr_line' id='line_1_28' title="bbox 272 2792 1879 2861; baseline 0.006 -20"><span class='ocrx_word' id='word_1_205' title='bbox 272 2792 477 2855; x_wconf 83' lang='lat' dir='ltr'><strong>vescit,</strong></span> <span class='ocrx_word' id='word_1_206' title='bbox 510 2807 609 2846; x_wconf 90' lang='lat' dir='ltr'><strong>nec</strong></span> <span class='ocrx_word' id='word_1_207' title='bbox 634 2809 752 2861; x_wconf 73' lang='lat' dir='ltr'><strong>qua:</strong></span> <span class='ocrx_word' id='word_1_208' title='bbox 772 2808 930 2847; x_wconf 87' lang='lat' dir='ltr'><strong>unam</strong></span> <span class='ocrx_word' id='word_1_209' title='bbox 957 2794 1147 2849; x_wconf 82' lang='lat' dir='ltr'><strong>habeat</strong></span> <span class='ocrx_word' id='word_1_210' title='bbox 1172 2796 1403 2849; x_wconf 86' lang='lat' dir='ltr'><strong>animam</strong></span> <span class='ocrx_word' id='word_1_211' title='bbox 1432 2796 1497 2851; x_wconf 90' lang='lat' dir='ltr'><strong>de</strong></span> <span class='ocrx_word' id='word_1_212' title='bbox 1525 2812 1627 2851; x_wconf 86' lang='lat' dir='ltr'><strong>una</strong></span> <span class='ocrx_word' id='word_1_213' title='bbox 1650 2797 1879 2851; x_wconf 83' lang='lat' dir='ltr'><strong>sollicita</strong></span> 
     </span>
    </p>
   </div>
   <div class='ocr_carea' id='block_1_29' title="bbox 270 2883 1882 2960">
    <p class='ocr_par' dir='ltr' id='par_1_29' title="bbox 270 2883 1882 2960">
     <span class='ocr_line' id='line_1_29' title="bbox 270 2883 1882 2960; baseline 0.006 -24"><span class='ocrx_word' id='word_1_214' title='bbox 270 2892 385 2947; x_wconf 83' lang='lat' dir='ltr'><strong>est,</strong></span> <span class='ocrx_word' id='word_1_215' title='bbox 415 2883 510 2937; x_wconf 84' lang='lat' dir='ltr'><strong>sed</strong></span> <span class='ocrx_word' id='word_1_216' title='bbox 539 2893 591 2937; x_wconf 91' lang='lat' dir='ltr'><strong>ct</strong></span> <span class='ocrx_word' id='word_1_217' title='bbox 618 2886 731 2938; x_wconf 84' lang='lat' dir='ltr'><strong>viro</strong></span> <span class='ocrx_word' id='word_1_218' title='bbox 760 2895 813 2940; x_wconf 89' lang='lat' dir='ltr'><strong>et</strong></span> <span class='ocrx_word' id='word_1_219' title='bbox 839 2886 1024 2941; x_wconf 88' lang='lat' dir='ltr'><strong>liberis</strong></span> <span class='ocrx_word' id='word_1_220' title='bbox 1049 2889 1200 2942; x_wconf 90' lang='lat' dir='ltr'><strong>timet</strong></span> <span class='ocrx_word' id='word_1_221' title='bbox 1234 2903 1532 2959; x_wconf 89' lang='lat' dir='ltr'><strong>eorumque</strong></span> <span class='ocrx_word' id='word_1_222' title='bbox 1563 2890 1882 2960; x_wconf 83' lang='lat' dir='ltr'><strong>conjugibus</strong></span> 
     </span>
    </p>
   </div>
   <div class='ocr_carea' id='block_1_30' title="bbox 271 2978 1876 3053">
    <p class='ocr_par' dir='ltr' id='par_1_30' title="bbox 271 2978 1876 3053">
     <span class='ocr_line' id='line_1_30' title="bbox 271 2978 1876 3053; baseline 0.007 -26"><span class='ocrx_word' id='word_1_223' title='bbox 271 2988 450 3045; x_wconf 78' lang='lat' dir='ltr'><strong>atque</strong></span> <span class='ocrx_word' id='word_1_224' title='bbox 471 2978 660 3042; x_wconf 86' lang='lat' dir='ltr'><strong>soboli,</strong></span> <span class='ocrx_word' id='word_1_225' title='bbox 691 2996 752 3033; x_wconf 84' lang='lat' dir='ltr'><strong>ac</strong></span> <span class='ocrx_word' id='word_1_226' title='bbox 773 2996 878 3049; x_wconf 91' lang='lat' dir='ltr'><strong>quo</strong></span> <span class='ocrx_word' id='word_1_227' title='bbox 905 2982 1054 3035; x_wconf 84' lang='lat' dir='ltr'><strong>radix</strong></span> <span class='ocrx_word' id='word_1_228' title='bbox 1084 2983 1135 3035; x_wconf 93' lang='lat' dir='ltr'><strong>in</strong></span> <span class='ocrx_word' id='word_1_229' title='bbox 1164 2984 1345 3052; x_wconf 89' lang='lat' dir='ltr'><strong>plures</strong></span> <span class='ocrx_word' id='word_1_230' title='bbox 1366 2999 1545 3038; x_wconf 91' lang='lat' dir='ltr'><strong>ramos</strong></span> <span class='ocrx_word' id='word_1_231' title='bbox 1566 2985 1876 3053; x_wconf 76' lang='lat' dir='ltr'><strong>effunditur,</strong></span> 
     </span>
    </p>
   </div>
   <div class='ocr_carea' id='block_1_31' title="bbox 274 3069 1878 3146">
    <p class='ocr_par' dir='ltr' id='par_1_31' title="bbox 274 3069 1878 3146">
     <span class='ocr_line' id='line_1_31' title="bbox 274 3069 1878 3146; baseline 0.007 -27"><span class='ocrx_word' id='word_1_232' title='bbox 274 3078 437 3121; x_wconf 70' lang='lat' dir='ltr'><strong>tanto</strong></span> <span class='ocrx_word' id='word_1_233' title='bbox 462 3069 513 3121; x_wconf 91' lang='lat' dir='ltr'><strong>ei</strong></span> <span class='ocrx_word' id='word_1_234' title='bbox 540 3079 589 3122; x_wconf 78' lang='lat' dir='ltr'><strong>et</strong></span> <span class='ocrx_word' id='word_1_235' title='bbox 619 3085 865 3124; x_wconf 89' lang='lat' dir='ltr'><strong>curarum</strong></span> <span class='ocrx_word' id='word_1_236' title='bbox 901 3072 1017 3141; x_wconf 90' lang='lat' dir='ltr'><strong>plus</strong></span> <span class='ocrx_word' id='word_1_237' title='bbox 1045 3075 1272 3128; x_wconf 80' lang='lat' dir='ltr'><strong>accedit.</strong></span> <span class='ocrx_word' id='word_1_238' title='bbox 1306 3075 1504 3129; x_wconf 90' lang='lat' dir='ltr'><strong>llorum</strong></span> <span class='ocrx_word' id='word_1_239' title='bbox 1536 3077 1758 3146; x_wconf 82' lang='lat' dir='ltr'><strong>singulis</strong></span> <span class='ocrx_word' id='word_1_240' title='bbox 1784 3092 1878 3131; x_wconf 78' lang='lat' dir='ltr'><strong>seu</strong></span> 
     </span>
    </p>
   </div>
   <div class='ocr_carea' id='block_1_32' title="bbox 276 3159 1878 3233">
    <p class='ocr_par' dir='ltr' id='par_1_32' title="bbox 276 3159 1878 3233">
     <span class='ocr_line' id='line_1_32' title="bbox 276 3159 1878 3233; baseline 0.008 -25"><span class='ocrx_word' id='word_1_241' title='bbox 276 3173 627 3211; x_wconf 82' lang='lat' dir='ltr'><strong>ntimmormn</strong></span> <span class='ocrx_word' id='word_1_242' title='bbox 654 3159 882 3229; x_wconf 84' lang='lat' dir='ltr'><strong>jactura,</strong></span> <span class='ocrx_word' id='word_1_243' title='bbox 914 3178 1010 3215; x_wconf 89' lang='lat' dir='ltr'><strong>seu</strong></span> <span class='ocrx_word' id='word_1_244' title='bbox 1042 3166 1281 3233; x_wconf 89' lang='lat' dir='ltr'><strong>corporis</strong></span> <span class='ocrx_word' id='word_1_245' title='bbox 1315 3165 1581 3231; x_wconf 78' lang='lat' dir='ltr'><strong>valetudo,</strong></span> <span class='ocrx_word' id='word_1_246' title='bbox 1612 3182 1704 3221; x_wconf 89' lang='lat' dir='ltr'><strong>seu</strong></span> <span class='ocrx_word' id='word_1_247' title='bbox 1734 3167 1878 3221; x_wconf 86' lang='lat' dir='ltr'><strong>aliud</strong></span> 
     </span>
    </p>
   </div>
   <div class='ocr_carea' id='block_1_33' title="bbox 271 3248 1880 3328">
    <p class='ocr_par' dir='ltr' id='par_1_33' title="bbox 271 3248 1880 3328">
     <span class='ocr_line' id='line_1_33' title="bbox 271 3248 1880 3328; baseline 0.008 -28"><span class='ocrx_word' id='word_1_248' title='bbox 271 3248 487 3317; x_wconf 84' lang='lat' dir='ltr'><strong>aliquid</strong></span> <span class='ocrx_word' id='word_1_249' title='bbox 537 3251 743 3304; x_wconf 86' lang='lat' dir='ltr'><strong>accidat</strong></span> <span class='ocrx_word' id='word_1_250' title='bbox 786 3252 1068 3321; x_wconf 87' lang='lat' dir='ltr'><strong>ingratum,</strong></span> <span class='ocrx_word' id='word_1_251' title='bbox 1102 3254 1149 3307; x_wconf 93' lang='lat' dir='ltr'><strong>ei</strong></span> <span class='ocrx_word' id='word_1_252' title='bbox 1190 3270 1465 3309; x_wconf 89' lang='lat' dir='ltr'><strong>macerare</strong></span> <span class='ocrx_word' id='word_1_253' title='bbox 1502 3270 1562 3310; x_wconf 92' lang='lat' dir='ltr'><strong>se</strong></span> <span class='ocrx_word' id='word_1_254' title='bbox 1592 3271 1658 3310; x_wconf 83' lang='lat' dir='ltr'><strong>ac</strong></span> <span class='ocrx_word' id='word_1_255' title='bbox 1696 3258 1880 3328; x_wconf 87' lang='lat' dir='ltr'><strong>lugere</strong></span> 
     </span>
    </p>
   </div>
   <div class='ocr_carea' id='block_1_34' title="bbox 276 3341 1875 3416">
    <p class='ocr_par' dir='ltr' id='par_1_34' title="bbox 276 3341 1875 3416">
     <span class='ocr_line' id='line_1_34' title="bbox 276 3341 1875 3416; baseline 0.008 -26"><span class='ocrx_word' id='word_1_256' title='bbox 276 3352 512 3392; x_wconf 82' lang='lat' dir='ltr'><strong>necesse</strong></span> <span class='ocrx_word' id='word_1_257' title='bbox 532 3341 633 3393; x_wconf 87' lang='lat' dir='ltr'><strong>erit</strong></span> <span class='ocrx_word' id='word_1_258' title='bbox 654 3343 819 3395; x_wconf 83' lang='lat' dir='ltr'><strong>nihilo</strong></span> <span class='ocrx_word' id='word_1_259' title='bbox 840 3344 1040 3408; x_wconf 88' lang='lat' dir='ltr'><strong>minus,</strong></span> <span class='ocrx_word' id='word_1_260' title='bbox 1061 3358 1218 3413; x_wconf 88' lang='lat' dir='ltr'><strong>quam</strong></span> <span class='ocrx_word' id='word_1_261' title='bbox 1244 3346 1307 3399; x_wconf 93' lang='lat' dir='ltr'><strong>iis</strong></span> <span class='ocrx_word' id='word_1_262' title='bbox 1331 3348 1419 3414; x_wconf 91' lang='lat' dir='ltr'><strong>qui</strong></span> <span class='ocrx_word' id='word_1_263' title='bbox 1448 3346 1562 3400; x_wconf 73' lang='lat' dir='ltr'><strong>lucc</strong></span> <span class='ocrx_word' id='word_1_264' title='bbox 1585 3348 1875 3416; x_wconf 90' lang='lat' dir='ltr'><strong>patiuntur.</strong></span> 
     </span>
    </p>
   </div>
   <div class='ocr_carea' id='block_1_35' title="bbox 274 3425 1881 3505">
    <p class='ocr_par' dir='ltr' id='par_1_35' title="bbox 274 3425 1881 3505">
     <span class='ocr_line' id='line_1_35' title="bbox 274 3425 1881 3505; baseline 0.009 -23"><span class='ocrx_word' id='word_1_265' title='bbox 274 3434 359 3483; x_wconf 74' lang='lat' dir='ltr'><strong>Ae</strong></span> <span class='ocrx_word' id='word_1_266' title='bbox 394 3431 442 3483; x_wconf 92' lang='lat' dir='ltr'><strong>si</strong></span> <span class='ocrx_word' id='word_1_267' title='bbox 472 3425 684 3501; x_wconf 78' lang='lat' dir='ltr'><strong>quidem</strong></span> <span class='ocrx_word' id='word_1_268' title='bbox 714 3450 898 3489; x_wconf 89' lang='lat' dir='ltr'><strong>omnes</strong></span> <span class='ocrx_word' id='word_1_269' title='bbox 920 3447 1044 3490; x_wconf 89' lang='lat' dir='ltr'><strong>ante</strong></span> <span class='ocrx_word' id='word_1_270' title='bbox 1069 3452 1187 3490; x_wconf 89' lang='lat' dir='ltr'><strong>eam</strong></span> <span class='ocrx_word' id='word_1_271' title='bbox 1211 3438 1493 3505; x_wconf 88' lang='lat' dir='ltr'><strong>decedant,</strong></span> <span class='ocrx_word' id='word_1_272' title='bbox 1526 3441 1881 3497; x_wconf 86' lang='lat' dir='ltr'><strong>intolerabilis</strong></span> 
     </span>
    </p>
   </div>
   <div class='ocr_carea' id='block_1_36' title="bbox 272 3523 1881 3595">
    <p class='ocr_par' dir='ltr' id='par_1_36' title="bbox 272 3523 1881 3595">
     <span class='ocr_line' id='line_1_36' title="bbox 272 3523 1881 3595; baseline 0.007 -18"><span class='ocrx_word' id='word_1_273' title='bbox 272 3524 387 3577; x_wconf 89' lang='lat' dir='ltr'><strong>erit</strong></span> <span class='ocrx_word' id='word_1_274' title='bbox 421 3523 626 3587; x_wconf 82' lang='lat' dir='ltr'><strong>luctus;</strong></span> <span class='ocrx_word' id='word_1_275' title='bbox 647 3526 730 3577; x_wconf 91' lang='lat' dir='ltr'><strong>sin</strong></span> <span class='ocrx_word' id='word_1_276' title='bbox 752 3527 867 3578; x_wconf 90' lang='lat' dir='ltr'><strong>aliis</strong></span> <span class='ocrx_word' id='word_1_277' title='bbox 889 3528 1265 3595; x_wconf 86' lang='lat' dir='ltr'><strong>superstitibus</strong></span> <span class='ocrx_word' id='word_1_278' title='bbox 1287 3530 1375 3584; x_wconf 86' lang='lat' dir='ltr'><strong>alii</strong></span> <span class='ocrx_word' id='word_1_279' title='bbox 1400 3531 1678 3585; x_wconf 82' lang='lat' dir='ltr'><strong>immatura</strong></span> <span class='ocrx_word' id='word_1_280' title='bbox 1708 3545 1881 3589; x_wconf 86' lang='lat' dir='ltr'><strong>morte</strong></span> 
     </span>
    </p>
   </div>
   <div class='ocr_carea' id='block_1_37' title="bbox 276 3620 1875 3694">
    <p class='ocr_par' dir='ltr' id='par_1_37' title="bbox 276 3620 1875 3694">
     <span class='ocr_line' id='line_1_37' title="bbox 276 3620 1875 3694; baseline 0.009 -25"><span class='ocrx_word' id='word_1_281' title='bbox 276 3620 585 3685; x_wconf 78' lang='lat' dir='ltr'><strong>rapiantur,</strong></span> <span class='ocrx_word' id='word_1_282' title='bbox 620 3634 686 3673; x_wconf 92' lang='lat' dir='ltr'><strong>ne</strong></span> <span class='ocrx_word' id='word_1_283' title='bbox 722 3621 801 3673; x_wconf 89' lang='lat' dir='ltr'><strong>sic</strong></span> <span class='ocrx_word' id='word_1_284' title='bbox 838 3620 1054 3689; x_wconf 86' lang='lat' dir='ltr'><strong>quidem</strong></span> <span class='ocrx_word' id='word_1_285' title='bbox 1098 3624 1346 3678; x_wconf 87' lang='lat' dir='ltr'><strong>solatium</strong></span> <span class='ocrx_word' id='word_1_286' title='bbox 1382 3642 1568 3694; x_wconf 82' lang='lat' dir='ltr'><strong>purum</strong></span> <span class='ocrx_word' id='word_1_287' title='bbox 1615 3630 1875 3683; x_wconf 78' lang='lat' dir='ltr'><strong>invenias.</strong></span> 
     </span>
    </p>
   </div>
   <div class='ocr_carea' id='block_1_38' title="bbox 273 3707 1877 3777">
    <p class='ocr_par' dir='ltr' id='par_1_38' title="bbox 273 3707 1877 3777">
     <span class='ocr_line' id='line_1_38' title="bbox 273 3707 1877 3777; baseline 0.012 -19"><span class='ocrx_word' id='word_1_288' title='bbox 273 3707 423 3760; x_wconf 79' lang='lat' dir='ltr'><strong>Nam</strong></span> <span class='ocrx_word' id='word_1_289' title='bbox 454 3707 523 3761; x_wconf 91' lang='lat' dir='ltr'><strong>de</strong></span> <span class='ocrx_word' id='word_1_290' title='bbox 552 3709 683 3763; x_wconf 69' lang='lat' dir='ltr'><strong>vivis</strong></span> <span class='ocrx_word' id='word_1_291' title='bbox 714 3720 885 3767; x_wconf 89' lang='lat' dir='ltr'><strong>metus</strong></span> <span class='ocrx_word' id='word_1_292' title='bbox 914 3714 1128 3769; x_wconf 86' lang='lat' dir='ltr'><strong>assidue</strong></span> <span class='ocrx_word' id='word_1_293' title='bbox 1156 3717 1385 3771; x_wconf 88' lang='lat' dir='ltr'><strong>animam</strong></span> <span class='ocrx_word' id='word_1_294' title='bbox 1415 3721 1666 3774; x_wconf 85' lang='lat' dir='ltr'><strong>concieus</strong></span> <span class='ocrx_word' id='word_1_295' title='bbox 1692 3721 1877 3777; x_wconf 85' lang='lat' dir='ltr'><strong>dolore</strong></span> 
     </span>
    </p>
   </div>
   <div class='ocr_carea' id='block_1_39' title="bbox 272 3796 1877 3881">
    <p class='ocr_par' dir='ltr' id='par_1_39' title="bbox 272 3796 1877 3881">
     <span class='ocr_line' id='line_1_39' title="bbox 272 3796 1877 3881; baseline 0.008 -29"><span class='ocrx_word' id='word_1_296' title='bbox 272 3802 349 3853; x_wconf 87' lang='lat' dir='ltr'><strong>de</strong></span> <span class='ocrx_word' id='word_1_297' title='bbox 385 3801 609 3853; x_wconf 86' lang='lat' dir='ltr'><strong>mortuis</strong></span> <span class='ocrx_word' id='word_1_298' title='bbox 634 3801 774 3867; x_wconf 78' lang='lat' dir='ltr'><strong>baud</strong></span> <span class='ocrx_word' id='word_1_299' title='bbox 802 3818 929 3859; x_wconf 85' lang='lat' dir='ltr'><strong>sane</strong></span> <span class='ocrx_word' id='word_1_300' title='bbox 950 3805 1251 3869; x_wconf 81' lang='lat' dir='ltr'><strong>levior‘est;</strong></span> <span class='ocrx_word' id='word_1_301' title='bbox 1286 3810 1415 3877; x_wconf 85' lang='lat' dir='ltr'><strong>quin</strong></span> <span class='ocrx_word' id='word_1_302' title='bbox 1435 3811 1477 3863; x_wconf 91' lang='lat' dir='ltr'><strong>si</strong></span> <span class='ocrx_word' id='word_1_303' title='bbox 1503 3812 1692 3864; x_wconf 88' lang='lat' dir='ltr'><strong>mirum</strong></span> <span class='ocrx_word' id='word_1_304' title='bbox 1723 3796 1877 3881; x_wconf 76' lang='lat' dir='ltr'><strong>quid-</strong></span> 
     </span>
    </p>
   </div>
   <div class='ocr_carea' id='block_1_40' title="bbox 276 3886 1876 3967">
    <p class='ocr_par' dir='ltr' id='par_1_40' title="bbox 276 3886 1876 3967">
     <span class='ocr_line' id='line_1_40' title="bbox 276 3886 1876 3967; baseline 0.009 -24"><span class='ocrx_word' id='word_1_305' title='bbox 276 3886 410 3943; x_wconf 83' lang='lat' dir='ltr'><strong>dam</strong></span> <span class='ocrx_word' id='word_1_306' title='bbox 443 3893 621 3947; x_wconf 88' lang='lat' dir='ltr'><strong>dicere</strong></span> <span class='ocrx_word' id='word_1_307' title='bbox 648 3893 730 3947; x_wconf 85' lang='lat' dir='ltr'><strong>fas</strong></span> <span class='ocrx_word' id='word_1_308' title='bbox 753 3896 842 3961; x_wconf 89' lang='lat' dir='ltr'><strong>sit,</strong></span> <span class='ocrx_word' id='word_1_309' title='bbox 870 3898 1030 3951; x_wconf 87' lang='lat' dir='ltr'><strong>etiam</strong></span> <span class='ocrx_word' id='word_1_310' title='bbox 1070 3900 1300 3967; x_wconf 84' lang='lat' dir='ltr'><strong>gravior.</strong></span> <span class='ocrx_word' id='word_1_311' title='bbox 1334 3901 1464 3953; x_wconf 88' lang='lat' dir='ltr'><strong>Nam</strong></span> <span class='ocrx_word' id='word_1_312' title='bbox 1505 3901 1876 3958; x_wconf 77' lang='lat' dir='ltr'><strong>defuncturum</strong></span> 
     </span>
    </p>
   </div>
   <div class='ocr_carea' id='block_1_41' title="bbox 280 3987 1875 4057">
    <p class='ocr_par' dir='ltr' id='par_1_41' title="bbox 280 3987 1875 4057">
     <span class='ocr_line' id='line_1_41' title="bbox 280 3987 1875 4057; baseline 0.007 -22"><span class='ocrx_word' id='word_1_313' title='bbox 280 3998 579 4037; x_wconf 75' lang='lat' dir='ltr'><strong>tumrorcm</strong></span> <span class='ocrx_word' id='word_1_314' title='bbox 623 3993 829 4053; x_wconf 83' lang='lat' dir='ltr'><strong>tempus</strong></span> <span class='ocrx_word' id='word_1_315' title='bbox 873 3987 1082 4057; x_wconf 79' lang='lat' dir='ltr'><strong>mitigat</strong></span> <span class='ocrx_word' id='word_1_316' title='bbox 1119 4006 1135 4043; x_wconf 89' lang='lat'><strong>:</strong></span> <span class='ocrx_word' id='word_1_317' title='bbox 1178 3989 1245 4044; x_wconf 90' lang='lat' dir='ltr'><strong>de</strong></span> <span class='ocrx_word' id='word_1_318' title='bbox 1288 3991 1421 4051; x_wconf 81' lang='lat' dir='ltr'><strong>vivis</strong></span> <span class='ocrx_word' id='word_1_319' title='bbox 1466 3993 1875 4047; x_wconf 71' lang='lat' dir='ltr'><strong>sollicitudinem</strong></span> 
     </span>
    </p>
   </div>
   <div class='ocr_carea' id='block_1_42' title="bbox 280 4084 1876 4157">
    <p class='ocr_par' dir='ltr' id='par_1_42' title="bbox 280 4084 1876 4157">
     <span class='ocr_line' id='line_1_42' title="bbox 280 4084 1876 4157; baseline 0.009 -33"><span class='ocrx_word' id='word_1_320' title='bbox 280 4084 547 4143; x_wconf 74' lang='lat' dir='ltr'><strong>perpetuo</strong></span> <span class='ocrx_word' id='word_1_321' title='bbox 573 4090 792 4131; x_wconf 88' lang='lat' dir='ltr'><strong>manere</strong></span> <span class='ocrx_word' id='word_1_322' title='bbox 819 4087 1050 4146; x_wconf 91' lang='lat' dir='ltr'><strong>oportet,</strong></span> <span class='ocrx_word' id='word_1_323' title='bbox 1087 4088 1181 4133; x_wconf 87' lang='lat' dir='ltr'><strong>aut</strong></span> <span class='ocrx_word' id='word_1_324' title='bbox 1222 4093 1397 4137; x_wconf 89' lang='lat' dir='ltr'><strong>morte</strong></span> <span class='ocrx_word' id='word_1_325' title='bbox 1433 4085 1543 4137; x_wconf 83' lang='lat' dir='ltr'><strong>sola</strong></span> <span class='ocrx_word' id='word_1_326' title='bbox 1588 4086 1876 4157; x_wconf 79' lang='lat' dir='ltr'><strong>exstingui.</strong></span> 
     </span>
    </p>
   </div>
   <div class='ocr_carea' id='block_1_43' title="bbox 278 4163 1877 4244">
    <p class='ocr_par' dir='ltr' id='par_1_43' title="bbox 278 4163 1877 4244">
     <span class='ocr_line' id='line_1_43' title="bbox 278 4163 1877 4244; baseline 0.011 -31"><span class='ocrx_word' id='word_1_327' title='bbox 278 4163 443 4227; x_wconf 84' lang='lat' dir='ltr'><strong>Quod</strong></span> <span class='ocrx_word' id='word_1_328' title='bbox 482 4164 528 4218; x_wconf 88' lang='lat' dir='ltr'><strong>si</strong></span> <span class='ocrx_word' id='word_1_329' title='bbox 566 4182 663 4219; x_wconf 85' lang='lat' dir='ltr'><strong>nec</strong></span> <span class='ocrx_word' id='word_1_330' title='bbox 705 4170 932 4237; x_wconf 85' lang='lat' dir='ltr'><strong>propriis</strong></span> <span class='ocrx_word' id='word_1_331' title='bbox 970 4166 1131 4224; x_wconf 15' lang='lat' dir='ltr'><strong>Amalis</strong></span> <span class='ocrx_word' id='word_1_332' title='bbox 1169 4172 1485 4239; x_wconf 89' lang='lat' dir='ltr'><strong>sufﬁcimus,</strong></span> <span class='ocrx_word' id='word_1_333' title='bbox 1522 4189 1681 4244; x_wconf 85' lang='lat' dir='ltr'><strong>quam</strong></span> <span class='ocrx_word' id='word_1_334' title='bbox 1712 4179 1877 4232; x_wconf 88' lang='lat' dir='ltr'><strong>vitam</strong></span> 
     </span>
    </p>
   </div>
   <div class='ocr_carea' id='block_1_44' title="bbox 278 4260 1879 4334">
    <p class='ocr_par' dir='ltr' id='par_1_44' title="bbox 278 4260 1879 4334">
     <span class='ocr_line' id='line_1_44' title="bbox 278 4260 1879 4334; baseline 0.01 -26"><span class='ocrx_word' id='word_1_335' title='bbox 278 4272 531 4325; x_wconf 79' lang='lat' dir='ltr'><strong>agemus,</strong></span> <span class='ocrx_word' id='word_1_336' title='bbox 576 4260 801 4313; x_wconf 85' lang='lat' dir='ltr'><strong>aliorum</strong></span> <span class='ocrx_word' id='word_1_337' title='bbox 848 4263 1182 4318; x_wconf 84' lang='lat' dir='ltr'><strong>calamitates</strong></span> <span class='ocrx_word' id='word_1_338' title='bbox 1222 4267 1404 4334; x_wconf 85' lang='lat' dir='ltr'><strong>lugere</strong></span> <span class='ocrx_word' id='word_1_339' title='bbox 1451 4268 1660 4321; x_wconf 77' lang='lat' dir='ltr'><strong>coacti?</strong></span> <span class='ocrx_word' id='word_1_340' title='bbox 1702 4268 1879 4325; x_wconf 66' lang='lat' dir='ltr'><strong>Multa:</strong></span> 
     </span>
    </p>
   </div>
   <div class='ocr_carea' id='block_1_45' title="bbox 278 4345 1878 4429">
    <p class='ocr_par' dir='ltr' id='par_1_45' title="bbox 278 4345 1878 4429">
     <span class='ocr_line' id='line_1_45' title="bbox 278 4345 1878 4429; baseline 0.009 -29"><span class='ocrx_word' id='word_1_341' title='bbox 278 4345 435 4416; x_wconf 70' lang='lat' dir='ltr'><strong>s-rpe</strong></span> <span class='ocrx_word' id='word_1_342' title='bbox 470 4347 627 4402; x_wconf 88' lang='lat' dir='ltr'><strong>claris</strong></span> <span class='ocrx_word' id='word_1_343' title='bbox 656 4350 1131 4419; x_wconf 66' lang='lat' dir='ltr'><strong>majoribuscrtm,</strong></span> <span class='ocrx_word' id='word_1_344' title='bbox 1167 4356 1450 4429; x_wconf 80' lang='lat' dir='ltr'><strong>admodum</strong></span> <span class='ocrx_word' id='word_1_345' title='bbox 1480 4358 1706 4413; x_wconf 88' lang='lat' dir='ltr'><strong>delicate</strong></span> <span class='ocrx_word' id='word_1_346' title='bbox 1742 4358 1878 4413; x_wconf 87' lang='lat' dir='ltr'><strong>edu—</strong></span> 
     </span>
    </p>
   </div>
   <div class='ocr_carea' id='block_1_46' title="bbox 279 4438 1877 4519">
    <p class='ocr_par' dir='ltr' id='par_1_46' title="bbox 279 4438 1877 4519">
     <span class='ocr_line' id='line_1_46' title="bbox 279 4438 1877 4519; baseline 0.01 -29"><span class='ocrx_word' id='word_1_347' title='bbox 279 4448 465 4504; x_wconf 64' lang='lat' dir='ltr'><strong>cam,</strong></span> <span class='ocrx_word' id='word_1_348' title='bbox 528 4438 641 4492; x_wconf 89' lang='lat' dir='ltr'><strong>viro</strong></span> <span class='ocrx_word' id='word_1_349' title='bbox 692 4442 921 4509; x_wconf 84' lang='lat' dir='ltr'><strong>cuipiam</strong></span> <span class='ocrx_word' id='word_1_350' title='bbox 974 4448 1287 4512; x_wconf 62' lang='lat' dir='ltr'><strong>prtcpotenti</strong></span> <span class='ocrx_word' id='word_1_351' title='bbox 1342 4447 1599 4513; x_wconf 71' lang='lat' dir='ltr'><strong>elocatze,</strong></span> <span class='ocrx_word' id='word_1_352' title='bbox 1655 4460 1877 4519; x_wconf 88' lang='lat' dir='ltr'><strong>repente</strong></span> 
     </span>
    </p>
   </div>
   <div class='ocr_carea' id='block_1_47' title="bbox 282 4529 1877 4609">
    <p class='ocr_par' dir='ltr' id='par_1_47' title="bbox 282 4529 1877 4609">
     <span class='ocr_line' id='line_1_47' title="bbox 282 4529 1877 4609; baseline 0.009 -29"><span class='ocrx_word' id='word_1_353' title='bbox 282 4529 597 4597; x_wconf 85' lang='lat' dir='ltr'><strong>priusquam</strong></span> <span class='ocrx_word' id='word_1_354' title='bbox 648 4531 709 4583; x_wconf 91' lang='lat' dir='ltr'><strong>iis</strong></span> <span class='ocrx_word' id='word_1_355' title='bbox 750 4533 912 4585; x_wconf 87' lang='lat' dir='ltr'><strong>rebus</strong></span> <span class='ocrx_word' id='word_1_356' title='bbox 950 4534 1196 4601; x_wconf 89' lang='lat' dir='ltr'><strong>beentur,</strong></span> <span class='ocrx_word' id='word_1_357' title='bbox 1238 4537 1475 4605; x_wconf 91' lang='lat' dir='ltr'><strong>periculo</strong></span> <span class='ocrx_word' id='word_1_358' title='bbox 1517 4539 1696 4609; x_wconf 87' lang='lat' dir='ltr'><strong>aliquo</strong></span> <span class='ocrx_word' id='word_1_359' title='bbox 1738 4549 1877 4595; x_wconf 86' lang='lat' dir='ltr'><strong>tam-</strong></span> 
     </span>
    </p>
   </div>
   <div class='ocr_carea' id='block_1_48' title="bbox 282 4619 1878 4697">
    <p class='ocr_par' dir='ltr' id='par_1_48' title="bbox 282 4619 1878 4697">
     <span class='ocr_line' id='line_1_48' title="bbox 282 4619 1878 4697; baseline 0.01 -28"><span class='ocrx_word' id='word_1_360' title='bbox 282 4633 451 4685; x_wconf 82' lang='lat' dir='ltr'><strong>quam</strong></span> <span class='ocrx_word' id='word_1_361' title='bbox 483 4619 708 4679; x_wconf 82' lang='lat' dir='ltr'><strong>procella</strong></span> <span class='ocrx_word' id='word_1_362' title='bbox 745 4636 807 4673; x_wconf 89' lang='lat' dir='ltr'><strong>ac</strong></span> <span class='ocrx_word' id='word_1_363' title='bbox 838 4622 1047 4676; x_wconf 91' lang='lat' dir='ltr'><strong>turbine</strong></span> <span class='ocrx_word' id='word_1_364' title='bbox 1078 4624 1341 4693; x_wconf 82' lang='lat' dir='ltr'><strong>ingruenti</strong></span> <span class='ocrx_word' id='word_1_365' title='bbox 1367 4636 1421 4680; x_wconf 93' lang='lat' dir='ltr'><strong>et</strong></span> <span class='ocrx_word' id='word_1_366' title='bbox 1460 4628 1590 4697; x_wconf 76' lang='lat' dir='ltr'><strong>ipsa:</strong></span> <span class='ocrx_word' id='word_1_367' title='bbox 1616 4628 1878 4685; x_wconf 69' lang='lat' dir='ltr'><strong>demersze</strong></span> 
     </span>
    </p>
   </div>
   <div class='ocr_carea' id='block_1_49' title="bbox 282 4707 1879 4791">
    <p class='ocr_par' dir='ltr' id='par_1_49' title="bbox 282 4707 1879 4791">
     <span class='ocr_line' id='line_1_49' title="bbox 282 4707 1879 4791; baseline 0.008 -29"><span class='ocrx_word' id='word_1_368' title='bbox 282 4707 549 4777; x_wconf 85' lang='lat' dir='ltr'><strong>naufragii</strong></span> <span class='ocrx_word' id='word_1_369' title='bbox 589 4710 846 4764; x_wconf 87' lang='lat' dir='ltr'><strong>malorum</strong></span> <span class='ocrx_word' id='word_1_370' title='bbox 887 4713 1173 4782; x_wconf 83' lang='lat' dir='ltr'><strong>participes</strong></span> <span class='ocrx_word' id='word_1_371' title='bbox 1204 4716 1356 4782; x_wconf 80' lang='lat' dir='ltr'><strong>ﬁunt,</strong></span> <span class='ocrx_word' id='word_1_372' title='bbox 1387 4726 1441 4771; x_wconf 90' lang='lat' dir='ltr'><strong>et</strong></span> <span class='ocrx_word' id='word_1_373' title='bbox 1479 4734 1600 4788; x_wconf 74' lang='lat' dir='ltr'><strong>qua:</strong></span> <span class='ocrx_word' id='word_1_374' title='bbox 1643 4720 1879 4791; x_wconf 53' lang='lat' dir='ltr'><strong>innupta</strong></span> 
     </span>
    </p>
   </div>
   <div class='ocr_carea' id='block_1_50' title="bbox 283 4798 1879 4873">
    <p class='ocr_par' dir='ltr' id='par_1_50' title="bbox 283 4798 1879 4873">
     <span class='ocr_line' id='line_1_50' title="bbox 283 4798 1879 4873; baseline 0.01 -23"><span class='ocrx_word' id='word_1_375' title='bbox 283 4798 438 4850; x_wconf 84' lang='lat' dir='ltr'><strong>mille</strong></span> <span class='ocrx_word' id='word_1_376' title='bbox 459 4798 611 4851; x_wconf 88' lang='lat' dir='ltr'><strong>bonis</strong></span> <span class='ocrx_word' id='word_1_377' title='bbox 635 4800 964 4869; x_wconf 87' lang='lat' dir='ltr'><strong>fruebantur,</strong></span> <span class='ocrx_word' id='word_1_378' title='bbox 997 4814 1174 4873; x_wconf 64' lang='lat' dir='ltr'><strong>nuptae</strong></span> <span class='ocrx_word' id='word_1_379' title='bbox 1204 4808 1256 4860; x_wconf 90' lang='lat' dir='ltr'><strong>in</strong></span> <span class='ocrx_word' id='word_1_380' title='bbox 1284 4819 1581 4864; x_wconf 79' lang='lat' dir='ltr'><strong>extremam</strong></span> <span class='ocrx_word' id='word_1_381' title='bbox 1609 4811 1879 4865; x_wconf 85' lang='lat' dir='ltr'><strong>calamita-</strong></span> 
     </span>
    </p>
   </div>
   <div class='ocr_carea' id='block_1_51' title="bbox 285 4891 1880 4970">
    <p class='ocr_par' dir='ltr' id='par_1_51' title="bbox 285 4891 1880 4970">
     <span class='ocr_line' id='line_1_51' title="bbox 285 4891 1880 4970; baseline 0.01 -27"><span class='ocrx_word' id='word_1_382' title='bbox 285 4901 398 4945; x_wconf 86' lang='lat' dir='ltr'><strong>tem</strong></span> <span class='ocrx_word' id='word_1_383' title='bbox 456 4891 725 4947; x_wconf 89' lang='lat' dir='ltr'><strong>decidunt.</strong></span> <span class='ocrx_word' id='word_1_384' title='bbox 771 4898 841 4949; x_wconf 86' lang='lat' dir='ltr'><strong>At</strong></span> <span class='ocrx_word' id='word_1_385' title='bbox 886 4912 992 4951; x_wconf 90' lang='lat' dir='ltr'><strong>non</strong></span> <span class='ocrx_word' id='word_1_386' title='bbox 1035 4894 1174 4963; x_wconf 72' lang='lat' dir='ltr'><strong>haec,</strong></span> <span class='ocrx_word' id='word_1_387' title='bbox 1232 4901 1422 4970; x_wconf 87' lang='lat' dir='ltr'><strong>inquit,</strong></span> <span class='ocrx_word' id='word_1_388' title='bbox 1471 4904 1740 4969; x_wconf 89' lang='lat' dir='ltr'><strong>omnibus,</strong></span> <span class='ocrx_word' id='word_1_389' title='bbox 1788 4916 1880 4959; x_wconf 90' lang='lat' dir='ltr'><strong>aut</strong></span> 
     </span>
    </p>
   </div>
   <div class='ocr_carea' id='block_1_52' title="bbox 284 4985 1880 5062">
    <p class='ocr_par' dir='ltr' id='par_1_52' title="bbox 284 4985 1880 5062">
     <span class='ocr_line' id='line_1_52' title="bbox 284 4985 1880 5062; baseline 0.009 -27"><span class='ocrx_word' id='word_1_390' title='bbox 284 4996 506 5050; x_wconf 84' lang='lat' dir='ltr'><strong>semper</strong></span> <span class='ocrx_word' id='word_1_391' title='bbox 548 4985 764 5062; x_wconf 73' lang='lat' dir='ltr'><strong>evenire</strong></span> <span class='ocrx_word' id='word_1_392' title='bbox 804 4987 1001 5041; x_wconf 80' lang='lat' dir='ltr'><strong>solent.</strong></span> <span class='ocrx_word' id='word_1_393' title='bbox 1032 4988 1217 5059; x_wconf 84' lang='lat' dir='ltr'><strong>Neque</strong></span> <span class='ocrx_word' id='word_1_394' title='bbox 1244 5006 1374 5045; x_wconf 86' lang='lat' dir='ltr'><strong>vero</strong></span> <span class='ocrx_word' id='word_1_395' title='bbox 1411 4993 1479 5047; x_wconf 87' lang='lat' dir='ltr'><strong>ab</strong></span> <span class='ocrx_word' id='word_1_396' title='bbox 1518 4992 1765 5047; x_wconf 80' lang='lat' dir='ltr'><strong>omnibus</strong></span> <span class='ocrx_word' id='word_1_397' title='bbox 1794 5012 1880 5050; x_wconf 89' lang='lat' dir='ltr'><strong>rc-</strong></span> 
     </span>
    </p>
   </div>
   <div class='ocr_carea' id='block_1_53' title="bbox 282 5064 1878 5156">
    <p class='ocr_par' dir='ltr' id='par_1_53' title="bbox 282 5064 1878 5156">
     <span class='ocr_line' id='line_1_53' title="bbox 282 5064 1878 5156; baseline 0.009 -28"><span class='ocrx_word' id='word_1_398' title='bbox 282 5084 435 5129; x_wconf 86' lang='lat' dir='ltr'><strong>mota</strong></span> <span class='ocrx_word' id='word_1_399' title='bbox 459 5084 617 5147; x_wconf 68' lang='lat' dir='ltr'><strong>sunt;</strong></span> <span class='ocrx_word' id='word_1_400' title='bbox 644 5092 767 5130; x_wconf 85' lang='lat' dir='ltr'><strong>nam</strong></span> <span class='ocrx_word' id='word_1_401' title='bbox 796 5064 1042 5147; x_wconf 69' lang='lat' dir='ltr'><strong>equidem</strong></span> <span class='ocrx_word' id='word_1_402' title='bbox 1075 5098 1286 5153; x_wconf 86' lang='lat' dir='ltr'><strong>quoque</strong></span> <span class='ocrx_word' id='word_1_403' title='bbox 1314 5084 1457 5140; x_wconf 90' lang='lat' dir='ltr'><strong>idem</strong></span> <span class='ocrx_word' id='word_1_404' title='bbox 1484 5098 1761 5156; x_wconf 89' lang='lat' dir='ltr'><strong>repetam;</strong></span> <span class='ocrx_word' id='word_1_405' title='bbox 1784 5090 1878 5143; x_wconf 87' lang='lat' dir='ltr'><strong>sed</strong></span> 
     </span>
    </p>
   </div>
   <div class='ocr_carea' id='block_1_54' title="bbox 280 5165 1881 5244">
    <p class='ocr_par' dir='ltr' id='par_1_54' title="bbox 280 5165 1881 5244">
     <span class='ocr_line' id='line_1_54' title="bbox 280 5165 1881 5244; baseline 0.011 -28"><span class='ocrx_word' id='word_1_406' title='bbox 280 5165 634 5233; x_wconf 77' lang='lat' dir='ltr'><strong>ctun&#39;partim</strong></span> <span class='ocrx_word' id='word_1_407' title='bbox 666 5168 784 5221; x_wconf 88' lang='lat' dir='ltr'><strong>usui</strong></span> <span class='ocrx_word' id='word_1_408' title='bbox 812 5180 1107 5237; x_wconf 88' lang='lat' dir='ltr'><strong>venerunt,</strong></span> <span class='ocrx_word' id='word_1_409' title='bbox 1140 5180 1252 5227; x_wconf 88' lang='lat' dir='ltr'><strong>tum</strong></span> <span class='ocrx_word' id='word_1_410' title='bbox 1280 5175 1474 5244; x_wconf 86' lang='lat' dir='ltr'><strong>quibus</strong></span> <span class='ocrx_word' id='word_1_411' title='bbox 1501 5176 1623 5231; x_wconf 88' lang='lat' dir='ltr'><strong>usui</strong></span> <span class='ocrx_word' id='word_1_412' title='bbox 1652 5192 1760 5233; x_wconf 87' lang='lat' dir='ltr'><strong>non</strong></span> <span class='ocrx_word' id='word_1_413' title='bbox 1791 5195 1881 5234; x_wconf 87' lang='lat' dir='ltr'><strong>ve-</strong></span> 
     </span>
    </p>
   </div>
   <div class='ocr_carea' id='block_1_55' title="bbox 282 5256 1881 5343">
    <p class='ocr_par' dir='ltr' id='par_1_55' title="bbox 282 5256 1881 5343">
     <span class='ocr_line' id='line_1_55' title="bbox 282 5256 1881 5343; baseline 0.009 -34"><span class='ocrx_word' id='word_1_414' title='bbox 282 5256 519 5321; x_wconf 81' lang='lat' dir='ltr'><strong>nissent,</strong></span> <span class='ocrx_word' id='word_1_415' title='bbox 560 5272 654 5312; x_wconf 83' lang='lat' dir='ltr'><strong>eos</strong></span> <span class='ocrx_word' id='word_1_416' title='bbox 690 5259 772 5313; x_wconf 89' lang='lat' dir='ltr'><strong>sui</strong></span> <span class='ocrx_word' id='word_1_417' title='bbox 802 5269 946 5343; x_wconf 85' lang='lat' dir='ltr'><strong>metu</strong></span> <span class='ocrx_word' id='word_1_418' title='bbox 976 5262 1283 5319; x_wconf 84' lang='lat' dir='ltr'><strong>cruciamnt</strong></span> <span class='ocrx_word' id='word_1_419' title='bbox 1314 5282 1328 5318; x_wconf 89' lang='lat'><strong>:</strong></span> <span class='ocrx_word' id='word_1_420' title='bbox 1360 5276 1619 5322; x_wconf 67' lang='lat' dir='ltr'><strong>ueterum</strong></span> <span class='ocrx_word' id='word_1_421' title='bbox 1646 5269 1799 5339; x_wconf 83' lang='lat' dir='ltr'><strong>virgo</strong></span> <span class='ocrx_word' id='word_1_422' title='bbox 1826 5278 1881 5323; x_wconf 89' lang='lat' dir='ltr'><strong>et</strong></span> 
     </span>
    </p>
   </div>
   <div class='ocr_carea' id='block_1_56' title="bbox 278 5350 1496 5420">
    <p class='ocr_par' dir='ltr' id='par_1_56' title="bbox 278 5350 1496 5420">
     <span class='ocr_line' id='line_1_56' title="bbox 278 5350 1496 5420; baseline 0.007 -17"><span class='ocrx_word' id='word_1_423' title='bbox 278 5350 661 5420; x_wconf 82' lang='lat' dir='ltr'><strong>experimento</strong></span> <span class='ocrx_word' id='word_1_424' title='bbox 687 5362 741 5408; x_wconf 90' lang='lat' dir='ltr'><strong>et</strong></span> <span class='ocrx_word' id='word_1_425' title='bbox 760 5362 908 5409; x_wconf 89' lang='lat' dir='ltr'><strong>metu</strong></span> <span class='ocrx_word' id='word_1_426' title='bbox 928 5356 1076 5411; x_wconf 89' lang='lat' dir='ltr'><strong>omni</strong></span> <span class='ocrx_word' id='word_1_427' title='bbox 1095 5358 1375 5413; x_wconf 88' lang='lat' dir='ltr'><strong>sublimior</strong></span> <span class='ocrx_word' id='word_1_428' title='bbox 1391 5368 1496 5415; x_wconf 91' lang='lat' dir='ltr'><strong>est.</strong></span> 
     </span>
    </p>
   </div>
   <div class='ocr_carea' id='block_1_57' title="bbox 355 5441 1881 5519">
    <p class='ocr_par' dir='ltr' id='par_1_57' title="bbox 355 5441 1881 5519">
     <span class='ocr_line' id='line_1_57' title="bbox 355 5441 1881 5519; baseline 0.009 -24"><span class='ocrx_word' id='word_1_429' title='bbox 355 5441 518 5497; x_wconf 74' lang='lat' dir='ltr'><strong>LVII.</strong></span> <span class='ocrx_word' id='word_1_430' title='bbox 550 5441 630 5499; x_wconf 79' lang='lat' dir='ltr'><strong>De</strong></span> <span class='ocrx_word' id='word_1_431' title='bbox 656 5446 897 5503; x_wconf 77' lang='lat' dir='ltr'><strong>molestiis</strong></span> <span class='ocrx_word' id='word_1_432' title='bbox 923 5464 1039 5519; x_wconf 75' lang='lat' dir='ltr'><strong>qua:</strong></span> <span class='ocrx_word' id='word_1_433' title='bbox 1072 5467 1188 5503; x_wconf 83' lang='lat' dir='ltr'><strong>cum</strong></span> <span class='ocrx_word' id='word_1_434' title='bbox 1221 5453 1358 5506; x_wconf 80' lang='lat' dir='ltr'><strong>omni</strong></span> <span class='ocrx_word' id='word_1_435' title='bbox 1398 5452 1737 5509; x_wconf 18' lang='lat' dir='ltr'><strong>matrimonio.</strong></span> <span class='ocrx_word' id='word_1_436' title='bbox 1759 5469 1881 5508; x_wconf 82' lang='lat' dir='ltr'><strong>con-</strong></span> 
     </span>
    </p>
   </div>
   <div class='ocr_carea' id='block_1_58' title="bbox 264 5534 1881 5616">
    <p class='ocr_par' dir='ltr' id='par_1_58' title="bbox 264 5534 1881 5616">
     <span class='ocr_line' id='line_1_58' title="bbox 264 5534 1881 5616; baseline 0.009 -29"><span class='ocrx_word' id='word_1_437' title='bbox 264 5534 477 5603; x_wconf 68' lang='lat' dir='ltr'><strong>juncta</strong></span> <span class='ocrx_word' id='word_1_438' title='bbox 502 5536 622 5592; x_wconf 71' lang='lat' dir='ltr'><strong>sint.</strong></span> <span class='ocrx_word' id='word_1_439' title='bbox 652 5567 725 5577; x_wconf 89' lang='lat'><strong>-—</strong></span> <span class='ocrx_word' id='word_1_440' title='bbox 752 5539 857 5594; x_wconf 83' lang='lat' dir='ltr'><strong>Sed</strong></span> <span class='ocrx_word' id='word_1_441' title='bbox 894 5540 1039 5595; x_wconf 88' lang='lat' dir='ltr'><strong>enim</strong></span> <span class='ocrx_word' id='word_1_442' title='bbox 1068 5543 1115 5596; x_wconf 91' lang='lat' dir='ltr'><strong>si</strong></span> <span class='ocrx_word' id='word_1_443' title='bbox 1142 5543 1338 5613; x_wconf 87' lang='lat' dir='ltr'><strong>placet,</strong></span> <span class='ocrx_word' id='word_1_444' title='bbox 1371 5545 1457 5599; x_wconf 84' lang='lat' dir='ltr'><strong>bis</strong></span> <span class='ocrx_word' id='word_1_445' title='bbox 1492 5544 1731 5615; x_wconf 87' lang='lat' dir='ltr'><strong>omissis,</strong></span> <span class='ocrx_word' id='word_1_446' title='bbox 1761 5562 1881 5616; x_wconf 67' lang='lat' dir='ltr'><strong>qua:</strong></span> 
     </span>
    </p>
   </div>
   <div class='ocr_carea' id='block_1_59' title="bbox 275 5629 1882 5710">
    <p class='ocr_par' dir='ltr' id='par_1_59' title="bbox 275 5629 1882 5710">
     <span class='ocr_line' id='line_1_59' title="bbox 275 5629 1882 5710; baseline 0.007 -28"><span class='ocrx_word' id='word_1_447' title='bbox 275 5640 473 5682; x_wconf 82' lang='lat' dir='ltr'><strong>natura</strong></span> <span class='ocrx_word' id='word_1_448' title='bbox 500 5629 842 5686; x_wconf 85' lang='lat' dir='ltr'><strong>matrimonio</strong></span> <span class='ocrx_word' id='word_1_449' title='bbox 871 5633 1067 5689; x_wconf 88' lang='lat' dir='ltr'><strong>tributa</strong></span> <span class='ocrx_word' id='word_1_450' title='bbox 1094 5635 1223 5703; x_wconf 90' lang='lat' dir='ltr'><strong>sint,</strong></span> <span class='ocrx_word' id='word_1_451' title='bbox 1252 5652 1425 5707; x_wconf 88' lang='lat' dir='ltr'><strong>neque</strong></span> <span class='ocrx_word' id='word_1_452' title='bbox 1445 5653 1477 5691; x_wconf 91' lang='lat' dir='ltr'><strong>a</strong></span> <span class='ocrx_word' id='word_1_453' title='bbox 1499 5652 1769 5710; x_wconf 88' lang='lat' dir='ltr'><strong>quoquam</strong></span> <span class='ocrx_word' id='word_1_454' title='bbox 1796 5655 1882 5693; x_wconf 87' lang='lat' dir='ltr'><strong>vo-</strong></span> 
     </span>
    </p>
   </div>
   <div class='ocr_carea' id='block_1_60' title="bbox 274 5718 1882 5799">
    <p class='ocr_par' dir='ltr' id='par_1_60' title="bbox 274 5718 1882 5799">
     <span class='ocr_line' id='line_1_60' title="bbox 274 5718 1882 5799; baseline 0.011 -28"><span class='ocrx_word' id='word_1_455' title='bbox 274 5718 429 5773; x_wconf 87' lang='lat' dir='ltr'><strong>lente</strong></span> <span class='ocrx_word' id='word_1_456' title='bbox 468 5718 692 5775; x_wconf 74' lang='lat' dir='ltr'><strong>nolcntc</strong></span> <span class='ocrx_word' id='word_1_457' title='bbox 720 5722 871 5778; x_wconf 83' lang='lat' dir='ltr'><strong>vitari</strong></span> <span class='ocrx_word' id='word_1_458' title='bbox 912 5727 1138 5796; x_wconf 87' lang='lat' dir='ltr'><strong>possint,</strong></span> <span class='ocrx_word' id='word_1_459' title='bbox 1173 5728 1225 5783; x_wconf 93' lang='lat' dir='ltr'><strong>in</strong></span> <span class='ocrx_word' id='word_1_460' title='bbox 1267 5730 1551 5799; x_wconf 72' lang='lat' dir='ltr'><strong>pra&#39;sentia</strong></span> <span class='ocrx_word' id='word_1_461' title='bbox 1592 5730 1882 5799; x_wconf 84' lang='lat' dir='ltr'><strong>perlustre-</strong></span> 
     </span>
    </p>
   </div>
   <div class='ocr_carea' id='block_1_61' title="bbox 1626 264 2218 362">
    <p class='ocr_par' dir='ltr' id='par_1_61' title="bbox 1626 264 2218 362">
     <span class='ocr_line' id='line_1_61' title="bbox 1626 264 2218 362; baseline -0.002 -3"><span class='ocrx_word' id='word_1_462' title='bbox 1626 305 1710 361; x_wconf 66' lang='grc' dir='ltr'><strong>ωε</strong></span> <span class='ocrx_word' id='word_1_463' title='bbox 1755 278 2218 362; x_wconf 66' lang='lat' dir='ltr'><strong>metumve.</strong></span> 
     </span>
    </p>
   </div>
   <div class='ocr_carea' id='block_1_62' title="bbox 3475 303 3586 361">
    <p class='ocr_par' dir='ltr' id='par_1_62' title="bbox 3475 303 3586 361">
     <span class='ocr_line' id='line_1_62' title="bbox 3475 303 3586 361; baseline 0.018 -2"><span class='ocrx_word' id='word_1_464' title='bbox 3475 303 3586 361; x_wconf 83' lang='lat'><strong>578</strong></span> 
     </span>
    </p>
   </div>
   <div class='ocr_carea' id='block_1_63' title="bbox 1986 410 3588 499">
    <p class='ocr_par' dir='ltr' id='par_1_63' title="bbox 1986 410 3588 499">
     <span class='ocr_line' id='line_1_63' title="bbox 1986 410 3588 499; baseline 0.001 -25"><span class='ocrx_word' id='word_1_465' title='bbox 1986 436 2123 475; x_wconf 88' lang='lat' dir='ltr'><strong>mus.</strong></span> <span class='ocrx_word' id='word_1_466' title='bbox 2154 420 2411 487; x_wconf 60' lang='lat' dir='ltr'><strong>Quanam</strong></span> <span class='ocrx_word' id='word_1_467' title='bbox 2439 432 2501 474; x_wconf 92' lang='lat' dir='ltr'><strong>ea</strong></span> <span class='ocrx_word' id='word_1_468' title='bbox 2522 420 2689 473; x_wconf 80' lang='lat' dir='ltr'><strong>sunt?</strong></span> <span class='ocrx_word' id='word_1_469' title='bbox 2714 417 2937 476; x_wconf 76' lang='lat' dir='ltr'><strong>Dolores</strong></span> <span class='ocrx_word' id='word_1_470' title='bbox 2961 429 3165 490; x_wconf 84' lang='lat' dir='ltr'><strong>partus,</strong></span> <span class='ocrx_word' id='word_1_471' title='bbox 3191 410 3457 499; x_wconf 51' lang='lat' dir='ltr'><strong>intames.‘</strong></span> <span class='ocrx_word' id='word_1_472' title='bbox 3475 420 3588 475; x_wconf 78' lang='lat' dir='ltr'><strong>lino</strong></span> 
     </span>
    </p>
   </div>
   <div class='ocr_carea' id='block_1_64' title="bbox 1986 510 3586 581">
    <p class='ocr_par' dir='ltr' id='par_1_64' title="bbox 1986 510 3586 581">
     <span class='ocr_line' id='line_1_64' title="bbox 1986 510 3586 581; baseline -0.001 -18"><span class='ocrx_word' id='word_1_473' title='bbox 1986 525 2117 565; x_wconf 86' lang='lat' dir='ltr'><strong>vero</strong></span> <span class='ocrx_word' id='word_1_474' title='bbox 2154 510 2316 564; x_wconf 90' lang='lat' dir='ltr'><strong>altius</strong></span> <span class='ocrx_word' id='word_1_475' title='bbox 2349 510 2648 565; x_wconf 90' lang='lat' dir='ltr'><strong>orationem</strong></span> <span class='ocrx_word' id='word_1_476' title='bbox 2690 519 3021 580; x_wconf 88' lang='lat' dir='ltr'><strong>repetamus,</strong></span> <span class='ocrx_word' id='word_1_477' title='bbox 3057 521 3113 565; x_wconf 90' lang='lat' dir='ltr'><strong>ct</strong></span> <span class='ocrx_word' id='word_1_478' title='bbox 3146 510 3586 581; x_wconf 53' lang='lat' dir='ltr'><strong>quteanatrinio-</strong></span> 
     </span>
    </p>
   </div>
   <div class='ocr_carea' id='block_1_65' title="bbox 1985 600 3605 673">
    <p class='ocr_par' dir='ltr' id='par_1_65' title="bbox 1985 600 3605 673">
     <span class='ocr_line' id='line_1_65' title="bbox 1985 600 3605 673; baseline 0 -18"><span class='ocrx_word' id='word_1_479' title='bbox 1985 600 2131 655; x_wconf 89' lang='lat' dir='ltr'><strong>nium</strong></span> <span class='ocrx_word' id='word_1_480' title='bbox 2158 601 2498 668; x_wconf 86' lang='lat' dir='ltr'><strong>antecedant,</strong></span> <span class='ocrx_word' id='word_1_481' title='bbox 2518 613 2779 672; x_wconf 88' lang='lat' dir='ltr'><strong>quantum</strong></span> <span class='ocrx_word' id='word_1_482' title='bbox 2801 601 2881 659; x_wconf 83' lang='lat' dir='ltr'><strong>fas</strong></span> <span class='ocrx_word' id='word_1_483' title='bbox 2904 612 2987 657; x_wconf 92' lang='lat' dir='ltr'><strong>est</strong></span> <span class='ocrx_word' id='word_1_484' title='bbox 3010 617 3435 673; x_wconf 81' lang='lat' dir='ltr'><strong>cognoscamus;</strong></span> <span class='ocrx_word' id='word_1_485' title='bbox 3459 618 3605 656; x_wconf 85' lang='lat' dir='ltr'><strong>nam</strong></span> 
     </span>
    </p>
   </div>
   <div class='ocr_carea' id='block_1_66' title="bbox 1983 682 3589 765">
    <p class='ocr_par' dir='ltr' id='par_1_66' title="bbox 1983 682 3589 765">
     <span class='ocr_line' id='line_1_66' title="bbox 1983 682 3589 765; baseline 0.001 -18"><span class='ocrx_word' id='word_1_486' title='bbox 1983 702 2235 749; x_wconf 79' lang='lat' dir='ltr'><strong>aecurate</strong></span> <span class='ocrx_word' id='word_1_487' title='bbox 2255 694 2354 748; x_wconf 91' lang='lat' dir='ltr'><strong>soli</strong></span> <span class='ocrx_word' id='word_1_488' title='bbox 2379 696 2585 763; x_wconf 80' lang='lat' dir='ltr'><strong>experti</strong></span> <span class='ocrx_word' id='word_1_489' title='bbox 2604 682 2819 750; x_wconf 85' lang='lat' dir='ltr'><strong>callent.</strong></span> <span class='ocrx_word' id='word_1_490' title='bbox 2848 694 3009 752; x_wconf 79' lang='lat' dir='ltr'><strong>Adest</strong></span> <span class='ocrx_word' id='word_1_491' title='bbox 3030 696 3421 765; x_wconf 86' lang='lat' dir='ltr'><strong>sponsaliorum</strong></span> <span class='ocrx_word' id='word_1_492' title='bbox 3452 706 3589 750; x_wconf 86' lang='lat' dir='ltr'><strong>tem—</strong></span> 
     </span>
    </p>
   </div>
   <div class='ocr_carea' id='block_1_67' title="bbox 1986 772 3587 856">
    <p class='ocr_par' dir='ltr' id='par_1_67' title="bbox 1986 772 3587 856">
     <span class='ocr_line' id='line_1_67' title="bbox 1986 772 3587 856; baseline 0.003 -21"><span class='ocrx_word' id='word_1_493' title='bbox 1986 798 2117 852; x_wconf 85' lang='lat' dir='ltr'><strong>pus;</strong></span> <span class='ocrx_word' id='word_1_494' title='bbox 2166 784 2347 853; x_wconf 87' lang='lat' dir='ltr'><strong>itaque</strong></span> <span class='ocrx_word' id='word_1_495' title='bbox 2383 785 2626 853; x_wconf 88' lang='lat' dir='ltr'><strong>protinus</strong></span> <span class='ocrx_word' id='word_1_496' title='bbox 2656 772 2788 840; x_wconf 83' lang='lat' dir='ltr'><strong>cura</strong></span> <span class='ocrx_word' id='word_1_497' title='bbox 2830 799 3029 855; x_wconf 88' lang='lat' dir='ltr'><strong>anceps</strong></span> <span class='ocrx_word' id='word_1_498' title='bbox 3056 795 3219 854; x_wconf 89' lang='lat' dir='ltr'><strong>atque</strong></span> <span class='ocrx_word' id='word_1_499' title='bbox 3250 786 3397 840; x_wconf 86' lang='lat' dir='ltr'><strong>varia</strong></span> <span class='ocrx_word' id='word_1_500' title='bbox 3425 801 3587 856; x_wconf 84' lang='lat' dir='ltr'><strong>quem</strong></span> 
     </span>
    </p>
   </div>
   <div class='ocr_carea' id='block_1_68' title="bbox 1984 865 3585 948">
    <p class='ocr_par' dir='ltr' id='par_1_68' title="bbox 1984 865 3585 948">
     <span class='ocr_line' id='line_1_68' title="bbox 1984 865 3585 948; baseline 0.003 -20"><span class='ocrx_word' id='word_1_501' title='bbox 1984 865 2156 929; x_wconf 90' lang='lat' dir='ltr'><strong>virum</strong></span> <span class='ocrx_word' id='word_1_502' title='bbox 2177 884 2399 945; x_wconf 82' lang='lat' dir='ltr'><strong>captura</strong></span> <span class='ocrx_word' id='word_1_503' title='bbox 2428 877 2519 943; x_wconf 90' lang='lat' dir='ltr'><strong>sit,</strong></span> <span class='ocrx_word' id='word_1_504' title='bbox 2547 892 2614 931; x_wconf 89' lang='lat' dir='ltr'><strong>an</strong></span> <span class='ocrx_word' id='word_1_505' title='bbox 2645 876 2958 945; x_wconf 85' lang='lat' dir='ltr'><strong>obscurum,</strong></span> <span class='ocrx_word' id='word_1_506' title='bbox 2982 892 3049 931; x_wconf 91' lang='lat' dir='ltr'><strong>an</strong></span> <span class='ocrx_word' id='word_1_507' title='bbox 3070 877 3345 943; x_wconf 84' lang='lat' dir='ltr'><strong>infamem,</strong></span> <span class='ocrx_word' id='word_1_508' title='bbox 3370 892 3438 931; x_wconf 86' lang='lat' dir='ltr'><strong>an</strong></span> <span class='ocrx_word' id='word_1_509' title='bbox 3464 870 3585 948; x_wconf 76' lang='lat' dir='ltr'><strong>per-</strong></span> 
     </span>
    </p>
   </div>
   <div class='ocr_carea' id='block_1_69' title="bbox 1986 965 3589 1039">
    <p class='ocr_par' dir='ltr' id='par_1_69' title="bbox 1986 965 3589 1039">
     <span class='ocr_line' id='line_1_69' title="bbox 1986 965 3589 1039; baseline 0.003 -21"><span class='ocrx_word' id='word_1_510' title='bbox 1986 965 2247 1031; x_wconf 86' lang='lat' dir='ltr'><strong>vicacem,</strong></span> <span class='ocrx_word' id='word_1_511' title='bbox 2279 984 2347 1021; x_wconf 92' lang='lat' dir='ltr'><strong>an</strong></span> <span class='ocrx_word' id='word_1_512' title='bbox 2375 965 2619 1023; x_wconf 88' lang='lat' dir='ltr'><strong>fallacem</strong></span> <span class='ocrx_word' id='word_1_513' title='bbox 2646 977 2702 1023; x_wconf 90' lang='lat' dir='ltr'><strong>et</strong></span> <span class='ocrx_word' id='word_1_514' title='bbox 2719 979 3081 1039; x_wconf 78' lang='lat' dir='ltr'><strong>arrogantem,</strong></span> <span class='ocrx_word' id='word_1_515' title='bbox 3113 986 3179 1023; x_wconf 92' lang='lat' dir='ltr'><strong>an</strong></span> <span class='ocrx_word' id='word_1_516' title='bbox 3211 971 3493 1037; x_wconf 80' lang='lat' dir='ltr'><strong>audacem,</strong></span> <span class='ocrx_word' id='word_1_517' title='bbox 3518 988 3589 1024; x_wconf 90' lang='lat' dir='ltr'><strong>an</strong></span> 
     </span>
    </p>
   </div>
   <div class='ocr_carea' id='block_1_70' title="bbox 1986 1055 3590 1130">
    <p class='ocr_par' dir='ltr' id='par_1_70' title="bbox 1986 1055 3590 1130">
     <span class='ocr_line' id='line_1_70' title="bbox 1986 1055 3590 1130; baseline 0.002 -17"><span class='ocrx_word' id='word_1_518' title='bbox 1986 1060 2315 1130; x_wconf 79' lang='lat' dir='ltr'><strong>zelotypum,</strong></span> <span class='ocrx_word' id='word_1_519' title='bbox 2358 1077 2425 1115; x_wconf 89' lang='lat' dir='ltr'><strong>an</strong></span> <span class='ocrx_word' id='word_1_520' title='bbox 2459 1062 2721 1126; x_wconf 84' lang='lat' dir='ltr'><strong>trivial&#39;cm</strong></span> <span class='ocrx_word' id='word_1_521' title='bbox 2763 1055 3086 1130; x_wconf 87' lang='lat' dir='ltr'><strong>quempiam,</strong></span> <span class='ocrx_word' id='word_1_522' title='bbox 3124 1077 3190 1116; x_wconf 89' lang='lat' dir='ltr'><strong>an</strong></span> <span class='ocrx_word' id='word_1_523' title='bbox 3235 1062 3487 1127; x_wconf 86' lang='lat' dir='ltr'><strong>bardum,</strong></span> <span class='ocrx_word' id='word_1_524' title='bbox 3519 1076 3590 1125; x_wconf 85' lang='lat' dir='ltr'><strong>an</strong></span> 
     </span>
    </p>
   </div>
   <div class='ocr_carea' id='block_1_71' title="bbox 1986 1142 3617 1220">
    <p class='ocr_par' dir='ltr' id='par_1_71' title="bbox 1986 1142 3617 1220">
     <span class='ocr_line' id='line_1_71' title="bbox 1986 1142 3617 1220; baseline 0.004 -17"><span class='ocrx_word' id='word_1_525' title='bbox 1986 1149 2309 1219; x_wconf 90' lang='lat' dir='ltr'><strong>improbum,</strong></span> <span class='ocrx_word' id='word_1_526' title='bbox 2333 1166 2400 1205; x_wconf 89' lang='lat' dir='ltr'><strong>an</strong></span> <span class='ocrx_word' id='word_1_527' title='bbox 2425 1153 2641 1220; x_wconf 89' lang='lat' dir='ltr'><strong>durum,</strong></span> <span class='ocrx_word' id='word_1_528' title='bbox 2664 1168 2733 1207; x_wconf 89' lang='lat' dir='ltr'><strong>an</strong></span> <span class='ocrx_word' id='word_1_529' title='bbox 2763 1152 3056 1208; x_wconf 86' lang='lat' dir='ltr'><strong>imbellem.</strong></span> <span class='ocrx_word' id='word_1_530' title='bbox 3085 1154 3214 1209; x_wconf 69' lang='lat' dir='ltr'><strong>llazc</strong></span> <span class='ocrx_word' id='word_1_531' title='bbox 3237 1155 3384 1209; x_wconf 89' lang='lat' dir='ltr'><strong>enim</strong></span> <span class='ocrx_word' id='word_1_532' title='bbox 3405 1142 3617 1210; x_wconf 44' lang='lat' dir='ltr'><strong>omnia-</strong></span> 
     </span>
    </p>
   </div>
   <div class='ocr_carea' id='block_1_72' title="bbox 1986 1230 3589 1314">
    <p class='ocr_par' dir='ltr' id='par_1_72' title="bbox 1986 1230 3589 1314">
     <span class='ocr_line' id='line_1_72' title="bbox 1986 1230 3589 1314; baseline 0.004 -21"><span class='ocrx_word' id='word_1_533' title='bbox 1986 1250 2181 1310; x_wconf 76' lang='lat' dir='ltr'><strong>nuptas</strong></span> <span class='ocrx_word' id='word_1_534' title='bbox 2207 1242 2466 1311; x_wconf 88' lang='lat' dir='ltr'><strong>consequi</strong></span> <span class='ocrx_word' id='word_1_535' title='bbox 2499 1258 2606 1297; x_wconf 88' lang='lat' dir='ltr'><strong>non</strong></span> <span class='ocrx_word' id='word_1_536' title='bbox 2635 1250 2717 1299; x_wconf 89' lang='lat' dir='ltr'><strong>est</strong></span> <span class='ocrx_word' id='word_1_537' title='bbox 2749 1243 3198 1314; x_wconf 39' lang='lat' dir='ltr'><strong>necessetvcrcri</strong></span> <span class='ocrx_word' id='word_1_538' title='bbox 3217 1230 3404 1299; x_wconf 74' lang='lat' dir='ltr'><strong>omnia</strong></span> <span class='ocrx_word' id='word_1_539' title='bbox 3426 1260 3492 1300; x_wconf 92' lang='lat' dir='ltr'><strong>ac</strong></span> <span class='ocrx_word' id='word_1_540' title='bbox 3520 1246 3589 1299; x_wconf 80' lang='lat' dir='ltr'><strong>ti-</strong></span> 
     </span>
    </p>
   </div>
   <div class='ocr_carea' id='block_1_73' title="bbox 1988 1327 3588 1411">
    <p class='ocr_par' dir='ltr' id='par_1_73' title="bbox 1988 1327 3588 1411">
     <span class='ocr_line' id='line_1_73' title="bbox 1988 1327 3588 1411; baseline 0.003 -26"><span class='ocrx_word' id='word_1_541' title='bbox 1988 1346 2136 1386; x_wconf 88' lang='lat' dir='ltr'><strong>mere</strong></span> <span class='ocrx_word' id='word_1_542' title='bbox 2175 1346 2398 1389; x_wconf 85' lang='lat' dir='ltr'><strong>necesse</strong></span> <span class='ocrx_word' id='word_1_543' title='bbox 2436 1343 2520 1389; x_wconf 90' lang='lat' dir='ltr'><strong>est</strong></span> <span class='ocrx_word' id='word_1_544' title='bbox 2554 1336 2794 1405; x_wconf 89' lang='lat' dir='ltr'><strong>:quippe</strong></span> <span class='ocrx_word' id='word_1_545' title='bbox 2834 1351 2956 1390; x_wconf 92' lang='lat' dir='ltr'><strong>cum</strong></span> <span class='ocrx_word' id='word_1_546' title='bbox 2999 1327 3235 1411; x_wconf 78' lang='lat' dir='ltr'><strong>nondum</strong></span> <span class='ocrx_word' id='word_1_547' title='bbox 3278 1346 3488 1391; x_wconf 88' lang='lat' dir='ltr'><strong>eertum</strong></span> <span class='ocrx_word' id='word_1_548' title='bbox 3516 1339 3588 1390; x_wconf 89' lang='lat' dir='ltr'><strong>sit</strong></span> 
     </span>
    </p>
   </div>
   <div class='ocr_carea' id='block_1_74' title="bbox 1986 1426 3586 1499">
    <p class='ocr_par' dir='ltr' id='par_1_74' title="bbox 1986 1426 3586 1499">
     <span class='ocr_line' id='line_1_74' title="bbox 1986 1426 3586 1499; baseline 0.004 -21"><span class='ocrx_word' id='word_1_549' title='bbox 1986 1440 2145 1493; x_wconf 88' lang='lat' dir='ltr'><strong>quem</strong></span> <span class='ocrx_word' id='word_1_550' title='bbox 2176 1426 2245 1479; x_wconf 85' lang='lat' dir='ltr'><strong>sit</strong></span> <span class='ocrx_word' id='word_1_551' title='bbox 2269 1426 2543 1489; x_wconf 75' lang='lat' dir='ltr'><strong>sortitum,</strong></span> <span class='ocrx_word' id='word_1_552' title='bbox 2569 1427 2663 1482; x_wconf 88' lang='lat' dir='ltr'><strong>sed</strong></span> <span class='ocrx_word' id='word_1_553' title='bbox 2691 1427 2870 1499; x_wconf 81' lang='lat' dir='ltr'><strong>adhuc</strong></span> <span class='ocrx_word' id='word_1_554' title='bbox 2890 1442 2985 1497; x_wconf 88' lang='lat' dir='ltr'><strong>spe</strong></span> <span class='ocrx_word' id='word_1_555' title='bbox 3014 1437 3283 1498; x_wconf 85' lang='lat' dir='ltr'><strong>tamquam</strong></span> <span class='ocrx_word' id='word_1_556' title='bbox 3311 1444 3343 1482; x_wconf 90' lang='lat' dir='ltr'><strong>e</strong></span> <span class='ocrx_word' id='word_1_557' title='bbox 3368 1429 3586 1486; x_wconf 76' lang='lat' dir='ltr'><strong>sublimi</strong></span> 
     </span>
    </p>
   </div>
   <div class='ocr_carea' id='block_1_75' title="bbox 1988 1506 3617 1590">
    <p class='ocr_par' dir='ltr' id='par_1_75' title="bbox 1988 1506 3617 1590">
     <span class='ocr_line' id='line_1_75' title="bbox 1988 1506 3617 1590; baseline 0.004 -21"><span class='ocrx_word' id='word_1_558' title='bbox 1988 1516 2307 1572; x_wconf 84' lang='lat' dir='ltr'><strong>imminente</strong></span> <span class='ocrx_word' id='word_1_559' title='bbox 2346 1518 2556 1572; x_wconf 82' lang='lat' dir='ltr'><strong>animus</strong></span> <span class='ocrx_word' id='word_1_560' title='bbox 2582 1506 2759 1573; x_wconf 84' lang='lat' dir='ltr'><strong>omnia</strong></span> <span class='ocrx_word' id='word_1_561' title='bbox 2803 1530 2957 1589; x_wconf 89' lang='lat' dir='ltr'><strong>pavet</strong></span> <span class='ocrx_word' id='word_1_562' title='bbox 2981 1518 3063 1574; x_wconf 42' lang='lat' dir='ltr'><strong>‘ac</strong></span> <span class='ocrx_word' id='word_1_563' title='bbox 3103 1519 3378 1585; x_wconf 78' lang='lat' dir='ltr'><strong>formidat,</strong></span> <span class='ocrx_word' id='word_1_564' title='bbox 3410 1528 3617 1590; x_wconf 69' lang='lat' dir='ltr'><strong>neque</strong></span> 
     </span>
    </p>
   </div>
   <div class='ocr_carea' id='block_1_76' title="bbox 1989 1606 3599 1679">
    <p class='ocr_par' dir='ltr' id='par_1_76' title="bbox 1989 1606 3599 1679">
     <span class='ocr_line' id='line_1_76' title="bbox 1989 1606 3599 1679; baseline 0.001 -18"><span class='ocrx_word' id='word_1_565' title='bbox 1989 1606 2177 1662; x_wconf 88' lang='lat' dir='ltr'><strong>borum</strong></span> <span class='ocrx_word' id='word_1_566' title='bbox 2205 1608 2496 1679; x_wconf 82' lang='lat' dir='ltr'><strong>quidquam</strong></span> <span class='ocrx_word' id='word_1_567' title='bbox 2520 1617 2604 1663; x_wconf 91' lang='lat' dir='ltr'><strong>est</strong></span> <span class='ocrx_word' id='word_1_568' title='bbox 2632 1610 2772 1678; x_wconf 87' lang='lat' dir='ltr'><strong>quod</strong></span> <span class='ocrx_word' id='word_1_569' title='bbox 2806 1625 2915 1664; x_wconf 88' lang='lat' dir='ltr'><strong>non</strong></span> <span class='ocrx_word' id='word_1_570' title='bbox 2941 1611 3161 1679; x_wconf 78' lang='lat' dir='ltr'><strong>Cogitet.</strong></span> <span class='ocrx_word' id='word_1_571' title='bbox 3189 1609 3283 1665; x_wconf 89' lang='lat' dir='ltr'><strong>Sin</strong></span> <span class='ocrx_word' id='word_1_572' title='bbox 3308 1611 3456 1665; x_wconf 84' lang='lat' dir='ltr'><strong>dicat</strong></span> <span class='ocrx_word' id='word_1_573' title='bbox 3482 1610 3599 1663; x_wconf 29' lang='lat' dir='ltr'><strong>alis</strong></span> 
     </span>
    </p>
   </div>
   <div class='ocr_carea' id='block_1_77' title="bbox 1987 1700 3584 1769">
    <p class='ocr_par' dir='ltr' id='par_1_77' title="bbox 1987 1700 3584 1769">
     <span class='ocr_line' id='line_1_77' title="bbox 1987 1700 3584 1769; baseline 0 -16"><span class='ocrx_word' id='word_1_574' title='bbox 1987 1700 2127 1769; x_wconf 89' lang='lat' dir='ltr'><strong>quis,</strong></span> <span class='ocrx_word' id='word_1_575' title='bbox 2157 1713 2275 1753; x_wconf 89' lang='lat' dir='ltr'><strong>eam</strong></span> <span class='ocrx_word' id='word_1_576' title='bbox 2305 1709 2705 1768; x_wconf 78' lang='lat' dir='ltr'><strong>exspectantem</strong></span> <span class='ocrx_word' id='word_1_577' title='bbox 2732 1701 3000 1754; x_wconf 89' lang='lat' dir='ltr'><strong>contraria</strong></span> <span class='ocrx_word' id='word_1_578' title='bbox 3027 1701 3195 1754; x_wconf 77' lang='lat' dir='ltr'><strong>ltetari</strong></span> <span class='ocrx_word' id='word_1_579' title='bbox 3217 1701 3379 1755; x_wconf 85' lang='lat' dir='ltr'><strong>etiam</strong></span> <span class='ocrx_word' id='word_1_580' title='bbox 3401 1715 3584 1769; x_wconf 86' lang='lat' dir='ltr'><strong>posse,</strong></span> 
     </span>
    </p>
   </div>
   <div class='ocr_carea' id='block_1_78' title="bbox 1987 1789 3587 1860">
    <p class='ocr_par' dir='ltr' id='par_1_78' title="bbox 1987 1789 3587 1860">
     <span class='ocr_line' id='line_1_78' title="bbox 1987 1789 3587 1860; baseline -0.001 -16"><span class='ocrx_word' id='word_1_581' title='bbox 1987 1790 2123 1844; x_wconf 87' lang='lat' dir='ltr'><strong>sciat</strong></span> <span class='ocrx_word' id='word_1_582' title='bbox 2145 1805 2249 1843; x_wconf 90' lang='lat' dir='ltr'><strong>non</strong></span> <span class='ocrx_word' id='word_1_583' title='bbox 2280 1797 2387 1843; x_wconf 91' lang='lat' dir='ltr'><strong>tam</strong></span> <span class='ocrx_word' id='word_1_584' title='bbox 2416 1804 2513 1844; x_wconf 91' lang='lat' dir='ltr'><strong>nos</strong></span> <span class='ocrx_word' id='word_1_585' title='bbox 2538 1790 2804 1844; x_wconf 88' lang='lat' dir='ltr'><strong>bonorum</strong></span> <span class='ocrx_word' id='word_1_586' title='bbox 2837 1806 2988 1860; x_wconf 79' lang='lat' dir='ltr'><strong>Spem</strong></span> <span class='ocrx_word' id='word_1_587' title='bbox 3017 1792 3199 1852; x_wconf 85' lang='lat' dir='ltr'><strong>solari,</strong></span> <span class='ocrx_word' id='word_1_588' title='bbox 3225 1805 3387 1860; x_wconf 89' lang='lat' dir='ltr'><strong>quam</strong></span> <span class='ocrx_word' id='word_1_589' title='bbox 3414 1789 3587 1844; x_wconf 84' lang='lat' dir='ltr'><strong>malo-</strong></span> 
     </span>
    </p>
   </div>
   <div class='ocr_carea' id='block_1_79' title="bbox 1988 1870 3587 1953">
    <p class='ocr_par' dir='ltr' id='par_1_79' title="bbox 1988 1870 3587 1953">
     <span class='ocr_line' id='line_1_79' title="bbox 1988 1870 3587 1953; baseline 0 -18"><span class='ocrx_word' id='word_1_590' title='bbox 1988 1870 2107 1935; x_wconf 83' lang='lat' dir='ltr'><strong>rum</strong></span> <span class='ocrx_word' id='word_1_591' title='bbox 2150 1890 2350 1935; x_wconf 88' lang='lat' dir='ltr'><strong>metum</strong></span> <span class='ocrx_word' id='word_1_592' title='bbox 2392 1895 2611 1953; x_wconf 86' lang='lat' dir='ltr'><strong>angere.</strong></span> <span class='ocrx_word' id='word_1_593' title='bbox 2654 1882 2787 1936; x_wconf 77' lang='lat' dir='ltr'><strong>Nam</strong></span> <span class='ocrx_word' id='word_1_594' title='bbox 2831 1881 2970 1937; x_wconf 88' lang='lat' dir='ltr'><strong>bona</strong></span> <span class='ocrx_word' id='word_1_595' title='bbox 3014 1883 3232 1936; x_wconf 90' lang='lat' dir='ltr'><strong>demum</strong></span> <span class='ocrx_word' id='word_1_596' title='bbox 3276 1898 3401 1937; x_wconf 89' lang='lat' dir='ltr'><strong>cum</strong></span> <span class='ocrx_word' id='word_1_597' title='bbox 3435 1893 3587 1937; x_wconf 90' lang='lat' dir='ltr'><strong>certo</strong></span> 
     </span>
    </p>
   </div>
   <div class='ocr_carea' id='block_1_80' title="bbox 1986 1973 3588 2043">
    <p class='ocr_par' dir='ltr' id='par_1_80' title="bbox 1986 1973 3588 2043">
     <span class='ocr_line' id='line_1_80' title="bbox 1986 1973 3588 2043; baseline -0.001 -18"><span class='ocrx_word' id='word_1_598' title='bbox 1986 1982 2293 2041; x_wconf 86' lang='lat' dir='ltr'><strong>sperantur,</strong></span> <span class='ocrx_word' id='word_1_599' title='bbox 2322 1973 2649 2041; x_wconf 86' lang='lat' dir='ltr'><strong>voluptatem</strong></span> <span class='ocrx_word' id='word_1_600' title='bbox 2674 1974 2917 2041; x_wconf 81' lang='lat' dir='ltr'><strong>pariunt;</strong></span> <span class='ocrx_word' id='word_1_601' title='bbox 2944 1974 3105 2038; x_wconf 90' lang='lat' dir='ltr'><strong>mala,</strong></span> <span class='ocrx_word' id='word_1_602' title='bbox 3131 1973 3219 2027; x_wconf 93' lang='lat' dir='ltr'><strong>ubi</strong></span> <span class='ocrx_word' id='word_1_603' title='bbox 3241 1974 3323 2028; x_wconf 90' lang='lat' dir='ltr'><strong>vel</strong></span> <span class='ocrx_word' id='word_1_604' title='bbox 3349 1973 3588 2043; x_wconf 76' lang='lat' dir='ltr'><strong>suspirio</strong></span> 
     </span>
    </p>
   </div>
   <div class='ocr_carea' id='block_1_81' title="bbox 1989 2063 3657 2133">
    <p class='ocr_par' dir='ltr' id='par_1_81' title="bbox 1989 2063 3657 2133">
     <span class='ocr_line' id='line_1_81' title="bbox 1989 2063 3657 2133; baseline 0.002 -17"><span class='ocrx_word' id='word_1_605' title='bbox 1989 2065 2078 2128; x_wconf 88' lang='lat' dir='ltr'><strong>sit,</strong></span> <span class='ocrx_word' id='word_1_606' title='bbox 2110 2063 2383 2133; x_wconf 79' lang='lat' dir='ltr'><strong>extemplo</strong></span> <span class='ocrx_word' id='word_1_607' title='bbox 2410 2072 2646 2118; x_wconf 87' lang='lat' dir='ltr'><strong>mentem</strong></span> <span class='ocrx_word' id='word_1_608' title='bbox 2677 2063 3011 2117; x_wconf 86' lang='lat' dir='ltr'><strong>confundunt</strong></span> <span class='ocrx_word' id='word_1_609' title='bbox 3051 2078 3115 2118; x_wconf 91' lang='lat' dir='ltr'><strong>ac</strong></span> <span class='ocrx_word' id='word_1_610' title='bbox 3146 2063 3483 2132; x_wconf 84' lang='lat' dir='ltr'><strong>perturbant.</strong></span> <span class='ocrx_word' id='word_1_611' title='bbox 3518 2064 3587 2119; x_wconf 87' lang='lat' dir='ltr'><strong>Ut</strong></span> <span class='ocrx_word' id='word_1_612' title='bbox 3656 2100 3657 2103; x_wconf 61' lang='grc' dir='ltr'><strong>η</strong></span> 
     </span>
    </p>
   </div>
   <div class='ocr_carea' id='block_1_82' title="bbox 1987 2154 3587 2237">
    <p class='ocr_par' dir='ltr' id='par_1_82' title="bbox 1987 2154 3587 2237">
     <span class='ocr_line' id='line_1_82' title="bbox 1987 2154 3587 2237; baseline 0 -28"><span class='ocrx_word' id='word_1_613' title='bbox 1987 2155 2131 2209; x_wconf 88' lang='lat' dir='ltr'><strong>enim</strong></span> <span class='ocrx_word' id='word_1_614' title='bbox 2173 2155 2439 2224; x_wconf 87' lang='lat' dir='ltr'><strong>mancipia</strong></span> <span class='ocrx_word' id='word_1_615' title='bbox 2468 2154 2535 2209; x_wconf 90' lang='lat' dir='ltr'><strong>de</strong></span> <span class='ocrx_word' id='word_1_616' title='bbox 2562 2155 2754 2208; x_wconf 88' lang='lat' dir='ltr'><strong>futuris</strong></span> <span class='ocrx_word' id='word_1_617' title='bbox 2798 2154 2942 2209; x_wconf 85' lang='lat' dir='ltr'><strong>lteris</strong></span> <span class='ocrx_word' id='word_1_618' title='bbox 2973 2156 3174 2237; x_wconf 74' lang='lat' dir='ltr'><strong>incerta</strong></span> <span class='ocrx_word' id='word_1_619' title='bbox 3209 2157 3390 2209; x_wconf 90' lang='lat' dir='ltr'><strong>animo</strong></span> <span class='ocrx_word' id='word_1_620' title='bbox 3429 2156 3587 2225; x_wconf 83' lang='lat' dir='ltr'><strong>quie-</strong></span> 
     </span>
    </p>
   </div>
   <div class='ocr_carea' id='block_1_83' title="bbox 1987 2245 3587 2315">
    <p class='ocr_par' dir='ltr' id='par_1_83' title="bbox 1987 2245 3587 2315">
     <span class='ocr_line' id='line_1_83' title="bbox 1987 2245 3587 2315; baseline 0.001 -16"><span class='ocrx_word' id='word_1_621' title='bbox 1987 2258 2138 2299; x_wconf 85' lang='lat' dir='ltr'><strong>scere</strong></span> <span class='ocrx_word' id='word_1_622' title='bbox 2165 2259 2267 2297; x_wconf 92' lang='lat' dir='ltr'><strong>non</strong></span> <span class='ocrx_word' id='word_1_623' title='bbox 2296 2253 2516 2313; x_wconf 89' lang='lat' dir='ltr'><strong>possunt</strong></span> <span class='ocrx_word' id='word_1_624' title='bbox 2539 2262 2552 2297; x_wconf 92' lang='lat'>:</span> <span class='ocrx_word' id='word_1_625' title='bbox 2581 2245 2651 2299; x_wconf 90' lang='lat' dir='ltr'><strong>ita</strong></span> <span class='ocrx_word' id='word_1_626' title='bbox 2673 2253 2729 2299; x_wconf 88' lang='lat' dir='ltr'><strong>et</strong></span> <span class='ocrx_word' id='word_1_627' title='bbox 2751 2247 3013 2315; x_wconf 79' lang='lat' dir='ltr'><strong>virginum</strong></span> <span class='ocrx_word' id='word_1_628' title='bbox 3036 2262 3208 2311; x_wconf 86' lang='lat' dir='ltr'><strong>mens,</strong></span> <span class='ocrx_word' id='word_1_629' title='bbox 3237 2262 3302 2301; x_wconf 93' lang='lat' dir='ltr'><strong>ex</strong></span> <span class='ocrx_word' id='word_1_630' title='bbox 3320 2262 3427 2315; x_wconf 92' lang='lat' dir='ltr'><strong>quo</strong></span> <span class='ocrx_word' id='word_1_631' title='bbox 3448 2246 3587 2301; x_wconf 82' lang='lat' dir='ltr'><strong>facta</strong></span> 
     </span>
    </p>
   </div>
   <div class='ocr_carea' id='block_1_84' title="bbox 1982 2326 3629 2408">
    <p class='ocr_par' dir='ltr' id='par_1_84' title="bbox 1982 2326 3629 2408">
     <span class='ocr_line' id='line_1_84' title="bbox 1982 2326 3629 2408; baseline 0.002 -20"><span class='ocrx_word' id='word_1_632' title='bbox 1982 2326 2205 2405; x_wconf 86' lang='lat' dir='ltr'><strong>sponsio</strong></span> <span class='ocrx_word' id='word_1_633' title='bbox 2236 2345 2338 2402; x_wconf 86' lang='lat' dir='ltr'><strong>est,</strong></span> <span class='ocrx_word' id='word_1_634' title='bbox 2364 2334 2674 2391; x_wconf 87' lang='lat' dir='ltr'><strong>ﬂuctuantis</strong></span> <span class='ocrx_word' id='word_1_635' title='bbox 2702 2338 2894 2407; x_wconf 82' lang='lat' dir='ltr'><strong>navigii</strong></span> <span class='ocrx_word' id='word_1_636' title='bbox 2923 2338 3113 2392; x_wconf 89' lang='lat' dir='ltr'><strong>similis</strong></span> <span class='ocrx_word' id='word_1_637' title='bbox 3142 2348 3246 2404; x_wconf 64' lang='lat' dir='ltr'><strong>est,</strong></span> <span class='ocrx_word' id='word_1_638' title='bbox 3272 2338 3587 2408; x_wconf 85' lang='lat' dir='ltr'><strong>parentibus</strong></span> <span class='ocrx_word' id='word_1_639' title='bbox 3628 2388 3629 2391; x_wconf 44' lang='grc' dir='ltr'><strong>η</strong></span> 
     </span>
    </p>
   </div>
   <div class='ocr_carea' id='block_1_85' title="bbox 1988 2426 3587 2498">
    <p class='ocr_par' dir='ltr' id='par_1_85' title="bbox 1988 2426 3587 2498">
     <span class='ocr_line' id='line_1_85' title="bbox 1988 2426 3587 2498; baseline 0.003 -18"><span class='ocrx_word' id='word_1_640' title='bbox 1988 2426 2039 2480; x_wconf 91' lang='lat' dir='ltr'><strong>in</strong></span> <span class='ocrx_word' id='word_1_641' title='bbox 2063 2428 2177 2481; x_wconf 89' lang='lat' dir='ltr'><strong>dies</strong></span> <span class='ocrx_word' id='word_1_642' title='bbox 2198 2428 2332 2481; x_wconf 91' lang='lat' dir='ltr'><strong>alios</strong></span> <span class='ocrx_word' id='word_1_643' title='bbox 2357 2428 2733 2496; x_wconf 83' lang='lat' dir='ltr'><strong>retinentibus,</strong></span> <span class='ocrx_word' id='word_1_644' title='bbox 2768 2429 2904 2483; x_wconf 87' lang='lat' dir='ltr'><strong>alios</strong></span> <span class='ocrx_word' id='word_1_645' title='bbox 2924 2429 3282 2498; x_wconf 89' lang='lat' dir='ltr'><strong>exigentibus.</strong></span> <span class='ocrx_word' id='word_1_646' title='bbox 3310 2429 3445 2484; x_wconf 86' lang='lat' dir='ltr'><strong>Nam</strong></span> <span class='ocrx_word' id='word_1_647' title='bbox 3468 2429 3587 2484; x_wconf 86' lang='lat' dir='ltr'><strong>beri</strong></span> 
     </span>
    </p>
   </div>
   <div class='ocr_carea' id='block_1_86' title="bbox 1988 2518 3586 2589">
    <p class='ocr_par' dir='ltr' id='par_1_86' title="bbox 1988 2518 3586 2589">
     <span class='ocr_line' id='line_1_86' title="bbox 1988 2518 3586 2589; baseline 0.003 -18"><span class='ocrx_word' id='word_1_648' title='bbox 1988 2518 2245 2573; x_wconf 87' lang='lat' dir='ltr'><strong>victorem</strong></span> <span class='ocrx_word' id='word_1_649' title='bbox 2278 2534 2499 2588; x_wconf 87' lang='lat' dir='ltr'><strong>procum</strong></span> <span class='ocrx_word' id='word_1_650' title='bbox 2528 2520 2688 2575; x_wconf 84' lang='lat' dir='ltr'><strong>hodie</strong></span> <span class='ocrx_word' id='word_1_651' title='bbox 2728 2520 2897 2589; x_wconf 88' lang='lat' dir='ltr'><strong>gratia</strong></span> <span class='ocrx_word' id='word_1_652' title='bbox 2939 2520 3106 2574; x_wconf 88' lang='lat' dir='ltr'><strong>vincit</strong></span> <span class='ocrx_word' id='word_1_653' title='bbox 3142 2522 3302 2587; x_wconf 89' lang='lat' dir='ltr'><strong>alius,</strong></span> <span class='ocrx_word' id='word_1_654' title='bbox 3343 2530 3400 2576; x_wconf 89' lang='lat' dir='ltr'><strong>et</strong></span> <span class='ocrx_word' id='word_1_655' title='bbox 3442 2520 3586 2581; x_wconf 85' lang='lat' dir='ltr'><strong>hunc</strong></span> 
     </span>
    </p>
   </div>
   <div class='ocr_carea' id='block_1_87' title="bbox 1986 2598 3587 2681">
    <p class='ocr_par' dir='ltr' id='par_1_87' title="bbox 1986 2598 3587 2681">
     <span class='ocr_line' id='line_1_87' title="bbox 1986 2598 3587 2681; baseline 0.001 -17"><span class='ocrx_word' id='word_1_656' title='bbox 1986 2626 2196 2664; x_wconf 89' lang='lat' dir='ltr'><strong>rursum</strong></span> <span class='ocrx_word' id='word_1_657' title='bbox 2218 2612 2463 2664; x_wconf 85' lang='lat' dir='ltr'><strong>exturbat</strong></span> <span class='ocrx_word' id='word_1_658' title='bbox 2490 2612 2648 2665; x_wconf 79' lang='lat' dir='ltr'><strong>alius.</strong></span> <span class='ocrx_word' id='word_1_659' title='bbox 2678 2611 2817 2679; x_wconf 88' lang='lat' dir='ltr'><strong>Quin</strong></span> <span class='ocrx_word' id='word_1_660' title='bbox 2846 2611 3160 2681; x_wconf 90' lang='lat' dir='ltr'><strong>plerumque</strong></span> <span class='ocrx_word' id='word_1_661' title='bbox 3189 2613 3239 2665; x_wconf 90' lang='lat' dir='ltr'><strong>in</strong></span> <span class='ocrx_word' id='word_1_662' title='bbox 3263 2598 3382 2681; x_wconf 81' lang='lat' dir='ltr'><strong>ipso</strong></span> <span class='ocrx_word' id='word_1_663' title='bbox 3402 2613 3587 2665; x_wconf 88' lang='lat' dir='ltr'><strong>matri-</strong></span> 
     </span>
    </p>
   </div>
   <div class='ocr_carea' id='block_1_88' title="bbox 1989 2701 3587 2772">
    <p class='ocr_par' dir='ltr' id='par_1_88' title="bbox 1989 2701 3587 2772">
     <span class='ocr_line' id='line_1_88' title="bbox 1989 2701 3587 2772; baseline 0.001 -18"><span class='ocrx_word' id='word_1_664' title='bbox 1989 2701 2151 2754; x_wconf 77' lang='lat' dir='ltr'><strong>monii</strong></span> <span class='ocrx_word' id='word_1_665' title='bbox 2188 2708 2460 2769; x_wconf 83' lang='lat' dir='ltr'><strong>tamquam</strong></span> <span class='ocrx_word' id='word_1_666' title='bbox 2493 2701 2697 2765; x_wconf 88' lang='lat' dir='ltr'><strong>limine,</strong></span> <span class='ocrx_word' id='word_1_667' title='bbox 2733 2701 2823 2771; x_wconf 91' lang='lat' dir='ltr'><strong>qui</strong></span> <span class='ocrx_word' id='word_1_668' title='bbox 2853 2716 3083 2771; x_wconf 87' lang='lat' dir='ltr'><strong>sponsus</strong></span> <span class='ocrx_word' id='word_1_669' title='bbox 3108 2710 3370 2771; x_wconf 89' lang='lat' dir='ltr'><strong>speretur,</strong></span> <span class='ocrx_word' id='word_1_670' title='bbox 3403 2702 3587 2772; x_wconf 75' lang='lat' dir='ltr'><strong>vacuis</strong></span> 
     </span>
    </p>
   </div>
   <div class='ocr_carea' id='block_1_89' title="bbox 1986 2794 3584 2866">
    <p class='ocr_par' dir='ltr' id='par_1_89' title="bbox 1986 2794 3584 2866">
     <span class='ocr_line' id='line_1_89' title="bbox 1986 2794 3584 2866; baseline 0.001 -18"><span class='ocrx_word' id='word_1_671' title='bbox 1986 2794 2231 2848; x_wconf 85' lang='lat' dir='ltr'><strong>manibus</strong></span> <span class='ocrx_word' id='word_1_672' title='bbox 2263 2794 2507 2865; x_wconf 88' lang='lat' dir='ltr'><strong>discedit,</strong></span> <span class='ocrx_word' id='word_1_673' title='bbox 2543 2796 2716 2863; x_wconf 88' lang='lat' dir='ltr'><strong>puella</strong></span> <span class='ocrx_word' id='word_1_674' title='bbox 2749 2810 2778 2847; x_wconf 90' lang='lat' dir='ltr'><strong>a</strong></span> <span class='ocrx_word' id='word_1_675' title='bbox 2816 2796 3127 2864; x_wconf 79' lang='lat' dir='ltr'><strong>parentibus</strong></span> <span class='ocrx_word' id='word_1_676' title='bbox 3156 2797 3431 2866; x_wconf 87' lang='lat' dir='ltr'><strong>insperato</strong></span> <span class='ocrx_word' id='word_1_677' title='bbox 3459 2797 3584 2855; x_wconf 86' lang='lat' dir='ltr'><strong>cui-</strong></span> 
     </span>
    </p>
   </div>
   <div class='ocr_carea' id='block_1_90' title="bbox 1988 2885 3585 2954">
    <p class='ocr_par' dir='ltr' id='par_1_90' title="bbox 1988 2885 3585 2954">
     <span class='ocr_line' id='line_1_90' title="bbox 1988 2885 3585 2954; baseline 0.005 -18"><span class='ocrx_word' id='word_1_678' title='bbox 1988 2886 2125 2954; x_wconf 90' lang='lat' dir='ltr'><strong>piam</strong></span> <span class='ocrx_word' id='word_1_679' title='bbox 2161 2885 2371 2938; x_wconf 89' lang='lat' dir='ltr'><strong>tradita.</strong></span> <span class='ocrx_word' id='word_1_680' title='bbox 2400 2885 2508 2939; x_wconf 88' lang='lat' dir='ltr'><strong>Nec</strong></span> <span class='ocrx_word' id='word_1_681' title='bbox 2536 2885 2749 2941; x_wconf 75' lang='lat' dir='ltr'><strong>femina:</strong></span> <span class='ocrx_word' id='word_1_682' title='bbox 2771 2887 2965 2951; x_wconf 89' lang='lat' dir='ltr'><strong>solum,</strong></span> <span class='ocrx_word' id='word_1_683' title='bbox 2997 2887 3090 2941; x_wconf 83' lang='lat' dir='ltr'><strong>sed</strong></span> <span class='ocrx_word' id='word_1_684' title='bbox 3117 2889 3279 2942; x_wconf 90' lang='lat' dir='ltr'><strong>etiam</strong></span> <span class='ocrx_word' id='word_1_685' title='bbox 3301 2888 3401 2942; x_wconf 90' lang='lat' dir='ltr'><strong>viri</strong></span> <span class='ocrx_word' id='word_1_686' title='bbox 3428 2905 3585 2943; x_wconf 83' lang='lat' dir='ltr'><strong>accr-</strong></span> 
     </span>
    </p>
   </div>
   <div class='ocr_carea' id='block_1_91' title="bbox 1986 2958 3588 3046">
    <p class='ocr_par' dir='ltr' id='par_1_91' title="bbox 1986 2958 3588 3046">
     <span class='ocr_line' id='line_1_91' title="bbox 1986 2958 3588 3046; baseline 0.003 -17"><span class='ocrx_word' id='word_1_687' title='bbox 1986 2974 2083 3029; x_wconf 85' lang='lat' dir='ltr'><strong>bas</strong></span> <span class='ocrx_word' id='word_1_688' title='bbox 2111 2990 2266 3029; x_wconf 87' lang='lat' dir='ltr'><strong>curas</strong></span> <span class='ocrx_word' id='word_1_689' title='bbox 2309 2958 2525 3030; x_wconf 79' lang='lat' dir='ltr'><strong>habent.</strong></span> <span class='ocrx_word' id='word_1_690' title='bbox 2570 2975 2624 3028; x_wconf 90' lang='lat' dir='ltr'><strong>ln</strong></span> <span class='ocrx_word' id='word_1_691' title='bbox 2665 2976 2765 3031; x_wconf 87' lang='lat' dir='ltr'><strong>bos</strong></span> <span class='ocrx_word' id='word_1_692' title='bbox 2809 2992 3037 3045; x_wconf 82' lang='lat' dir='ltr'><strong>namque</strong></span> <span class='ocrx_word' id='word_1_693' title='bbox 3082 2978 3395 3046; x_wconf 89' lang='lat' dir='ltr'><strong>perquirere</strong></span> <span class='ocrx_word' id='word_1_694' title='bbox 3428 2978 3588 3034; x_wconf 82' lang='lat' dir='ltr'><strong>facile</strong></span> 
     </span>
    </p>
   </div>
   <div class='ocr_carea' id='block_1_92' title="bbox 1986 3068 3581 3138">
    <p class='ocr_par' dir='ltr' id='par_1_92' title="bbox 1986 3068 3581 3138">
     <span class='ocr_line' id='line_1_92' title="bbox 1986 3068 3581 3138; baseline 0.001 -15"><span class='ocrx_word' id='word_1_695' title='bbox 1986 3078 2089 3133; x_wconf 86' lang='lat' dir='ltr'><strong>est;</strong></span> <span class='ocrx_word' id='word_1_696' title='bbox 2118 3068 2261 3122; x_wconf 92' lang='lat' dir='ltr'><strong>illius</strong></span> <span class='ocrx_word' id='word_1_697' title='bbox 2292 3084 2420 3122; x_wconf 91' lang='lat' dir='ltr'><strong>vero</strong></span> <span class='ocrx_word' id='word_1_698' title='bbox 2446 3085 2567 3138; x_wconf 74' lang='lat' dir='ltr'><strong>qua:</strong></span> <span class='ocrx_word' id='word_1_699' title='bbox 2596 3069 2829 3123; x_wconf 70' lang='lat' dir='ltr'><strong>assidue‘</strong></span> <span class='ocrx_word' id='word_1_700' title='bbox 2853 3070 2997 3123; x_wconf 89' lang='lat' dir='ltr'><strong>intus</strong></span> <span class='ocrx_word' id='word_1_701' title='bbox 3031 3070 3285 3123; x_wconf 90' lang='lat' dir='ltr'><strong>conclusa</strong></span> <span class='ocrx_word' id='word_1_702' title='bbox 3317 3078 3581 3135; x_wconf 89' lang='lat' dir='ltr'><strong>teneatur,</strong></span> 
     </span>
    </p>
   </div>
   <div class='ocr_carea' id='block_1_93' title="bbox 1985 3148 3586 3233">
    <p class='ocr_par' dir='ltr' id='par_1_93' title="bbox 1985 3148 3586 3233">
     <span class='ocr_line' id='line_1_93' title="bbox 1985 3148 3586 3233; baseline 0.002 -20"><span class='ocrx_word' id='word_1_703' title='bbox 1985 3174 2165 3213; x_wconf 79' lang='lat' dir='ltr'><strong>mores</strong></span> <span class='ocrx_word' id='word_1_704' title='bbox 2195 3171 2354 3230; x_wconf 85' lang='lat' dir='ltr'><strong>atque</strong></span> <span class='ocrx_word' id='word_1_705' title='bbox 2387 3160 2612 3214; x_wconf 88' lang='lat' dir='ltr'><strong>formam</strong></span> <span class='ocrx_word' id='word_1_706' title='bbox 2653 3175 2758 3230; x_wconf 91' lang='lat' dir='ltr'><strong>quo</strong></span> <span class='ocrx_word' id='word_1_707' title='bbox 2788 3148 2943 3229; x_wconf 87' lang='lat' dir='ltr'><strong>pacto</strong></span> <span class='ocrx_word' id='word_1_708' title='bbox 2974 3162 3380 3230; x_wconf 83' lang='lat' dir='ltr'><strong>exploraveris?</strong></span> <span class='ocrx_word' id='word_1_709' title='bbox 3408 3164 3586 3233; x_wconf 82' lang='lat' dir='ltr'><strong>Atque</strong></span> 
     </span>
    </p>
   </div>
   <div class='ocr_carea' id='block_1_94' title="bbox 1985 3248 3586 3325">
    <p class='ocr_par' dir='ltr' id='par_1_94' title="bbox 1985 3248 3586 3325">
     <span class='ocr_line' id='line_1_94' title="bbox 1985 3248 3586 3325; baseline 0.001 -22"><span class='ocrx_word' id='word_1_710' title='bbox 1985 3249 2103 3303; x_wconf 80' lang='lat' dir='ltr'><strong>hzec</strong></span> <span class='ocrx_word' id='word_1_711' title='bbox 2129 3251 2346 3319; x_wconf 85' lang='lat' dir='ltr'><strong>quidem</strong></span> <span class='ocrx_word' id='word_1_712' title='bbox 2378 3250 2712 3319; x_wconf 90' lang='lat' dir='ltr'><strong>sponsalium</strong></span> <span class='ocrx_word' id='word_1_713' title='bbox 2742 3248 3004 3325; x_wconf 55' lang='lat' dir='ltr'><strong>tempore}</strong></span> <span class='ocrx_word' id='word_1_714' title='bbox 3034 3253 3103 3305; x_wconf 84' lang='lat' dir='ltr'><strong>At</strong></span> <span class='ocrx_word' id='word_1_715' title='bbox 3132 3251 3218 3305; x_wconf 90' lang='lat' dir='ltr'><strong>ubi</strong></span> <span class='ocrx_word' id='word_1_716' title='bbox 3243 3251 3354 3321; x_wconf 90' lang='lat' dir='ltr'><strong>jam</strong></span> <span class='ocrx_word' id='word_1_717' title='bbox 3384 3263 3586 3320; x_wconf 65' lang='lat' dir='ltr'><strong>presto</strong></span> 
     </span>
    </p>
   </div>
   <div class='ocr_carea' id='block_1_95' title="bbox 1986 3339 3586 3409">
    <p class='ocr_par' dir='ltr' id='par_1_95' title="bbox 1986 3339 3586 3409">
     <span class='ocr_line' id='line_1_95' title="bbox 1986 3339 3586 3409; baseline 0.003 -17"><span class='ocrx_word' id='word_1_718' title='bbox 1986 3347 2069 3392; x_wconf 80' lang='lat' dir='ltr'><strong>est</strong></span> <span class='ocrx_word' id='word_1_719' title='bbox 2095 3339 2419 3393; x_wconf 88' lang='lat' dir='ltr'><strong>matrimonii</strong></span> <span class='ocrx_word' id='word_1_720' title='bbox 2461 3348 2705 3409; x_wconf 88' lang='lat' dir='ltr'><strong>tempus,</strong></span> <span class='ocrx_word' id='word_1_721' title='bbox 2735 3340 2932 3394; x_wconf 88' lang='lat' dir='ltr'><strong>crescit</strong></span> <span class='ocrx_word' id='word_1_722' title='bbox 2976 3341 3312 3408; x_wconf 87' lang='lat' dir='ltr'><strong>sollicitudo,</strong></span> <span class='ocrx_word' id='word_1_723' title='bbox 3341 3358 3406 3397; x_wconf 88' lang='lat' dir='ltr'><strong>ac</strong></span> <span class='ocrx_word' id='word_1_724' title='bbox 3434 3344 3586 3396; x_wconf 62' lang='lat' dir='ltr'><strong>volo-</strong></span> 
     </span>
    </p>
   </div>
   <div class='ocr_carea' id='block_1_96' title="bbox 1986 3433 3579 3506">
    <p class='ocr_par' dir='ltr' id='par_1_96' title="bbox 1986 3433 3579 3506">
     <span class='ocr_line' id='line_1_96' title="bbox 1986 3433 3579 3506; baseline 0.004 -23"><span class='ocrx_word' id='word_1_725' title='bbox 1986 3441 2130 3501; x_wconf 85' lang='lat' dir='ltr'><strong>ptate</strong></span> <span class='ocrx_word' id='word_1_726' title='bbox 2151 3434 2320 3501; x_wconf 88' lang='lat' dir='ltr'><strong>major</strong></span> <span class='ocrx_word' id='word_1_727' title='bbox 2346 3442 2516 3486; x_wconf 87' lang='lat' dir='ltr'><strong>metus</strong></span> <span class='ocrx_word' id='word_1_728' title='bbox 2538 3441 2640 3499; x_wconf 89' lang='lat' dir='ltr'><strong>est,</strong></span> <span class='ocrx_word' id='word_1_729' title='bbox 2672 3448 2739 3488; x_wconf 90' lang='lat' dir='ltr'><strong>ne</strong></span> <span class='ocrx_word' id='word_1_730' title='bbox 2768 3449 2831 3486; x_wconf 82' lang='lat' dir='ltr'><strong>ex</strong></span> <span class='ocrx_word' id='word_1_731' title='bbox 2862 3448 2928 3487; x_wconf 93' lang='lat' dir='ltr'><strong>eo</strong></span> <span class='ocrx_word' id='word_1_732' title='bbox 2955 3433 3073 3502; x_wconf 90' lang='lat' dir='ltr'><strong>ipso</strong></span> <span class='ocrx_word' id='word_1_733' title='bbox 3113 3449 3343 3503; x_wconf 86' lang='lat' dir='ltr'><strong>vespere</strong></span> <span class='ocrx_word' id='word_1_734' title='bbox 3370 3435 3579 3506; x_wconf 87' lang='lat' dir='ltr'><strong>ingrata</strong></span> 
     </span>
    </p>
   </div>
   <div class='ocr_carea' id='block_1_97' title="bbox 1948 3522 3586 3595">
    <p class='ocr_par' dir='ltr' id='par_1_97' title="bbox 1948 3522 3586 3595">
     <span class='ocr_line' id='line_1_97' title="bbox 1948 3522 3586 3595; baseline -0.001 -14"><span class='ocrx_word' id='word_1_735' title='bbox 1948 3576 1953 3581; x_wconf 83' lang='lat'><strong>.</strong></span> <span class='ocrx_word' id='word_1_736' title='bbox 1984 3533 2041 3577; x_wconf 84' lang='lat' dir='ltr'><strong>et</strong></span> <span class='ocrx_word' id='word_1_737' title='bbox 2065 3522 2231 3576; x_wconf 89' lang='lat' dir='ltr'><strong>multo</strong></span> <span class='ocrx_word' id='word_1_738' title='bbox 2257 3526 2656 3591; x_wconf 70' lang='lat' dir='ltr'><strong>cXSpectatione</strong></span> <span class='ocrx_word' id='word_1_739' title='bbox 2680 3524 2919 3578; x_wconf 86' lang='lat' dir='ltr'><strong>deterior</strong></span> <span class='ocrx_word' id='word_1_740' title='bbox 2945 3524 3211 3578; x_wconf 88' lang='lat' dir='ltr'><strong>videatur.</strong></span> <span class='ocrx_word' id='word_1_741' title='bbox 3241 3524 3457 3579; x_wconf 88' lang='lat' dir='ltr'><strong>Etenim</strong></span> <span class='ocrx_word' id='word_1_742' title='bbox 3486 3526 3586 3595; x_wconf 74' lang='lat' dir='ltr'><strong>in-</strong></span> 
     </span>
    </p>
   </div>
   <div class='ocr_carea' id='block_1_98' title="bbox 1986 3616 3581 3692">
    <p class='ocr_par' dir='ltr' id='par_1_98' title="bbox 1986 3616 3581 3692">
     <span class='ocr_line' id='line_1_98' title="bbox 1986 3616 3581 3692; baseline 0.001 -23"><span class='ocrx_word' id='word_1_743' title='bbox 1986 3616 2083 3669; x_wconf 91' lang='lat' dir='ltr'><strong>itio</strong></span> <span class='ocrx_word' id='word_1_744' title='bbox 2112 3616 2377 3670; x_wconf 86' lang='lat' dir='ltr'><strong>laudatam</strong></span> <span class='ocrx_word' id='word_1_745' title='bbox 2403 3626 2525 3685; x_wconf 84' lang='lat' dir='ltr'><strong>post</strong></span> <span class='ocrx_word' id='word_1_746' title='bbox 2551 3618 2845 3682; x_wconf 75' lang='lat' dir='ltr'><strong>Contemni,</strong></span> <span class='ocrx_word' id='word_1_747' title='bbox 2866 3616 3145 3671; x_wconf 86' lang='lat' dir='ltr'><strong>ferendum</strong></span> <span class='ocrx_word' id='word_1_748' title='bbox 3176 3628 3290 3683; x_wconf 88' lang='lat' dir='ltr'><strong>est;</strong></span> <span class='ocrx_word' id='word_1_749' title='bbox 3312 3626 3371 3675; x_wconf 84' lang='lat' dir='ltr'><strong>at</strong></span> <span class='ocrx_word' id='word_1_750' title='bbox 3395 3634 3520 3672; x_wconf 89' lang='lat' dir='ltr'><strong>cum</strong></span> <span class='ocrx_word' id='word_1_751' title='bbox 3552 3636 3581 3692; x_wconf 68' lang='grc' dir='ltr'><strong>τι</strong></span> 
     </span>
    </p>
   </div>
   <div class='ocr_carea' id='block_1_99' title="bbox 1987 3707 3583 3773">
    <p class='ocr_par' dir='ltr' id='par_1_99' title="bbox 1987 3707 3583 3773">
     <span class='ocr_line' id='line_1_99' title="bbox 1987 3707 3583 3773; baseline 0.002 -11"><span class='ocrx_word' id='word_1_752' title='bbox 1987 3708 2237 3762; x_wconf 89' lang='lat' dir='ltr'><strong>curriculi</strong></span> <span class='ocrx_word' id='word_1_753' title='bbox 2262 3708 2586 3771; x_wconf 89' lang='lat' dir='ltr'><strong>carceribus,</strong></span> <span class='ocrx_word' id='word_1_754' title='bbox 2621 3719 2679 3762; x_wconf 90' lang='lat' dir='ltr'><strong>ut</strong></span> <span class='ocrx_word' id='word_1_755' title='bbox 2706 3709 2776 3761; x_wconf 70' lang='lat' dir='ltr'><strong>lLl</strong></span> <span class='ocrx_word' id='word_1_756' title='bbox 2805 3709 3005 3773; x_wconf 84' lang='lat' dir='ltr'><strong>dicam,</strong></span> <span class='ocrx_word' id='word_1_757' title='bbox 3036 3707 3253 3762; x_wconf 84' lang='lat' dir='ltr'><strong>fastidio</strong></span> <span class='ocrx_word' id='word_1_758' title='bbox 3279 3723 3403 3763; x_wconf 88' lang='lat' dir='ltr'><strong>esse</strong></span> <span class='ocrx_word' id='word_1_759' title='bbox 3428 3709 3583 3765; x_wconf 88' lang='lat' dir='ltr'><strong>vide-</strong></span> 
     </span>
    </p>
   </div>
   <div class='ocr_carea' id='block_1_100' title="bbox 1989 3798 3582 3869">
    <p class='ocr_par' dir='ltr' id='par_1_100' title="bbox 1989 3798 3582 3869">
     <span class='ocr_line' id='line_1_100' title="bbox 1989 3798 3582 3869; baseline -0.001 -15"><span class='ocrx_word' id='word_1_760' title='bbox 1989 3810 2090 3864; x_wconf 89' lang='lat' dir='ltr'><strong>tur,</strong></span> <span class='ocrx_word' id='word_1_761' title='bbox 2135 3798 2350 3868; x_wconf 86' lang='lat' dir='ltr'><strong>quando</strong></span> <span class='ocrx_word' id='word_1_762' title='bbox 2389 3799 2589 3867; x_wconf 82' lang='lat' dir='ltr'><strong>suSpici</strong></span> <span class='ocrx_word' id='word_1_763' title='bbox 2638 3801 2867 3869; x_wconf 83' lang='lat' dir='ltr'><strong>poterit?</strong></span> <span class='ocrx_word' id='word_1_764' title='bbox 2915 3800 3097 3869; x_wconf 80' lang='lat' dir='ltr'><strong>Neque</strong></span> <span class='ocrx_word' id='word_1_765' title='bbox 3145 3801 3233 3856; x_wconf 88' lang='lat' dir='ltr'><strong>hic</strong></span> <span class='ocrx_word' id='word_1_766' title='bbox 3274 3801 3406 3855; x_wconf 83' lang='lat' dir='ltr'><strong>milii</strong></span> <span class='ocrx_word' id='word_1_767' title='bbox 3451 3802 3582 3855; x_wconf 90' lang='lat' dir='ltr'><strong>illud</strong></span> 
     </span>
    </p>
   </div>
   <div class='ocr_carea' id='block_1_101' title="bbox 1984 3878 3586 3961">
    <p class='ocr_par' dir='ltr' id='par_1_101' title="bbox 1984 3878 3586 3961">
     <span class='ocr_line' id='line_1_101' title="bbox 1984 3878 3586 3961; baseline 0.002 -16"><span class='ocrx_word' id='word_1_768' title='bbox 1984 3906 2368 3956; x_wconf 89' lang='lat' dir='ltr'><strong>commemora,</strong></span> <span class='ocrx_word' id='word_1_769' title='bbox 2410 3892 2546 3958; x_wconf 83' lang='lat' dir='ltr'><strong>Quid</strong></span> <span class='ocrx_word' id='word_1_770' title='bbox 2588 3908 2735 3957; x_wconf 88' lang='lat' dir='ltr'><strong>vero,</strong></span> <span class='ocrx_word' id='word_1_771' title='bbox 2778 3893 2821 3945; x_wconf 90' lang='lat' dir='ltr'><strong>si</strong></span> <span class='ocrx_word' id='word_1_772' title='bbox 2867 3893 3038 3961; x_wconf 88' lang='lat' dir='ltr'><strong>lepida</strong></span> <span class='ocrx_word' id='word_1_773' title='bbox 3085 3894 3187 3945; x_wconf 88' lang='lat' dir='ltr'><strong>sit?</strong></span> <span class='ocrx_word' id='word_1_774' title='bbox 3230 3908 3353 3947; x_wconf 88' lang='lat' dir='ltr'><strong>nam</strong></span> <span class='ocrx_word' id='word_1_775' title='bbox 3396 3909 3466 3949; x_wconf 89' lang='lat' dir='ltr'><strong>ne</strong></span> <span class='ocrx_word' id='word_1_776' title='bbox 3504 3878 3586 3949; x_wconf 83' lang='lat' dir='ltr'><strong>sic</strong></span> 
     </span>
    </p>
   </div>
   <div class='ocr_carea' id='block_1_102' title="bbox 1983 3968 3584 4053">
    <p class='ocr_par' dir='ltr' id='par_1_102' title="bbox 1983 3968 3584 4053">
     <span class='ocr_line' id='line_1_102' title="bbox 1983 3968 3584 4053; baseline 0.003 -18"><span class='ocrx_word' id='word_1_777' title='bbox 1983 3985 2198 4053; x_wconf 88' lang='lat' dir='ltr'><strong>quidem</strong></span> <span class='ocrx_word' id='word_1_778' title='bbox 2222 3998 2349 4037; x_wconf 88' lang='lat' dir='ltr'><strong>cura</strong></span> <span class='ocrx_word' id='word_1_779' title='bbox 2372 3968 2469 4037; x_wconf 84' lang='lat' dir='ltr'><strong>bac</strong></span> <span class='ocrx_word' id='word_1_780' title='bbox 2495 3984 2668 4037; x_wconf 88' lang='lat' dir='ltr'><strong>soluta</strong></span> <span class='ocrx_word' id='word_1_781' title='bbox 2695 3992 2751 4039; x_wconf 89' lang='lat' dir='ltr'><strong>et</strong></span> <span class='ocrx_word' id='word_1_782' title='bbox 2772 3984 2942 4038; x_wconf 86' lang='lat' dir='ltr'><strong>libera</strong></span> <span class='ocrx_word' id='word_1_783' title='bbox 2969 3995 3071 4039; x_wconf 89' lang='lat' dir='ltr'><strong>est.</strong></span> <span class='ocrx_word' id='word_1_784' title='bbox 3095 3985 3272 4040; x_wconf 71' lang='lat' dir='ltr'><strong>Multa:</strong></span> <span class='ocrx_word' id='word_1_785' title='bbox 3298 3970 3584 4040; x_wconf 39' lang='lat' dir='ltr'><strong>enim‘coro</strong></span> 
     </span>
    </p>
   </div>
   <div class='ocr_carea' id='block_1_103' title="bbox 1983 4060 3585 4151">
    <p class='ocr_par' dir='ltr' id='par_1_103' title="bbox 1983 4060 3585 4151">
     <span class='ocr_line' id='line_1_103' title="bbox 1983 4060 3585 4151; baseline 0.001 -21"><span class='ocrx_word' id='word_1_786' title='bbox 1983 4079 2131 4147; x_wconf 89' lang='lat' dir='ltr'><strong>poris</strong></span> <span class='ocrx_word' id='word_1_787' title='bbox 2150 4085 2430 4131; x_wconf 89' lang='lat' dir='ltr'><strong>venustate</strong></span> <span class='ocrx_word' id='word_1_788' title='bbox 2447 4076 2733 4151; x_wconf 81' lang='lat' dir='ltr'><strong>admodum</strong></span> <span class='ocrx_word' id='word_1_789' title='bbox 2755 4060 3060 4146; x_wconf 59' lang='lat' dir='ltr'><strong>conspicuae</strong></span> <span class='ocrx_word' id='word_1_790' title='bbox 3082 4079 3225 4131; x_wconf 88' lang='lat' dir='ltr'><strong>viros</strong></span> <span class='ocrx_word' id='word_1_791' title='bbox 3241 4094 3368 4132; x_wconf 88' lang='lat' dir='ltr'><strong>suos</strong></span> <span class='ocrx_word' id='word_1_792' title='bbox 3387 4087 3585 4147; x_wconf 83' lang='lat' dir='ltr'><strong>capere</strong></span> 
     </span>
    </p>
   </div>
   <div class='ocr_carea' id='block_1_104' title="bbox 1983 4152 3582 4238">
    <p class='ocr_par' dir='ltr' id='par_1_104' title="bbox 1983 4152 3582 4238">
     <span class='ocr_line' id='line_1_104' title="bbox 1983 4152 3582 4238; baseline 0.001 -16"><span class='ocrx_word' id='word_1_793' title='bbox 1983 4152 2359 4238; x_wconf 75' lang='lat' dir='ltr'><strong>nequiverunt,</strong></span> <span class='ocrx_word' id='word_1_794' title='bbox 2392 4168 2485 4222; x_wconf 86' lang='lat' dir='ltr'><strong>sed</strong></span> <span class='ocrx_word' id='word_1_795' title='bbox 2516 4168 2549 4221; x_wconf 92' lang='lat' dir='ltr'><strong>ii</strong></span> <span class='ocrx_word' id='word_1_796' title='bbox 2576 4168 2695 4223; x_wconf 89' lang='lat' dir='ltr'><strong>aliis</strong></span> <span class='ocrx_word' id='word_1_797' title='bbox 2722 4168 2883 4238; x_wconf 85' lang='lat' dir='ltr'><strong>longe</strong></span> <span class='ocrx_word' id='word_1_798' title='bbox 2914 4183 2974 4223; x_wconf 89' lang='lat' dir='ltr'><strong>se</strong></span> <span class='ocrx_word' id='word_1_799' title='bbox 3000 4168 3344 4223; x_wconf 86' lang='lat' dir='ltr'><strong>inferioribus</strong></span> <span class='ocrx_word' id='word_1_800' title='bbox 3381 4170 3582 4223; x_wconf 87' lang='lat' dir='ltr'><strong>addicti</strong></span> 
     </span>
    </p>
   </div>
   <div class='ocr_carea' id='block_1_105' title="bbox 1984 4257 3581 4328">
    <p class='ocr_par' dir='ltr' id='par_1_105' title="bbox 1984 4257 3581 4328">
     <span class='ocr_line' id='line_1_105' title="bbox 1984 4257 3581 4328; baseline 0 -16"><span class='ocrx_word' id='word_1_801' title='bbox 1984 4259 2128 4328; x_wconf 87' lang='lat' dir='ltr'><strong>ipsas</strong></span> <span class='ocrx_word' id='word_1_802' title='bbox 2169 4259 2519 4327; x_wconf 84' lang='lat' dir='ltr'><strong>reliquerunt.</strong></span> <span class='ocrx_word' id='word_1_803' title='bbox 2548 4257 2667 4312; x_wconf 85' lang='lat' dir='ltr'><strong>Jam</strong></span> <span class='ocrx_word' id='word_1_804' title='bbox 2697 4274 2759 4312; x_wconf 88' lang='lat' dir='ltr'><strong>ea</strong></span> <span class='ocrx_word' id='word_1_805' title='bbox 2800 4258 2963 4312; x_wconf 88' lang='lat' dir='ltr'><strong>etiam</strong></span> <span class='ocrx_word' id='word_1_806' title='bbox 2999 4273 3127 4312; x_wconf 88' lang='lat' dir='ltr'><strong>cura</strong></span> <span class='ocrx_word' id='word_1_807' title='bbox 3169 4259 3445 4328; x_wconf 70' lang='lat' dir='ltr'><strong>expulita,</strong></span> <span class='ocrx_word' id='word_1_808' title='bbox 3473 4260 3581 4312; x_wconf 88' lang='lat' dir='ltr'><strong>alia</strong></span> 
     </span>
    </p>
   </div>
   <div class='ocr_carea' id='block_1_106' title="bbox 1983 4342 3566 4419">
    <p class='ocr_par' dir='ltr' id='par_1_106' title="bbox 1983 4342 3566 4419">
     <span class='ocr_line' id='line_1_106' title="bbox 1983 4342 3566 4419; baseline -0.001 -14"><span class='ocrx_word' id='word_1_809' title='bbox 1983 4368 2195 4406; x_wconf 91' lang='lat' dir='ltr'><strong>rursum</strong></span> <span class='ocrx_word' id='word_1_810' title='bbox 2236 4352 2461 4405; x_wconf 87' lang='lat' dir='ltr'><strong>molesta</strong></span> <span class='ocrx_word' id='word_1_811' title='bbox 2492 4350 2730 4405; x_wconf 85' lang='lat' dir='ltr'><strong>succedit</strong></span> <span class='ocrx_word' id='word_1_812' title='bbox 2767 4350 2820 4404; x_wconf 89' lang='lat' dir='ltr'><strong>in</strong></span> <span class='ocrx_word' id='word_1_813' title='bbox 2852 4350 2998 4405; x_wconf 79' lang='lat' dir='ltr'><strong>‘dotis</strong></span> <span class='ocrx_word' id='word_1_814' title='bbox 3038 4350 3315 4419; x_wconf 84' lang='lat' dir='ltr'><strong>pensione,</strong></span> <span class='ocrx_word' id='word_1_815' title='bbox 3351 4342 3566 4416; x_wconf 83' lang='lat' dir='ltr'><strong>socero,</strong></span> 
     </span>
    </p>
   </div>
   <div class='ocr_carea' id='block_1_107' title="bbox 1982 4441 3584 4514">
    <p class='ocr_par' dir='ltr' id='par_1_107' title="bbox 1982 4441 3584 4514">
     <span class='ocr_line' id='line_1_107' title="bbox 1982 4441 3584 4514; baseline 0 -17"><span class='ocrx_word' id='word_1_816' title='bbox 1982 4444 2136 4513; x_wconf 89' lang='lat' dir='ltr'><strong>quasi</strong></span> <span class='ocrx_word' id='word_1_817' title='bbox 2160 4444 2325 4514; x_wconf 80' lang='lat' dir='ltr'><strong>gratis</strong></span> <span class='ocrx_word' id='word_1_818' title='bbox 2355 4452 2620 4509; x_wconf 88' lang='lat' dir='ltr'><strong>numeret,</strong></span> <span class='ocrx_word' id='word_1_819' title='bbox 2646 4441 2786 4495; x_wconf 85' lang='lat' dir='ltr'><strong>haud</strong></span> <span class='ocrx_word' id='word_1_820' title='bbox 2818 4457 2946 4496; x_wconf 88' lang='lat' dir='ltr'><strong>sane</strong></span> <span class='ocrx_word' id='word_1_821' title='bbox 2966 4442 3196 4496; x_wconf 84' lang='lat' dir='ltr'><strong>comiter</strong></span> <span class='ocrx_word' id='word_1_822' title='bbox 3221 4442 3501 4510; x_wconf 77' lang='lat' dir='ltr'><strong>reddente,</strong></span> <span class='ocrx_word' id='word_1_823' title='bbox 3527 4453 3584 4497; x_wconf 91' lang='lat' dir='ltr'><strong>et</strong></span> 
     </span>
    </p>
   </div>
   <div class='ocr_carea' id='block_1_108' title="bbox 1983 4534 3585 4609">
    <p class='ocr_par' dir='ltr' id='par_1_108' title="bbox 1983 4534 3585 4609">
     <span class='ocr_line' id='line_1_108' title="bbox 1983 4534 3585 4609; baseline -0.002 -18"><span class='ocrx_word' id='word_1_824' title='bbox 1983 4550 2202 4606; x_wconf 86' lang='lat' dir='ltr'><strong>sponso,</strong></span> <span class='ocrx_word' id='word_1_825' title='bbox 2232 4535 2518 4609; x_wconf 88' lang='lat' dir='ltr'><strong>quitotum</strong></span> <span class='ocrx_word' id='word_1_826' title='bbox 2558 4534 2793 4609; x_wconf 79' lang='lat' dir='ltr'><strong>nancisci</strong></span> <span class='ocrx_word' id='word_1_827' title='bbox 2830 4534 3073 4601; x_wconf 88' lang='lat' dir='ltr'><strong>studeat,</strong></span> <span class='ocrx_word' id='word_1_828' title='bbox 3106 4549 3229 4588; x_wconf 90' lang='lat' dir='ltr'><strong>cum</strong></span> <span class='ocrx_word' id='word_1_829' title='bbox 3260 4534 3585 4609; x_wconf 57' lang='lat' dir='ltr'><strong>veret‘mndia</strong></span> 
     </span>
    </p>
   </div>
   <div class='ocr_carea' id='block_1_109' title="bbox 1984 4603 3582 4696">
    <p class='ocr_par' dir='ltr' id='par_1_109' title="bbox 1984 4603 3582 4696">
     <span class='ocr_line' id='line_1_109' title="bbox 1984 4603 3582 4696; baseline -0.001 -14"><span class='ocrx_word' id='word_1_830' title='bbox 1984 4603 2197 4696; x_wconf 78' lang='lat' dir='ltr'><strong>exigere</strong></span> <span class='ocrx_word' id='word_1_831' title='bbox 2222 4603 2431 4692; x_wconf 83' lang='lat' dir='ltr'><strong>coaeto,</strong></span> <span class='ocrx_word' id='word_1_832' title='bbox 2456 4637 2510 4679; x_wconf 91' lang='lat' dir='ltr'><strong>et</strong></span> <span class='ocrx_word' id='word_1_833' title='bbox 2538 4640 2672 4679; x_wconf 88' lang='lat' dir='ltr'><strong>nova</strong></span> <span class='ocrx_word' id='word_1_834' title='bbox 2691 4603 2866 4695; x_wconf 50' lang='lat' dir='ltr'><strong>&#39;nupta</strong></span> <span class='ocrx_word' id='word_1_835' title='bbox 2895 4626 3176 4679; x_wconf 88' lang='lat' dir='ltr'><strong>solutionis</strong></span> <span class='ocrx_word' id='word_1_836' title='bbox 3203 4603 3461 4680; x_wconf 75' lang='lat' dir='ltr'><strong>dilatione</strong></span> <span class='ocrx_word' id='word_1_837' title='bbox 3482 4642 3582 4696; x_wconf 89' lang='lat' dir='ltr'><strong>pu-</strong></span> 
     </span>
    </p>
   </div>
   <div class='ocr_carea' id='block_1_110' title="bbox 1984 4718 3581 4789">
    <p class='ocr_par' dir='ltr' id='par_1_110' title="bbox 1984 4718 3581 4789">
     <span class='ocr_line' id='line_1_110' title="bbox 1984 4718 3581 4789; baseline 0 -15"><span class='ocrx_word' id='word_1_838' title='bbox 1984 4719 2213 4785; x_wconf 86' lang='lat' dir='ltr'><strong>defacta,</strong></span> <span class='ocrx_word' id='word_1_839' title='bbox 2244 4719 2412 4772; x_wconf 71' lang='lat' dir='ltr'><strong>virum</strong></span> <span class='ocrx_word' id='word_1_840' title='bbox 2458 4719 2647 4787; x_wconf 85' lang='lat' dir='ltr'><strong>quovis</strong></span> <span class='ocrx_word' id='word_1_841' title='bbox 2687 4718 2929 4788; x_wconf 89' lang='lat' dir='ltr'><strong>improbo</strong></span> <span class='ocrx_word' id='word_1_842' title='bbox 2959 4719 3199 4773; x_wconf 88' lang='lat' dir='ltr'><strong>debitore</strong></span> <span class='ocrx_word' id='word_1_843' title='bbox 3228 4721 3399 4789; x_wconf 79' lang='lat' dir='ltr'><strong>magis</strong></span> <span class='ocrx_word' id='word_1_844' title='bbox 3425 4736 3581 4776; x_wconf 84' lang='lat' dir='ltr'><strong>reve-</strong></span> 
     </span>
    </p>
   </div>
   <div class='ocr_carea' id='block_1_111' title="bbox 1984 4809 3585 4879">
    <p class='ocr_par' dir='ltr' id='par_1_111' title="bbox 1984 4809 3585 4879">
     <span class='ocr_line' id='line_1_111' title="bbox 1984 4809 3585 4879; baseline 0.001 -14"><span class='ocrx_word' id='word_1_845' title='bbox 1984 4823 2136 4865; x_wconf 90' lang='lat' dir='ltr'><strong>rente</strong></span> <span class='ocrx_word' id='word_1_846' title='bbox 2169 4827 2183 4863; x_wconf 90' lang='lat'>:</span> <span class='ocrx_word' id='word_1_847' title='bbox 2216 4825 2335 4879; x_wconf 74' lang='lat' dir='ltr'><strong>qua:</strong></span> <span class='ocrx_word' id='word_1_848' title='bbox 2363 4810 2515 4864; x_wconf 87' lang='lat' dir='ltr'><strong>mitto</strong></span> <span class='ocrx_word' id='word_1_849' title='bbox 2557 4809 2948 4879; x_wconf 63' lang='lat' dir='ltr'><strong>in‘prtcsentia.</strong></span> <span class='ocrx_word' id='word_1_850' title='bbox 2990 4812 3058 4864; x_wconf 88' lang='lat' dir='ltr'><strong>At</strong></span> <span class='ocrx_word' id='word_1_851' title='bbox 3097 4812 3238 4865; x_wconf 86' lang='lat' dir='ltr'><strong>enim</strong></span> <span class='ocrx_word' id='word_1_852' title='bbox 3282 4811 3384 4865; x_wconf 88' lang='lat' dir='ltr'><strong>hac</strong></span> <span class='ocrx_word' id='word_1_853' title='bbox 3410 4814 3585 4867; x_wconf 86' lang='lat' dir='ltr'><strong>soluta</strong></span> 
     </span>
    </p>
   </div>
   <div class='ocr_carea' id='block_1_112' title="bbox 1983 4901 3585 4972">
    <p class='ocr_par' dir='ltr' id='par_1_112' title="bbox 1983 4901 3585 4972">
     <span class='ocr_line' id='line_1_112' title="bbox 1983 4901 3585 4972; baseline 0.001 -17"><span class='ocrx_word' id='word_1_854' title='bbox 1983 4912 2137 4968; x_wconf 79' lang='lat' dir='ltr'><strong>Cura,</strong></span> <span class='ocrx_word' id='word_1_855' title='bbox 2184 4902 2439 4956; x_wconf 78' lang='lat' dir='ltr'><strong>continuo</strong></span> <span class='ocrx_word' id='word_1_856' title='bbox 2486 4901 2781 4954; x_wconf 89' lang='lat' dir='ltr'><strong>sterilitatis</strong></span> <span class='ocrx_word' id='word_1_857' title='bbox 2824 4910 3011 4954; x_wconf 78' lang='lat' dir='ltr'><strong>metus</strong></span> <span class='ocrx_word' id='word_1_858' title='bbox 3046 4902 3277 4970; x_wconf 82' lang='lat' dir='ltr'><strong>ingruit;</strong></span> <span class='ocrx_word' id='word_1_859' title='bbox 3323 4910 3585 4972; x_wconf 66' lang='lat' dir='ltr'><strong>prreteiea</strong></span> 
     </span>
    </p>
   </div>
   <div class='ocr_carea' id='block_1_113' title="bbox 1984 4989 3587 5062">
    <p class='ocr_par' dir='ltr' id='par_1_113' title="bbox 1984 4989 3587 5062">
     <span class='ocr_line' id='line_1_113' title="bbox 1984 4989 3587 5062; baseline 0.001 -17"><span class='ocrx_word' id='word_1_860' title='bbox 1984 5000 2162 5047; x_wconf 89' lang='lat' dir='ltr'><strong>autem</strong></span> <span class='ocrx_word' id='word_1_861' title='bbox 2183 5000 2236 5046; x_wconf 90' lang='lat' dir='ltr'><strong>et</strong></span> <span class='ocrx_word' id='word_1_862' title='bbox 2265 4991 2491 5061; x_wconf 89' lang='lat' dir='ltr'><strong>prolium</strong></span> <span class='ocrx_word' id='word_1_863' title='bbox 2526 4989 2841 5059; x_wconf 72' lang='lat' dir='ltr'><strong>frequentia:</strong></span> <span class='ocrx_word' id='word_1_864' title='bbox 2878 4992 3119 5045; x_wconf 87' lang='lat' dir='ltr'><strong>anxietas</strong></span> <span class='ocrx_word' id='word_1_865' title='bbox 3150 5008 3164 5043; x_wconf 89' lang='lat'><strong>:</strong></span> <span class='ocrx_word' id='word_1_866' title='bbox 3196 5006 3375 5062; x_wconf 90' lang='lat' dir='ltr'><strong>neque</strong></span> <span class='ocrx_word' id='word_1_867' title='bbox 3409 4992 3587 5047; x_wconf 80' lang='lat' dir='ltr'><strong>adhuc</strong></span> 
     </span>
    </p>
   </div>
   <div class='ocr_carea' id='block_1_114' title="bbox 1986 5084 3585 5155">
    <p class='ocr_par' dir='ltr' id='par_1_114' title="bbox 1986 5084 3585 5155">
     <span class='ocr_line' id='line_1_114' title="bbox 1986 5084 3585 5155; baseline 0.002 -17"><span class='ocrx_word' id='word_1_868' title='bbox 1986 5084 2178 5139; x_wconf 88' lang='lat' dir='ltr'><strong>horum</strong></span> <span class='ocrx_word' id='word_1_869' title='bbox 2210 5099 2476 5154; x_wconf 87' lang='lat' dir='ltr'><strong>quoquam</strong></span> <span class='ocrx_word' id='word_1_870' title='bbox 2513 5084 2811 5153; x_wconf 87' lang='lat' dir='ltr'><strong>explorato,</strong></span> <span class='ocrx_word' id='word_1_871' title='bbox 2845 5091 3129 5152; x_wconf 89' lang='lat' dir='ltr'><strong>utramque</strong></span> <span class='ocrx_word' id='word_1_872' title='bbox 3153 5085 3206 5138; x_wconf 92' lang='lat' dir='ltr'><strong>in</strong></span> <span class='ocrx_word' id='word_1_873' title='bbox 3234 5094 3444 5153; x_wconf 76' lang='lat' dir='ltr'><strong>partem</strong></span> <span class='ocrx_word' id='word_1_874' title='bbox 3470 5086 3585 5155; x_wconf 87' lang='lat' dir='ltr'><strong>jam</strong></span> 
     </span>
    </p>
   </div>
   <div class='ocr_carea' id='block_1_115' title="bbox 1986 5174 3585 5247">
    <p class='ocr_par' dir='ltr' id='par_1_115' title="bbox 1986 5174 3585 5247">
     <span class='ocr_line' id='line_1_115' title="bbox 1986 5174 3585 5247; baseline 0.001 -16"><span class='ocrx_word' id='word_1_875' title='bbox 1986 5178 2108 5232; x_wconf 88' lang='lat' dir='ltr'><strong>inde</strong></span> <span class='ocrx_word' id='word_1_876' title='bbox 2134 5176 2200 5232; x_wconf 91' lang='lat' dir='ltr'><strong>ab</strong></span> <span class='ocrx_word' id='word_1_877' title='bbox 2225 5177 2376 5231; x_wconf 90' lang='lat' dir='ltr'><strong>initio</strong></span> <span class='ocrx_word' id='word_1_878' title='bbox 2400 5176 2702 5231; x_wconf 82' lang='lat' dir='ltr'><strong>turbantur.</strong></span> <span class='ocrx_word' id='word_1_879' title='bbox 2728 5174 2881 5241; x_wconf 85' lang='lat' dir='ltr'><strong>Quod</strong></span> <span class='ocrx_word' id='word_1_880' title='bbox 2903 5176 2947 5230; x_wconf 90' lang='lat' dir='ltr'><strong>si</strong></span> <span class='ocrx_word' id='word_1_881' title='bbox 2970 5176 3118 5231; x_wconf 87' lang='lat' dir='ltr'><strong>brevi</strong></span> <span class='ocrx_word' id='word_1_882' title='bbox 3145 5185 3359 5231; x_wconf 86' lang='lat' dir='ltr'><strong>uterum</strong></span> <span class='ocrx_word' id='word_1_883' title='bbox 3385 5188 3585 5247; x_wconf 83' lang='lat' dir='ltr'><strong>gestet,</strong></span> 
     </span>
    </p>
   </div>
   <div class='ocr_carea' id='block_1_116' title="bbox 1986 5268 3597 5336">
    <p class='ocr_par' dir='ltr' id='par_1_116' title="bbox 1986 5268 3597 5336">
     <span class='ocr_line' id='line_1_116' title="bbox 1986 5268 3597 5336; baseline -0.001 -10"><span class='ocrx_word' id='word_1_884' title='bbox 1986 5286 2198 5328; x_wconf 84' lang='lat' dir='ltr'><strong>rursum</strong></span> <span class='ocrx_word' id='word_1_885' title='bbox 2219 5284 2340 5325; x_wconf 89' lang='lat' dir='ltr'><strong>eum</strong></span> <span class='ocrx_word' id='word_1_886' title='bbox 2380 5280 2588 5325; x_wconf 89' lang='lat' dir='ltr'><strong>terrore</strong></span> <span class='ocrx_word' id='word_1_887' title='bbox 2619 5269 2840 5336; x_wconf 68' lang='lat' dir='ltr'><strong>laatitia;</strong></span> <span class='ocrx_word' id='word_1_888' title='bbox 2873 5268 3007 5326; x_wconf 86' lang='lat' dir='ltr'><strong>nihil</strong></span> <span class='ocrx_word' id='word_1_889' title='bbox 3025 5278 3108 5325; x_wconf 86' lang='lat' dir='ltr'><strong>est</strong></span> <span class='ocrx_word' id='word_1_890' title='bbox 3136 5270 3282 5329; x_wconf 87' lang='lat' dir='ltr'><strong>enim</strong></span> <span class='ocrx_word' id='word_1_891' title='bbox 3302 5273 3597 5325; x_wconf 77' lang='lat' dir='ltr'><strong>matrimo-‘</strong></span> 
     </span>
    </p>
   </div>
   <div class='ocr_carea' id='block_1_117' title="bbox 1988 5363 3590 5432">
    <p class='ocr_par' dir='ltr' id='par_1_117' title="bbox 1988 5363 3590 5432">
     <span class='ocr_line' id='line_1_117' title="bbox 1988 5363 3590 5432; baseline 0 -14"><span class='ocrx_word' id='word_1_892' title='bbox 1988 5364 2060 5418; x_wconf 91' lang='lat' dir='ltr'><strong>nii</strong></span> <span class='ocrx_word' id='word_1_893' title='bbox 2104 5364 2369 5418; x_wconf 89' lang='lat' dir='ltr'><strong>bonorum</strong></span> <span class='ocrx_word' id='word_1_894' title='bbox 2414 5377 2644 5415; x_wconf 87' lang='lat' dir='ltr'><strong>vacuum</strong></span> <span class='ocrx_word' id='word_1_895' title='bbox 2692 5370 2931 5429; x_wconf 81' lang='lat' dir='ltr'><strong>terrere;</strong></span> <span class='ocrx_word' id='word_1_896' title='bbox 2981 5371 3182 5430; x_wconf 88' lang='lat' dir='ltr'><strong>terror,</strong></span> <span class='ocrx_word' id='word_1_897' title='bbox 3228 5363 3472 5432; x_wconf 87' lang='lat' dir='ltr'><strong>inquam,</strong></span> <span class='ocrx_word' id='word_1_898' title='bbox 3520 5378 3590 5418; x_wconf 89' lang='lat' dir='ltr'><strong>ne</strong></span> 
     </span>
    </p>
   </div>
   <div class='ocr_carea' id='block_1_118' title="bbox 1986 5453 3589 5524">
    <p class='ocr_par' dir='ltr' id='par_1_118' title="bbox 1986 5453 3589 5524">
     <span class='ocr_line' id='line_1_118' title="bbox 1986 5453 3589 5524; baseline 0 -15"><span class='ocrx_word' id='word_1_899' title='bbox 1986 5456 2176 5511; x_wconf 84' lang='lat' dir='ltr'><strong>abortu</strong></span> <span class='ocrx_word' id='word_1_900' title='bbox 2202 5454 2470 5509; x_wconf 87' lang='lat' dir='ltr'><strong>incidente</strong></span> <span class='ocrx_word' id='word_1_901' title='bbox 2504 5463 2558 5507; x_wconf 89' lang='lat' dir='ltr'><strong>et</strong></span> <span class='ocrx_word' id='word_1_902' title='bbox 2596 5453 2736 5523; x_wconf 90' lang='lat' dir='ltr'><strong>quod</strong></span> <span class='ocrx_word' id='word_1_903' title='bbox 2762 5462 3081 5524; x_wconf 86' lang='lat' dir='ltr'><strong>conceptum</strong></span> <span class='ocrx_word' id='word_1_904' title='bbox 3122 5462 3207 5509; x_wconf 89' lang='lat' dir='ltr'><strong>est</strong></span> <span class='ocrx_word' id='word_1_905' title='bbox 3248 5455 3503 5518; x_wconf 78' lang='lat' dir='ltr'><strong>intereat,</strong></span> <span class='ocrx_word' id='word_1_906' title='bbox 3530 5465 3589 5509; x_wconf 89' lang='lat' dir='ltr'><strong>et</strong></span> 
     </span>
    </p>
   </div>
   <div class='ocr_carea' id='block_1_119' title="bbox 1986 5535 3586 5617">
    <p class='ocr_par' dir='ltr' id='par_1_119' title="bbox 1986 5535 3586 5617">
     <span class='ocr_line' id='line_1_119' title="bbox 1986 5535 3586 5617; baseline -0.001 -16"><span class='ocrx_word' id='word_1_907' title='bbox 1986 5535 2201 5617; x_wconf 83' lang='lat' dir='ltr'><strong>gravida</strong></span> <span class='ocrx_word' id='word_1_908' title='bbox 2243 5546 2297 5601; x_wconf 90' lang='lat' dir='ltr'><strong>in</strong></span> <span class='ocrx_word' id='word_1_909' title='bbox 2335 5556 2633 5600; x_wconf 88' lang='lat' dir='ltr'><strong>extremum</strong></span> <span class='ocrx_word' id='word_1_910' title='bbox 2662 5543 2950 5603; x_wconf 84' lang='lat' dir='ltr'><strong>discrimen</strong></span> <span class='ocrx_word' id='word_1_911' title='bbox 2979 5545 3179 5601; x_wconf 88' lang='lat' dir='ltr'><strong>veniat.</strong></span> <span class='ocrx_word' id='word_1_912' title='bbox 3234 5544 3329 5601; x_wconf 85' lang='lat' dir='ltr'><strong>Sin</strong></span> <span class='ocrx_word' id='word_1_913' title='bbox 3350 5545 3586 5600; x_wconf 84' lang='lat' dir='ltr'><strong>multum</strong></span> 
     </span>
    </p>
   </div>
   <div class='ocr_carea' id='block_1_120' title="bbox 1988 5635 3586 5711">
    <p class='ocr_par' dir='ltr' id='par_1_120' title="bbox 1988 5635 3586 5711">
     <span class='ocr_line' id='line_1_120' title="bbox 1988 5635 3586 5711; baseline -0.003 -17"><span class='ocrx_word' id='word_1_914' title='bbox 1988 5639 2244 5711; x_wconf 88' lang='lat' dir='ltr'><strong>temporis</strong></span> <span class='ocrx_word' id='word_1_915' title='bbox 2287 5638 2517 5702; x_wconf 88' lang='lat' dir='ltr'><strong>intersit,</strong></span> <span class='ocrx_word' id='word_1_916' title='bbox 2554 5651 2692 5690; x_wconf 91' lang='lat' dir='ltr'><strong>uxor</strong></span> <span class='ocrx_word' id='word_1_917' title='bbox 2719 5635 2928 5692; x_wconf 84' lang='lat' dir='ltr'><strong>hiscere</strong></span> <span class='ocrx_word' id='word_1_918' title='bbox 2966 5651 3073 5692; x_wconf 88' lang='lat' dir='ltr'><strong>non</strong></span> <span class='ocrx_word' id='word_1_919' title='bbox 3104 5636 3301 5703; x_wconf 89' lang='lat' dir='ltr'><strong>audet,</strong></span> <span class='ocrx_word' id='word_1_920' title='bbox 3332 5636 3491 5707; x_wconf 90' lang='lat' dir='ltr'><strong>quasi</strong></span> <span class='ocrx_word' id='word_1_921' title='bbox 3513 5637 3586 5690; x_wconf 90' lang='lat' dir='ltr'><strong>sit</strong></span> 
     </span>
    </p>
   </div>
   <div class='ocr_carea' id='block_1_121' title="bbox 1988 5723 3585 5801">
    <p class='ocr_par' dir='ltr' id='par_1_121' title="bbox 1988 5723 3585 5801">
     <span class='ocr_line' id='line_1_121' title="bbox 1988 5723 3585 5801; baseline -0.004 -16"><span class='ocrx_word' id='word_1_922' title='bbox 1988 5730 2186 5785; x_wconf 86' lang='lat' dir='ltr'><strong>arbitra</strong></span> <span class='ocrx_word' id='word_1_923' title='bbox 2214 5729 2327 5801; x_wconf 86' lang='lat' dir='ltr'><strong>ipsa</strong></span> <span class='ocrx_word' id='word_1_924' title='bbox 2358 5723 2619 5801; x_wconf 86' lang='lat' dir='ltr'><strong>pariendi.</strong></span> <span class='ocrx_word' id='word_1_925' title='bbox 2648 5725 2840 5783; x_wconf 85' lang='lat' dir='ltr'><strong>Partus</strong></span> <span class='ocrx_word' id='word_1_926' title='bbox 2867 5736 3046 5789; x_wconf 84' lang='lat' dir='ltr'><strong>autem</strong></span> <span class='ocrx_word' id='word_1_927' title='bbox 3075 5727 3585 5801; x_wconf 79' lang='lat' dir='ltr'><strong>momentoimpen-</strong></span> 
     </span>
    </p>
   </div>
  </div>
