4206 6324
701 398 806 454 579

689 509 847 564 dente
889 507 1076 562 alvum
1107 517 1254 562 tanto
1293 507 1401 576 jam
1435 517 1676 575 tempore
1719 505 2022 558 afflictatam
2063 501 2278 556 dolores

688 601 1030 668 disrumpunt
1070 613 1131 651 ac
1159 598 1438 661 divellunt,
1469 597 1556 664 qui
1589 595 1674 649 vel
1703 594 1802 648 soli
1845 608 2056 646 omnem
2098 593 2280 645 matri-

688 690 852 745 monii
905 691 1229 760 volnptatem
1270 689 1549 743 offuscent.
1591 688 1725 755 Quin
1773 696 1826 740 ct
1869 686 1988 760 aliae
2029 685 2279 752 deinceps

686 796 831 836 cura:
875 795 994 847 eam
1039 782 1345 834 sollicitant.
1387 777 1597 832 Etenim
1644 776 1834 830 misera
1879 785 1932 829 et
1979 789 2276 828 aerumnosa

688 871 884 937 puella,
920 871 1018 925 etsi
1054 870 1519 924 vehementissime
1563 869 1626 921 iis
1661 866 1982 920 cruciatibus
2024 865 2274 930 distenta,

689 961 852 1014 nihilo
884 961 964 1014 his
996 961 1169 1014 minus
1201 960 1468 1022 formidat,
1503 975 1568 1012 ne
1601 973 1696 1027 pro
1723 956 1956 1026 perfecto
1983 965 2036 1008 et
2071 955 2278 1023 integro

688 1051 913 1106 vitiosus
956 1061 1114 1119 atque
1155 1052 1372 1105 mutilus
1402 1050 1574 1104 infans
1605 1047 1845 1118 prodeat,
1888 1063 1954 1100 ne
1998 1060 2095 1114 pro
2131 1058 2278 1098 mare

691 1141 905 1195 femina.
941 1142 1119 1212 Neque
1148 1143 1290 1195 enim
1329 1141 1443 1195 haec
1482 1155 1573 1195 eas
1602 1136 1900 1192 sollicitudo
1942 1137 2108 1210 levius
2139 1144 2272 1199 tum,

691 1247 857 1304 quam
902 1233 1135 1295 dolores,
1183 1242 1429 1296 exercet;
1471 1247 1588 1300 qua:
1634 1246 1740 1284 non
1791 1228 1948 1282 modo
1992 1232 2042 1281 iu
2086 1226 2277 1296 quibus

691 1335 885 1377 noxam
931 1326 1286 1387 committam,
1337 1323 1429 1378 sed
1478 1322 1635 1377 etiam
1690 1322 1740 1375 in
1785 1319 1978 1390 quibus
2029 1323 2203 1371 absmt
2245 1331 2275 1370 a

693 1414 869 1483 culpa,
895 1414 945 1466 in
978 1413 1062 1466 his
1087 1431 1192 1468 non
1222 1416 1396 1469 minus
1425 1428 1583 1483 quam
1616 1413 1666 1465 in
1699 1412 1802 1465 illis
1831 1412 1971 1463 viros
2005 1417 2272 1472 metuant;

694 1504 744 1555 in
785 1520 955 1573 eaque
997 1514 1308 1576 tempestate
1350 1507 1533 1559 salutis
1569 1520 1679 1558 sua:
1723 1503 1899 1556 studio
1941 1502 2160 1561 oniisso,
2209 1512 2276 1553 ne

691 1595 817 1677 quid
861 1598 974 1651 viro
1010 1583 1224 1652 accidat
1263 1600 1550 1667 ingratum,
1583 1604 1854 1653 verentur.
1886 1594 2002 1647 Jam
2047 1592 2191 1646 edito
2222 1591 2272 1644 in

691 1700 852 1740 auras
894 1685 1112 1752 infante,
1145 1703 1207 1742 ac
1236 1691 1458 1758 primam
1493 1703 1676 1741 vocem
1704 1685 1882 1750 ell‘ato,
1917 1685 2032 1738 alite
2062 1697 2272 1737 rursum

691 1791 834 1829 curm
855 1779 1126 1846 excipiunt
1147 1780 1524 1833 incolumitatis
1548 1791 1705 1848 atque
1731 1776 2080 1832 educationis.
2112 1774 2167 1827 Si
2197 1774 2277 1826 iu-

690 1867 811 1922 dole
838 1880 918 1924 est
951 1871 1236 1945 liberali'et
1264 1871 1329 1925 ad
1357 1873 1601 1926 virtutem
1629 1881 1958 1941 comparata,
1988 1871 2179 1922 iterum
2220 1868 2273 1921 in

692 1967 835 2011 metu
865 1972 1129 2028 parentes,
1156 1978 1221 2016 ne
1252 1963 1376 2031 quid
1400 1964 1671 2016 sinistrum
1702 1963 1952 2031 patiatur,
1988 1976 2052 2014 ne
2082 1961 2271 2013 imma—

694 2059 808 2103 tura
850 2062 1024 2106 morte
1063 2054 1239 2118 obeat,
1283 2069 1349 2108 ne
1387 2055 1438 2108 in
1477 2055 1660 2108 vitium
1696 2052 1907 2122 aliquod
1947 2053 2269 2119 degeneret;

692 2157 811 2194 nam
838 2159 942 2197 non
967 2145 1135 2198 Solum
1167 2161 1227 2198 ex
1260 2147 1512 2214 improbis
1543 2145 1713 2214 probi,
1742 2145 1834 2199 sed
1863 2145 2020 2198 etiam
2052 2160 2115 2198 ex
2149 2158 2272 2212 pro-

693 2232 772 2285 bis
800 2233 1023 2301 improbi
1055 2251 1117 2289 ac
1157 2235 1399 2305 flagitiosi
1441 2236 1591 2289 fiunt.
1625 2237 1860 2303 Quorum
1895 2237 1936 2288 si
1978 2234 2270 2304 quid\e\e-

694 2325 804 2378 niat
830 2326 1076 2392 invisum,
1111 2328 1493 2384 intolerabilius
1533 2330 1729 2383 malum
1766 2338 1867 2392 est,
1899 2344 2055 2398 quam
2088 2328 2130 2381 si
2159 2327 2274 2383 hic

688 2417 756 2470 ab
787 2417 934 2470 initio
953 2421 1329 2489 contigissent:
1355 2423 1434 2474 sin
1458 2421 1709 2474 omniain
1738 2436 1802 2474 eo
1833 2420 2082 2489 prwelzira
2104 2419 2271 2473 stabi-

691 2508 755 2562 lia
780 2523 1140 2577 permaneant,
1157 2514 1528 2566 atmutationis
1550 2515 1706 2566 timor
1721 2513 1931 2569 assidue
1951 2520 2144 2581 pratsto
2167 2521 2267 2576 est,

690 2612 964 2668 parentum
991 2605 1196 2656 animos
1224 2619 1442 2657 versans
1464 2618 1815 2672 magnamque
1841 2602 2127 2670 Voluptatis
2155 2617 2271 2670 par-

689 2701 794 2745 tem
837 2693 1176 2747 detruncaus.
1224 2695 1293 2748 At
1334 2711 1438 2749 non
1483 2696 1730 2749 omnibus
1771 2696 1972 2748 maritis
2011 2695 2273 2765 contingit

687 2782 885 2836 liberos
917 2784 1133 2839 habere.
1167 2786 1344 2855 itaque
1384 2787 1511 2839 mihi
1552 2787 1709 2840 aliam
1752 2801 1962 2840 rursum
2002 2786 2266 2854 inquietu-

684 2873 824 2926 tliuis
851 2888 1064 2927 causam
1108 2890 1310 2928 narras.
1338 2860 1524 2941 Quare.
1543 2877 1584 2928 si
1622 2883 1677 2929 et
1706 2876 1966 2944 susceptis
1996 2875 2178 2928 liberis
2207 2889 2270 2928 ac

687 2977 790 3015 non
815 2965 1098 3032 susceptis,
1130 2973 1180 3018 et
1207 2966 1382 3033 probis
1404 2982 1465 3019 ac
1486 2965 1780 3034 ﬂagitiosis,
1810 2966 1972 3017 variis
1994 2963 2267 3017 doloribus

683 3061 844 3121 atque
866 3054 1005 3106 curis
1032 3055 1389 3121 continentur,
1417 3057 1554 3110 unde
1577 3057 1685 3124 jam
1713 3071 1874 3127 porro
1899 3056 2265 3108 suavissimam

682 3144 964 3214 COIIjllgtllll
1007 3148 1168 3200 vitam
1219 3149 1562 3203 vocabimus?
1591 3149 1708 3202 .lam
1752 3148 1796 3203 si
1837 3148 2103 3217 conjugati
2135 3163 2264 3202 con-

681 3237 874 3290 cordes
911 3239 1071 3292 vitam
1114 3241 1345 3310 exigant,
1385 3243 1610 3295 formido
1640 3243 1741 3295 erit
1783 3258 1850 3296 ne
1880 3243 2091 3297 irruens
2123 3257 2266 3297 mors

681 3326 1008 3395 voluptatem
1059 3329 1309 3399 dissipet;
1362 3331 1470 3384 imo
1521 3347 1647 3386 vero
1679 3347 1802 3386 -non
1857 3332 2083 3386 formido
2128 3333 2262 3395 erit,

681 3433 854 3488 neque
896 3419 950 3473 id
997 3422 1194 3474 malum
1236 3422 1581 3476 metuendum
1624 3423 1900 3477 dumtaxat
1944 3423 2118 3488 fuerit,
2169 3422 2261 3476 sed

679 3509 900 3563 omnino
941 3512 1230 3565 necessitas
1258 3514 1360 3567 erit
1399 3513 1681 3583 aliquando
1719 3515 1770 3568 in
1798 3522 1972 3568 actum
2011 3514 2259 3583 prodire;

681 3615 838 3654 nemo
856 3602 996 3655 enim
1016 3604 1186 3672 potuit
1211 3613 1490 3674 utrumque
1512 3622 1616 3660 uno
1639 3607 1725 3662 die
1746 3590 2061 3662 exStinctum
2085 3617 2264 3661 osten-

677 3690 824 3745 dere.
855 3693 1006 3757 Quod
1031 3695 1074 3748 si
1099 3710 1203 3747 non
1221 3697 1512 3766 contingat,
1541 3697 1679 3766 quod
1703 3709 1945 3767 Superest
1970 3699 2262 3753 necessitas

677 3783 778 3834 erit
809 3783 889 3836 vel
930 3794 1098 3839 morte
1137 3787 1461 3841 acerbiorem
1508 3789 1666 3852 vitam
1713 3792 1996 3855 sustinere,
2040 3807 2131 3845 seu
2172 3792 2259 3845 diu

678 3887 794 3925 eum
840 3889 900 3928 ea
931 3878 1227 3942 consuevit,
1260 3892 1353 3932 seu
1399 3895 1609 3948 parum.
1651 3881 1780 3933 Nam
1824 3880 1911 3934 ille
1951 3897 2056 3950 quo
2094 3885 2259 3951 magis

677 3963 968 4028 periculum
1018 3966 1162 4027 fecit,
1193 3982 1258 4020 eo
1289 3968 1546 4036 majorem
1589 3969 1745 4024 habet
1785 3969 2058 4035 dolorem,
2105 3973 2258 4041 longa

674 4057 1060 4112 consuetudine
1109 4058 1445 4115 intolerabile
1494 4062 1772 4116 dissidium
1823 4051 2080 4116 reddente
2123 4080 2135 4114 :
2173 4064 2259 4118 hic

673 4147 980 4216 priusquam
1008 4164 1242 4204 amorem
1264 4153 1559 4220 gustaverit
1583 4167 1643 4207 ac
1666 4154 1981 4219 expleverit,
2012 4153 2256 4210 fervente

672 4238 845 4292 adhuc
888 4239 1155 4294 desiderio
1194 4256 1258 4296 ea
1302 4243 1576 4311 spoliatus,
1625 4243 1852 4319 idipsum
1886 4245 2254 4325 vehementius

673 4329 846 4399 luget;
877 4339 1036 4399 atque
1059 4348 1121 4386 ex
1143 4334 1426 4387 contrariis
1446 4323 1619 4388 causis
1643 4336 1826 4390 eadem
1854 4323 2074 4406 uterque
2096 4338 2254 4391 mise-

672 4420 746 4472 ria
778 4429 1001 4473 tenetur.
1034 4421 1167 4488 Quid
1195 4421 1303 4490 jam
1344 4423 1547 4489 dicam,
1579 4441 1696 4492 qua:
1732 4425 1946 4479 interim
1989 4414 2249 4492 incidunt,

668 4511 1050 4580 separationcs,
1088 4512 1365 4568 diuturnas
1408 4512 1880 4586 peregrinationes,
1922 4532 2149 4586 angores
2189 4519 2252 4572 iis

666 4600 999 4668 conjunctos,
1031 4604 1282 4657 morbos?
1312 4604 1446 4672 Quid
1475 4606 1574 4660 hoc
1604 4607 1667 4661 ad
1699 4609 2136 4661 matrimonium?
2164 4609 2247 4663 in-

665 4692 797 4758 quit.
829 4689 985 4746 Certe
1015 4694 1193 4747 multm
1220 4709 1363 4763 szepe
1383 4697 1499 4764 ejus
1529 4711 1689 4765 opera
1715 4698 2083 4767 :cgritudinem
2115 4715 2246 4754 cou-

668 4792 941 4837 traxerunt
978 4802 990 4837 :
1035 4786 1223 4854 injuria
1270 4789 1411 4841 enim
1456 4788 1660 4843 affecta:
1702 4799 1756 4843 et
1797 4791 2016 4863 irritata:
2055 4793 2257 4860 partim

666 4874 761 4935 ira,
800 4876 986 4941 partim
1021 4893 1270 4942 interore,
1299 4894 1514 4948 gravem
1559 4881 1746 4935 febrim
1782 4884 2138 4938 concitarunt.
2167 4883 2245 4938 Ac

662 4967 906 5031 quatuvis
945 4982 1010 5020 eo
1042 4981 1303 5035 praesente
1343 4971 1472 5025 nihil
1513 4971 1773 5040 ejusmodi
1815 4976 2105 5044 patiantur,
2148 4976 2241 5030 sed

663 5052 799 5107 facili
835 5066 1091 5124 perpetuo
1120 5067 1350 5122 utantur,
1389 5063 1910 5131 peregrinationibus
1940 5066 1990 5119 in
2019 5081 2078 5119 ea
2105 5066 2242 5121 mala

660 5161 870 5198 rursum
915 5138 1198 5225 cogunlur.
1241 5149 1345 5205 Sed
1387 5151 1501 5206 hare
1545 5156 1722 5208 omnia
1769 5156 1931 5211 missa
1963 5156 2236 5222 faciamus,

659 5251 758 5290 nec
797 5233 1196 5293 matrimonium
1218 5241 1490 5310 culpemus
1525 5261 1538 5297 :
1577 5253 1633 5297 at
1677 5260 1780 5300 non
1822 5247 1922 5300 hoc
1961 5263 2110 5317 :eque
2137 5248 2239 5302 cri-

665 5340 784 5379 men
816 5326 1049 5396 effugere
1091 5332 1277 5396 possit.
1316 5330 1634 5397 Quodnam?
1676 5335 1826 5401 Quod
1866 5351 2052 5390 sanum
2094 5353 2238 5406 επιετο

658 5416 823 5468 nihilo
866 5417 1051 5472 melius
1081 5418 1328 5473 affectum
1364 5421 1628 5488 demittat,
1677 5425 1770 5479 sed
1809 5426 1872 5479 ad
1917 5441 2096 5495 parem
2139 5427 2236 5482 dc-

651 5508 922 5562 cumbeuti
952 5511 1370 5580 inquietudinem
1403 5515 1710 5582 compellat.

727 5601 903 5655 LVIII.
951 5603 1330 5659 Matrimonium
1359 5607 1471 5659 licet
1491 5617 1669 5662 ‘omnes
1715 5609 1942 5662 miserias
1985 5609 2190 5680 e/fugiat
2217 5653 2231 5676 ,

652 5693 777 5745 nihil
807 5710 1040 5761 magnum
1063 5695 1498 5751 habere—Visne
1531 5698 1643 5752 ll‘JlC
1664 5700 1819 5752 etiam
1843 5711 2028 5755 cuncta
2059 5700 2235 5754 dimit-

650 5792 856 5851 tamus,
898 5799 959 5838 ac
987 5801 1102 5855 qua:
1136 5786 1246 5842 fieri
1286 5799 1548 5857 nequeant
1597 5804 1956 5860 suppanamus
1978 5833 1990 5851 .
2034 5803 2087 5846 et
2118 5807 2230 5846 ma-

1470 392 1526 447 S.
1569 387 1846 448 .lO.-\NNIS
1882 384 2362 478 CllRYSOSIQMl
2402 388 2718 454 AllQlllEP.
2761 389 3298 462 CONSTANTl-NQP.
3870 399 3971 456 3580

2389 502 2691 556 trimonium
2743 503 2932 558 demus
2984 508 3161 560 omnia
3209 507 3366 562 simul
3413 507 3548 562 bona
3593 509 3968 579 complexum,

2384 593 2588 661 prolem
2630 610 2968 649 numerosam
3000 638 3014 663 ,
3055 599 3219 652 seitos
3246 599 3438 653 liberos
3469 642 3484 666 ,
3515 615 3644 669 opes
3671 642 3685 665 ,
3717 610 3970 657 matrem-

2385 681 2609 737 familias
2637 683 2768 754 frugi
2796 727 2809 749 ,
2842 685 3128 740 formosam
3154 729 3166 752 ,
3197 699 3466 743 strenuam
3490 732 3503 756 ,
3527 693 3967 757 consensionem,

2385 772 2677 843 longaevam
2731 779 3099 832 senectutem?
3144 779 3283 833 addo
3313 789 3366 833 et
3392 782 3603 850 generis
3641 782 3969 845 claritatem,

2384 872 2437 916 et
2479 866 2726 933 potentia:
2770 868 3184 935 magnitudinem
3219 888 3232 923 :
3285 885 3384 924 nec
3421 868 3501 924 vel
3545 888 3829 926 commune
3873 874 3973 925 hoc

2386 966 2586 1008 natura:
2614 958 2813 1011 malum
2845 973 2939 1012 eos
2982 960 3264 1025 sollicitet,
3301 961 3487 1015 harum
3531 977 3706 1015 rerum
3751 979 3962 1017 conver-

2384 1046 2551 1099 sionis
2577 1046 2835 1115 formido,
2876 1050 2969 1103 sed
2996 1051 3170 1103 omnis
3199 1053 3445 1106 mteroris
3465 1093 3478 1113 ,
3507 1053 3682 1107 omnis
3708 1064 3878 1109 metus
3910 1070 3971 1108 ac

2382 1152 2632 1192 curarum
2685 1154 2842 1214 causa
2870 1145 3161 1210 proscripta
3211 1143 3310 1207 sit,
3358 1159 3529 1213 neque
3578 1153 3667 1197 aut
3711 1145 3811 1198 alia
3864 1147 3969 1199 ulla

2383 1229 2461 1282 vis
2482 1269 2495 1291 ,
2539 1238 2630 1282 aut
2677 1245 2821 1284 mors
2865 1232 3145 1285 immatura
3175 1235 3569 1308 matrimonium
3597 1236 3841 1297 dirimat,
3873 1237 3967 1290 sed

2382 1334 2498 1373 eam
2530 1337 2742 1396 quoque
2771 1338 2957 1378 omnes
2987 1325 3176 1379 eodem
3214 1325 3301 1379 die
3331 1326 3524 1380 obeant
3548 1368 3564 1392 ,
3601 1337 3691 1381 aut
3724 1329 3862 1396 quod
3902 1342 3971 1381 eo

2382 1409 2539 1479 longe
2569 1394 2883 1466 fortunatius
2912 1414 3156 1481 videtur,
3197 1415 3346 1468 liberi
3377 1415 3614 1470 hzrredes
3660 1394 3929 1486 supersint
3952 1457 3967 1484 ,

2381 1510 2652 1567 parentem
2682 1512 2965 1572 utrumque
3004 1505 3054 1558 in
3074 1512 3322 1559 extrema
3350 1515 3622 1560 senectute
3648 1508 3802 1560 simul
3829 1523 3967 1576 prm-

2382 1591 2594 1644 Iuittant
2624 1611 2635 1646 :
2664 1609 2820 1662 quem
2856 1595 3069 1649 tandem
3116 1594 3272 1650 linem
3315 1607 3742 1666 coiisequeutur,
3772 1607 3824 1652 et
3860 1614 3970 1667 quo

2379 1679 2592 1736 demum
2625 1699 2689 1737 ex
2718 1684 2816 1738 hac
2848 1694 2989 1738 tanta
3015 1687 3284 1755 voluptate
3313 1696 3533 1756 accepto
3563 1689 3926 1747 emolumento
3952 1731 3965 1754 ,

2379 1784 2444 1824 eo
2487 1771 2807 1826 discedent?
2857 1775 2989 1829 Nam
3021 1777 3217 1832 mullos
3263 1778 3458 1833 liberos
3484 1778 3761 1848 reliquisse
3782 1821 3796 1840 ,
3829 1795 3964 1833 uxo-

2378 1877 2490 1915 rem
2521 1877 2798 1919 venustam
2839 1883 2961 1922 cum
3008 1869 3213 1924 deliciis
3241 1872 3554 1941 ueterisque
3576 1873 3824 1926 Ollllllbus
3849 1889 3966 1942 qua:

2377 1953 2487 2021 jam
2530 1959 2810 2024 percensui
2843 1969 3131 2026 tractasse,
3165 1965 3231 2015 ad
3279 1972 3546 2017 senectam
3593 1963 3802 2033 longam
3843 1979 3961 2017 eva-

2378 2045 2531 2110 sisse,
2568 2049 2755 2117 ecquid
2788 2051 2942 2106 nobis
2963 2053 3028 2106 ad
3076 2055 3304 2108 tribunal
3334 2056 3458 2110 illud
3501 2056 3733 2125 praesidii
3775 2056 3966 2110 afferre

2379 2139 2577 2206 possit,
2633 2140 2684 2192 in
2739 2141 2879 2195 veris
2932 2144 3251 2213 mternisque
3296 2145 3505 2199 rebus?
3566 2145 3726 2199 Nihil.
3783 2144 3969 2216 Itaque

2378 2229 2564 2283 umbra
2610 2241 2733 2285 sunt
2764 2231 2916 2300 lucc,
2963 2245 3120 2302 atque
3159 2237 3463 2301 somnium;
3512 2237 3708 2307 quippe
3753 2251 3875 2291 cum
3914 2238 3965 2291 iu

2379 2321 2699 2386 perennibus
2743 2322 2845 2377 illis
2895 2324 3137 2390 smculis,
3190 2340 3308 2394 qua:
3358 2335 3468 2378 tum
3518 2341 3616 2379 nos
3661 2327 3962 2395 excipient,

2377 2409 2505 2462 nihil
2535 2425 2597 2462 ex
2627 2410 2711 2464 his
2740 2411 2940 2466 fructus
2960 2454 2973 2476 ,
3002 2413 3128 2467 nihil
3158 2414 3330 2468 solatii
3375 2415 3697 2483 sperandum
3725 2416 3829 2481 sit;
3872 2419 3963 2485 qui

2377 2498 2460 2551 his
2501 2501 2696 2566 potitus
2725 2508 2826 2566 est,
2871 2502 3059 2556 eodem
3093 2505 3208 2558 loco
3231 2514 3312 2559 est
3340 2505 3610 2560 habendus
3637 2521 3742 2576 quo
3771 2522 3968 2576 cuper-

2378 2599 2475 2644 tes.
2507 2590 2690 2660 Neque
2717 2595 2857 2648 enim
2890 2595 2934 2647 si
2962 2596 3078 2664 quis
3113 2597 3163 2650 in
3196 2596 3344 2652 mille
3377 2597 3531 2651 annis
3557 2608 3768 2653 noctem
3800 2615 3965 2654 uuam

2376 2696 2538 2738 Suave
2583 2686 2848 2739 somnium
2898 2687 3066 2755 vidit,
3107 2689 3223 2758 plus
3252 2689 3502 2759 quiddam
3548 2690 3745 2746 habere
3775 2691 3962 2746 dicen-

2375 2773 2475 2828 dus
2514 2784 2621 2836 est,
2663 2791 2818 2844 quam
2863 2779 2950 2846 qui
2979 2779 3094 2846 ejus
3121 2780 3218 2834 visi
3253 2795 3449 2849 expers
3475 2779 3654 2836 fuerit.
3698 2781 3808 2836 lmo
3836 2797 3966 2838 vero

2374 2881 2476 2920 nec
2499 2877 2751 2935 quantum
2778 2870 3018 2924 volebam
3050 2872 3300 2941 loquutus
3329 2888 3466 2927 sum.
3499 2873 3628 2927 Nam
3669 2889 3768 2928 nec
3795 2890 3955 2944 quam

2375 2966 2484 3008 tum
2515 2961 2650 3012 veris
2670 2959 2869 3014 distant
2893 2963 3095 3014 somnia
3115 3003 3130 3029 ,
3156 2971 3357 3016 tantum
3383 2962 3500 3019 haec
3521 2964 3588 3020 ab
3613 2964 3716 3018 illis
3736 2965 3962 3027 absunt,

2372 3049 2465 3102 sed
2495 3050 2658 3103 multo
2686 3053 2913 3121 amplius
2939 3070 2952 3106 :
3001 3070 3100 3108 nec
3128 3055 3269 3123 quod
3301 3056 3351 3108 iu
3380 3057 3522 3110 mille
3547 3057 3698 3110 annis
3726 3073 3827 3110 una
3855 3074 3962 3112 nox

2371 3152 2485 3208 est,
2521 3145 2844 3199 tantumdem
2878 3147 2980 3200 hoc
3003 3147 3068 3200 ad
3118 3147 3349 3202 futurum
3396 3149 3650 3203 smeulum
3705 3159 3822 3213 est,
3864 3150 3962 3206 sed

2371 3232 2458 3286 hic
2504 3249 2714 3290 rursum
2743 3237 2900 3290 etiam
2931 3238 3049 3306 plus
3081 3238 3298 3294 interest
3329 3241 3669 3295 discriminis.
3704 3243 3775 3295 At
3802 3244 3963 3313 virgi-

2371 3323 2508 3376 nitas
2556 3341 2659 3378 non
2699 3335 2781 3380 est
2825 3328 3125 3395 ejusmodi;
3173 3331 3297 3400 quin
3319 3330 3464 3384 facto
3514 3331 3700 3400 grandi
3749 3343 3963 3401 qmestu

2369 3414 2609 3470 discedit.
2640 3417 2743 3471 Sed
2775 3435 2885 3472 rem
2914 3435 3126 3474 onmem
3155 3422 3184 3474 a
3216 3423 3385 3491 capite
3414 3424 3789 3492 disquiramus.

2456 3505 2589 3559 LIX.
2663 3496 3007 3580 Virginitatem
3056 3513 3256 3579 facilem
3308 3513 3672 3568 csse.-—Non
3733 3530 3963 3570 necesse

2369 3594 2530 3650 habet
2561 3598 2610 3651 in
2644 3613 2896 3666 sponsum
2932 3600 3198 3670 inquirere
3221 3644 3234 3667 ,
3266 3618 3361 3656 nec
3388 3601 3566 3656 fucum
3601 3605 3784 3659 timet:
3817 3605 3962 3659 Deus

2367 3695 2449 3739 est
2492 3687 2630 3752 enim
2681 3704 2785 3742 ncn
2829 3689 3018 3752 homo,
3066 3691 3322 3745 Dominus
3361 3709 3465 3746 non
3517 3709 3827 3749 conservus.
3879 3696 3962 3749 Ac

2366 3791 2681 3844 sponsorum
2730 3778 2828 3832 hoc
2857 3779 3143 3835 discrimen
3173 3791 3255 3836 est
3285 3801 3297 3837 :
3329 3783 3448 3837 vide
3471 3793 3647 3838 autem
3679 3793 3732 3838 ct
3763 3778 3962 3855 quibus

2366 3868 2526 3920 rebus
2574 3868 3026 3938 despondeantur.
3078 3873 3193 3927 Non
3218 3876 3475 3944 mancipia
3503 3917 3516 3939 ,
3551 3891 3653 3930 non
3683 3886 3841 3932 terra:
3869 3878 3959 3946 ju-

2364 3973 2520 4027 gera,
2575 3976 2678 4014 non
2730 3972 2806 4015 tot
2849 3978 2911 4017 ac
2959 3965 3176 4020 totidem
3213 3968 3326 4020 auri
3360 3968 3585 4033 talenta,
3619 3969 3711 4024 sed
3741 3971 3858 4024 caeli
3901 3983 3960 4027 et

2343 4050 2591 4109 ,ca‘lestia
2622 4053 2789 4119 bona,
2824 4069 3032 4124 spoasa:
3065 4056 3219 4126 hujus
3245 4059 3440 4113 dotalia
3485 4070 3628 4115 sunt.
3685 4061 3957 4119 Prmterea

2362 4142 2554 4210 coujux
2620 4155 2843 4201 mortem
2898 4149 3153 4218 trepidat',
3210 4165 3329 4204 cum
3381 4162 3600 4221 propter
3652 4154 3790 4220 alia,
3838 4165 3957 4209 tum

2361 4237 2501 4305 quod
2549 4253 2607 4292 se
2637 4254 2666 4291 a
2710 4242 3072 4295 contubernali
3102 4243 3384 4314 disjungat.
3434 4245 3594 4316 Virgo
3633 4255 3688 4301 et
3717 4256 3954 4303 mortem

2360 4327 2660 4395 desiderat,
2694 4338 2748 4384 et
2772 4331 2874 4384 vita
2917 4343 3199 4402 gravatur,
3230 4346 3484 4402 Sponsum
3534 4351 3768 4405 prmsens
3813 4353 3956 4408 pnn-

2359 4429 2561 4472 sentem
2595 4421 2822 4486 intueri,
2854 4437 3022 4492 eaque
3051 4424 3216 4492 gloria
3247 4423 3347 4478 frui
3380 4441 3689 4494 properans.

2429 4508 2543 4564 LX.
2598 4510 2943 4582 Virginitatem
2984 4515 3171 4568 nullius
3201 4531 3343 4584 egere
3371 4517 3503 4585 quod
3545 4517 3598 4569 in
3625 4517 3768 4571 nobis
3807 4521 3955 4588 posi-

2358 4609 2462 4653 tum
2501 4617 2602 4654 non
2649 4603 2825 4655 sit.—-
2867 4602 2977 4657 Nec
3008 4619 3134 4658 vero
3157 4605 3236 4666 ei.
3283 4614 3340 4659 ut
3380 4606 3429 4658 iu
3476 4607 3847 4673 matrimonio,
3901 4609 3956 4664 iu

2357 4691 2531 4758 inopia
2581 4690 2778 4760 degere
2821 4693 3107 4763 quidquam
3163 4693 3334 4749 fraudi
3392 4711 3513 4751 esse
3556 4707 3768 4765 potest;
3820 4702 3955 4768 quin

2359 4782 2531 4849 potius
2572 4783 2712 4851 quod
2758 4784 2899 4838 ultro
2940 4786 3234 4851 sustineat,
3281 4801 3478 4856 sponso
3524 4787 3575 4842 id
3618 4803 3735 4842 eam
3770 4789 3956 4845 reddit

2356 4875 2657 4928 cariorem:
2705 4890 2804 4929 nec
2861 4876 3074 4930 sordide
3127 4880 3303 4931 natam
3355 4893 3506 4943 esse,
3553 4894 3650 4933 nec
3699 4882 3949 4948 corporis

2356 4977 2633 5020 venustate
2703 4983 2807 5022 non
2857 4969 3174 5034 excellere;
3239 4985 3412 5037 neque
3468 4970 3608 5023 aliud
3654 4970 3950 5039 quidquam

2353 5059 2546 5114 simile.
2597 5059 2662 5114 Et
2687 5060 2813 5128 quid
2858 5060 2973 5115 hmo
3021 5061 3432 5114 commemoro?
3463 5061 3592 5114 Nam
3643 5070 3697 5114 et
3742 5063 3787 5114 si
3843 5077 3953 5116 nec

2352 5149 2515 5203 libera
2548 5151 2655 5215 sit,
2699 5165 2871 5219 neque
2899 5150 3194 5220 idquidem
3245 5151 3361 5219 ejus
3411 5151 3744 5220 sponsalibus
3785 5151 3954 5206 dero-

2349 5250 2475 5310 gat,
2517 5241 2610 5296 sed
2639 5241 2835 5296 sufficit
2867 5243 3102 5296 animum
3144 5242 3423 5310 pulchrum
3455 5251 3706 5310 prrestare
3726 5285 3739 5306 ,
3774 5253 3829 5296 ut
3860 5247 3951 5300 vel

2351 5332 2549 5400 primas
2575 5343 2949 5401 consequatur.
2986 5333 3100 5387 Non
3139 5333 3225 5387 hic
3255 5334 3516 5406 zelotypia
3561 5333 3792 5387 timenda
3823 5343 3911 5388 est
3931 5377 3947 5401 ,

2350 5441 2455 5479 non
2503 5426 2720 5480 alterius
2788 5426 3037 5493 feminae,
3085 5435 3144 5480 ut
3183 5426 3394 5480 clariori
3436 5426 3551 5479 viro
3599 5426 3900 5495 conjugatae
3928 5471 3944 5494 ,

2348 5518 2542 5572 invidia
2580 5518 2868 5573 dolendum
2900 5537 2911 5572 :
2955 5535 3125 5588 neque
3154 5517 3295 5573 enim
3343 5519 3389 5572 ci
3437 5511 3711 5588 quisquam
3750 5518 3948 5574 similis

2347 5622 2504 5680 atquc
2533 5627 2626 5680 par
2649 5621 2766 5675 est,
2800 5628 2899 5666 nec
2947 5627 3074 5666 vero
3115 5627 3277 5680 parvo
3322 5612 3598 5665 intervallo
3640 5611 3943 5679 proximus.

2347 5705 2415 5756 At
2455 5704 2504 5755 in
2548 5703 2886 5756 matrimonio
2927 5713 3265 5772 quantumvis
3293 5701 3617 5770 prmdivitem
3645 5711 3697 5754 et
3728 5716 3942 5771 pracpo-

2349 5804 2548 5848 tentem
2579 5796 2749 5850 virum
2777 5796 2967 5849 mulier
2996 5804 3145 5848 nacta
3180 5795 3276 5861 sit,
3303 5795 3459 5848 altam
3500 5806 3676 5848 tamen
3707 5794 3946 5862 reperiet
