4206 6324
148 363 244 426 579

141 486 311 559 χρόνῳ
358 484 693 556 πονηθεισαν
731 483 894 555 νηδύν
921 479 1158 549 ’ὠδῖνες,
1204 486 1258 539 αῖ
1295 487 1388 540 καὶ
1432 485 1592 556 μόναι
1636 489 1822 541 ἱκαναὶ

144 573 313 627 πάντα
362 573 658 627 συσκιάσαι
696 572 764 625 τά
810 572 907 625 τοῦ
944 574 1124 642 γάμου
1155 575 1388 643 χρηστά.
1419 573 1720 642 Θορυϐοὖσι
1765 575 1822 627 δὲ

142 660 305 731 αὐτὴν
332 661 424 712 καὶ
455 661 614 713 ἀλλαι
653 660 791 732 μετά
823 660 1030 714 τούτων
1060 657 1361 731 φροντίδες.
1403 661 1469 714 Ἦ
1513 660 1622 731 γὰρ
1665 662 1824 714 ἀθλία

146 749 233 800 καὶ
273 748 622 820 ταλαίπωρος
666 749 824 820 κόρη,
863 749 1038 802 καίτοι
1088 747 1231 801 οὑτω
1279 741 1529 819 σφοδρῶς
1582 747 1686 801 ὑπὸ
1716 748 1825 802 τῶν

142 836 445 907 ἀλγηδόνων
497 837 722 891 ἐκείνων
755 837 1212 907 κατατεινομένη,
1248 837 1453 890 δέδοικε
1485 837 1694 889 τούτων
1725 836 1824 904 οὐχ

137 920 318 996 ἦττον,
364 926 575 996 μήποτε
615 926 994 997 λελωϐημένον
1022 927 1118 980 καὶ
1154 926 1436 996 ἀνάπηρον
1472 926 1594 978 ἀντὶ
1630 925 1820 994 ἀρτίου

139 1013 232 1065 καὶ
265 1012 450 1078 ὑγιοῦς
503 1012 766 1084 προέλθῃ,
819 1015 1026 1083 μήποτε
1075 1011 1195 1064 ἀντὶ⁵
1248 1012 1481 1082 ἄρρενος
1525 1011 1677 1081 θῆλυ.
1716 1012 1826 1063 Καὶ

137 1099 245 1169 γὰρ
273 1097 411 1169 αὐτη
446 1100 544 1169 οὐχ
570 1094 732 1169 ἦττον
767 1098 936 1153 αὐτὰς
967 1100 1076 1151 τῶν
1101 1099 1306 1151 ὠδίνων
1346 1099 1378 1167 ἡ
1419 1099 1627 1166 ἀγωνία
1662 1097 1825 1169 θορυ-

139 1186 224 1238 ϐεῖ
258 1187 401 1238 τότε·
447 1187 571 1252 οὐδὲ
617 1187 724 1256 γὰρ
765 1187 822 1237 ὲν
851 1180 931 1246 οἷς
974 1187 1110 1237 εἰσιν
1141 1184 1436 1238 ὑπεύθυνοι
1477 1184 1658 1253 μόνον,
1690 1183 1828 1237 ἀλλὰ

138 1274 232 1326 καὶ
257 1266 332 1327 ὧν
364 1273 466 1343 τῆς
495 1272 677 1334 αίτίας
712 1270 982 1340 ἀφεῖνται,
1011 1274 1112 1325 κάν
1146 1272 1360 1334 τούτοις
1395 1271 1668 1323 δεδοίκασι
1700 1271 1827 1333 τούς

138 1361 338 1433 ἄνδρας
372 1362 471 1413 οὐκ
501 1361 719 1412 ἔλαττον
763 1361 796 1430 ἢ
839 1349 896 1414 ἐν
930 1360 1180 1423 ἐκείνοις,
1216 1359 1310 1412 καὶ
1343 1357 1442 1429 τὴν
1485 1357 1828 1425 ίδίαν⁹ἁσφά-

136 1451 291 1503 λειαν
338 1451 560 1518 ἀφεῖσαι
606 1451 827 1502 σκοπεῖν
874 1451 931 1502 ἐν
957 1447 1197 1518 τοσούτῳ
1231 1446 1481 1510 κλύδωνι,
1512 1445 1824 1515 μεριμνῶσι

142 1539 216 1609 μή
261 1556 315 1591 τι
358 1538 546 1608 τάνδρὶ
581 1537 691 1589 τῶν
721 1535 1040 1605 ἀϐουλήτων
1078 1536 1323 1605 γένηται.
1358 1530 1465 1586 Τοῦ
1510 1534 1566 1586 δὲ
1610 1532 1826 1584 παιδίου

137 1626 398 1689 πεσόντος
423 1629 502 1689 εἰς
528 1625 628 1696 τὴν
650 1627 753 1696 γῆν
783 1625 879 1678 καὶ
901 1623 1123 1695 πρώτην
1148 1624 1376 1691 ἀφέντος
1404 1621 1608 1692 φωνὴν,
1636 1621 1824 1691 ἕτεραι

137 1715 304 1768 πάλιν
337 1714 672 1783 διαδέχονται
708 1713 1006 1783 φροντίδες,
1037 1715 1092 1764 αἱ
1120 1715 1220 1783 τῆς
1253 1711 1546 1781 σωτηρίας,
1584 1711 1640 1762 αἱ
1669 1710 1770 1780 τῆς
1800 1721 1826 1748 α

136 1803 470 1872 ἀνατροφῆς.
513 1801 631 1854 Κᾶν
673 1801 771 1872 μὲν
807 1799 1007 1868 εὐφυὲς
1043 1799 1102 1851 ὃν
1135 1800 1273 1870 τύχῃ
1309 1798 1404 1851 καί
1452 1798 1590 1869 πρὸς
1624 1797 1832 1868 ἀρετὴν·

135 1891 469 1961 ἐπιτήδειον,
497 1875 661 1942 πάλιν
692 1891 748 1941 ἐν
780 1887 964 1955 φόϐοις
995 1887 1042 1939 οί
1067 1886 1320 1948 τεκόντες
1358 1886 1430 1956 μή
1463 1903 1516 1937 τι
1545 1884 1697 1956 πάθῃ
1722 1884 1829 1936 δει-

135 1979 226 2032 νὺν
252 1979 316 2031 τὸ
340 1977 553 2047 τεχθὲν,
589 1977 662 2047 μὴ
691 1975 922 2028 θάνατον
948 1975 1126 2045 ἄωρον
1164 1975 1401 2044 ὐποστῇ,
1439 1972 1513 2044 μὴ
1547 1971 1828 2043 μεταϐάλῃ

135 2067 282 2138 πρὸς
309 2065 506 2119 κακίαν
528 2064 671 2118 τινά.
703 2064 839 2116 Οὐδὲ
873 2063 980 2134 γὰρ
1021 2066 1086 2116 ἐκ
1115 2061 1368 2132 πονηρῶν
1391 2062 1618 2130 χρηστοὶ
1648 2061 1827 2129 γίνον-

135 2173 227 2208 ται
261 2153 441 2224 μόνον,
469 2151 606 2204 ἀλλά
637 2152 733 2203 καὶ
763 2149 871 2204 ἀπὸ
896 2149 1204 2202 σπουδαίων
1235 2147 1431 2217 φαῦλοι
1452 2145 1550 2200 καὶ
1579 2163 1712 2218 πονη
1725 2147 1826 2217 ροί.

139 2243 261 2294 Κᾶν
299 2241 397 2310 μὲν
427 2238 633 2291 τούτων
662 2255 717 2290 τι
747 2237 970 2306 γένηται
1001 2236 1109 2308 τῶν
1136 2235 1449 2300 ἀπευκτῶν,
1494 2232 1830 2306 ἀφορητοτέ-

140 2345 241 2398 ραν
269 2327 384 2397 ἔχει
412 2327 509 2396 τὴν
539 2323 739 2395 λύπην,
767 2324 799 2394 ἢ
830 2326 879 2377 εί
921 2324 1071 2393 παρά
1113 2323 1213 2394 τὴν
1256 2323 1432 2393 ἀρχὴν
1467 2322 1643 2376 ταῦτα
1704 2339 1831 2374 συν-

137 2419 360 2470 έπεσεν·
380 2415 445 2468 ἂν
469 2416 525 2468 δὲ
547 2411 765 2469 ἅπαντα
806 2413 944 2486 μένῃ
971 2413 1040 2466 τὰ
1065 2411 1280 2483 χρηστὰ
1306 2411 1520 2482 βέϐαια,
1537 2410 1710 2478 όγοῦν
1724 2412 1834 2464 ἀπὸ

137 2506 236 2573 τῆς
271 2503 577 2573 μεταϐολῆς
627 2502 716 2554 ἀεὶ
763 2500 1026 2570 πάρεστιν
1068 2501 1252 2562 αὐτοῖς
1301 2497 1490 2568 φόϐος,
1527 2499 1834 2551 κατασείων

137 2590 236 2660 τὴν
286 2589 466 2659 ψυχὴν
511 2588 622 2640 τῶν
663 2586 955 2650 τεκόντων,
992 2586 1085 2638 καὶ
1119 2585 1255 2639 πολὺ
1284 2585 1388 2655 τῆς
1412 2586 1607 2655 ἡδονῆς
1637 2584 1834 2638 ὑποτε-

143 2679 418 2748 μνόμενος
457 2676 644 2747 μέρος.
697 2675 836 2727 Ἀλλ’
861 2676 922 2727 οὐ
952 2676 1088 2727 πᾶσι
1116 2676 1232 2737 τοῖς
1255 2672 1601 2743 γεγαμηκόσι
1640 2672 1836 2734 παῖδας

141 2766 292 2837 ἔχειν
325 2764 636 2834 συμϐαίνει.
675 2762 884 2816 Οὐκοῦν
914 2761 1108 2832 ἐτέραν
1160 2778 1248 2831 μοι
1278 2761 1462 2828 λέγεις
1498 2760 1660 2814 πάλιν
1700 2760 1833 2812 600-

144 2855 278 2924 μίας
305 2852 582 2906 ὑπόθεσιν.
615 2851 784 2904 Ὅταν
812 2847 904 2903 οὖν
935 2847 1029 2902 καὶ
1059 2849 1267 2902 παίδων
1291 2847 1462 2901 ὅντων
1497 2847 1593 2901 καὶ
1626 2847 1726 2900 οὐκ
1747 2847 1836 2900 ὅν-

139 2959 273 3004 των,
314 2939 410 2995 καὶ
447 2937 704 3010 χρηστῶν
734 2937 1042 3008 γενομένων
1089 2937 1184 2989 καὶ
1233 2933 1508 3006 πονηρῶν,
1553 2934 1838 3004 διαφόροις

143 3011 484 3097 συνέχωνται
511 3025 710 3088 λύπαις
739 3025 834 3078 καὶ
866 3023 1136 3095 φροντίσι,
1177 3023 1341 3076 πόθεν
1375 3023 1564 3077 λοιπὸν
1610 3022 1838 3093 ἡδίστην

139 3116 450 3186 καλέσομεν
491 3115 590 3186 τὴν
625 3115 684 3166 ὲν
725 3111 806 3184 τῷ
834 3111 997 3183 γάμῳ
1026 3110 1203 3182 ζωήνς
1233 3111 1422 3177 Πάλιν,
1466 3110 1534 3165 ἃν
1566 3109 1667 3182 μὲν
1703 3113 1836 3182 ὁμο-

139 3203 395 3266 νοοῦντες
428 3200 577 3274 [318]
605 3203 652 3254 οί
687 3199 1062 3262 συνοικοῦντες
1086 3200 1394 3262 διατελῶσι,
1419 3200 1584 3269 φόϐος
1623 3199 1700 3272 μὴ
1739 3199 1836 3253 θά-

137 3309 310 3356 νατος
355 3290 611 3361 ἐμπεσὼν
658 3288 894 3361 διακόψῃ
928 3289 1029 3359 τὴν
1069 3288 1285 3358 ἡδονήν·
1320 3287 1521 3358 μᾶλλον
1563 3286 1620 3340 δὲ
1652 3289 1840 3342 οὐκέτι

137 3379 319 3448 φόϐος
347 3378 504 3432 τοῦτο
535 3377 714 3448 μόνον,
745 3376 865 3430 οὐδὲ
893 3375 1056 3447 μέχρι
1086 3375 1421 3447 προσδοκίας
1442 3375 1501 3429 τὸ
1531 3375 1725 3441 δεινὸν,
1756 3377 1842 3430 ἀλ-

132 3468 212 3523 λὰ
238 3469 339 3522 καὶ
369 3468 448 3530 είς
468 3466 629 3538 ἔργον
654 3465 787 3519 αὐτὸ
816 3463 1100 3534 προελθεῖν
1121 3464 1341 3527 πάντως
1377 3465 1614 3536 ἀνάγκη.
1652 3465 1842 3528 Οὐδεὶς

135 3557 257 3629 γὰρ
285 3555 442 3626 ἔσχεν
474 3552 740 3617 ἐπιδεῖξαί
770 3569 901 3605 ποτε
935 3554 991 3604 ἐν
1016 3552 1202 3623 ἡμέρᾳ
1241 3553 1341 3623 μιᾷ
1369 3552 1716 3622 ἀμφοτέρους
1756 3570 1844 3606 τε-

137 3645 538 3714 λευτήσαντας
572 3640 763 3693 τούτου
798 3640 853 3692 δὲ
878 3639 980 3691 οὐκ
1007 3637 1161 3702 ὄντος
1183 3639 1244 3692 τὸ
1275 3639 1598 3709 λειπόμενον
1622 3640 1839 3709 ἀνάγκη

138 3732 291 3784 πολὺ
327 3728 416 3784 τοῦ
452 3728 683 3782 θανάτου
728 3721 1115 3797 χαλεπωτέραν
1146 3726 1443 3796 ὑπομένειν
1482 3725 1652 3798 ζωὴν,
1681 3727 1746 3780 ἄν
1779 3745 1836 3780 τε

141 3818 329 3872 πολὺν
371 3815 507 3889 τύχῃ
535 3813 869 3884 συνῳκηκὼς
907 3813 1118 3885 χρόνον,
1153 3813 1218 3867 ἄν
1254 3830 1314 3866 τε
1345 3813 1548 3882 ὀλίγον.
1596 3815 1844 3878 Ἐκεῖνος

143 3907 258 3973 μὲν
288 3903 396 3976 γὰρ
423 3906 533 3973 ὅσῳ
558 3898 784 3956 πλείονα
803 3901 902 3972 τὴν
927 3903 1121 3972 πεῖραν
1143 3900 1327 3966 ἔλαϐε,
1352 3901 1594 3972 τοσούτῳ
1621 3903 1844 3972 μείζονα

137 3996 270 4064 ἔχει
294 3993 390 4062 τὴν
418 3991 631 4061 ὀδύνην,
669 3988 770 4059 τῆς
798 3989 1004 4059 πολλῆς
1036 3987 1328 4058 συνηθείας
1351 3989 1633 4060 ’ἀφόρητον
1665 3989 1846 4043 ποιούς

141 4099 258 4150 σης
285 4080 380 4132 τὸν
400 4078 698 4150 χωρισμόν·
722 4078 751 4128 6
773 4076 829 4129 δέ
859 4077 989 4147 πρὶν
1015 4077 1048 4148 ἢ
1075 4077 1377 4145 γεύσασθαι
1404 4079 1499 4131 καὶ
1523 4078 1846 4150 ἐμπλησθῆ-

139 4185 240 4220 ναι
291 4167 388 4236 τῆς
429 4165 630 4235 φιλίας,
667 4161 1026 4234 ἀκμαζούσης
1059 4163 1140 4216 ἔτι
1191 4167 1291 4235 τῆς
1326 4165 1645 4235 ἐπιθυμίας,
1675 4164 1846 4236 αὐτὴν

138 4254 498 4326 ἀφαιρεθεὶς,
532 4253 668 4307 αὐτὸ
701 4251 860 4306 τοῦτο
911 4251 1111 4323 μᾶλλον
1160 4253 1371 4306 ἐκείνου
1416 4252 1624 4317 πενθεῖ,
1670 4253 1765 4306 καὶ
1787 4252 1847 4316 ἐξ

139 4341 469 4404 ὑποθέσεως
497 4341 524 4380 b
558 4338 822 4392 ἐναντίων
851 4338 989 4402 ἴσοις
1028 4339 1332 4409 ἀμφότεροι
1367 4338 1686 4410 συνέχονται
1731 4341 1848 4402 τοῖς

140 4430 442 4499 λυπηροῖς.
476 4428 543 4480 Τί
576 4427 634 4480 δέ
669 4426 777 4496 χρὴ
808 4426 991 4494 λέγειν
1017 4428 1144 4488 τοὺς
1178 4427 1236 4478 ἐν
1275 4426 1352 4497 τῷ
1392 4426 1596 4498 μεταξὺ
1627 4426 1848 4496 γινομέ-

138 4532 282 4578 νους
324 4515 659 4586 χωρισμοὺς,
707 4515 807 4576 τας
849 4513 1066 4586 μακράς
1102 4514 1435 4584 ἀποδημίας,
1471 4515 1570 4578 τὰς
1602 4515 1850 4579 συνεζευ-

138 4617 369 4675 γμένας
394 4604 577 4664 αὐτοῖς
600 4600 863 4668 ἀγωνίας,
890 4601 988 4664 τὰς
1015 4602 1240 4666 νόσους;
1281 4602 1392 4655 Καὶ
1429 4599 1482 4656 τί
1513 4601 1671 4655 τοῦτο
1711 4603 1850 4675 πρὸς

137 4692 240 4743 τὸν
267 4689 665 4759 γάμονλφησί.
698 4686 956 4741 Μάλιστα
987 4688 1085 4756 μὲν
1120 4689 1216 4742 καὶ
1257 4689 1365 4741 ἀπὸ
1397 4689 1496 4760 τῆς
1533 4689 1712 4753 αἰτίας
1749 4691 1850 4761 τῆς

136 4776 357 4830 τούτου
385 4775 574 4828 πολλαὶ⁸
600 4774 865 4837 πολλάκις
890 4774 1279 4846 ἡρρὡτησαν.
1307 4777 1418 4829 Καὶ
1448 4776 1554 4847 γάρ
1580 4777 1853 4847 ὑϐρισθεῖ-

140 4883 243 4918 σαι
299 4864 397 4918 καὶ
432 4863 772 4935 ὁργισθεῖσαι
801 4863 924 4915 τοτὲ
957 4864 1055 4932 μὲν
1095 4863 1199 4916 ὑπὸ
1231 4863 1323 4916 τοῦ
1363 4863 1560 4935 θυμοῦ,
1593 4866 1714 4917 τοτὲ
1741 4865 1797 4918 δὲ
1822 4877 1846 4905 ο

138 4951 262 5007 ὑπὸ
291 4952 396 5021 τῆς
421 4951 662 5020 ἀθυμίας
690 4950 921 5014 πολλοὺς
957 4949 1144 5002 ἔτεκον
1166 4950 1454 5019 πυρετούς.
1505 4953 1631 5006 Ἐὰν
1666 4952 1722 5006 δὲ
1755 4955 1850 5008 καὶ

141 5038 430 5110 παρόντος
465 5039 633 5108 μηδὲν
657 5036 876 5090 πάθωσι
909 5036 1176 5104 τοιοῦτον,
1214 5038 1350 5091 ἀλλά
1380 5040 1690 5112 προσηνοῦς
1714 5042 1851 5094 ἀπο-

136 5126 404 5180 λαύσωσι
429 5126 745 5188 διαπαντὸς,
781 5125 887 5178 ὑπὸ
911 5124 1013 5194 τῆς
1034 5124 1349 5196 ἀποδημίας
1372 5128 1452 5192 είς
1481 5128 1657 5182 ταῦτα
1687 5130 1850 5184 πάλιν

135 5213 540 5284 περιίστανται
573 5214 642 5266 τά
679 5212 848 5265 κακά.
887 5212 1034 5281 Πλὴν
1061 5212 1196 5265 ἀλλά
1223 5213 1396 5266 ταῦτα
1437 5216 1617 5269 πάντα
1659 5217 1851 5288 παρεί-

140 5303 288 5366 σθω,
331 5301 429 5353 καὶ
464 5299 631 5368 μηδὲν
680 5297 1004 5366 ἐγκαλῶμεν
1050 5299 1128 5370 τῷ
1177 5300 1360 5370 γάμῳ,
1395 5301 1508 5353 ἀλλ’
1544 5302 1665 5372 οὐχὶ
1712 5304 1849 5373 μετὰ

135 5387 372 5449 τούτων
386 5386 640 5455 κάκείνης
663 5386 825 5439 αὐτὸν
851 5385 1158 5453 ἀπαλλάξαι
1175 5387 1515 5458 δυνησόμεθα
1531 5392 1629 5459 τῆς
1648 5390 1845 5454 αίτίας.

139 5475 330 5537 Ποίας
379 5473 440 5543 δὴ
478 5473 719 5543 ταύτης;
755 5475 880 5526 Ὅτι
920 5474 1010 5526 τὸν
1054 5475 1367 5542 ὑγιαίνοντα
1422 5477 1573 5530 οὐδὲν
1624 5478 1851 5548 ἀφίησιν

137 5565 390 5633 ἄμεινον
423 5559 513 5612 τοῦ
561 5560 866 5649 κάμνοντος
905 5561 1232 5622 διακεῖσθαι,
1273 5561 1390 5614 ἀλλ’
1425 5565 1504 5626 εἰς
1549 5565 1647 5636 τὴν
1681 5567 1851 5637 αὐτὴν

135 5653 221 5722 τῷ
247 5648 504 5720 κειμένῳ
537 5647 863 5716 καθίστησιν
893 5647 1154 5718 ἀθυμίαν.

201 5740 354 5794 κη’.
374 5736 560 5789 Βούλει
578 5734 671 5789 καῒ
682 5735 856 5789 ταῦτα
875 5736 1054 5790 πάντα
1068 5737 1395 5803 ἐκϐαλόντες
1409 5738 1592 5810 θῶμεν
1609 5739 1850 5815 τῷλόγῳ

193 5871 224 5898 ³
254 5868 402 5926 ῐιεσ-
428 5865 551 5928 imi?
571 5871 654 5922 τῆς
677 5864 915 5928 σωτηρίας
937 5867 1133 5923 καὶτῆς-

194 5929 229 5970 ι’
247 5929 399 5986 Reg.
422 5926 468 5980 ἐξ
491 5926 780 5975 ὓπῦθέσεων.

195 5997 220 6023 ι’
246 5984 398 6048 ﬁci}.
422 5988 529 6035 τότε
554 5989 637 6047 μὲν
659 5988 754 6034 ὑπὸ
778 5984 864 6034 τοῦ
889 5988 1072 6050 ἀνδρὸς,
1097 5989 1206 6036 τότε
1236 5989 1305 6038 δέ.

577 6074 847 6136 ΡΑτῐιοῐ..
894 6079 1008 6138 Gn.
1052 6081 1311 6140 XLVIII.

1571 368 1662 425 DE
1700 365 2172 428 VIRGINITATE.

3497 372 3604 429 580

1932 489 2000 542 τὰ
2037 487 2299 552 ἀδύνατα,
2333 488 2427 541 καὶ
2459 485 2907 558 συγχωρήσωμεν
2936 485 3187 555 γενέσθαι
3218 486 3395 557 γάμον
3427 487 3605 542 πάντα

1923 575 2060 644 ὁμοῦ
2098 575 2291 645 ἔχοντα
2315 575 2385 628 τὰ
2431 575 2635 642 ἀγαθὰ,
2678 574 3059 639 πολυπαιδίαν,
3098 573 3408 639 εὐπαιδίαν,
3443 571 3606 626 πλοῦ-

1924 681 2038 727 τον,
2084 663 2348 731 γυναικὸς
2391 663 2771 735 σωφροσύνην,
2804 661 3022 724 κάλλος,
3059 661 3295 726 σύνεσιν,
3326 660 3605 732 ὁμόνοιαν,

1927 751 2105 821 γῆρας
2138 751 2383 821 μακρόν;
2419 751 2702 822 προσέστω
2731 751 2826 802 καὶ
2857 750 3049 818 γένους
3104 749 3456 820 περιφάνεια,
3509 751 3608 810 καὶ

1926 839 2249 902 δυναστείας
2290 839 2540 909 μέγεθος,
2571 840 2666 893 καὶ
2707 838 2842 909 μηδέ
2868 838 2928 890 τὸ
2962 838 3140 892 κοινὸν
3175 837 3334 890 τοῦτο
3366 838 3466 907 τῆς
3500 835 3605 905 φύ-

1933 944 2072 984 σεως
2117 927 2342 996 ὀχλείτω
2372 927 2562 992 πάθος,
2614 927 2641 977 6
2673 925 2839 994 φόϐος
2885 925 2983 996 τῆς
3024 925 3229 978 τούτων
3275 924 3601 995 μεταϐολῆς,

1929 1013 2043 1066 ἀλλ’
2077 1012 2359 1085 ἐξωρίσθω
2406 1016 2555 1066 πᾶσα
2603 1015 2700 1084 μὲν
2749 1013 2990 1084 ἀθυμίας
3041 1012 3321 1075 ὑπόθεσις,
3366 1012 3518 1065 πᾶσα
3545 1011 3604 1064 δὲ

1930 1101 2210 1170 φροντίδος
2256 1102 2349 1154 καὶ
2390 1101 2662 1172 μερίμνης
2704 1101 2958 1172 ἀφορμὴ,
3007 1099 3100 1152 καὶ
3147 1101 3288 1170 μήτε
3335 1098 3471 1168 ἄλλη
3525 1115 3610 1161 τις

1930 1189 2098 1252 αἰτία,
2141 1192 2277 1260 μήτε
2333 1189 2561 1252 θάνατος
2612 1189 2792 1260 ἄωρος
2841 1186 3212 1254 διαζευγνύτω
3255 1181 3348 1238 τὸν
3401 1186 3603 1254 γάμον,

1931 1276 2067 1329 ἀλλά
2107 1277 2202 1334 καὶ
2230 1276 2420 1330 τοῦτον
2457 1279 2513 1330 ἐν
2549 1278 2648 1347 μιᾷ
2677 1275 2880 1336 πάντες
2912 1273 3254 1344 δεχέσθωσαν
3296 1273 3502 1344 ἡμέρα,
3548 1273 3608 1343 ἢ,

1929 1363 1958 1416 ὃ
1987 1362 2194 1415 τούτων
2233 1363 2413 1434 πολλῷ
2465 1362 2883 1434 μακαριώτερον
2916 1357 3056 1414 εἶναι
3088 1361 3253 1425 δοκεῖ,
3298 1359 3610 1429 μενέτωσαν

1933 1450 2032 1520 μὲν
2061 1453 2108 1503 οί
2149 1451 2337 1514 παῖδες
2393 1450 2744 1522 κληρονόμοι,
2793 1448 2921 1512 τοὺς
2957 1447 3015 1501 δὲ
3050 1450 3230 1516 γονεῖς
3265 1446 3613 1518 ἀμφοτέρους

1930 1533 2067 1607 ὀμού
2114 1536 2553 1610 προπεμπόντων
2590 1537 2616 1577 ἀ
2657 1537 2795 1609 μετά
2847 1537 3026 1606 γῆρας
3061 1535 3270 1606 μακρόν
3296 1552 3309 1565 ·
3343 1535 3437 1588 καὶ
3465 1534 3519 1586 τί
3547 1535 3609 1588 τὸ

1932 1626 2146 1694 πέρας;
2178 1620 2330 1679 ποῖον
2361 1626 2422 1678 τὸ
2459 1626 2649 1698 κέρδος
2672 1628 2736 1678 ἐκ
2781 1625 2988 1694 ταύτης
3031 1627 3130 1695 τῆς
3177 1622 3382 1692 πολλῆς
3421 1623 3612 1695 ἡδονῆς

1931 1711 2145 1781 ἔχοντες
2170 1712 2562 1767 ἀπελεύσονται
2597 1714 2747 1778 ἐκεῖ;
2780 1713 2854 1765 Τὸ
2881 1713 2989 1783 γάρ
3023 1711 3252 1774 πολλοὺς
3284 1712 3483 1774 παῖδας
3513 1728 3617 1764 κα-

1930 1798 2181 1852 ταλιπεῖν
2213 1801 2306 1853 καὶ
2351 1799 2527 1869 καλῆς
2566 1799 2887 1852 ἀπολαῦσαι
2924 1797 3182 1866 γυναικὸς
3227 1797 3367 1868 μετά
3399 1796 3615 1868 τρυφῆς

1932 1888 2027 1939 καὶ
2063 1885 2172 1940 τῶν
2205 1887 2379 1941 ἄλλων
2409 1888 2663 1941 ἁπάντων
2688 1879 2762 1940 ὧν
2783 1886 2905 1958 ἄρτι
2928 1887 3165 1956 διῆλθον,
3197 1888 3402 1950 καὶ-εἱς
3432 1886 3616 1957 γῆρας

1931 1975 2125 2028 ἐλάσαι
2153 1975 2386 2046 μακρὸν,
2425 1975 2479 2027 τί
2511 1974 2646 2046 πρὸς
2681 1974 2742 2027 τὸ
2765 1974 3119 2048 δικαστήριον
3147 1977 3296 2047 ἡμᾶς
3326 1971 3611 2042 ὠφελῆσαι

1930 2063 2217 2135 δυνήσεται
2252 2065 2430 2115 ἐκεῖνο
2464 2065 2521 2116 ἐν
2557 2064 2669 2126 τοῖς
2703 2062 2948 2124 αἰωνίοις
2981 2062 3273 2133 πράγμασι
3297 2062 3392 2115 καὶ
3421 2058 3613 2132 ἀληθι-

1933 2153 2080 2215 νοῖς;
2119 2151 2304 2204 Οὐδέν.
2340 2148 2550 2204 Οὐκοῦν
2582 2150 2708 2203 σκιὰ
2757 2149 2929 2202 ταῦτα
2967 2151 3062 2203 καὶ
3103 2148 3260 2218 ὄναρ.
3301 2148 3470 2202 Ὅταν
3507 2148 3618 2218 γὰρ

1933 2239 1992 2290 ἐν
2023 2240 2142 2301 τοῖς-
2171 2238 2289 2290 ἐκεῖ
2317 2237 2715 2307 διαδεξομένοις
2763 2238 2914 2308 ἡμᾶς
2958 2235 3121 2289 αίῶσι
3167 2235 3262 2289 καὶ
3297 2235 3473 2306 πέρας
3517 2235 3619 2288 οὐκ

1935 2327 2118 2396 έχουσι
2149 2325 2313 2396 μηδὲν
2337 2325 2444 2380 ἀπὸ
2461 2323 2665 2379 τούτων
2693 2325 3010 2395 δυνηθῶμεν
3031 2321 3315 2395 κερδᾶναι,
3351 2325 3488 2395 μήτε
3513 2341 3618 2377 πα-

1937 2415 2214 2488 ραμυθίας
2250 2414 2558 2468 ἀπολαῦσαί
2601 2431 2767 2476 τινος,
2800 2414 2858 2466 ἐν
2887 2414 2989 2483 ίσιρ
3029 2414 3143 2472 τοῖς
3184 2412 3245 2465 οὐ
3285 2410 3620 2482 μετασχοῦσι

1934 2504 2026 2556 τὸν
2059 2497 2399 2573 μετασχόντα
2428 2501 2633 2554 θετέον.
2665 2495 2801 2554 Οὐδέ
2831 2499 2939 2571 γὰρ
2960 2497 3120 2562 εἴτις
3153 2501 3211 2552 ἐν
3253 2498 3448 2569 χιλίοις
3473 2498 3621 2555 ἔτεσι

1941 2591 2072 2659 μίαν
2102 2590 2276 2643 νύκτα
2306 2589 2476 2659 μόνην
2507 2585 2648 2641 εἶδεν
2677 2588 2811 2659 ὄναρ
2856 2585 3120 2658 χρηστὸν,
3155 2587 3317 2639 πλέον
3350 2603 3403 2638 τι
3431 2585 3622 2638 τοῦτον

1937 2679 2082 2747 ἔχειν
2123 2678 2371 2748 φήσομεν
2407 2675 2503 2729 τοῦ
2545 2677 2618 2747 μὴ
2649 2675 2855 2745 ταύτης
2877 2673 3311 2737 ἀπολελαυκότος
3338 2671 3491 2744 [⁸519]
3522 2672 3624 2741 τῆς

1937 2765 2132 2834 ὅψεως.
2167 2765 2360 2818 Καίτοι
2399 2780 2463 2832 γε
2498 2763 2620 2816 οὐδέ
2645 2763 2769 2815 ὅσον
2808 2761 3114 2831 ἐϐουλόμην
3145 2755 3320 2813 εἷπον.
3347 2759 3485 2812 Οὐδὲ
3515 2758 3624 2829 γὰρ

1938 2854 2063 2906 ὅσον
2097 2854 2165 2905 τὰ
2206 2852 2460 2922 ὀνείρατα
2510 2847 2868 2904 ἀπολείπεται
2908 2849 3008 2919 τῆς
3037 2847 3322 2920 ἀληθείας,
3370 2844 3626 2900 τοσοῦτον

1937 2941 2008 2994 τὰ
2048 2938 2280 2993 ἐνταῦθα
2333 2937 2614 3009 ἀφέστηκε
2654 2937 2762 2990 τῶν
2787 2939 2927 3002 ἐκεῖ,
2960 2937 3076 2990 ἀλλ’
3104 2936 3184 2990 ἔτι
3235 2935 3467 3006 μᾶλλον
3501 2932 3625 2988 οὐδὲ

1939 3030 2076 3099 ὅπερ
2105 3027 2256 3080 ἐστὶν
2285 3027 2342 3078 ἐν
2371 3025 2514 3079 ἔτεσι
2560 3024 2754 3095 χιλίοις
2787 3025 2887 3095 μία
2931 3025 3048 3092 νὺξ,
3075 3024 3330 3078 τοσοῦτον
3375 3025 3402 3076 6
3434 3020 3627 3092 παρὼν

1941 3117 2076 3191 αἰὼν
2111 3115 2248 3186 πρὸς
2291 3113 2382 3167 τὸν
2416 3113 2697 3185 μέλλοντα,
2727 3113 2864 3166 ἀλλά
2891 3113 2994 3166 κάν
3024 3112 3201 3182 τούτῳ
3236 3110 3417 3182 πολλῷ
3457 3110 3624 3164 πλέον

1942 3206 2102 3259 πάλιν
2127 3205 2188 3258 τὸ
2222 3204 2406 3275 μέσον.
2454 3203 2594 3256 Ἀλλ’
2617 3202 2677 3256 οὐ
2700 3201 2770 3254 τά
2791 3202 2890 3271 τῆς
2918 3196 3189 3272 παρθένου
3220 3200 3468 3260 τοιαῦτα,
3490 3198 3626 3257 ἀλλά

1942 3295 2143 3365 πολλὴν
2172 3295 2391 3348 ἄπεισιν
2423 3292 2622 3363 έχουσα
2650 3291 2748 3363 τὴν
2782 3291 3050 3362 ἐμπορίαν
3068 3306 3080 3320 ο
3115 3288 3391 3361 μᾶλλονδὲ
3418 3289 3508 3343 τὸν
3537 3289 3626 3343 λό-

1942 3402 2038 3454 γον
2072 3383 2279 3439 ἄνωθεν
2308 3382 2677 3453 ἐξετάσωμεν.

1997 3464 2629 3539 ΝΘἏΟὐκάναγκάζεται
2649 3471 3128 3541 πολυπραγμονεῖν
3142 3469 3232 3522 τὸν
3247 3485 3308 3521 νυ
3318 3465 3627 3537 μφίον,οὐδὲ

1948 3561 2167 3630 μήτινα
2197 3557 2414 3628 ἀπάτην
2441 3559 2711 3629 ὑπομείνῃ
2738 3558 2976 3612 δέδοικεν
2996 3575 3010 3588 ·
3044 3556 3178 3620 Θεὸς
3208 3555 3319 3627 γάρ
3348 3556 3495 3608 ἐστιν
3529 3554 3630 3607 οὐκ

1944 3646 2252 3719 ἄνθρωπος,
2281 3645 2551 3716 δεσπότης
2577 3646 2677 3716 οὐχ
2706 3645 3016 3715 όμόδουλος.
3055 3645 3166 3697 Καὶ
3202 3642 3310 3696 τῶν
3351 3642 3450 3713 μὲν
3486 3659 3629 3712 νυμ-

1945 3735 2084 3804 φίων
2111 3735 2173 3788 τὸ
2203 3736 2368 3805 μέσον
2396 3729 2682 3788 τοσοῦτον·
2719 3734 2911 3787 σκόπει
2946 3733 3002 3786 δὲ
3028 3732 3124 3785 καὶ
3159 3731 3250 3784 ἐπὶ
3285 3729 3428 3783 τίσιν
3456 3729 3632 3802 ἁρμό-

1951 3824 2160 3888 ζονται.
2187 3823 2263 3876 Οὐ
2296 3822 2405 3894 γὰρ
2435 3821 2765 3892 ἀνδράποδα,
2803 3820 2923 3874 οὐδέ
2957 3819 3064 3890 γῆς
3080 3805 3321 3890 πλέθρα,
3346 3816 3466 3870 οὐδὲ
3495 3816 3632 3869 τόσα

1947 3909 2042 3965 καὶ
2062 3913 2196 3966 τόσα
2221 3911 2445 3982 χρυσίου
2473 3910 2733 3975 τάλαντα,
2763 3908 2879 3961 ἀλλ’
2910 3904 3133 3980 οὐρανοί
3159 3906 3257 3959 καὶ
3280 3904 3348 3958 τά
3376 3906 3434 3955 ἐν
3467 3903 3632 3974 οὐρα-

1947 4002 2059 4063 νοῖς
2090 3999 2275 4068 ἀγαθά
2309 3997 2381 4051 τὰ
2405 3999 2532 4052 ἐδνα
2559 3995 2766 4069 ταύτης
2796 3997 2898 4066 τῆς
2926 3995 3147 4066 νύμφης
3174 3991 3310 4058 ἐστί.
3338 3991 3484 4063 Πρὸς
3511 3988 3634 4044 τού-

1946 4105 2058 4150 τοις
2088 4088 2122 4158 ἡ
2173 4086 2273 4157 μὲν
2312 4081 2668 4156 γεγαμηκυῖα
2709 4084 2925 4155 φρίττει
2971 4082 3062 4135 τὸν
3118 4080 3352 4135 θάνατον
3406 4078 3517 4132 τῶν
3572 4095 3632 4131 τε

1948 4174 2123 4228 ἄλλων
2151 4173 2359 4235 ἕνεκεν,
2391 4168 2486 4226 καὶ
2515 4175 2598 4227 ὅτι
2625 4170 2719 4225 τοῦ
2753 4168 3131 4232 συνοικοῦντος
3163 4166 3334 4238 αὐτὴν
3373 4177 3396 4206 θ
3419 4165 3635 4229 διαζευ-

1949 4278 2137 4330 γνυσιν
2156 4275 2170 4291 °
2200 4263 2234 4331 ἡ
2271 4261 2328 4314 δὲ
2364 4259 2631 4332 παρθένος
2660 4258 2755 4313 καὶ
2787 4254 2948 4310 ποθεῖ
2971 4257 3070 4327 τὴν
3102 4254 3383 4325 τελευτὴν,
3412 4253 3509 4308 καὶ
3540 4252 3635 4324 βα-

1952 4351 2172 4421 ρύνεται
2196 4352 2264 4420 τῇ
2294 4349 2429 4420 ζωῇ,
2463 4347 2770 4400 σπεύδουσα
2800 4346 2893 4399 τὸν
2923 4345 3156 4416 νυμφίον
3184 4344 3314 4397 ίδεῖν
3339 4342 3634 4411 πρόσωπον

1951 4438 2087 4510 πρὸς
2121 4437 2436 4508 πρόσωπον,
2480 4437 2575 4489 καὶ
2601 4436 2700 4507 τῆς
2728 4434 2888 4505 δόξης
2913 4432 3222 4488 ἀπολαῦσαι
3257 4431 3498 4502 ἐκείνης.

2013 4527 2085 4578 Ξ’.
2102 4523 2239 4577 Οὑτε
2259 4524 2316 4577 δέ
2341 4524 2401 4576 τὸ
2432 4524 2591 4596 πενίᾳ
2621 4523 2789 4593 συζῆν
2820 4521 3070 4593 καθάπερ
3097 4520 3190 4573 ἐπὶ
3207 4519 3302 4572 τοῦ
3324 4519 3505 4590 γάμου
3529 4536 3636 4574 πα-

1954 4611 2227 4684 ραϐλάψαι
2265 4610 2471 4665 δύναιτ’
2507 4610 2574 4664 ἂν
2624 4610 2818 4679 αὐτὴν,
2851 4609 2990 4662 ἀλλὰ
3025 4609 3121 4662 καὶ
3157 4607 3358 4680 μᾶλλον
3388 4606 3633 4659 ποθεινο-

1951 4701 2114 4772 τέραν
2143 4698 2220 4770 τῷ
2251 4699 2473 4769 νυμφίῳ
2499 4698 2596 4769 τὴν
2628 4696 2861 4750 ἑκοῦσαν
2888 4695 3049 4772 τοῦτο
3065 4694 3444 4765 ὑπομένουσαν
3466 4696 3631 4759 ποιεῖ,

1951 4789 2073 4842 οὐτε
2113 4789 2175 4840 τὸ
2201 4789 2266 4841 ἐκ
2299 4786 2572 4842 ταπεινῶν
2602 4786 2904 4854 γεγονέναι,
2939 4771 3064 4837 οὐτε
3097 4783 3159 4836 τὸ
3197 4783 3272 4854 μὴ
3299 4782 3633 4852 διαλάμπειν

1951 4877 2048 4948 τὴν
2087 4876 2178 4929 τοῦ
2214 4874 2468 4946 σώματος
2505 4874 2678 4945 ὤραν,
2716 4871 2841 4926 οὔτε
2871 4873 2997 4927 ἀλλο
3032 4871 3140 4925 τῶν
3173 4871 3431 4924 τοιούτων
3460 4870 3632 4924 οὐδέν.

1951 4967 2062 5020 Καὶ
2089 4965 2141 5018 τί
2167 4965 2312 5034 λέγω
2336 4963 2508 5018 ταῦτα
2533 4981 2546 5028 ;
2575 4963 2680 5016 κᾶν
2720 4961 2828 5031 γάρ
2861 4962 2997 5033 μηδὲ
3021 4959 3282 5030 ἐλευθέρα
3311 4956 3448 5013 οὐσα
3473 4959 3632 5031 τύχῃ.

1957 5053 2082 5118 οὐδέ
2111 5047 2272 5107 τούτο
2309 5053 2480 5122 αὐτῆς
2512 5051 2835 5122 λυμαίνεται
2864 5050 2962 5120 τὴν
2989 5049 3307 5118 μνηστείαν,
3335 5049 3450 5102 ἀλλ’
3477 5050 3639 5119 ἀρκεῖ

1950 5141 2126 5212 ψυχὴν
2166 5139 2538 5206 ἐπιδείξασθαι
2575 5139 2765 5210 καλὴν,
2815 5139 2909 5190 καὶ
2943 5138 3050 5189 τῶν
3099 5138 3384 5208 πρωτείων
3427 5139 3631 5206 τυχεῖν.

1954 5229 2068 5283 Οὐκ
2106 5227 2253 5282 ἔστιν
2293 5229 2412 5280 ἐκεῖ
2437 5226 2740 5296 φοϐηθῆναι
2773 5225 3131 5296 ζηλοτυπίαν,
3164 5225 3263 5278 οὐκ
3285 5224 3432 5278 ἔστιν
3467 5225 3636 5294 ἀλγῆ-

1954 5333 2044 5368 σαι
2072 5313 2536 5384 διαφθονουμένην
2565 5307 2728 5385 ἑτέρα
2758 5314 2979 5382 γυναικὶ
3009 5313 3085 5376 ὡς
3118 5313 3490 5383 λαμπροτέρῳ
3519 5313 3638 5365 συν-

1954 5402 2261 5474 εζευγμένῃ
2287 5403 2462 5472 ἀνδρί.
2502 5402 2577 5454 Οὐ
2609 5403 2718 5473 γάρ
2750 5403 2900 5454 ἐστιν
2941 5403 3127 5471 ὅμοιος
3161 5401 3310 5469 αὐτῷ
3358 5402 3478 5455 οὐδὲ
3521 5402 3656 5464 ἴσος

1954 5491 2150 5555 οὐδεὶς,
2187 5491 2300 5543 ἀλλ’
2345 5491 2465 5543 οὐδὲ
2509 5491 2648 5544 κατά
2687 5490 2887 5560 μικρὸν
2929 5489 3130 5557 ἐγγύςο
3177 5492 3234 5541 ἐν
3269 5490 3325 5542 δὲ
3355 5489 3431 5558 τῷ
3473 5490 3637 5558 γάμῳ

1955 5578 2059 5630 κᾶν
2103 5578 2212 5631 τῶν
2249 5579 2453 5649 σφόδρα
2487 5579 2865 5632 πλουτούντων
2914 5579 3007 5630 καὶ
3064 5577 3277 5647 μεγάλα
3318 5576 3634 5646 δυναμένων

1955 5667 2050 5735 ἔχῃ
2101 5682 2186 5728 τις
2241 5664 2430 5735 ἀνδρα,
2469 5665 2585 5718 ἀλλ’
2639 5667 2791 5735 ὅμως
2834 5663 3038 5718 δύναιτ’
3081 5663 3146 5716 ἂν
3200 5664 3394 5735 ἑτέραν
3452 5658 3635 5729 εὑρεῖν

1955 5752 2134 5824 πολλῷ
2181 5750 2404 5821 μείζονα
2435 5752 2687 5822 ἔχουσαν.
2717 5755 2828 5824 Οὐχ
2875 5753 2950 5815 ὡς
2993 5750 3152 5824 ἔτυχε
3187 5752 3244 5805 δέ
3290 5751 3504 5804 ἐλαττοί
3536 5746 3636 5815 τὴν

2020 5868 2046 5906 ιι
2071 5868 2240 5916 Μυσοὶ.
2267 5875 2318 5915 cl
2341 5867 2491 5917 Savil.
2525 5871 2571 5916 in
2599 5874 2740 5917 textu
2763 5870 3156 5933 προπεμπόντων,
3180 5869 3304 5932 Reg.
3330 5873 3380 5919 et
3409 5866 3554 5917 S'ﬂ'il.
3586 5878 3632 5912 ι”ι

1957 5944 2104 5992 marg.
2131 5933 2553 5992 ιςροπεμπέτωσαν.

2024 6003 2045 6029 ο
2070 5990 2192 6051 Ιίτιιζ.
2220 5991 2327 6044 τοὺς
2362 5990 2693 6048 συνοικοῦντας
2721 5994 2858 6052 αὐτῆ,

3199 6078 3236 6140 4
