4174 6318
631 407 729 464 581

642 494 654 506 ο
790 479 820 504 δ

632 527 696 577 ἐκ
725 522 824 591 τῆς
851 520 958 573 τῶν
990 520 1224 590 ἡττόνιιιν
1261 518 1534 589 ὑπεροχῆς
1565 519 1761 591 ἡδονὴν
1793 522 1826 589 ἡ
1851 521 1960 572 τῶν
1992 521 2252 591 μειζόνων
2278 531 2302 558 ι

640 599 928 670 ὑπερϐολή.
969 597 1109 649 Ἀλλ’
1154 598 1186 666 ἡ
1227 596 1394 666 πολλὴ
1437 598 1619 668 τρυφὴ
1647 599 1756 651 τῶν
1801 601 2042 668 χρυσίων
2073 599 2165 652 καὶ
2197 597 2306 650 τῶν

635 679 864 748 ἱματίων
891 679 985 731 καὶ
1022 676 1123 746 τῆς
1159 675 1437 746 τραπέζης
1461 677 1557 730 καὶ
1584 678 1687 748 τῆς
1716 678 1881 748 ἄλλης
1926 678 2112 742 ἀδείας
2148 680 2305 748 ἱκανὴ

633 757 884 811 δελεάσαι
929 756 1106 825 ψυχὴν
1137 755 1231 806 καὶ
1265 755 1706 823 ἐφελκῠσασθαις
1745 758 1856 810 Καὶ
1885 757 2050 811 πόσαι
2099 757 2305 810 τούτων

632 835 964 890 ἀπολαύουσι
996 835 1288 900 γυναῖκες;
1322 836 1382 887 τὸ
1427 835 1534 908 γάρ
1568 835 1819 889 πλεῖστον
1847 836 1954 890 τῶν
2002 836 2305 906 ἀνθρώπων

635 915 800 986 μέρος
831 913 994 983 πενίᾳ
1027 911 1161 982 συζῇ
1208 914 1300 964 καὶ
1347 915 1750 985 ταλαιπωρίαις
1783 917 1880 968 καὶ
1917 917 2124 979 πόνοις.
2157 918 2219 969 Εἰ
2248 915 2305 969 δέ

629 1009 775 1055 τινες
804 987 912 1045 εἷεν
936 994 992 1042 al
1022 989 1242 1066 τούτων
1261 993 1608 1062 μετέχουσαι,
1643 995 1850 1066 σφόδρα
1881 998 1981 1065 μὲν
2004 995 2183 1064 ὀλίγαι
2212 995 2308 1048 καὶ

631 1068 1016 1140 εὐαρίθμητοι;
1044 1069 1135 1120 καὶ
1180 1062 1340 1123 αὗται
1381 1071 1440 1124 65
1483 1073 1636 1144 παρά
1678 1062 1740 1125 τὸ
1781 1062 2030 1145 τῷθεῷ
2075 1062 2302 1127 δοκοῦν·

629 1149 804 1203 οὐδενὶ
827 1148 936 1219 γάρ
966 1149 1176 1216 ἐφίεται
1208 1150 1275 1201 ἐν
1295 1149 1507 1214 τούτοις
1531 1154 1764 1224 τρυφᾷν,
1787 1152 1863 1215 ὼς
1901 1156 1994 1206 καὶ
2021 1153 2307 1217 ἀπεδείξα-

634 1244 733 1298 μεν
759 1227 816 1279 ἐν
843 1229 957 1289 τοῖς
984 1228 1220 1298 πρόσθεν
1247 1229 1427 1296 λόγοις
1453 1230 1501 1282 b.

683 1321 802 1376 EA’.
821 1322 967 1394 Πλὴν
978 1323 1115 1376 άλλά
1130 1323 1311 1392 θῶμεν
1331 1326 1492 1377 πάλιν
1507 1323 1739 1395 τῷλόγῳ
1755 1326 1850 1377 καὶ
1867 1325 2070 1392 ταύτην
2087 1342 2303 1395 συγχω-

633 1402 845 1468 ρεῖσθαι
875 1402 974 1471 τὴν
1000 1402 1233 1471 τρυφὴν,
1271 1402 1365 1455 καὶ
1404 1405 1543 1473 μήτε
1575 1404 1668 1455 τὸν
1697 1405 2007 1474 προφήτην,
2042 1406 2181 1474 μήτε
2212 1405 2303 1458 τὸν

629 1478 845 1532 Παῦλον
860 1479 1264 1549 ἀπεχθάνεσθαι
1287 1481 1425 1551 πρὸς
1444 1483 1548 1544 τάς
1571 1479 1839 1550 χλιδώσας
1858 1482 1966 1534 τῶν
1989 1482 2270 1549 γυναικῶν
2289 1503 2302 1517 ·

627 1557 682 1608 τί
716 1557 777 1609 τὸ
812 1557 1003 1626 ὄφελος
1039 1559 1147 1611 τῶν
1181 1558 1390 1612 πολλῶν
1417 1560 1696 1630 χρυσίων;
1739 1561 1967 1632 Ἕτερον
2000 1561 2100 1631 μέν
2127 1562 2301 1628 οὐδὲν,

632 1635 900 1704 βασκανία
938 1636 993 1690 65
1026 1639 1121 1690 καί
1153 1639 1376 1708 φροντξ
1427 1640 1525 1691 καὶ
1570 1639 1738 1707 φόϐος
1775 1641 1877 1708 οὐχ
1917 1643 1946 1692 ὁ
1973 1639 2172 1710 τυχών.
2227 1642 2302 1694 Οὐ

629 1715 739 1786 γὰρ
771 1715 934 1786 μόνον
966 1717 1097 1788 ὃταν
1135 1720 1215 1780 είς
1239 1720 1300 1771 τὸ
1333 1717 1590 1771 κιϐώτιον
1619 1719 1763 1772 αὐτά
1811 1719 2146 1784 ἀποθῶνται,
2181 1721 2303 1774 οὐδὲ

628 1797 824 1859 νυκτὸς
874 1796 1292 1867 καταλαϐούσης
1333 1799 1495 1868 μόνον
1532 1799 1897 1870 ταράττονται
1931 1802 2051 1862 ταῖς
2084 1801 2303 1870 φροντί·

629 1891 736 1953 σιν,
763 1876 900 1930 ἀλλά
926 1879 1021 1930 καὶ
1046 1879 1173 1931 ὅταν
1202 1879 1342 1931 αὐτά
1368 1880 1735 1950 περικέωνται
1758 1890 1808 1945 ε,
1837 1880 1932 1931 καὶ
1959 1880 2089 1932 ὅταν
2120 1881 2304 1953 ἡμέρα

626 1950 684 2025 ᾗ»
716 1955 816 2025 τὴν
853 1957 1024 2026 αὐτὴν
1056 1958 1390 2028 ὑπομένουσι
1435 1959 1730 2028 μέριμναν,
1766 1958 1968 2028 μᾶλλον
1993 1959 2051 2012 δὲ
2081 1962 2175 2012 καὶ
2207 1950 2305 2029 χα-

626 2033 965 2107 λεπωτέραν.
1001 2037 1110 2090 Καὶ
1147 2036 1254 2106 γάρ
1282 2038 1340 2089 ἐν
1363 2037 1672 2107 βαλανείοις
1715 2039 1812 2090 καὶ
1840 2038 2162 2107 ἐκκλησίαις
2195 2057 2303 2091 πα-

630 2115 942 2182 ραγίνονται
968 2116 1025 2167 αἱ
1051 2115 1119 2169 τά
1151 2116 1378 2172 τοιαῦτα
1403 2114 1558 2186 [520]
1584 2117 1990 2187 κακουργοῢσαι
2011 2121 2301 2184 γυναῖκες’

630 2193 900 2246 κάκείνων
923 2193 979 2245 δὲ
1003 2192 1266 2257 πολλάκις
1312 2195 1482 2264 χωρὶς
1520 2195 1625 2248 ὑπὸ
1651 2194 1745 2247 τοῦ
1782 2195 2021 2265 πλήθους
2056 2195 2306 2265 ὠθούμε-

629 2285 716 2322 ναι
743 2270 836 2322 καὶ
877 2270 1199 2341 πιεζόμεναι
1228 2273 1284 2324 αἱ
1330 2273 1771 2344 χρυσοφοροῦσαι
1800 2274 1926 2327 οὐδὲ
1956 2275 2304 2329 αἰσθάνονται

630 2349 956 2412 ἐκπεσόντος
990 2349 1182 2412 αὐταῖς
1209 2348 1317 2402 τῶν
1348 2351 1592 2420 χρυσίων
1623 2353 1793 2414 τινός.
1821 2351 1981 2405 Οὕτω
2018 2353 2150 2420 γοῦν
2176 2353 2306 2406 πολ-

629 2427 720 2481 λαὶ
751 2429 812 2480 οὐ
842 2426 1014 2481 ταῦτα
1045 2428 1225 2497 μόνον,
1265 2428 1404 2480 ἀλλά
1433 2429 1615 2500 πολλῷ
1640 2430 1848 2483 τούτων
1889 2430 1970 2484 ἐτι
2000 2431 2306 2502 τιμιώτερα

629 2507 952 2577 περιδέραια
982 2506 1095 2558 ἀπὸ
1113 2505 1312 2575 τιμίων
1340 2508 1676 2579 συγκείμενα
1706 2508 1871 2562 λίθων
1899 2509 2303 2563 διασπασθέντα

629 2587 726 2639 καὶ
751 2586 1055 2639 ἐκπεσόντα
1079 2586 1393 2649 ἀπώλεσαν.

680 2683 800 2736 ΞΒ.
819 2683 966 2756 Πλὴν
983 2682 1120 2738 ἀλλὰ
1143 2683 1278 2754 μηδὲ
1302 2676 1458 2744 οὗτος
1474 2683 1615 2737 ἐστω
1641 2686 1670 2736 6
1687 2684 1872 2752 φόϐος,
1891 2683 2027 2737 ἀλλά
2042 2687 2136 2738 καὶ
2163 2684 2301 2756 αὕτη

613 2763 915 2835 ἐξῃρήσθω
968 2763 1002 2832 ἠ
1044 2763 1296 2833 φροντὶς,
1347 2763 1399 2815 τί
1440 2763 1503 2816 τὸ
1545 2762 1773 2832 δφελοςς
1820 2757 1975 2816 Εἷδεν
2014 2762 2042 2802 (1
2088 2763 2301 2832 ἕτερος,

631 2842 785 2910 φησὶ,
811 2839 907 2893 καὶ
947 2840 1277 2910 ἐθαύμασεν.
1317 2840 1480 2894 Ἀλλά
1507 2842 1570 2894 οὐ
1597 2842 1696 2910 τὴν
1722 2845 2138 2912 περικειμένην,
2166 2842 2303 2895 ἀλλά

629 2919 700 2972 τά
735 2918 1118 2989 περικείμενα,
1145 2920 1362 2989 ἐηκείνην
1388 2921 1446 2972 δέ
1473 2920 1560 2973 διά
1583 2919 1760 2972 ταῦτα
1791 2923 1888 2973 καὶ
1920 2921 2148 2974 ἐκάκισε
2182 2922 2305 2975 πολ-

629 2999 809 3066 λάκις,
836 2998 1024 3072 ὥσπερ
1047 3000 1198 3071 παρὰ
1223 3001 1325 3071 τὴν
1351 2999 1510 3064 ἀξίαν
1537 2999 1924 3069 κοσμουμένην
1956 3001 2164 3062 αὐτοῖς.
2206 3001 2303 3052 Ἀν

633 3079 731 3149 μὲν
769 3079 877 3149 γὰρ
915 3077 1192 3149 εὔμορφος
1237 3075 1296 3153 ᾖ,
1340 3079 1666 3148 λυμαίνεται
1707 3077 1787 3148 τῷ
1820 3079 2011 3132 κάλλει
2051 3079 2150 3149 τῆς
2203 3080 2304 3148 φύ-

630 3174 799 3221 σεως·
837 3160 865 3210 ο
906 3158 1076 3221 πολὺς
1126 3159 1235 3229 γὰρ
1274 3159 1484 3228 κόσμος
1528 3159 1737 3219 ἐκεῖνος
1766 3159 1869 3210 οὐκ
1907 3158 2134 3228 ἀφίησιν
2172 3159 2304 3212 αὐτὸ

630 3235 916 3305 φαίνεσθαι
959 3235 1168 3306 γυμνὸν
1197 3236 1258 3288 τὸ
1287 3237 1541 3289 πλεῖστον
1563 3234 1729 3288 αὐτοῦ
1765 3237 1932 3306 μέρος
1957 3235 2303 3306 ἀφαιρούμε-

631 3331 723 3376 νος
755 3325 809 3352 ε·
847 3314 945 3367 ἐὰν
991 3313 1050 3366 δὲ
1091 3315 1338 3385 ἄμορφος
1439 3315 1536 3368 καὶ
1578 3314 1848 3386 δυσειδὴς,
1894 3316 2304 3388 ἀτερπεστέραν

629 3393 916 3462 ἀπέδειξεν
959 3391 1104 3446 οὕτω
1146 3394 1341 3463 μᾶλλον
1383 3395 1573 3463 αὐτὴν.
1633 3395 1701 3447 Ἡ
1729 3395 1839 3464 γὰρ
1883 3396 2130 3465 ἀμορφία
2166 3412 2302 3449 παν-

625 3470 792 3541 ταχοῦ
841 3471 965 3524 καθ’
1009 3472 1208 3541 ἐαυτὴν
1246 3473 1345 3542 μὲν
1395 3473 1699 3543 φαινομένη
1731 3475 1857 3526 ὅσον
1895 3474 2016 3526 ἐστὶ
2050 3473 2304 3543 φαίνεται

630 3550 823 3619 μόνον’
857 3549 986 3602 ὅταν
1025 3549 1083 3602 65
1122 3551 1259 3620 αὐτῇ
1313 3549 1734 3622 παραϐάλληται
1772 3550 1938 3604 λίθων
1976 3551 2304 3623 λαμπρότης

627 3631 721 3684 καὶ
757 3629 951 3699 ἐτέρας
990 3629 1135 3692 τινὸς
1156 3628 1286 3697 ὕλης
1322 3630 1538 3694 κάλλος,
1565 3630 1896 3684 ἐπιτείνεται
1925 3635 2008 3695 είς
2035 3631 2304 3686 δυσειδίαν

631 3710 912 3778 μειζόνως.
942 3708 1016 3760 Τό
1051 3725 1108 3760 τε
1147 3708 1256 3778 γάρ
1290 3707 1383 3760 τοῦ
1415 3709 1668 3779 σώματος
1698 3710 1870 3780 μέλαν
1893 3709 2074 3780 πολλῷ
2108 3711 2304 3780 μελάν-

627 3805 784 3858 τερον
831 3788 1103 3839 δείκνυσιν
1145 3788 1492 3857 ἐπικείμενον
1544 3789 1638 3842 τοῦ
1687 3790 2032 3860 μαργαρίτου
2081 3791 2141 3842 τὸ
2187 3791 2302 3857 φῶς

628 3869 720 3919 καὶ
775 3866 964 3936 ὥσπερ
1007 3867 1066 3918 ἐν
1108 3867 1284 3936 σκότῳ
1331 3867 1576 3930 στίλϐον,
1627 3867 1700 3920 τό
1749 3887 1807 3920 τε
1864 3868 1957 3921 τοῦ
2008 3869 2302 3939 προσώπου

628 3945 1058 3999 δυσδιάπλαστον
1095 3945 1163 3996 τά
1188 3944 1296 3997 τῶν
1334 3946 1566 4014 ἱματίων
1591 3947 1726 4016 ἄνθη
1766 3947 1900 4001 πολύ
1943 3948 2136 4018 κάκιον
2167 3949 2299 4001 ἀπο-

625 4025 830 4091 φαίνει,
863 4023 963 4076 οὐκ
998 4024 1228 4093 ἀφιέντα
1258 4024 1383 4077 καθ’
1430 4026 1623 4080 ἐαυτὸν
1650 4027 2018 4093 ἀγωνίζεσθαι
2071 4028 2162 4080 τὸν
2202 4029 2302 4099 τῆς

625 4103 802 4169 ὂψεως
832 4101 1003 4154 τύπον
1045 4104 1198 4173 παρά
1223 4105 1338 4172 τοῖς
1377 4104 1623 4168 θεαταῖς,
1667 4105 1804 4158 ἀλλὰ
1841 4105 1978 4173 πρὸς
2005 4106 2067 4158 τὸ
2117 4124 2301 4176 χειρο-

625 4182 853 4252 ποίητον
897 4183 1073 4257 ἐκεῖνο
1101 4183 1197 4234 καὶ
1249 4183 1535 4252 ἀμήχανον
1584 4185 1806 4247 κάλλος,
1844 4185 1969 4236 ὅθεν
2013 4187 2046 4256 ἡ
2099 4185 2303 4255 μείζων

623 4258 764 4332 ἦττα
807 4261 1038 4328 γίνεται.
1095 4261 1155 4314 Ὀ
1201 4261 1311 4332 γάρ
1349 4263 1750 4335 διεσπαρμένος
1803 4262 1862 4314 ἐν
1904 4266 2019 4326 τοῖς
2066 4265 2304 4332 ἱματίοις

625 4339 847 4410 χρυσὸς,
892 4340 986 4391 καὶ
1027 4341 1060 4408 ἡ
1093 4338 1262 4408 πολλὴ
1285 4339 1488 4393 τῶντά
1515 4341 1742 4394 τοιαῦτα
1772 4342 2160 4411 ἐργαζομένων
2190 4359 2304 4396 ποι-

626 4418 794 4480 κιλία,
845 4419 941 4470 καὶ
972 4417 1000 4469 6
1037 4417 1225 4480 λοιπὸς
1266 4418 1471 4488 κόσμος
1510 4419 1678 4482 άπας,
1716 4419 1970 4486 καθάπερ
2013 4437 2099 4484 τις
2132 4422 2304 4490 ἀθλη-

623 4499 721 4568 τὴς
764 4497 1012 4564 γενναῖος
1044 4494 1284 4570 εὐεκτῶν
1319 4497 1413 4549 καὶ
1444 4495 1694 4568 σφριγῶν
1728 4496 2014 4569 ψωραλέον
2052 4498 2175 4551 τινὰ
2210 4500 2303 4552 καὶ

625 4578 848 4648 αἰσχρὸν
887 4578 983 4630 καὶ
1023 4576 1363 4645 λιμώττοντα
1395 4579 1795 4646 παρωσάμενος
1867 4577 2300 4647 ἀνταγωνιστὴν,

624 4657 767 4709 οὕτω
794 4656 895 4726 τὴν
925 4655 1019 4708 τοῦ
1052 4652 1346 4722 προσώπου
1377 4653 1535 4718 δόξαν
1559 4655 1658 4724 τῆς
1699 4655 2096 4726 περικειμένης
2129 4672 2303 4709 κατα-

626 4735 804 4788 ϐαλὼν
829 4735 968 4804 πρὸς
991 4733 1183 4788 ἐαυτὸν
1217 4733 1515 4786 ἐπισπᾶται
1541 4735 1669 4796 τοὺς
1699 4733 1924 4796 θεατὰς,
1956 4735 2172 4804 ἐκείνην
2203 4733 2303 4803 μὲν

625 4813 1028 4896 καταγελᾶσθαι
1056 4813 1338 4896 μειζόνως,
1367 4812 1548 4865 ἀὐτὸν
1575 4811 1632 4864 δέ
1665 4811 1785 4882 μεθ’
1824 4812 2133 4885 ὑπερϐολῆς
2167 4812 2303 4865 θαυ-

629 4893 894 4963 μάζεσθαι
935 4891 1395 4962 παρασκευάζων.

693 4989 810 5042 ΞΡ.
845 4989 984 5042 Ἀλλ’
1019 4989 1117 5058 οὐχ
1144 4989 1172 5040 ὁ
1205 4988 1306 5058 τῆς
1342 4987 1642 5058 παρθενίας
1680 4987 1886 5058 κόσμος
1920 4985 2185 5049 τοιοῦτος.
2222 4985 2301 5041 Οὐ

625 5068 735 5137 γὰρ
751 5068 1067 5136 λυμαίνεται
1086 5069 1150 5136 τῇ
1169 5068 1550 5137 περικειμένη,
1565 5067 1752 5136 ἐπειδὴ
1777 5066 1900 5136 μηδ’
1918 5065 2035 5117 ἔστι
2063 5083 2305 5134 σωματιο

624 5146 740 5210 κὸς,
774 5145 910 5198 ἀλλά
936 5145 1036 5212 τῆς
1067 5145 1248 5215 ψυχῆς
1273 5145 1421 5207 ὅλος’
1459 5147 1556 5197 καὶ
1584 5146 1675 5198 διὰ
1703 5145 1883 5205 τοῦτο,
1921 5147 1986 5198 ἄν
2026 5162 2086 5196 τε
2126 5145 2304 5197 δυσει-

623 5226 718 5295 δὴς
745 5221 801 5297 ᾖ,
835 5224 1099 5294 μετέϐαλε
1123 5225 1220 5294 τὴν
1246 5223 1510 5278 δυσειδίαν
1541 5224 1752 5287 εὐθέως
1773 5223 1976 5288 κάλλος
2003 5222 2250 5294 περιθεὶς
2281 5223 2298 5261 ί

623 5304 928 5373 ἀμήχανον,
956 5301 1022 5356 ἀν
1037 5319 1095 5354 τε
1113 5301 1293 5374 ὡραία
1325 5305 1420 5356 καὶ
1443 5303 1670 5373 φαιδρὰ,
1690 5303 2087 5375 λαμπροτέραν
2107 5302 2305 5373 είργά-

695 5486 874 5553 '_R¢g.
905 5491 1141 5553 ὐπεροχήν
1184 5491 1214 5546 ἢ
1247 5490 1385 5553 δόξαν
1417 5491 1602 5553 ἠ--τῶν-
1626 5491 1755 5553 Δμειζ-
1793 5486 1922 5553 Infra
1962 5488 2086 5547 Reg.
2123 5484 2304 5553 τούτων

625 5549 938 5606 ἀπολαύουσι,
965 5549 1062 5600 81ίῖ
1073 5549 1418 5600 ἀπολαύουσαι.
1453 5549 1563 5598 Mox
1589 5549 1722 5597 idem
1747 5549 1928 5604 πενίαις
1950 5554 2067 5610 συζῇ
2091 5550 2172 5595 καὶ
2219 5565 2304 5595 τα-

627 5611 902 5674 λαιπωρίαις
921 5616 1003 5660 καὶ
1022 5614 1205 5666 κόποις.

691 5672 718 5711 b
744 5671 866 5737 Bég.
881 5676 1107 5737 πρότερον
1117 5675 1292 5733 λόγοις.
1306 5673 1460 5722 Paulo
1479 5678 1591 5733 post
1605 5672 1726 5734 Reg.
1743 5671 1936 5720 Παῦλον
1955 5672 2304 5736 ἀποφήνασθαι.

691 5738 714 5798 ¢_
744 5736 862 5798 Heg.
891 5736 1257 5798 utpuaicovmt.

689 5794 718 5870 ς
740 5793 860 5870 ῇρςξ.
889 5798 935 5870 τί
959 5793 1024 5844 ’τὸ
1043 5799 1208 5870 ὄφελος
1230 5797 1283 5844 ἐκ
1303 5793 1389 5842 τοῦ
1411 5796 1749 5858 χρυσοφορεῖις
1773 5796 1910 5843 είόεν.

693 5863 716 5920 ξ
740 5859 859 5920 Reg.
881 5859 1243 5920 ἀποφερόμενος.
1291 5895 1299 5911 .

695 5916 718 5956 ί
742 5915 1023 5980 δίοόριὶηιό
1039 5915 1174 5968 ’Ξεινίι
1213 5957 1225 5978 ,
1247 5917 1444 5980 περιθείς
1464 5918 1525 5967 ad
1547 5917 1726 5973 κὸσιιος
1748 5917 1988 5966 referens.
2016 5915 2181 5965 Monlf.
2211 5933 2296 5967 πιο

631 5983 822 6042 ριίκῐσα.
852 5983 981 6030 [μετ.
2005 6004 2017 6010 -

1484 403 1542 458 S.
1577 362 2396 460 JOANNISICIIRYSOSTOMI
2441 399 2762 456 ARCHIEP.
2804 396 3360 455 CONSTANTINOP.

3982 396 4083 450 58:2

2417 534 2566 569 σατο.
2604 518 2677 568 Οὐ
2715 513 2830 585 γὰρ’
2856 514 2993 567 λίθοι
3021 515 3116 568 καὶ
3161 512 3384 582 χρυσὸς,
3416 512 3536 565 οὐδέ
3589 510 3826 581 ἱματίων
3851 507 4078 562 πολυτέ-

2409 599 2548 661 λεια,
2577 598 2700 650 οὐδέ
2731 597 3038 667 χρωμάτων
3063 596 3330 665 πολυτελῆ
3361 594 3498 665 ἄνθη
3520 595 3777 664 διάφορα,
3804 594 3927 646 οὐδὲ
3939 586 4082 647 ¹ἀλλο

2407 676 2650 729 τοιοῦτον
2680 675 2833 728 οὐδὲν
2854 675 2964 728 τῶν
2994 674 3252 748 φθαρτῶν
3283 675 3508 727 ἐκείνων
3537 676 3732 741 κοσμεῖ
3753 671 3855 735 τάς
3879 670 4081 741 ψυχὰς,

2408 755 2523 807 ἀλλ’
2553 755 2675 808 ἀντὶ
2706 754 2913 807 τούτων
2950 756 3220 823 νηστεῖαι,
3253 752 3578 822 παννυχίδες
3609 752 3774 820 ἱεραὶ,
3808 751 4077 821 πραότης,

2409 834 2698 897 ἐπιείκεια,
2736 835 2916 910 πενία,
2965 831 3205 903 ἀνδρεία,
3252 829 3746 902 ταπεινοφροσύνη,
3791 828 4077 899 καρτερία,

2409 914 2626 967 πάντων
2647 909 2836 976 ἁπλῶς
2863 912 2973 982 τῶν
2996 914 3053 966 ἐν
3082 911 3162 982 τῷ
3186 912 3415 982 παρόντι
3445 910 3546 980 βίῳ
3563 910 3906 980 πραγμάτων
3919 909 4081 978 ὑπερ-

2407 993 2558 1060 οψία.
2613 994 2724 1046 Καὶ
2774 991 2884 1062 γὰρ
2933 976 3213 1061 όφθαλμὸς
3245 976 3384 1060 αὐτῇ
3435 976 3579 1042 οὕτω
3607 976 3732 1058 -μέν
3764 988 3933 1050 καλὸς
3985 976 4079 1038 καὶ

2407 1072 2709 1143 εὐπρεπὴς,
2737 1072 2812 1134 ὡς
2841 1071 2964 1124 ἀντὶ
2992 1069 3296 1140 ἀνθρώπων
3327 1068 3430 1132 τάς
3460 1067 3790 1137 ἀσωμάτους
3821 1067 4078 1137 δυνάμεις

2406 1151 2502 1202 καὶ
2530 1150 2623 1202 τὸν
2649 1149 2858 1202 τούτων
2891 1149 3172 1216 Δεσπότην
3205 1147 3352 1217 ἔχειν
3391 1147 3665 1216 ἐραστήνο
3708 1146 3853 1199 οὕτω
3880 1145 3939 1198 δέ
3977 1162 4079 1197 κα-

2407 1227 2574 1296 θαρὸς
2603 1229 2697 1282 καὶ
2723 1228 2946 1298 διειδὴς,
2963 1228 3038 1290 ὡς
3064 1228 3187 1279 ἀντὶ
3213 1226 3324 1278 τῶν
3356 1225 3782 1294 σωματικῶνττά
3810 1223 4078 1294 ἀσώματα

2407 1307 2576 1374 κάλλη
2602 1307 2865 1360 δύνασθαι
2899 1307 3141 1376 καθορᾷν
3161 1322 3175 1334 ·
3205 1305 3350 1358 οὕτω
3377 1304 3434 1356 δέ
3466 1303 3676 1377 ἥμερος
3699 1306 3795 1357 καὶ
3820 1302 4075 1372 γαληνὸς,

2405 1385 2482 1445 ώς
2514 1385 2649 1454 μηδὲ
2689 1386 2826 1456 πρὸς
2851 1387 2978 1447 τοὺς
3010 1384 3331 1447 ἀδικοῦντας
3364 1383 3459 1436 καὶ
3506 1383 3750 1454 συνεχῶς
3776 1381 4078 1442 λυποῦντας

2407 1463 2714 1533 ἀγριαίνειν
2753 1465 2850 1516 καὶ
2893 1463 3290 1524 διανίστασθαι.
3334 1461 3473 1515 ἀλλά
3523 1463 3618 1514 καὶ
3664 1462 3804 1533 πρὸς
3852 1460 4076 1522 τούτους

2407 1544 2506 1613 ἡδὺ
2537 1543 2633 1596 καὶ
2672 1543 2914 1614 μείλιχον
2947 1552 2974 1590 ε
3008 1545 3162 1614 ὁρᾷν.
3209 1541 3526 1613 Κοσμιότης
3568 1541 3629 1594 δέ
3671 1543 3810 1612 αὐτῇ
3840 1539 4078 1614 τοσαύτη

2408 1601 2740 1693 περίκειτάι,
2785 1601 2862 1687 ὡς
2899 1623 2998 1676 καὶ
3037 1601 3163 1685 τόὺς
3204 1601 3538 1683 ἀκολάστου-ς
3585 1601 3942 1691 αἰσχύνεσθαι
3986 1601 4078 1672 καί

2407 1703 2666 1773 ἐρυθριᾷν
2695 1704 2791 1755 καὶ
2818 1703 2920 1773 τῆς
2965 1702 3177 1764 οἰκείας
3213 1700 3477 1755 ἐνδιδόναι
3523 1700 3745 1768 μανίας,
3773 1701 3906 1753 ὅταν
3945 1698 4079 1768 πρὸς

2407 1782 2577 1852 αὐτὴν
2614 1782 2798 1835 ἴδωσιν
2829 1781 3098 1852 ἀκριϐῶς.
3132 1781 3342 1850 Ὥσπερ
3374 1779 3433 1831 δέ
3463 1779 3686 1846 γυναικὶ
3734 1777 3943 1849 κοσμία
3981 1777 4079 1845 τὴν

2404 1860 2834 1931 διακονουμένην
2863 1861 3201 1932 θεράπαιναν
3232 1860 3330 1911 καὶ
3353 1857 3526 1928 αὐτὴν
3545 1853 3688 1912 εἶναι
3713 1857 3866 1930 [521]
3901 1857 4080 1910 τοιαύ-

2406 1958 2507 2010 την
2553 1941 2791 2010 ἀνάγκη,
2829 1940 2932 1993 κᾶν
2991 1939 3066 2010 μὴ
3105 1939 3392 2009 βούληταιο
3425 1937 3570 1991 οὕτω
3606 1939 3703 1991 καὶ
3749 1938 3849 2008 τὴν
3902 1937 4079 2007 σάρκα

2405 2021 2504 2088 τῆς
2519 2017 2660 2072 οὕτω
2686 2017 3081 2087 φιλοσοφούσης
3107 2017 3288 2086 ψυχῆς
3310 2017 3449 2087 πρὸς
3475 2016 3546 2069 τά
3566 2017 3784 2086 ἐκείνης
3803 2017 4081 2085 κινήματα

2407 2096 2612 2159 καὶτὰς
2631 2096 2840 2159 οίκείας
2863 2096 3079 2163 ἀνάγκη
3095 2095 3382 2164 ῥυθμίζειν
3409 2094 3609 2164 ὁρμάς.
3628 2095 3740 2148 Καὶ
3755 2094 3866 2165 γάρ
3881 2092 4082 2162 ὀφθαλ-

2409 2175 2528 2244 μὺς,
2578 2176 2676 2229 καὶ
2727 2176 2944 2243 γλῶττα
2967 2215 2983 2238 ,
3019 2176 3116 2227 καὶ
3153 2173 3377 2243 σχῆμα,
3405 2175 3502 2226 καὶ
3529 2173 3758 2243 βάδισις,
3783 2174 3881 2226 καὶ
3905 2173 4083 2226 πάντα

2407 2253 2594 2317 άπλῶς
2636 2255 2773 2325 πρὸς
2802 2255 2903 2326 τὴν
2948 2254 3098 2307 ἔνδον
3130 2253 3394 2318 ,εὐταξίαν
3443 2254 3947 2325 χαρακτηρίζεταιο
3989 2253 4085 2306 καὶ

2407 2333 2660 2404 καθάπερ
2687 2335 2859 2406 μύρον
2893 2333 3216 2404 βαρύτιμον,
3240 2333 3345 2386 κάν
3373 2333 3456 2396 είς
3492 2333 3665 2402 ἄγγος
3697 2334 4080 2403 ἀποκλείηται,

2406 2414 2498 2466 τὸν
2526 2413 2665 2485 ἀέρα
2695 2415 2796 2484 τῆς
2819 2415 3027 2477 οἰκείας
3059 2413 3386 2484 ἀναχρῶσαν
3423 2412 3672 2477 εὐωδίας,
3700 2415 3760 2466 οὐ
3784 2415 3911 2477 τούς
3935 2414 4083 2467 ἔνδον

2406 2493 2502 2545 καὶ
2533 2493 2762 2564 πλησίον
2784 2493 3031 2555 ἑστῶτας
3061 2492 3246 2560 μόνον,
3281 2491 3420 2544 ἀλλά
3449 2492 3548 2544 καὶ
3580 2493 3708 2555 τοὺς
3733 2492 3839 2558 ἐξω
3872 2492 4082 2558 πάντας

2407 2572 2714 2642 ἐμπίπλησι
2743 2572 2843 2642 τῆς
2866 2572 3095 2646 ἡδονῆς·
3125 2571 3268 2625 οὓτω
3294 2571 3392 2623 καὶ
3418 2572 3453 2640 ἡ
3487 2571 3586 2640 τῆς
3617 2571 3953 2642 παρθενικῆς
3985 2572 4083 2640 ψυο

2407 2651 2511 2718 χῆς
2535 2651 2736 2705 εὐωδία
2754 2655 2875 2716 ταῖς
2902 2652 3192 2720 αἰσθήσεσι
3219 2650 3592 2720 περιρρέουσα
3619 2650 3959 2704 ἐνδείκνυται
3987 2651 4083 2721 τὴν

2407 2727 2555 2781 ἔνδον
2592 2730 2966 2801 ἀποκειμένην
3001 2730 3223 2800 ἀρετὴν,
3275 2729 3372 2780 καὶ
3403 2729 3504 2792 τὰς
3544 2730 3753 2799 χρυσᾶς
3787 2729 3890 2799 τῆς
3926 2730 4083 2782 εὐκο-

2409 2809 2578 2878 σμίας
2625 2809 2996 2863 ἐπιϐάλλουσαι
3041 2810 3206 2861 πᾶσιν
3249 2806 3406 2878 ἡνίας
3438 2808 3499 2860 ἐν
3533 2805 3702 2876 πολλῇ
3739 2807 3850 2860 τῶν
3897 2808 4084 2861 ῖππων

2407 2889 2636 2941 ἕκαστον
2657 2888 2929 2958 εὐρυθμίᾳ
2951 2888 3216 2958 διατηρεῖ,
3245 2887 3341 2940 καῖ⁹
3367 2885 3491 2938 οὐτε
3519 2885 3622 2955 τὴν
3645 2885 3891 2954 γλῶτταν
3920 2887 4082 2956 ἀφίη-

2409 2985 2494 3020 σιν
2529 2966 2743 3036 ἀπηχές
2787 2983 2842 3017 τι
2886 2967 2984 3019 καὶ
3029 2967 3374 3035 ἀνάρμοστον
3422 2963 3780 3031 φθέγξασθαι,
3831 2963 3958 3017 οὔτε
3995 2964 4081 3018 τὸν

2407 3044 2686 3114 ὀφθαλμὸν
2720 3045 2881 3114 μόνον
2902 3044 3278 3114 ἀναισχύντως
3305 3043 3400 3097 καὶ
3433 3043 3690 3104 ὑπόπτως
3719 3043 3934 3107 ἐνιδεῖν,
3959 3042 4080 3096 οὔτε

2406 3125 2507 3193 τὴν
2535 3121 2703 3192 ἀκοὴν
2733 3122 2990 3187 δέξασθαί
3015 3141 3066 3176 τι
3094 3122 3205 3188 τῶν
3238 3123 3298 3174 οὐ
3330 3120 3717 3192 προσηκόντων
3742 3122 3943 3191 μελῶν.
3978 3123 4082 3175 Καὶ

2409 3201 2585 3254 ποδῶν
2615 3201 2671 3253 65
2711 3201 2847 3271 αὐτῇ
2888 3202 3070 3271 μέλει,
3129 3201 3271 3253 ὥστε
3326 3202 3401 3271 μὴ
3443 3202 3656 3254 ἄτακτα
3701 3200 3942 3270 βαδίζειν
3989 3205 4082 3255 καὶ

2406 3279 2869 3354 διατεθρυμμένα,
2919 3279 3034 3332 ἀλλ’
3069 3280 3345 3335 ἄπλαστόν
3377 3296 3501 3331 τινα
3538 3281 3632 3332 καὶ
3661 3279 4082 3350 ἀνεπιτήδευτον

2408 3360 2555 3427 ἔχειν
2584 3358 2682 3428 τὴν
2719 3357 2926 3428 βάδισιν
2945 3374 2958 3387 '
2997 3359 3090 3411 καὶ
3118 3359 3208 3412 τὸν
3243 3358 3351 3411 ἀπὸ
3378 3358 3487 3411 τῶν
3517 3357 3747 3427 ἱματίων
3779 3359 3838 3413 65
3868 3359 4080 3412 καλλω⁶

2409 3442 2611 3511 πισμὸν
2642 3441 2989 3511 περικόψασα
3026 3443 3117 3495 καὶ
3137 3440 3216 3510 τῷ
3238 3440 3519 3510 προσώπῳ
3548 3444 3810 3511 παραινεῖ
3843 3443 4084 3514 συνεχῶς

2410 3521 2484 3591 μὴ
2501 3520 2803 3589 διαχεῖσθαι
2827 3520 2905 3590 τῷ
2923 3521 3141 3589 γέλωτι,
3164 3520 3300 3573 ἀλλά
3331 3520 3468 3591 μηδέ
3487 3519 3672 3590 ἠρέμα
3699 3521 3937 3592 μειδιᾷν,
3968 3522 4084 3576 ἀλλ’

2407 3600 2722 3654 ἐπισκύνιον
2753 3601 3034 3670 αἰδέσιμον
3078 3601 3167 3652 ἀεὶ
3199 3601 3294 3652 καὶ
3340 3599 3612 3670 αὐστηρὸν
3644 3601 4079 3662 ἐπιδείκνυσθαι,

2405 3680 2502 3732 καὶ
2546 3679 2683 3748 πρὸς
2713 3678 2925 3748 δάκρυα
2960 3678 3408 3750 παρεσκευάσθαι
3441 3677 3759 3743 διαπαντὸς,
3809 3681 3951 3752 πρὸς
3994 3680 4082 3749 γέ-

2405 3760 2553 3811 λωτα
2591 3759 2647 3810 65
2685 3758 2975 3827 μηδέποτε.

2477 3889 2592 3944 ΞΔ’.
2623 3891 2791 3943 Ὅταν
2830 3890 2887 3942 65
2926 3889 3180 3959 δακρύων
3223 3889 3486 3959 ἀκούσῃς,
3517 3887 3683 3959 μηδὲν
3729 3887 4080 3956 ὑποπτεύσῃς

2409 3971 2751 4042 σκυθρωπόν’
2765 3969 3036 4038 τοσαύτην
3057 3969 3166 4040 γὰρ
3191 3968 3304 4039 ἔχει
3321 3969 3393 4021 τά
3406 3970 3616 4039 δάκρυα
3629 3969 3814 4020 ἐκεῖνα
3834 3967 3936 4036 τὴν
3963 3968 4055 4037 ἡδο
4069 3996 4082 4005 -

2407 4051 2523 4121 νην,
2562 4050 2694 4119 ὅσην
2733 4049 2854 4100 ούδέ
2897 4051 2925 4101 ὁ
2957 4047 3132 4116 γέλως
3175 4047 3271 4099 τοῦ
3300 4048 3507 4116 κόσμου
3540 4048 3753 4100 τούτου.
3779 4048 3843 4098 Εἰ
3872 4046 3931 4099 65
3961 4047 4083 4099 ἀπι-

2409 4131 2575 4191 στεῖς,
2596 4128 2828 4181 ἄκουσον
2849 4127 2942 4180 τοῦ
2977 4129 3164 4180 Λουκᾶ
3190 4126 3461 4194 λέγοντος.
3504 4125 3586 4178 ὅτι
3617 4125 4010 4193 μαστιχθέντες
4039 4124 4084 4178 οί

2406 4207 2694 4264 ἀπόστολοι
2725 4206 3033 4278 ἀνεχώρουν
3076 4206 3186 4259 ἀπὸ
3220 4204 3515 4276 προσώπου
3533 4203 3628 4257 τοῦ
3661 4203 3944 4275 συνεδρίου
3974 4205 4084 4273 χαί-

2409 4305 2614 4362 ροντες·
2655 4289 2831 4340 καίτοι
2859 4306 2921 4357 γε
2955 4287 3017 4340 οὐ
3039 4285 3263 4356 τοιαύτη
3295 4283 3404 4338 τῶν
3442 4285 3721 4354 μαστίγων
3751 4285 3786 4352 ὴ
3811 4283 3999 4351 φύσις·
4027 4280 4083 4334 οὐ

2405 4371 2513 4440 γὰρ
2540 4369 2729 4439 ἡδονὴν
2756 4368 2851 4421 καὶ
2867 4368 3060 4438 χαρὰν,
3086 4365 3200 4418 ἀλλ’
3217 4363 3412 4432 ὀδύνην
3441 4365 3534 4416 καὶ
3559 4363 3720 4417 πόνον
3751 4363 4083 4434 ἐργάζεσθαι

2407 4450 2615 4503 εἴωθεν.
2661 4448 2859 4517 Ἀλλ’ὴ
2901 4447 2998 4515 μὲν
3039 4445 3146 4496 τῶν
3180 4444 3461 4513 μαστίγων
3495 4441 3657 4510 φύσις
3681 4443 3741 4495 ού
3771 4442 4080 4512 τοιαύτη,ή

2406 4531 2462 4583 65
2503 4530 2581 4590 είς
2607 4526 2843 4598 Χριστὸν
2877 4525 3060 4587 πίστις
3086 4521 3308 4591 τοιαύτη
3327 4563 3342 4586 ,
3373 4522 3448 4582 ώς
3477 4521 3572 4573 καὶ
3598 4524 3698 4590 τῆς
3732 4521 3954 4592 φύσεως
3996 4521 4084 4574 αὐ-

2407 4610 2504 4678 τῆς
2535 4608 2642 4659 τῶν
2692 4605 3037 4675 πραγμάτων
3081 4603 3326 4674 κρατεῖν.
3374 4601 3437 4652 EE
3483 4600 3540 4652 65
3585 4601 3851 4670 μάστιγες
3893 4601 4084 4670 ἡδονὴν

2407 4689 2591 4740 ἔτεκον
2622 4686 2709 4739 διὰ
2754 4687 2844 4738 τὸν
2892 4682 3150 4755 Χριστὸν,
3186 4682 3238 4734 τί
3281 4680 3594 4750 θαυμαστὸν
3616 4680 3644 4719 ιι
3678 4681 3728 4732 εί
3769 4681 3864 4734 καὶ
3898 4681 3972 4733 τά
4001 4680 4084 4732 δά-

2407 4784 2551 4838 κρυα
2593 4766 2654 4818 τὸ
2689 4765 2820 4818 αὐτὸ
2852 4762 3146 4834 ἐργάζεται
3192 4760 3280 4813 διὰ
3308 4760 3400 4813 τὸν
3449 4759 3643 4825 αὐτόν;
3684 4758 3786 4812 Διά
3826 4759 3992 4813 τοῦτο
4024 4761 4082 4829 ἣν

2409 4845 2741 4915 στενὴνκκαλ.
2769 4841 3140 4911 τεθλιμμένην
3184 4839 3444 4902 ἐκάλεσεν
3493 4839 3631 4900 ὁδὸν,
3677 4838 3884 4910 ταύτην
3926 4839 4083 4892 πάλιν

2404 4929 2564 4982 καλεῖ
2593 4929 2687 4979 καὶ
2722 4926 2884 4993 ζυγὸν
2915 4923 3151 4993 χρηστὸν
3194 4923 3289 4974 καὶ
3322 4923 3542 4991 φορτίον
3580 4922 3836 4992 ἐλαφρόν.
3877 4923 3960 4992 Τῇ
3996 4923 4084 4992 μὲν

2407 5015 2515 5083 γὰρ
2548 5013 2706 5079 φύσει
2740 5010 2802 5062 τὸ
2835 5010 3070 5079 πρᾶγμα
3110 5006 3349 5058 τοιοῦτόν
3387 5007 3534 5068 ἐστι,
3571 5008 3638 5076 τῇ
3666 5005 3722 5058 65
3753 5005 3862 5058 τῶν
3893 5024 4083 5076 κατορ-

2409 5097 2644 5150 θούντων
2676 5093 2994 5164 προαιρέσει
3024 5093 3118 5144 καὶ
3145 5093 3265 5153 ταῖς
3298 5090 3478 5142 ἐλπίσι
3504 5091 3627 5151 ταῖς
3657 5090 3930 5158 χρησταῖς
3965 5090 4083 5155 σφό-

2406 5183 2506 5251 δρα
2538 5180 2745 5248 γίνεται
2777 5177 2996 5243 κοῦφον.
3021 5177 3110 5227 Διὸ
3133 5177 3231 5244 τῆς
3249 5173 3562 5245 εύρυχώρου
3583 5174 3677 5225 καὶ
3706 5173 3974 5235 πλατείας
3994 5171 4082 5240 τὴν

2411 5269 2603 5338 στενὴν
2633 5268 2726 5320 καὶ
2763 5264 3132 5334 τεθλιμμένην
3170 5263 3307 5333 μετά
3338 5261 3582 5323 πλείονος
3616 5262 3681 5314 άν
3711 5278 3795 5322 τις
3825 5260 3927 5312 ίδοι
3959 5277 4081 5329 προ-

2409 5352 2609 5419 θυμίας
2638 5349 2921 5411 ὁδεύοντας
2945 5349 3070 5410 :06;
3111 5347 3402 5415 ἑλομένους
3435 5345 3629 5415 αὐτὴν,
3656 5345 3716 5396 οὐ
3751 5343 3838 5396 διὰ
3885 5344 3950 5396 τὸ
4012 5342 4079 5413 μὴ

2410 5433 2710 5498 θλίϐεσθαι,
2744 5432 2878 5484 ἀλλά
2918 5431 3005 5484 διὰ
3034 5431 3094 5482 τὸ
3139 5429 3249 5482 τῶν
3301 5429 3535 5497 θλίψεων
3572 5429 3878 5498 ἀνωτέρους
3924 5425 4077 5489 εἶναι,

2408 5520 2503 5571 καὶ
2545 5519 2710 5588 μηδὲν
2741 5518 2970 5587 πάσχειν
2999 5516 3088 5567 ὑπ’
3119 5513 3321 5576 αὐτῶν,
3355 5510 3467 5565 οἷον
3505 5513 3600 5565 καὶ
3633 5513 3760 5576 τοὺς
3783 5511 3980 5576 ἄλλους
4009 5513 4078 5563 εξ-

2409 5603 2522 5665 κός.
2547 5587 2711 5670 ίἜχει
2739 5601 2836 5671 μὲν
2876 5600 2983 5670 γάρ
3005 5598 3214 5667 θλίψεις
3245 5597 3340 5650 καὶ
3383 5587 3538 5659 οὗτος
3569 5597 3598 5648 6
3636 5594 3770 5664 βίος,
3809 5595 3927 5648 ἀλλ’
3963 5595 4077 5647 ὅταν

2409 5691 2578 5751 αὐτὰς
2607 5689 2744 5760 πρὸς
2774 5690 2874 5751 τὰς
2908 5687 3001 5740 τοῦ
3039 5688 3219 5757 γάμου
3256 5683 3688 5757 παραϐάλωμεν,
3721 5682 3842 5736 οὐδέ
3881 5681 4079 5751 θλίψεις

2407 5775 2513 5844 χρη
2540 5773 2744 5825 καλεῖν.

2476 5923 2498 5956 κ
2529 5922 2651 5980 Reg.
2678 5917 2922 5980 μειλίχιον.

2479 5980 2507 6018 lt
2546 5981 2664 6046 Reg.
2689 5981 2736 6028 τί
2760 5980 3028 6032 θαυμάζεις.
