4174 6318
308 370 404 428 581

305 493 476 546 multo
515 487 703 558 majori
751 496 990 557 nuptam.
1039 486 1151 541 Non
1203 501 1388 555 parum
1427 496 1604 542 autem
1636 488 1900 542 minorum

307 581 633 652 prmstautize
652 579 998 647 voluptatem,
1019 579 1279 648 majorum
1302 579 1660 647 praecellentia
1692 579 1899 634 minuit.

308 675 507 728 Verum
549 672 734 742 ingens
777 672 934 736 auri,
982 675 1244 738 vestium,
1292 687 1528 736 mensm,
1574 672 1906 740 aliarumque

306 778 487 818 rerum
525 763 694 832 c0pi:e
722 763 879 816 luxus
904 802 921 828 ,
949 763 1187 815 animum
1207 751 1475 816 'inescabit
1498 771 1554 816 et
1578 762 1816 818 alliciet?
1845 764 1909 816 Et

304 863 436 923 quot
462 853 717 908 mulieres
741 853 803 906 iis
827 851 1139 921 potiuntur?
1165 852 1592 922 quandoquidem
1617 853 1790 923 major
1813 854 1911 908 ho-

305 944 514 999 minum
557 959 681 1013 pars
711 943 764 998 in
809 944 986 1013 inopia
1012 985 1026 1010 ,
1056 945 1311 999 mrumnis
1345 959 1407 998 ac
1436 944 1708 999 laboribus
1737 945 1903 1016 degit.

305 1039 462 1106 Quod
486 1032 534 1094 si
562 1039 754 1109 aliqua:
779 1040 845 1094 iis
875 1041 1178 1108 potiuntur,
1211 1039 1500 1094 admodum
1521 1048 1648 1095 sunt
1674 1055 1856 1110 paucte
1883 1082 1898 1108 ,

309 1142 368 1186 et
394 1146 530 1202 quas
564 1130 720 1186 facile
746 1134 816 1185 sit
853 1145 1173 1197 numerare,
1205 1147 1390 1201 eaeque
1420 1133 1548 1201 ipsae
1575 1141 1770 1202 praeter
1813 1133 1910 1188 Dei

307 1221 630 1276 sententiain
659 1221 891 1287 faciunt;
926 1223 1054 1276 nulli
1083 1224 1225 1278 enim
1254 1224 1331 1278 fas
1361 1224 1521 1278 estin
1545 1225 1611 1279 iis
1635 1225 1871 1279 deliciari
1889 1266 1906 1293 ,

301 1316 455 1386 'quod
485 1328 544 1372 ct
571 1319 816 1387 superius
857 1309 1208 1372 ostendimus.
1885 1333 1890 1336 '

378 1409 519 1464 LXI.
560 1411 757 1463 Aurum
793 1427 964 1480 gerere
1000 1419 1161 1464 metu:
1187 1427 1342 1478 quam
1365 1409 1637 1480 uoluptatis
1666 1411 1780 1480 plus
1819 1410 1913 1462 Ita-

307 1500 518 1554 bere.—
533 1500 641 1556 Sed
658 1516 756 1570 age
777 1501 858 1555 dis
865 1501 1081 1570 putandi
1107 1501 1300 1556 iterum
1317 1516 1477 1556 causa
1503 1510 1560 1555 et
1581 1500 1679 1555 bas
1695 1501 1912 1555 delicias

307 1604 596 1646 concessas
625 1606 908 1660 ponamus,
937 1607 1114 1661 neque
1131 1601 1223 1646 aut
1244 1592 1562 1663 praplictam
1579 1601 1671 1645 aut
1686 1591 1912 1645 Paulum

309 1681 612 1737 luxuriosas
671 1683 922 1738 mulieres
970 1682 1206 1737 odisse:
1256 1698 1516 1751 quorsum
1583 1683 1699 1736 auri
1764 1681 1912 1736 vim?

306 1774 511 1844 Nempe
533 1774 666 1828 nihil
692 1775 793 1830 nisi
822 1774 1017 1829 invidia
1054 1783 1158 1841 est,
1189 1789 1316 1829 cura
1337 1784 1393 1829 et
1420 1785 1594 1830 metus
1623 1773 1767 1828 haud
1789 1774 1913 1828 vul-

307 1865 469 1935 garis.
502 1865 640 1920 Nam
682 1874 739 1920 et
775 1881 840 1921 eo
878 1869 934 1920 in
972 1867 1245 1937 capsulam
1274 1866 1519 1935 conjecto
1547 1879 1611 1920 ac
1636 1873 1792 1920 nocte
1827 1866 1913 1919 in-

307 1969 537 2030 gruente
559 1961 708 2014 curis
749 1970 1037 2032 anguntur,
1087 1970 1142 2017 et
1168 1976 1235 2016 eo
1263 1962 1459 2016 induta:
1483 1969 1648 2034 atque
1683 1960 1914 2016 interdiu

309 2066 482 2121 atque,
526 2053 637 2106 imo
660 2052 824 2107 etiam
862 2054 1055 2123 magis,
1097 2053 1478 2110 sollicitantur.
1513 2052 1727 2107 Etenim
1765 2060 1821 2107 et
1858 2053 1912 2106 in

309 2139 517 2197 balneis
543 2151 598 2197 et
624 2143 676 2196 in
702 2143 913 2212 templis
935 2152 1132 2212 praesto
1161 2154 1285 2197 sunt
1303 2143 1516 2198 feminae
1537 2159 1656 2212 qua:
1681 2143 1735 2197 id
1759 2157 1912 2198 com-

309 2236 479 2305 pilent
507 2252 522 2288 :
552 2250 616 2290 ac
653 2235 788 2290 citra
816 2252 910 2291 eas
940 2251 1152 2306 quoque
1177 2238 1438 2306 aurigerze
1469 2251 1499 2288 a
1529 2236 1682 2290 turba
1709 2249 1913 2305 pressa:

311 2337 367 2382 et
403 2329 653 2398 impulsae
702 2343 805 2384 nec
857 2330 1096 2384 sentiunt
1140 2330 1356 2399 quidem
1409 2329 1524 2383 auri
1561 2328 1664 2383 sibi
1712 2327 1911 2396 aliquid

310 2420 574 2487 elapsum.
629 2419 811 2490 Itaque
864 2421 1045 2475 multre
1089 2436 1196 2475 non
1236 2420 1352 2476 hmo
1387 2421 1580 2485 solum,
1617 2419 1712 2474 sed
1744 2419 1911 2473 multo

308 2509 470 2562 etiam
501 2511 825 2579 pretiosiora
850 2511 1091 2576 monilia,
1122 2519 1178 2566 et
1202 2511 1491 2565 rarissimis
1510 2509 1737 2581 gemmis
1753 2509 1912 2564 ador-

312 2611 458 2666 nata,
483 2602 702 2657 revulsa
727 2617 791 2658 ac
812 2603 1031 2673 delapsa
1061 2602 1428 2672 perdiderunt.

382 2693 549 2748 LXII.
582 2695 756 2749 Aurea
793 2704 1092 2751 ornamenta
1125 2703 1172 2750 et
1207 2699 1387 2767 (arma:
1417 2711 1615 2760 nocere,
1655 2706 1702 2750 et
1725 2705 1914 2766 augere

309 2785 708 2859 deformitatem.
735 2816 808 2827 —
830 2787 944 2857 Age
969 2802 1100 2843 vero
1137 2802 1312 2856 neque
1341 2785 1432 2842 hic
1472 2795 1648 2842 terror
1685 2787 1774 2854 sit,
1813 2787 1912 2842 sed

311 2879 426 2936 hzec
445 2882 608 2937 etiam
627 2897 752 2936 cura
768 2890 1014 2951 exempta
1027 2881 1127 2936 sit:
1146 2883 1237 2952 qui
1257 2880 1457 2936 refert?
1476 2880 1906 2951 Viditquispiam,

311 2974 501 3044 inquit,
554 2989 618 3029 ac
656 2975 878 3028 miratus
917 2979 1017 3031 est.
1054 2975 1125 3028 At
1162 2989 1270 3028 non
1314 2981 1581 3040 ornatam,
1621 2973 1718 3027 sed
1745 2987 1911 3026 orna-

310 3076 511 3132 menta,
555 3064 702 3118 illam
742 3074 919 3119 autem
957 3079 1102 3134 saepe
1137 3065 1222 3119 vel
1261 3064 1331 3118 ob
1359 3079 1421 3119 ea
1451 3064 1765 3118 criminatus
1805 3071 1907 3127 est,

309 3156 465 3223 quasi
494 3165 689 3224 prreter
715 3156 1027 3225 dignitatem
1054 3157 1119 3210 iis
1145 3166 1410 3210 ornatam.
1446 3154 1580 3210 Nam
1609 3155 1654 3209 si
1677 3154 1910 3210 formosa

311 3247 400 3308 sit,
432 3255 638 3300 naturae
673 3246 1127 3314 pulchritudinem
1174 3246 1352 3316 perdit
1383 3264 1396 3298 :
1427 3245 1691 3316 siquidem
1724 3247 1910 3316 ingens

310 3339 406 3392 ille
433 3338 664 3392 mundus
689 3353 807 3392 eam
837 3339 1035 3392 nudam
1061 3354 1323 3408 apparere
1348 3354 1452 3393 non
1483 3340 1760 3407 permittit,
1793 3355 1909 3392 ma-

308 3443 468 3496 gnam
510 3428 629 3497 ejus
659 3440 861 3496 partem
896 3430 1145 3485 auferens
1177 3447 1191 3482 :
1234 3432 1316 3484 sin
1363 3439 1498 3484 tetra
1539 3445 1604 3504 ac
1628 3429 1906 3497 deformis,

309 3518 394 3570 vel
427 3533 493 3571 eo
515 3518 810 3587 turpiorem
841 3535 900 3574 se
929 3521 1516 3576 exhibet.-Deformitas
1550 3521 1690 3574 enim
1717 3522 1910 3590 ubique

307 3609 422 3664 sola
465 3623 752 3678 apparens,
792 3619 1218 3680 quantacumque
1263 3622 1363 3677 est,
1402 3620 1626 3682 apparet
1653 3622 1857 3667 tantum
1891 3632 1905 3666 :

310 3700 452 3769 quod
480 3703 525 3754 si
552 3716 883 3770 gemmarum
913 3703 1186 3774 splendor,
1228 3714 1320 3760 aut
1355 3706 1574 3772 alterius
1593 3707 1906 3777 cujusquam

310 3791 550 3844 materia:
573 3790 911 3860 pulchritudo
926 3793 1290 3860 admoveatur,
1318 3795 1576 3851 fceditatis
1601 3797 1718 3866 plus
1747 3799 1905 3853 etiam

310 3881 600 3935 contrahit.
650 3880 782 3936 Nam
822 3893 876 3937 et
909 3885 1150 3955 corporis
1193 3897 1426 3941 atrorem
1457 3887 1624 3941 multo
1652 3891 1905 3944 atriorem

309 3973 598 4030 imminens
631 3978 932 4047 margarita:
964 3978 1167 4044 lumen,
1204 3988 1258 4034 et
1290 3989 1556 4050 tamquam
1595 3961 1646 4035 in
1673 3982 1908 4037 tenebris

308 4065 534 4129 micans,
578 4077 950 4134 repraesentat,
993 4078 1048 4123 et
1073 4068 1185 4124 oris
1223 4070 1536 4137 pravitatem
1564 4072 1792 4126 vestium
1821 4072 1907 4127 di-

307 4157 450 4210 versi
473 4157 688 4212 colores
709 4159 864 4229 longe
894 4160 1170 4225 tetriorem
1193 4160 1581 4230 demonstrant,
1608 4163 1699 4234 qui
1730 4165 1906 4221 vultus

307 4246 537 4302 formam
571 4263 601 4301 a
637 4250 1025 4318 spectatoribus
1064 4253 1534 4309 seorsim'censeri
1571 4269 1678 4309 non
1705 4255 1904 4324 sinant,

307 4339 402 4395 sed
419 4354 543 4395 eum
567 4341 662 4397 illo
687 4349 804 4398 arte
831 4344 1055 4412 quaesito
1081 4346 1383 4415 eximioque
1407 4345 1601 4402 decore
1626 4347 1904 4403 collatam:

307 4433 450 4486 unde
489 4433 569 4497 fit,
624 4443 682 4488 ut
730 4437 901 4506 magis
941 4440 1183 4507 superari
1223 4439 1485 4492 videatur.
1521 4439 1724 4496 Aurum
1761 4440 1904 4495 enim

307 4523 509 4591 passim
541 4525 780 4580 vestibus
805 4527 1131 4595 inspersum,
1171 4535 1331 4598 atque
1356 4529 1491 4583 varii
1520 4531 1696 4600 operis
1724 4530 1903 4585 diver-

306 4615 753 4687 sitas.omnisque
777 4619 1014 4690 reliquus
1043 4629 1264 4676 ornatus
1291 4631 1373 4677 est
1395 4622 1546 4692 quasi
1571 4623 1784 4693 quidam
1809 4639 1905 4692 pu-

306 4707 378 4776 gil
400 4707 546 4763 bono
586 4708 772 4764 habitu
798 4724 862 4764 ac
892 4710 1167 4778 robustus,
1205 4713 1298 4782 qui
1328 4714 1579 4768 scabrum
1619 4715 1902 4783 quemdam

304 4786 373 4850 et.
397 4807 610 4869 turpem
650 4815 712 4854 ac
750 4802 1038 4870 strigosum
1079 4803 1446 4859 adversarium
1485 4806 1745 4874 repulerit
1785 4823 1799 4858 :
1835 4808 1902 4862 ad

303 4891 552 4946 eumdem
581 4892 799 4964 modum
820 4903 1042 4950 ornatus
1069 4896 1176 4962 ille,
1200 4898 1378 4951 vultus
1405 4897 1692 4967 splendore
1717 4909 1903 4969 erepto

304 4989 466 5048 atque
492 4982 756 5049 detracto,
792 4987 1033 5039 omnium
1063 4985 1117 5040 in
1147 5000 1207 5041 se
1233 4987 1400 5041 oculis
1429 4989 1723 5054 conversis,
1755 4990 1899 5043 illam

306 5071 474 5140 magis
502 5072 820 5140 ridiculum,
852 5089 912 5130 se
948 5077 1000 5129 in
1033 5077 1220 5145 primis
1248 5078 1642 5146 suspiciendum
1675 5080 1896 5148 przebet.

373 5161 562 5217 LXIII.
609 5164 736 5230 Quis
760 5167 1052 5235 tirgt'nitatis
1064 5171 1271 5223 mundus
1299 5182 1342 5224 et
1360 5189 1469 5239 qua:
1486 5171 1900 5242 pulchritudo.—

303 5255 375 5307 At
402 5268 510 5308 non
539 5255 804 5323 ejusmodi
828 5265 913 5312 est
938 5259 1253 5329 virginitatis
1283 5269 1520 5324 ornatus,
1551 5277 1721 5332 neque
1748 5263 1902 5316 indu-

305 5353 410 5396 tam
431 5343 710 5398 defraudat
736 5363 749 5398 :
771 5347 860 5415 qui
892 5363 990 5402 nec
1009 5350 1301 5418 corporalis
1317 5346 1405 5416 sit,
1422 5351 1517 5406 sed
1545 5355 1707 5407 animi
1737 5364 1895 5409 totus.

304 5431 489 5503 Itaque
505 5449 602 5490 seu
623 5435 879 5491 deformis
904 5439 993 5504 sit,
1020 5442 1257 5508 protinus
1280 5443 1671 5499 deformitatem
1705 5456 1894 5515 mutat,

297 5525 545 5581 adhibito
571 5528 969 5597 incomparabili
1000 5544 1190 5588 ornatu
1223 5553 1234 5587 :
1265 5550 1358 5588 seu
1385 5547 1606 5591 venusta
1630 5548 1682 5592 et
1706 5540 1894 5605 nitida,

302 5615 650 5672 illustriorem
672 5621 861 5675 reddit.
891 5621 1166 5692 Siquidem
1193 5641 1299 5679 non
1336 5642 1561 5696 gemmm
1603 5639 1654 5683 et
1684 5646 1893 5696 aurum,

302 5720 413 5760 non
443 5710 672 5763 vestium
715 5711 892 5779 luxus,
931 5729 1038 5769 non
1078 5716 1318 5770 colorum
1362 5717 1522 5772 ﬂores
1565 5720 1696 5775 varii
1736 5731 1895 5792 atque

303 5801 753 5870 sumptuosi,_non
775 5803 875 5861 alia
897 5805 947 5860 id
968 5820 1131 5877 genus
1149 5822 1233 5864 res
1254 5807 1471 5877 caduca,
1487 5809 1692 5866 animos
1710 5823 1883 5876 ornat.

1648 376 1736 430 DE
1780 376 2239 434 VIRGINITATE.
3501 382 3606 437 532
3695 423 3698 426 .

2013 489 2108 544 sed
2139 506 2324 546 eorum
2358 492 2474 548 loco
2517 493 2739 564 jejunia,
2768 477 2976 554 'sancta
3019 497 3313 570 pervigilia,
3360 500 3608 564 comitas,

2013 579 2297 649 modestia,
2331 577 2639 653 paupertas,
2673 583 2951 652 fortitudo,
2983 588 3276 656 humilitas,
3302 591 3610 651 tolerantia.

2012 674 2251 727 omnium
2296 674 2452 741 plane
2478 677 2601 730 vita:
2645 675 2804 746 hujus
2837 694 3017 732 rerum
3051 679 3356 750 despectus.
3389 682 3524 736 Nam
3557 693 3614 738 et

2013 764 2198 819 oculus
2225 766 2274 820 ei
2306 774 2412 821 tam
2427 768 2662 836 ’pulchcr
2685 777 2846 840 atque
2871 771 3080 841 lepidus
3099 782 3198 837 est,
3235 784 3291 827 ut
3316 789 3414 843 pro
3441 774 3614 830 homi-

2013 854 2170 910 nibus
2192 857 2537 927 incorporeas
2564 859 2822 926 Virtutes,
2866 877 3160 933 carumque
3195 864 3481 921 Dominum
3507 865 3610 920 ha-

2012 945 2137 1001 beat
2168 957 2462 1005 amatorem
2499 967 2514 1004 :
2554 961 2659 1005 tam
2683 961 2938 1023 purgatus
2983 968 3046 1008 ac
3076 955 3378 1024 perspicax,
3425 965 3484 1010 ut
3512 971 3612 1026 pro

2013 1041 2276 1110 corporea
2305 1041 2677 1111 iucorpoream
2707 1044 3158 1112 pulchritudinem
3184 1045 3369 1100 videre
3395 1047 3564 1116 possit
3595 1065 3611 1099 :

2016 1138 2123 1196 tam
2153 1133 2329 1187 suavis
2348 1149 2413 1188 ac
2438 1150 2681 1200 serenus,
2703 1143 2759 1189 ut
2786 1150 2883 1191 nec
2904 1137 3187 1191 adversum
3205 1135 3419 1192 assidue
3444 1138 3614 1192 laces-

2015 1231 2194 1278 sentes
2220 1238 2283 1278 ac
2296 1224 2548 1280 molestos
2568 1225 2820 1282 efferetur
2846 1235 2902 1282 et
2926 1228 3184 1297 insurgat,
3216 1227 3312 1281 sed
3337 1241 3430 1282 eos
3450 1227 3611 1282 etiam

2014 1315 2208 1371 blande
2221 1326 2382 1386 atque
2405 1321 2630 1374 comiter
2647 1321 2927 1389 inspectet.
2951 1320 3068 1375 .lam
3086 1336 3216 1374 vero
3240 1335 3301 1375 ea
3327 1329 3412 1376 est
3430 1319 3616 1374 mode-

2015 1408 2136 1475 stia,
2167 1419 2228 1463 ut
2257 1412 2345 1464 vel
2386 1411 2638 1480 impudici
2677 1414 2893 1483 quique,
2931 1414 2976 1469 si
3018 1414 3069 1467 in
3108 1429 3226 1470 eam
3253 1424 3502 1470 accurate
3532 1415 3616 1468 hi-

2017 1509 2285 1567 tueantur,
2338 1503 2612 1572 pudcfiant
2652 1512 2709 1560 et
2736 1505 3055 1560 erubescant
3092 1520 3156 1560 ac
3193 1503 3430 1560 furorem
3456 1521 3612 1560 suum

2014 1595 2312 1649 remittant.
2358 1596 2628 1674 Aclvelut
2683 1597 2876 1652 ancilla
2918 1597 3165 1652 honesta:
3216 1595 3611 1682 matrifamilias

2016 1685 2278 1750 serviens,
2301 1685 2416 1754 ipsa
2440 1701 2654 1758 quoque
2671 1688 2801 1742 velit
2832 1688 2968 1742 nolit
2985 1686 3250 1758 ejusmodi
3269 1687 3338 1741 sit
3362 1695 3610 1757 oportet:

2017 1774 2090 1829 ita
2118 1784 2174 1831 et
2199 1791 2392 1847 corpus
2432 1777 2627 1832 animm
2652 1787 2764 1833 tam
2792 1778 3125 1849 philosopha:
3161 1777 3228 1832 ad
3267 1779 3384 1848 ejus
3425 1788 3612 1833 nutum

2016 1881 2204 1922 omnes
2224 1874 2400 1924 moms
2425 1884 2553 1924 suos
2578 1869 2773 1940 dirigat
2806 1878 3040 1938 oportet.
3070 1868 3204 1923 Nam
3233 1879 3288 1924 et
3315 1868 3524 1936 oculus,
3556 1879 3614 1925 et

2017 1958 2219 2029 lingua,
2247 1968 2303 2016 et
2334 1961 2566 2028 habitus,
2598 1969 2654 2017 et
2681 1963 2972 2033 ingressus,
2999 1969 3054 2016 et
3087 1960 3310 2016 omnino
3336 1961 3515 2015 omnia
3543 1959 3616 2015 ad

2017 2050 2283 2106 internam
2335 2052 2673 2122 disciplinam
2720 2053 3156 2119 conformantur,
3203 2052 3463 2124 quasique
3508 2067 3614 2118 una

2015 2152 2269 2212 guentum
2287 2145 2603 2214 pretiosum,
2635 2149 2974 2216 quantumvis
2991 2147 3046 2202 in
3063 2161 3158 2202 vas
3181 2147 3465 2213 inclusum,
3487 2160 3617 2202 aere

2018 2233 2302 2303 fragrantia
2325 2251 2420 2291 sua
2443 2244 2712 2307 tamquam
2735 2237 2995 2305 delibuto,
3016 2253 3123 2292 non
3146 2237 3421 2293 iutraneos
3436 2237 3614 2292 solum

2015 2336 2070 2381 et
2110 2331 2404 2396 proximos,
2450 2329 2545 2383 sed
2584 2339 2870 2384 extraneos
2903 2330 3064 2386 etiam
3110 2344 3300 2384 omnes
3342 2329 3616 2398 voluptate

2017 2419 2227 2488 replet:
2269 2419 2342 2473 ita
2386 2429 2440 2474 et
2466 2420 2688 2490 virginis
2727 2421 2923 2475 animae
2950 2420 3238 2491 fragrantia
3279 2435 3469 2492 sensus
3509 2421 3616 2474 cir-

2017 2507 2315 2563 cumﬂuens
2345 2511 2486 2564 intus
2513 2511 2742 2579 positam
2762 2510 3016 2566 virtutem
3039 2511 3303 2576 ostendit,
3345 2519 3407 2566 et
3434 2510 3616 2565 aureis

2017 2600 2296 2656 modestia:
2325 2600 2492 2657 frenis
2541 2602 2790 2658 omnibus
2835 2601 3050 2672 injectis
3083 2617 3254 2672 equos
3295 2601 3532 2671 singulos
3558 2601 3615 2655 in

2017 2707 2225 2748 summa
2252 2694 2614 2750 concinnitate
2644 2701 2825 2750 tuetur
2855 2711 2870 2747 :
2902 2708 3079 2763 neque
3112 2702 3205 2747 aut
3226 2693 3463 2763 linguam
3488 2692 3618 2746 sinit

2016 2785 2280 2840 absonum
2308 2785 2509 2854 aliquid
2545 2796 2600 2841 et
2639 2786 3053 2855 incompositum
3081 2785 3253 2852 effari,
3281 2797 3373 2839 aut
3401 2784 3614 2839 oculum

2018 2877 2108 2930 vel
2137 2876 2480 2945 impudenter
2505 2893 2572 2933 ac
2595 2877 2895 2948 suspiciose
2923 2886 3189 2946 spectare,
3222 2886 3315 2932 aut
3337 2891 3498 2932 aures
3527 2876 3616 2931 in-

2016 2966 2214 3023 decens
2243 2967 2458 3038 aliquod
2498 2955 2718 3022 carmen
2743 2967 3049 3023 admittere.
3089 2961 3229 3034 Quin
3259 2975 3317 3023 et
3337 2967 3535 3037 pedum
3563 2970 3612 3023 ei

2014 3074 2143 3114 cura
2170 3068 2273 3125 est,
2315 3076 2382 3115 ne
2424 3060 2714 3116 dissolutus
2749 3069 2910 3132 atque
2938 3061 3141 3127 mollis,
3176 3061 3270 3115 sed
3313 3060 3539 3130 simplex
3560 3072 3618 3116 et

2015 3151 2350 3208 inaffectatus
2399 3155 2470 3208 sit
2512 3154 2788 3222 incessus;
2852 3153 3106 3223 omnique
3152 3153 3382 3208 vestium
3418 3162 3616 3208 ornatu

2015 3245 2223 3314 abjecto
2258 3246 2467 3301 vultum
2498 3260 2710 3316 quoque
2738 3246 2955 3301 assidue
2998 3254 3202 3311 monet,
3242 3261 3312 3301 ne
3358 3245 3470 3300 risu
3505 3243 3612 3300 difv

2016 3338 2179 3393 fluat:
2211 3339 2319 3392 imo
2358 3347 2416 3393 ut
2441 3353 2541 3393 nec
2565 3339 2754 3394 leviter
2780 3337 2971 3405 rideat,
3004 3338 3099 3393 sed
3126 3353 3287 3408 grave
3320 3339 3535 3408 semper
3559 3347 3615 3393 et

2015 3438 2289 3485 austerum
2316 3429 2660 3499 supercilium
2691 3437 3060 3498 repraesentet,
3095 3428 3162 3482 ad
3191 3428 3456 3499 lacrymas
3485 3442 3610 3497 per-

2016 3531 2177 3590 petuo
2202 3531 2408 3591 parata,
2435 3521 2503 3576 ad
2531 3525 2696 3576 risum
2729 3535 3041 3590 numquam.

2086 3610 2272 3666 LXIV.
2305 3611 2433 3679 Qua:
2461 3622 2666 3682 prapter
2699 3611 2955 3667 Christum
2993 3613 3242 3683 patimur,
3281 3627 3340 3664 ea
3369 3612 3484 3665 licet
3522 3611 3613 3664 tri-

2013 3704 2112 3756 stia
2136 3704 2235 3756 sint
2256 3703 2567 3773 voluptatem
2595 3687 2873 3757 ltabere.—
2891 3704 3066 3773 Atque
3093 3702 3181 3758 hic
3204 3688 3325 3760 cum
3345 3703 3610 3772 lacrymas

2013 3794 2187 3860 audis,
2212 3794 2344 3849 nihil
2370 3795 2617 3859 tetricum
2645 3795 2787 3865 ﬁnge
2816 3813 2829 3849 :
2860 3795 3062 3850 habent
3085 3794 3228 3850 enim
3254 3811 3333 3850 ea:
3359 3795 3612 3865 lacrymze

2014 3892 2214 3939 tantam
2246 3886 2593 3957 voluptatem,
2630 3897 2884 3956 quantam
2919 3902 3021 3943 nec
3050 3886 3207 3957 hujus
3235 3887 3420 3943 mundi
3445 3888 3608 3942 risus.

2013 3977 2107 4032 Sin
2133 3978 2352 4044 diffidis.
2381 3979 2502 4034 audi
2529 3980 2795 4035 dicentem
2816 3981 3038 4048 Lucam,
3061 3982 3370 4038 verberatos
3394 3991 3612 4052 aposto-

2012 4070 2091 4124 los
2117 4071 2270 4126 l:etos
2301 4087 2368 4126 ex
2392 4072 2622 4126 concilio
2655 4074 2972 4128 discessisse
3012 4073 3149 4145 (Act.
3177 4075 3231 4131 5.
3254 4074 3368 4146 40).
3409 4077 3479 4130 At
3502 4090 3609 4130 non

2011 4175 2072 4216 ea
2103 4172 2185 4216 est
2210 4162 2493 4216 verberum
2521 4172 2711 4217 natura
2740 4181 2754 4217 :
2785 4180 2891 4218 non
2914 4158 3055 4218 enim
3079 4165 3402 4233 voluptatem
3431 4180 3496 4221 ac
3521 4165 3610 4220 la:-

2011 4253 2202 4319 titiam,
2246 4253 2343 4308 sed
2368 4254 2586 4309 dolores
2626 4255 2970 4324 laboremque
3007 4244 3198 4310 afferre
3233 4256 3438 4310 solent.-
3467 4255 3610 4310 Sane

2010 4359 2119 4398 non
2153 4359 2216 4398 ea
2244 4355 2330 4399 est
2357 4345 2639 4399 verberum
2677 4355 2888 4409 natura,
2933 4345 3027 4399 sed
3058 4345 3358 4400 Christiana
3385 4347 3517 4400 ﬁdes
3545 4361 3608 4401 ea

2009 4443 2113 4502 est,
2145 4447 2203 4489 ut
2223 4435 2322 4504 ipsi
2341 4437 2500 4491 etiam
2523 4452 2702 4492 rerum
2727 4447 2932 4490 natura:
2960 4437 3206 4507 imperet.
3233 4437 3386 4505 Quod
3411 4438 3458 4492 si
3485 4453 3610 4492 ver-

2008 4527 2134 4582 bera
2165 4528 2491 4597 voluptatem
2543 4528 2823 4597 pariebant
2866 4538 3082 4598 propter
3137 4527 3431 4595 Christum,
3481 4528 3608 4596 quid

2009 4620 2201 4674 mirum
2221 4621 2266 4675 si
2289 4630 2344 4675 et
2363 4622 2614 4691 lacryma:
2641 4620 2780 4674 idem
2805 4627 3057 4690 prmsteut
3081 4628 3298 4689 propter
3322 4618 3610 4673 eumdem?

2008 4710 2189 4780 Itaque
2213 4726 2370 4781 quam
2397 4721 2672 4779 angustam
2699 4720 2753 4765 ct
2770 4725 3128 4764 mrumnosam
3149 4711 3286 4763 viam
3309 4709 3462 4774 dixit,
3486 4725 3610 4762 eam

2007 4819 2218 4859 rursum
2243 4814 2296 4858 et
2322 4805 2506 4873 jugum
2547 4819 2717 4859 suave
2758 4812 2811 4858 et
2839 4819 2974 4857 onus
3000 4803 3118 4857 leve
3147 4803 3382 4871 appellat
3424 4820 3436 4852 :
3481 4818 3608 4855 nam

2007 4894 2083 4948 rei
2115 4894 2333 4963 quidem
2361 4895 2475 4947 htec
2512 4903 2698 4948 natura
2734 4905 2838 4961 est,
2881 4893 2976 4948 sed
3007 4883 3181 4946 studio
3211 4901 3369 4962 atquc
3396 4906 3488 4960 Spe
3515 4906 3606 4945 eo-

2007 5002 2122 5039 rum
2150 4987 2240 5056 qui
2293 4985 2675 5055 perfungantur
2712 4987 2997 5039 admodum
3041 4985 3098 5037 lit
3139 4985 3269 5038 levis
3301 4983 3515 5054 (Matth.
3547 4984 3601 5036 7.

2008 5078 2097 5132 i3.
2128 5087 2175 5130 et
2207 5078 2294 5131 11.
2333 5077 2444 5146 50).
2479 5077 2656 5143 Quare
2701 5077 2992 5130 alacriores
3043 5077 3203 5130 etiam
3246 5075 3466 5141 videas,
3515 5077 3605 5144 qui

2005 5177 2207 5221 arctam
2235 5175 2290 5221 et
2325 5183 2681 5222 :erumnosam
2715 5171 2852 5221 viam
2880 5167 2986 5220 sint
3024 5167 3477 5236 amplexihquam
3515 5167 3604 5235 qui

2004 5257 2164 5310 latam
2213 5265 2374 5326 atque
2416 5258 2727 5326 spatiosam,
2779 5258 2881 5311 iter
2909 5256 3120 5321 facere;
3173 5271 3277 5310 non
3317 5255 3459 5325 quod
3498 5272 3602 5309 non

2003 5349 2349 5417 afﬂictentur,
2381 5350 2476 5404 sed
2505 5350 2646 5419 quod
2680 5349 3113 5404 afﬂictationibus
3144 5349 3484 5402 sublimiores
3517 5350 3600 5401 ni-

2003 5429 2076 5496 hil
2105 5443 2172 5498 ab
2204 5445 2267 5497 iis
2312 5443 2573 5514 ejusmodi
2617 5444 2906 5512 patiantur,
2959 5458 3079 5512 qua:
3124 5442 3298 5496 solent
3333 5441 3422 5508 alii
3468 5443 3600 5510 pati.

2003 5533 2173 5588 Habet
2199 5535 2342 5588 enim
2379 5550 2530 5605 :eque
2559 5544 2612 5588 et
2642 5536 2755 5589 haec
2785 5535 2886 5588 vita
2918 5532 3308 5598 amictationes,
3356 5532 3451 5588 sed
3479 5549 3601 5603 quae

2002 5629 2047 5683 si
2075 5642 2196 5682 cum
2228 5629 2335 5682 illis
2371 5630 2698 5684 matrimonii
2724 5631 3083 5693 conferantur,
3120 5645 3202 5684 ne
3226 5628 3601 5684 afﬂictationes

2001 5722 2216 5790 quidem
2244 5723 2351 5776 sint
2378 5723 2640 5777 dicendas.

2075 5815 2232 5870 LXV.
2283 5816 2502 5872 Labores
2529 5817 2828 5888 virginitatis
2869 5819 3084 5872 minores
3123 5818 3376 5874 doloribus
3415 5825 3594 5887 parte:
