4206 6324
554 364 661 420 535

554 478 641 544 qui
668 478 962 549 coniugium
992 478 1315 538 comitantur.
1336 514 1410 525 —
1433 485 1567 553 Qttid
1595 489 1759 551 enim,
1788 504 1969 558 qmeso
1992 533 2007 550 .
2038 490 2142 546 tale

552 584 649 637 per
674 585 884 623 onmem
914 572 1071 625 vitam
1103 573 1251 644 vitgo
1282 576 1530 643 sustinet,
1553 580 1709 648 quale
1735 594 1870 648 pene
1891 582 1943 634 in
1974 596 2142 637 annos

556 660 744 729 ronjux
782 662 1054 719 doloribus
1091 678 1273 736 partus
1308 682 1371 723 ac
1414 668 1659 725 lamentis
1707 672 1977 725 cruciata?
2010 672 2141 726 Nam

555 757 699 804 tanta
730 761 808 807 est
828 752 943 822 ejus
972 757 1238 812 cruciatus
1266 758 1624 826 vehementia,
1660 769 1715 815 ut
1743 774 1909 816 sacra:
1952 762 2139 829 literae,

554 859 673 895 cum
706 846 975 911 exsilium,
1009 849 1224 915 famem,
1258 859 1485 919 pestem,
1518 861 1573 908 et
1603 853 1955 907 intolerabilia
2003 856 2143 909 mala

550 935 833 1005 designare
857 938 1058 1004 volunt,
1099 956 1158 993 en
1188 943 1365 996 omnia
1393 942 1606 998 dolores
1631 946 2140 1028 partus‘nominent.

554 1024 694 1077 Deus
718 1041 927 1096 quoque
958 1028 1007 1081 id
1033 1031 1275 1098 supplicii
1307 1048 1369 1088 ac
1392 1032 1777 1088 maledictionis
1802 1024 1915 1089 vice
1934 1036 2144 1089 mulieri

553 1116 825 1183 irrogavit,
861 1132 965 1171 non
1008 1134 1213 1187 parere.
1264 1122 1499 1191 inquam,
1531 1122 1625 1177 sed
1663 1125 1740 1178 sic
1770 1139 1981 1192 parere,
2023 1140 2143 1179 cum

558 1209 810 1263 arumnis
863 1219 911 1264 et
967 1210 1281 1265 doloribus:
1325 1214 1452 1267 Cum
1506 1215 1681 1270 dolore
1735 1218 1909 1283 enim,
1954 1217 2141 1286 inquit,

555 1299 720 1365 paries
751 1301 886 1367 ﬁlios
913 1298 1063 1373 (Gen.
1094 1303 1146 1357 '5.
1183 1303 1290 1372 IG).
1324 1305 1393 1357 At
1424 1306 1571 1375 virgo
1600 1307 1665 1359 iis
1703 1306 1834 1361 diris
1859 1322 1923 1361 ac
1958 1307 2145 1363 dolore

560 1390 824 1445 excelsior
856 1400 939 1447 est
969 1410 983 1447 :
1016 1409 1136 1447 nam
1167 1396 1252 1464 qui
1293 1397 1424 1466 legis
1450 1396 1594 1451 diras
1628 1402 1937 1470 antiquavit,
1969 1407 2023 1454 et
2048 1398 2145 1453 has

558 1495 659 1532 una
683 1482 841 1535 etiam
865 1484 1094 1539 sustulit.

634 1570 813 1624 LXVI.
853 1570 1140 1635 {mundius
1177 1590 1283 1630 esse
1317 1576 1525 1646 pedibus
1569 1578 1642 1630 ire
1672 1589 1821 1645 quam
1850 1578 2002 1633 mulis
2043 1580 2145 1633 cir-

555 1663 802 1715 cumvehi.
832 1692 904 1703 ——
929 1663 1035 1719 Sed
1068 1665 1225 1719 mulis
1252 1667 1305 1720 in
1349 1668 1463 1722 foro
1491 1667 1815 1722 circumvehi
1852 1669 2144 1738 jucundum

554 1760 657 1807 est.
681 1751 789 1808 lmo
820 1753 870 1809 id
913 1754 1083 1809 inanis
1127 1765 1327 1812 tantum
1376 1759 1541 1815 fastus
1580 1771 1661 1813 est
1698 1760 1965 1828 voluptate
2001 1761 2147 1814 omni

554 1860 745 1899 carens
765 1863 776 1898 :
797 1856 957 1916 atque
972 1855 1033 1901 ut
1053 1863 1153 1904 nec
1173 1851 1407 1904 tenebrtc
1424 1866 1577 1921 quam
1597 1852 1705 1913 lux,
1724 1866 1823 1905 nec
1838 1852 2148 1917 conclusum

554 1952 713 2005 quam
744 1938 975 1993 solutum
1033 1952 1172 2006 esse,
1220 1956 1319 1996 nec
1364 1944 1542 1996 multis
1584 1960 1742 2013 quam
1774 1943 1920 1997 nullo
1968 1959 2145 2014 egere,

556 2030 747 2085 melius
773 2040 855 2085 est
882 2048 894 2084 :
926 2033 1003 2086 sic
1033 2032 1155 2087 huic
1193 2050 1401 2102 quoque
1439 2035 1549 2089 suis
1590 2034 1811 2102 pedibus
1843 2050 1947 2089 non
1978 2035 2145 2089 utenti

556 2121 723 2174 nihilo
764 2122 954 2177 melius
992 2132 1092 2175 est.
1138 2124 1338 2176 Omitto
1374 2124 1515 2176 enim
1557 2124 1832 2179 molestias
1863 2140 1994 2195 quas
2025 2123 2150 2180 hinc

557 2210 821 2265 sustinere
847 2219 930 2265 est
966 2226 1207 2266 necesse.
1242 2210 1373 2266 Nam
1417 2227 1515 2267 nec
1550 2228 1671 2267 cum
1719 2214 1851 2279 vult,
1898 2215 1947 2269 ei
1991 2214 2152 2269 domo

556 2304 773 2372 prodire
799 2304 942 2368 licet,
968 2302 1063 2357 sed
1080 2297 1390 2373 plerumque
1411 2320 1530 2357 cum
1556 2314 1613 2358 ut
1630 2303 1754 2359 inde
1774 2315 1937 2360 exeat
1962 2320 2151 2375 magna

557 2395 734 2465 aliqua
764 2394 962 2449 utilitas
987 2393 1260 2463 efﬂagitat,
1289 2394 1431 2447 domi
1461 2409 1677 2450 manere
1716 2396 1945 2465 cogitur,
1979 2396 2149 2463 velut,

558 2485 789 2539 mendici
819 2485 907 2554 qui
943 2485 1161 2553 pedibus
1183 2484 1351 2538 mutili
1379 2498 1481 2538 non
1508 2484 1706 2539 habent
1731 2500 1837 2554 quo
1861 2485 2149 2540 vehantur.

558 2576 709 2645 Quod
753 2577 795 2630 si
830 2578 908 2630 vir
951 2576 1126 2630 mulos
1172 2575 1259 2630 alii
1304 2578 1421 2630 usui
1472 2575 1835 2642 mandaverit,
1888 2576 2149 2643 simultas,

558 2669 851 2731 contentio,
884 2669 1126 2737 pertinax
1169 2668 1436 2722 silentium
1466 2683 1480 2720 :
1513 2666 1593 2721 sin
1636 2668 1746 2735 ipsa
1784 2666 1945 2720 futuri
1974 2668 2152 2736 ignara

559 2758 701 2813 idem
743 2756 948 2825 fecerit,
992 2758 1191 2812 omisso
1220 2757 1358 2822 viro,
1402 2757 1456 2810 in
1482 2771 1540 2812 se
1566 2756 1697 2809 iram
1726 2756 1905 2824 vertit,
1943 2755 2153 2810 assidue

560 2866 622 2904 ea
651 2865 719 2904 se
749 2850 938 2918 injuria
973 2864 1317 2905 consumens.
1346 2849 1411 2903 Et
1438 2857 1635 2919 quanto
1666 2849 1830 2901 satius
1860 2856 1975 2902 erat
2006 2847 2155 2916 pedi-

562 2940 663 2994 bus
693 2949 926 2994 utentem
951 2939 1097 3012 (nam
1119 2955 1180 2995 ea
1201 2954 1361 2995 causa
1388 2940 1542 2994 nobis
1576 2954 1671 2993 eos
1700 2939 1839 2993 Deus
1868 2938 2156 2992 fabricatus

562 3028 667 3100 est)
698 3030 827 3084 nihil
858 3029 1046 3097 horum
1069 3029 1333 3084 malorum
1362 3029 1563 3096 subire,
1588 3043 1746 3099 quam
1777 3028 2003 3084 mollitie
2034 3028 2153 3092 hac,

564 3120 619 3174 in
658 3129 856 3175 tant-im
893 3119 1121 3175 miseria:
1147 3135 1209 3175 ac
1236 3121 1483 3175 maeroris
1510 3121 1883 3175 necessitatem
1913 3134 1973 3175 se
2004 3120 2156 3175 indu-

565 3213 724 3267 cere?
753 3211 935 3282 Neque
965 3215 1106 3267 enim
1134 3215 1214 3266 hac
1236 3212 1365 3265 solae
1384 3227 1557 3266 causa:
1586 3227 1678 3267 eas
1698 3210 1845 3268 domi
1864 3212 2155 3277 continent;

566 3302 662 3356 sed
692 3317 784 3356 seu
812 3310 1058 3373 uterque,
1088 3318 1183 3358 seu
1218 3304 1356 3358 alter
1383 3302 1521 3358 forte
1546 3304 1723 3358 mulus
1745 3303 1968 3373 pedibus
1990 3303 2156 3372 dolet,

572 3396 714 3449 idem
745 3392 1003 3466 contingit
1036 3413 1047 3449 :
1089 3404 1145 3451 et
1171 3411 1293 3451 cum
1324 3397 1376 3450 in
1405 3410 1595 3466 pascua
1616 3395 1948 3450 dimittuntur
1974 3394 2054 3465 (ﬁt
2074 3410 2161 3449 au-

571 3497 678 3541 tem
712 3486 765 3541 id
790 3487 1095 3558 quotannis,
1126 3497 1284 3559 atque
1314 3487 1365 3541 in
1392 3487 1589 3542 multos
1615 3485 1775 3557 dies),
1801 3501 2011 3540 rursum
2036 3494 2160 3540 tam-

569 3593 729 3649 quam
760 3581 951 3635 vinctte
976 3580 1119 3634 domi
1147 3580 1469 3635 manendum
1491 3589 1592 3643 est,
1614 3589 1663 3634 et
1684 3594 1783 3633 nec
1810 3580 2021 3649 negotio
2044 3580 2161 3649 qui-

572 3671 695 3724 dem
726 3671 1028 3725 necessario
1051 3680 1273 3726 vocante
1300 3671 1503 3726 ardibus
1526 3671 1913 3741 prodeundum.
1945 3671 2096 3740 Quod
2118 3674 2163 3728 si

571 3761 690 3831 quis
715 3761 875 3826 dicat,
899 3777 1016 3815 eam
1047 3777 1075 3814 a
1104 3763 1443 3816 salutantium
1488 3762 1645 3818 turba
1686 3762 1988 3833 expeditam
2019 3778 2159 3828 esse,

574 3867 679 3905 non
729 3860 968 3906 coactam
1008 3861 1255 3906 notorum
1286 3852 1453 3905 oculis
1483 3862 1667 3922 patere
1707 3868 1770 3907 ac
1808 3853 2084 3921 pudelieri,
2119 3853 2163 3907 is

575 3944 729 3997 valde
768 3944 1012 4014 ignorare
1063 3944 1192 3997 mihi
1240 3943 1468 4009 videtur,
1512 3959 1629 4013 qua:
1674 3944 1916 3997 muliebri
1958 3938 2165 3997 natura:

577 4034 833 4104 pudorem
866 4043 922 4089 et
942 4034 1177 4089 adimant
1220 4043 1273 4088 et
1296 4034 1521 4088 afferant
1551 4050 1565 4087 :
1610 4034 1870 4104 siquidem
1910 4048 2016 4089 non
2036 4048 2165 4089 con-

578 4124 709 4195 spici
746 4135 839 4179 aut
866 4125 1037 4179 latere
1072 4124 1124 4179 id
1154 4124 1342 4192 efﬁcit,
1384 4124 1479 4180 sed
1520 4125 1649 4180 illud
1694 4126 1981 4195 petulantia
2024 4126 2167 4181 intus

580 4218 813 4287 animum
846 4216 1141 4285 possidens,
1192 4215 1295 4271 hoc
1342 4216 1599 4271 modestia
1627 4227 1785 4286 atque
1828 4217 2164 4272 verecundia.

580 4309 762 4379 Itaque
788 4310 967 4363 multa:
996 4325 1057 4363 ea
1082 4310 1322 4363 custodia
1347 4311 1553 4375 soluta},
1586 4325 1648 4365 ac
1678 4326 1774 4380 per
1798 4311 2027 4366 mediam
2056 4320 2169 4367 tur—

584 4400 705 4453 bam
734 4400 785 4453 in
828 4398 946 4454 foro
985 4398 1307 4469 gradientes,
1340 4415 1443 4455 non
1472 4401 1642 4455 solum
1675 4401 1726 4454 in
1753 4415 1811 4456 se
1835 4411 2173 4457 accusatores

584 4506 690 4544 non
717 4490 1073 4554 concitarunt,
1105 4489 1197 4544 sed
1234 4491 1427 4545 multos
1453 4491 1611 4544 etiam
1638 4491 1913 4545 modestia:
1943 4492 2174 4546 admira-

587 4591 732 4637 tores
786 4583 1095 4640 liabuerunt
1134 4600 1145 4635 :
1207 4596 1324 4650 qua:
1364 4592 1416 4635 et
1441 4580 1620 4635 habitu
1648 4590 1702 4636 et
1726 4582 1970 4651 ingressu
1997 4592 2053 4637 et
2079 4598 2172 4637 ve-

587 4672 746 4724 stium
787 4672 1029 4741 neglectu
1065 4671 1389 4725 luculentum
1418 4680 1685 4741 tamquam
1716 4672 1923 4727 radium
1950 4673 2175 4726 interna:

588 4763 868 4832 probitatis
892 4764 1196 4818 emitterent
1224 4778 1237 4815 :
1263 4780 1362 4818 nec
1391 4779 1571 4833 panem
1597 4766 1737 4819 intus
1765 4765 2067 4819 desidentes
2102 4766 2173 4819 si-

586 4853 812 4907 nistram
864 4852 964 4906 sibi
1012 4853 1315 4921 Opinionem
1371 4861 1768 4908 contraxerunt.
1813 4854 1994 4921 Potest
2032 4854 2174 4908 enim

590 4961 710 5015 qua:
732 4946 977 5000 conclusa
1021 4946 1108 5009 sit,
1156 4945 1313 4999 etiam
1344 4947 1510 5014 magis
1544 4960 1701 5025 quam
1746 4960 1863 5014 qua:
1894 4944 2174 5014 prodeant,

593 5037 892 5091 volentibus
921 5038 1130 5107 egregie
1154 5039 1483 5106 petulantem
1511 5052 1569 5091 se
1605 5049 1658 5091 et
1695 5036 2056 5108 impudentem
2086 5051 2179 5091 ex-

596 5130 798 5183 hibere.

668 5218 876 5274 LXVII.
919 5218 1189 5273 Molestum
1234 5236 1339 5273 esse
1367 5220 1549 5271 multas
1594 5219 1811 5287 famulas
1862 5219 2061 5272 habere.
2105 5247 2175 5258 —

602 5311 707 5369 Sed
736 5312 911 5366 forsan
937 5312 1245 5365 ancillarum
1267 5327 1395 5381 grex
1418 5311 1683 5381 jucundus
1707 5323 1807 5365 est.
1831 5312 1941 5365 Ilac
1966 5312 2180 5381 quidem

602 5404 872 5471 voluptate
900 5403 1031 5458 nihil
1061 5404 1237 5473 pejus,
1264 5412 1463 5455 tantum
1489 5402 1646 5456 habet
1672 5417 1951 5457 curarum:
1982 5418 2103 5456 natn
2131 5412 2184 5457 et

498 5481 507 5485 ’
599 5492 915 5563 aegritudine
955 5494 1213 5563 cujusque
1251 5501 1305 5546 et
1326 5501 1497 5545 morte
1529 5492 1728 5546 turbari
1756 5502 1913 5560 atque
1955 5493 2076 5562 angi
2105 5504 2185 5547 est

601 5599 841 5640 necesse.
871 5586 945 5638 Ac
974 5594 1095 5638 sunt
1126 5585 1242 5639 haec
1285 5583 1419 5637 forte
1466 5583 1775 5647 tolerabilia,
1824 5599 2030 5638 necnon
2068 5600 2185 5653 qua:

606 5676 691 5731 his
714 5677 871 5732 etiam
889 5678 1130 5747 graviora
1152 5684 1292 5741 sunt,
1317 5675 1552 5746 quotidie
1575 5676 1715 5730 euris
1740 5676 1989 5742 distendi,
2012 5677 2187 5744 segni-

608 5771 732 5824 tiem
773 5769 1097 5839 castigando,
1146 5768 1429 5837 nequitiam
1463 5767 1715 5833 tollendo,
1754 5767 1894 5820 rixas
1931 5766 2178 5831 sedando,

1276 366 1332 421 S.
1372 364 1649 424 JOANNIS
1685 369 2160 433 CHRVSOS'IOMI
2196 372 2512 432 ARCBIEP.
2554 375 3090 435 CONSTANTINOP.

3753 393 3852 450 58!

2252 505 2573 563 Himeraque
2600 493 2853 563 reliquam
2878 496 3216 550 vitiositatem
3246 498 3597 567 corrigendo:
3624 509 3680 554 at
3710 502 3839 557 illud

2250 594 2395 640 certe
2425 585 2660 639 onmium
2685 587 3056 656 gravissimum
3087 597 3187 652 est,
3214 590 3355 659 quod
3376 591 3587 659 quidem
3616 592 3697 646 vel
3724 608 3840 647 ma-

2251 675 2391 729 xime
2421 676 2474 729 in
2502 676 2763 745 ejusmodi
2805 677 3050 733 famulitii
3094 680 3245 749 capia
3290 683 3504 736 evenire
3530 683 3687 750 solet,
3716 684 3761 737 si
3790 686 3840 738 in

2250 782 2315 821 co
2343 782 2503 837 grege
2543 769 2715 838 aliqua
2769 781 2988 825 venusta
3033 772 3134 827 sit:
3167 772 3219 826 id
3259 774 3401 827 enim
3432 776 3653 829 omnino
3693 776 3745 831 in
3777 794 3839 831 ea

2249 858 2587 913 multitudine
2616 860 2855 916 accidere
2884 877 3103 916 necesse
3140 872 3241 927 est,
3288 863 3538 918 divitibus
3564 881 3668 918 non
3697 866 3840 919 mul-

2251 956 2332 1001 tas
2358 949 2551 1014 solum,
2584 950 2678 1004 sed
2702 951 2861 1005 etiam
2888 967 3039 1022 atque
3065 954 3321 1007 formosas
3347 954 3583 1009 studiose
3604 957 3841 1025 paranti-

2250 1036 2368 1091 bus.
2416 1037 2596 1108 Itaque
2625 1040 2670 1093 si
2700 1040 2838 1095 inter
2862 1056 2955 1095 eas
2986 1043 3089 1096 ulla
3116 1052 3374 1113 praistans
3403 1044 3489 1111 sit,
3535 1061 3627 1101 seu
3659 1062 3843 1101 amore

2253 1131 2330 1183 sui
2381 1131 2567 1185 herum
2600 1133 2792 1200 capiat,
2824 1148 2917 1188 seu
2948 1134 3077 1188 nihil
3118 1135 3339 1189 ulterius
3367 1137 3566 1205 possit,
3596 1153 3753 1206 quam
3785 1144 3843 1192 ut

2251 1224 2589 1279 admirationi
2631 1226 2720 1288 sit,
2753 1226 2878 1281 hera
2906 1244 3057 1296 teque
3084 1228 3303 1292 dolebit,
3337 1228 3474 1297 quod
3502 1229 3567 1282 ab
3592 1244 3653 1283 ea
3677 1244 3840 1299 Supe-

2251 1325 2418 1381 retur,
2447 1315 2492 1369 si
2535 1330 2639 1368 non
2666 1330 2868 1383 amore,
2898 1327 2949 1370 at
2974 1318 3216 1387 corporis
3254 1328 3530 1373 venustate
3559 1328 3721 1388 atque
3744 1320 3841 1374 ad-

2253 1407 2551 1460 miratione.
2586 1409 2761 1474 Quare
2785 1410 2827 1462 si
2858 1409 2909 1463 in
2941 1410 3005 1463 iis
3042 1427 3161 1480 qua:
3204 1411 3345 1478 apud
3390 1426 3484 1465 eos
3526 1412 3751 1467 illustria
3776 1429 3842 1468 ac

2252 1496 2505 1563 praeclara
2538 1496 2851 1563 habeantur,
2886 1508 3088 1553 tantum
3130 1500 3265 1554 inest
3304 1516 3680 1567 aerumnarum,
3714 1504 3841 1573 quid

2252 1588 2317 1640 de
2340 1587 2546 1646 acerbis
2566 1588 2846 1641 dicendum
2868 1589 2890 1641 ?

2325 1676 2552 1731 LXVIII.
2594 1677 2673 1731 De
2693 1680 3058 1764 tranquillitate
3084 1696 3196 1749 qua!
3221 1681 3491 1752 virginitati
3512 1682 3659 1737 inest.
3682 1711 3753 1721 ——
3772 1683 3843 1737 At

2255 1784 2361 1823 non
2388 1769 2535 1839 virgo
2584 1769 2770 1824 horum
2802 1770 3089 1841 quidquam
3137 1768 3353 1841 patitur,
3384 1772 3509 1842 qttin
3537 1781 3590 1827 et
3614 1772 3840 1826 domun-

2255 1860 2373 1915 cula
2406 1860 2575 1915 turbis
2604 1861 2767 1916 libera
2813 1870 2914 1928 est,
2956 1871 3009 1917 et
3052 1862 3255 1917 clamor
3295 1863 3468 1917 omnis
3493 1863 3839 1932 profligatus:

2255 1954 2512 2023 quasique
2542 1953 2594 2007 in
2625 1956 2903 2023 tranquillo
2943 1954 3172 2024 quodam
3204 1966 3356 2024 portu
3395 1957 3573 2010 omnia
3601 1957 3741 2010 intus
3771 1957 3845 2009 si-

2257 2042 2477 2097 lentium
2508 2043 2764 2113 possidet,
2788 2052 2841 2097 et
2871 2045 2951 2099 vel
2980 2046 3196 2099 silentio
3233 2046 3403 2114 major
3429 2047 3663 2099 animum
3692 2060 3845 2100 sere-

2255 2133 2414 2198 nitas,
2443 2134 2639 2204 qnippe
2671 2134 2798 2187 nihil
2824 2133 3111 2188 lnnnanum
3143 2144 3478 2199 tractantem,
3510 2134 3603 2189 sed
3632 2134 3846 2190 assidue

2256 2239 2377 2278 cum
2411 2224 2518 2279 Deo
2547 2225 2956 2294 colloquentem,
2990 2234 3149 2294 atque
3178 2226 3230 2278 in
3272 2240 3392 2279 cum
3439 2225 3542 2278 fixe
3581 2233 3845 2278 contuen-

2260 2323 2386 2369 tem.
2424 2314 2484 2367 Et
2513 2316 2632 2383 quis
2671 2330 2787 2369 eam
2835 2316 3159 2384 voluptatem
3205 2314 3486 2369 metiatur?
3527 2328 3646 2384 qum
3674 2314 3846 2367 oratio

2258 2406 2453 2458 mentis
2498 2405 2575 2458 sic
2617 2404 2818 2459 atTectze
2866 2406 3099 2459 ltetitiam
3148 2404 3531 2474 repraesentet?
3578 2404 3838 2473 Equidem

2258 2494 2425 2558 nulla,
2476 2493 2569 2547 sed
2607 2495 2639 2547 ii
2671 2494 2765 2547 soli
2802 2495 2889 2563 qui
2920 2495 2971 2549 in
3006 2496 3114 2548 Deo
3160 2494 3378 2549 delicias
3420 2500 3619 2563 ponant
3664 2509 3845 2548 earum

2261 2585 2679 2655 magnitudinem
2708 2585 2898 2649 sciunt,
2944 2594 2997 2639 ct
3023 2594 3221 2663 quanto
3247 2600 3457 2639 omnem
3484 2585 3846 2653 comparatio-

2258 2692 2380 2731 nem
2423 2678 2638 2731 vincant
2665 2686 2975 2745 agnoscunt.
3012 2678 3078 2730 At
3124 2677 3313 2745 ingens
3342 2678 3546 2746 argenti
3579 2676 3660 2730 vis
3687 2676 3848 2730 undi-

2258 2782 2363 2836 que
2402 2768 2685 2837 conspicua
2715 2766 2865 2820 valde
2891 2766 3074 2820 oculos
3102 2766 3353 2832 oblectat,
3396 2775 3448 2820 et
3490 2775 3687 2835 quanto
3711 2781 3851 2834 pra)—

2260 2857 2451 2912 clarius
2487 2866 2567 2912 est
2599 2858 2649 2910 in
2678 2854 2870 2912 cadum
2900 2856 3197 2924 suspicere,
3247 2862 3405 2923 atque
3436 2854 3557 2908 inde
3588 2857 3847 2924 majorem

2261 2945 2417 3016 longe
2444 2946 2766 3015 voluptatem
2790 2944 3013 3011 capere?
3059 2944 3192 2998 Nam
3222 2953 3421 3014 quanto
3446 2960 3632 2998 aurum
3660 2954 3852 3000 stanno

2262 3043 2316 3089 et
2359 3035 2591 3105 plumbo,
2646 3042 2793 3089 tanto
2834 3033 3023 3089 culum
3067 3048 3217 3098 auro,
3261 3043 3479 3104 argento
3506 3044 3664 3105 atque
3704 3035 3848 3088 omni

2262 3128 2484 3181 materia
2517 3126 2771 3182 illustrius
2798 3140 2860 3180 ac
2882 3124 3210 3193 splendidius
3235 3136 3315 3178 est
3338 3142 3351 3178 :
3372 3125 3497 3192 quin
3518 3124 3851 3193 contempla-

2268 3219 2339 3271 tio
2368 3217 2484 3272 Ιιειθο
2511 3216 2655 3273 curis
2682 3231 2845 3270 vacua
2866 3226 2968 3280 est,
3000 3215 3087 3269 illa
3117 3214 3400 3269 admodum
3431 3215 3677 3281 sollicita,
3708 3215 3849 3285 quod

2264 3310 2477 3379 quidem
2510 3308 2594 3361 vel
2623 3308 2849 3361 maxime
2879 3307 3360 3375 concupiscentiam
3389 3304 3622 3361 cohibet.
3653 3309 3722 3360 At
3742 3323 3849 3361 non

2266 3401 2345 3455 vis
2366 3401 2418 3455 in
2444 3400 2634 3455 cwlum
2662 3398 2941 3469 spectare?
2969 3398 3092 3452 licet
3118 3397 3416 3466 depositum
3444 3398 3495 3450 in
3518 3396 3635 3450 foro
3664 3412 3855 3466 argen-

2267 3501 2375 3546 tum
2408 3506 2650 3547 cernere.
2693 3490 2773 3543 Ad
2816 3489 3166 3543 verecundiam
3210 3498 3423 3543 vestram
3476 3490 3588 3543 dico
3624 3490 3698 3557 (l.
3732 3487 3851 3542 Cor.

2267 3584 2321 3638 6.
2350 3582 2429 3653 5),
2460 3592 2516 3637 ut
2539 3597 2660 3636 cum
2699 3580 2857 3635 beato
2885 3580 3047 3634 Paulo
3076 3580 3293 3650 loquar:
3327 3581 3573 3649 quoniam
3604 3579 3855 3648 pecunia-

2268 3690 2384 3729 rum
2415 3689 2596 3728 amore
2626 3682 2731 3727 tam
2762 3672 2890 3727 estis
2919 3671 3136 3740 stupidi.
3178 3672 3351 3741 Atque
3391 3670 3477 3724 hic
3504 3670 3630 3740 quid
3674 3669 3851 3725 dicam

2268 3766 2468 3819 nescio.
2499 3763 2667 3819 Valde
2692 3764 2833 3818 enim
2864 3778 2951 3817 me
2988 3762 3269 3831 scrupulus
3310 3761 3523 3830 quidam
3554 3761 3853 3830 suspendit,

2270 3871 2370 3909 nec
2411 3853 2588 3915 video,
2634 3869 2729 3908 cur
2757 3868 2916 3907 omne
2946 3866 3081 3920 pene
3111 3852 3384 3906 hominum
3413 3865 3599 3919 genus,
3628 3865 3748 3904 cum
3779 3851 3857 3903 fa-

2270 3947 2374 4000 cile
2417 3961 2480 4000 ac
2518 3944 2751 4015 jucunde
2792 3943 3043 3999 oblectari
3076 3944 3253 4009 liceat,
3286 3942 3336 3996 id
3367 3957 3465 3996 nec
3491 3943 3543 3995 in
3588 3943 3859 4011 voluptate

2272 4037 2488 4108 quidem
2524 4046 2753 4107 ponant;
2805 4037 2856 4090 in
2901 4034 3278 4099 sollicitudine,
3327 4034 3672 4088 distractione
3699 4042 3861 4104 atque

2274 4130 2416 4184 curis
2444 4129 2775 4198 potissimum
2822 4126 3107 4197 gaudeant.
3139 4125 3270 4179 Nam
3314 4139 3410 4178 cur
3450 4140 3557 4178 non
3586 4138 3680 4179 eos
3708 4138 3864 4193 mque

2276 4220 2575 4290 depositum
2610 4218 2660 4272 in
2689 4216 2804 4271 foro
2833 4225 3108 4284 argentum
3140 4230 3202 4270 ac
3227 4214 3579 4269 domesticum
3606 4213 3860 4277 oblectat,

2275 4309 2417 4381 quod
2443 4308 2654 4379 quidem
2679 4316 2731 4361 et
2752 4306 3022 4376 probatius
3051 4306 3141 4370 sit,
3165 4315 3218 4359 et
3241 4309 3475 4359 animum
3498 4319 3695 4374 angore
3716 4304 3862 4357 omni

2278 4403 2503 4457 liberum
2529 4400 2793 4455 dimittat?
2836 4398 3119 4463 Quoniam,
3154 4397 3343 4465 inquit,
3390 4395 3518 4449 illud
3547 4410 3724 4449 incum
3756 4410 3863 4448 non

2278 4502 2382 4559 est,
2414 4492 2517 4545 hoc
2544 4505 2717 4543 meum
2761 4498 2862 4545 est.
2906 4487 3139 4541 Avaritia
3187 4486 3345 4556 igitur
3374 4484 3602 4554 jucunda
3630 4492 3729 4547 est,
3760 4498 3866 4536 non

2284 4584 2487 4652 argenti
2520 4590 2703 4635 natura
2728 4600 2741 4636 :
2768 4579 2907 4650 quod
2937 4578 2981 4635 si
3010 4587 3173 4645 esset,
3204 4578 3327 4632 inde
3347 4577 3506 4632 etiam
3538 4590 3689 4644 mque
3716 4574 3867 4629 oble-

2282 4675 2412 4729 ctari
2441 4673 2739 4742 oportebat.
2771 4671 2863 4725 Sin
2890 4670 3056 4735 dicas,
3089 4685 3215 4724 usus
3239 4671 3429 4739 gratia,
3460 4667 3626 4721 multo
3650 4673 3871 4736 praestat

2281 4766 2474 4817 vitrum
2502 4782 2514 4817 :
2545 4773 2703 4832 atque
2732 4762 2782 4815 id
2813 4761 3004 4815 divites
3048 4759 3147 4829 ipsi
3194 4760 3530 4822 conﬁrmant,
3577 4760 3667 4825 qui
3708 4770 3774 4810 ex
3803 4769 3868 4808 ea

2286 4854 2505 4908 materia
2552 4852 2738 4921 pocula
2781 4861 2839 4905 ut
2884 4851 3171 4920 plurimum
3224 4860 3431 4918 parant.
3463 4846 3616 4914 Quod
3654 4846 3699 4900 si
3733 4845 3871 4898 fastu

2286 4944 2513 5013 quodam
2542 4944 2699 4995 etiam
2727 4956 2793 4997 ex
2839 4949 3058 5009 argento
3109 4938 3354 4992 fabricari
3398 4946 3675 5006 cogantur,
3723 4935 3875 5004 prius

2270 5035 2423 5087 vitro
2468 5033 2693 5087 interius
2731 5032 3018 5086 constituto
3058 5030 3128 5083 ita
3160 5036 3379 5097 argento
3426 5027 3661 5080 exterius
3699 5025 3880 5079 OMU-1

2287 5138 2432 5189 cunt,
2465 5124 2805 5177 ostendentes
2846 5120 2974 5174 illud
3001 5119 3065 5172 ad
3098 5128 3279 5187 potum
3310 5118 3524 5171 suavius
3552 5124 3606 5170 et
3632 5129 3876 5170 commo-

2289 5219 2407 5271 dius
2427 5231 2563 5278 esse,
2596 5215 2695 5266 hoc
2721 5213 2785 5265 ad
2820 5211 3011 5265 fastum
3040 5211 3210 5263 solum
3235 5218 3288 5262 et
3318 5210 3529 5261 inanem
3553 5206 3872 5261 ostentatio-

2295 5326 2435 5362 nem.
2467 5306 2601 5372 Quid
2630 5312 2709 5358 est
2731 5313 2907 5357 autem
2937 5302 3056 5367 hoc,
3091 5301 3263 5354 Meum
3296 5309 3349 5354 et
3376 5314 3480 5352 non
3513 5295 3874 5352 meum?Nam

2290 5401 2537 5470 equidem
2569 5413 2687 5450 cum
2739 5395 2898 5449 verba
2947 5393 3061 5447 hinc
3089 5392 3384 5446 accuratius
3424 5389 3692 5459 expende,
3717 5402 3880 5443 voces

2291 5502 2491 5545 tantum
2517 5503 2633 5542 esse
2656 5487 2780 5539 mihi
2810 5486 3070 5540 videntur.
3104 5483 3247 5536 Multi
3271 5480 3410 5536 enim
3433 5480 3561 5536 illud
3584 5478 3881 5535 dominium

2292 5598 2448 5637 suum
2472 5579 2734 5649 refugiens
2757 5584 2855 5632 nec
2880 5578 2986 5631 vivi
3014 5577 3243 5630 retinere
3264 5580 3580 5637 notuerunt;
3608 5580 3661 5625 et
3682 5569 3878 5639 quibus

2294 5674 2357 5725 ad
2386 5672 2546 5725 finem
2576 5684 2743 5738 usque
2770 5681 3079 5735 permansu.
3109 5664 3143 5720 ti
3166 5671 3405 5719 volentes
3430 5664 3673 5717 nolentes
3696 5661 3885 5716 mortis

2299 5775 2531 5836 tempore
2562 5763 2676 5831 ejus
2704 5769 2961 5831 potestate
2989 5758 3318 5815 exciderunt.
3355 5754 3461 5811 Nec
3488 5754 3661 5810 solum
3707 5752 3757 5806 in
3796 5770 3875 5809 ar-
