4174 6318
540 358 640 412 585

541 461 922 542 λουτρῶν,’καὶ
967 470 1060 524 ἐπὶ
1087 470 1196 525 τῶν
1225 473 1590 543 παραδείσων,
1621 473 1714 526 καὶ
1762 475 1820 526 ἐν
1863 474 1988 538 ταῖς
2010 474 2210 536 οἰκίαις

537 556 600 610 10
634 558 794 629 Ἐμὸν
831 559 926 613 καὶ⁵
966 560 1067 613 οὐκ
1096 560 1249 631 ἐμὸν,
1277 559 1436 612 τοῦτο
1469 561 1621 632 ῥῆμα
1652 562 1721 615 ἄν
1744 579 1833 627 τις
1889 563 1989 617 ἴδοι
2050 552 2208 631 μόνον

538 645 712 713 ψιλόν.
755 647 820 700 Ἠ
861 647 962 717 μὲν
986 649 1094 718 γάρ
1117 647 1313 719 χρῆσις
1342 648 1494 720 κοινὴ
1543 649 1763 704 πάντων
1785 652 1957 714 ἐστὶν,
1987 650 2210 702 πλεονε-

541 732 728 786 κτοῦσι
759 732 817 786 δέ
844 735 892 786 οί
925 733 1212 798 δοκοῦντες
1234 734 1414 788 αὐτῶν
1456 731 1596 788 εἶναι
1635 735 1818 809 κύριοι
1851 737 1962 790 τῶν
1995 736 2097 789 οὐκ
2123 734 2210 788 δν-

538 834 647 872 των
669 820 768 890 τὴν
793 821 932 892 ὑπὲρ
967 821 1146 875 αὐτῶν
1198 823 1474 893 φροντίδα.
1505 825 1570 897 Ol
1596 825 1695 891 μὲν
1737 825 1846 896 γὰρ
1877 823 2210 878 ἀπολαύουσι

537 905 704 977 μόνον
731 909 993 973 αὐτῶν,οί
1020 911 1076 962 δὲ
1100 910 1240 979 μετά
1265 910 1361 964 τοῦ
1383 911 1656 966 ποιεῖσθαί
1673 913 1873 984 πολλὴν
1889 914 1988 985 τὴν
2015 913 2210 982 ἐπιμέ-

541 991 690 1048 λειαν
725 997 785 1048 τὸ
819 998 952 1050 αὐτὸ
994 997 1152 1050 τοῦτο
1199 999 1561 1070 καρποῦνται,
1591 1002 1619 1054 ὃ
1645 1001 1782 1072 μετά
1806 1002 1919 1072 τῆς
1951 1001 2211 1071 ἀμελείας

541 1084 758 1138 ἐκεῖνοι.

593 1170 714 1223 ΞΘ’.
736 1173 798 1225 ΕΞ
823 1172 880 1224 δέ
902 1191 986 1237 τις
1000 1176 1097 1246 τὴν
1115 1175 1314 1246 πολλὴν
1338 1175 1609 1248 θαυμάζοι
1628 1179 1861 1249 τρυφὴν,
1883 1186 1994 1229 οἱον
2012 1176 2074 1229 τὸ
2103 1177 2211 1229 τῶν

539 1263 1036 1332 κατακοπτομένων
1059 1266 1265 1335 πλῆθος
1294 1267 1498 1337 κρεῶν,
1529 1268 1628 1339 τὴν
1662 1267 1924 1339 περιττὴν
1952 1267 2046 1320 τοῦ
2066 1266 2210 1320 οἴνου

537 1346 803 1419 δαπάνην,
829 1351 938 1403 τῶν
959 1354 1394 1424 καρυκευμάτων
1438 1355 1537 1423 τὴν
1565 1355 1913 1426 περιεργίαν,
1938 1355 2210 1425 τραπεζο-

539 1433 711 1490 ποιῶν
738 1439 831 1490 καὶ
861 1441 1149 1493 σιτοποιῶν
1192 1442 1390 1511 τέχνας
1431 1454 1483 1504 ⁸,
1523 1444 1841 1512 παρασίτων
1890 1444 1985 1495 καὶ
2033 1443 2213 1495 δαιτυ-

543 1524 720 1594 μόνων
771 1526 946 1596 ὅχλον,
980 1524 1040 1581 εὖ
1076 1529 1206 1582 ἵστω
1251 1531 1333 1582 ὅτι
1374 1529 1482 1583 τῶν
1541 1530 1818 1601 μαγείρων
1850 1530 2029 1583 αὐτῶν
2058 1529 2210 1582 οὐδὲν

537 1613 758 1682 ἄμεινον
773 1616 952 1678 ἐντοῖς
971 1616 1227 1680 τοιούτοις
1251 1618 1300 1669 οί
1323 1616 1676 1678 πλουτοῦντες
1700 1618 2017 1670 διάκεινται.
2034 1616 2215 1669 Καθά-

540 1717 647 1770 περ
699 1703 807 1770 γάρ
854 1705 1060 1765 ἐκεῖνος
1111 1706 1238 1766 τοὺς
1277 1704 1562 1770 δεσπότας,
1605 1704 1747 1757 οὓτω
1776 1706 1905 1766 τοὺς
1933 1705 2210 1774 κεκλημέ-

539 1805 663 1852 νους
712 1791 866 1843 αὐτοὶ
901 1793 1192 1856 δεδοίκασι,
1233 1793 1305 1862 μή
1348 1810 1494 1855 τινος
1528 1793 1894 1845 ἐπιλάϐωνται
1924 1792 2034 1845 τῶν
2072 1794 2211 1862 μετά

539 1876 735 1928 πολλοῦ
777 1877 943 1932 πόνου
980 1877 1076 1931 καὶ
1099 1879 1344 1950 δαπάνης
1380 1879 1948 1950 παρασκευασθέντων
2001 1879 2207 1940 αὐτοῖς.

539 1962 650 2016 Καὶ
684 1963 984 2034 τούτῳλμέν
1006 1961 1308 2029 ἐξισοῦνται
1333 1969 1445 2029 τοῖς
1480 1968 1763 2037 μαγείροις
1796 1966 1848 2030 b,
1885 1965 2007 2018 καθ’
2026 1967 2210 2037 ἕτερον

539 2051 595 2103 δὲ
621 2051 717 2103 καὶ
746 2053 1158 2107 πλεονεκτοῦσιν
1190 2055 1367 2107 αὐτῶν
1392 2071 1405 2082 ·
1442 2057 1502 2106 οὐ
1532 2057 1638 2124 γὰρ
1674 2055 1834 2124 μόνον
1869 2056 2211 2124 κατηγόρους

540 2140 757 2204 ἐκεῖνοι,
800 2141 936 2193 ἀλλά
974 2143 1066 2193 καί
1123 2143 1426 2210 βασκάνους
1476 2143 1767 2196 δεδοίκασι.
1827 2144 2050 2205 Πολλοῖς
2100 2143 2208 2213 γὰρ

540 2229 800 2292 πολλάκις
830 2231 936 2282 ἀπὸ
979 2231 1087 2282 τῶν
1114 2232 1370 2284 τοιούτων
1412 2233 1729 2301 συμποσίων
1755 2232 1948 2301 ἐτέχθη
1981 2231 2202 2299 φθόνος,

539 2316 633 2367 καὶ
691 2318 750 2368 οὐ
794 2317 1059 2387 πρότερον
1099 2318 1265 2386 ἔστη,
1309 2321 1416 2380 ἕως
1458 2319 1739 2380 κινδύνους
1782 2320 2033 2388 ἐπήγαγε
2084 2322 2220 2382 τοὺς

539 2404 819 2472 ἐσχάτους.
861 2406 1018 2456 Ἀλλά
1053 2406 1316 2458 σιτεῖσθαι
1340 2406 1511 2457 πολλά
1531 2405 1923 2476 πολλάκιςὴδύ.
1958 2408 2170 2474 Ἀπαγε
2195 2424 2206 2436 °

538 2490 664 2543 ὅταν
699 2492 1052 2562 καρηϐαρίαι,
1094 2494 1183 2544 καὶ
1217 2494 1452 2562 γαστρὸς
1481 2493 1747 2556 διάτασις,
1773 2494 1867 2545 καὶ
1899 2493 2210 2563 πνεύματος

539 2578 828 2646 ἕμφραξις,
863 2580 957 2630 καὶ
989 2581 1329 2644 σκοτοδινίαι,
1362 2582 1458 2632 καὶ
1484 2579 1705 2646 ἴλιγγοι,
1743 2582 1837 2632 καὶ
1865 2579 2086 2649 ἀχλύες,
2115 2583 2210 2633 καὶ

537 2664 606 2717 τά
642 2663 722 2716 ἔτι
750 2666 954 2718 τούτων
980 2667 1302 2734 ἀτοπώτερα
1334 2666 1440 2719 ἀπὸ
1467 2668 1564 2736 τῆς
1599 2668 1810 2735 τρυφῆς
1840 2668 2045 2738 ταύτης
2075 2670 2208 2720 dwa-

538 2749 812 2821 ϐλαστάνῃ
837 2753 1004 2805 δεινάι.
1048 2754 1156 2805 Καὶ
1179 2754 1288 2805 εἴθε
1321 2753 1480 2824 μέχρι
1506 2754 1613 2804 τῶν
1640 2757 1766 2824 παρ’
1793 2755 2007 2824 ἡμέραν
2038 2756 2210 2824 λύπη-

545 2837 655 2904 ρῶν
704 2839 772 2890 τὰ
816 2839 912 2908 τῆς
959 2840 1344 2910 ἀσχημοσύνης
1387 2841 1602 2909 ἐκείνης
1650 2843 1744 2893 καὶ
1777 2842 1846 2894 τά
1877 2843 1975 2912 τῆς
2008 2843 2208 2912 ζημίας

541 2927 726 2978 ἕστατο
773 2922 968 2993 μόνον’
1004 2929 1122 2978 νυνὶ
1149 2928 1205 2978 δέ
1236 2929 1292 2979 αἱ
1336 2928 1570 2997 μάλιστα
1605 2927 1711 2978 τῶν
1766 2927 1937 2979 νόσων
1971 2929 2207 2982 δυσίατοι

538 3014 646 3065 ἀπὸ
673 3013 782 3065 τῶν
813 3013 1068 3066 τοιούτων
1097 3014 1386 3084 τραπεζῶν
1410 3015 1591 3084 ἔχουσι
1617 3018 1714 3084 τὴν
1739 3006 1935 3084 ἀρχὴν.
1969 3018 2079 3070 Καὶ
2104 3018 2208 3087 γάρ

538 3100 840 3165 ποδαλγίαι,
879 3101 973 3153 καὶ
1023 3102 1183 3170 φθόη,
1240 3102 1334 3154 καὶ
1391 3102 1563 3167 νόσος,
1616 3102 1709 3154 καὶ
1741 3103 2069 3174 παράλυσις,
2117 3107 2206 3158 καὶ

537 3186 707 3239 πολλά
739 3189 817 3240 ἔτι
850 3189 1052 3245 τούτων
1075 3189 1435 3258 χαλεπώτερα
1459 3191 1799 3262 ἀπολαϐόντα
1838 3192 1898 3243 τὸ
1931 3193 2091 3262 σῶμα
2123 3211 2210 3246 ποι

536 3274 744 3344 λιορκεῖ
766 3278 844 3338 εἰς
873 3277 1105 3347 ἐσχάτας
1135 3277 1433 3338 ἀναπνοάς.
1459 3278 1591 3328 Τίνα
1613 3274 1703 3330 οὖν
1739 3259 1802 3330 ἄν
1826 3296 1910 3341 τις
1945 3279 2057 3348 ἔχοι
2088 3281 2210 3333 τού-

538 3379 642 3413 των
673 3365 1000 3435 ἀντίρροπον
1030 3365 1138 3417 τῶν
1186 3359 1378 3421 κακῶν
1420 3366 1616 3434 ἡδονὴν
1671 3367 1879 3429 είπεῖν;
1939 3370 2097 3419 ποίαν
2153 3361 2215 3421 δὲ’

534 3449 635 3502 οὐκ
663 3450 727 3503 ἄν
755 3470 834 3515 τις
855 3453 1027 3506 ἕλοιτο
1055 3453 1477 3527 σκληραγωγίαν
1512 3453 1650 3522 ὑπὲρ
1680 3454 1779 3524 τῆς
1799 3454 2002 3507 τούτων
2033 3457 2209 3507 ἀπαλ-

535 3537 731 3608 λαγῆςς

589 3630 664 3680 0'.
685 3627 824 3679 Ἀλλ’
841 3629 938 3699 οὐχ
959 3631 990 3699 ἡ
1015 3631 1257 3683 εὐτέλεια
1272 3632 1516 3702 τοιαύτη,
1539 3633 1674 3685 ἀλλὰ
1686 3633 1873 3702 πόρρω
1890 3634 2089 3686 τούτων
2107 3635 2203 3701 ἀφ·

535 3715 734 3783 έστηκε
749 3715 852 3769 τῶν
869 3717 1165 3788 δυσχερῶν,
1191 3720 1402 3786 ὑγιείας
1420 3720 1518 3788 καὶ¹
1540 3718 1899 3783 εὐεξίαςοῦσα
1923 3723 2204 3790 ποιητική.

535 3802 599 3854 Εἰ
628 3803 685 3855 δὲ
719 3805 813 3856 καὶ
844 3805 1034 3876 ἡδονήν
1073 3825 1157 3870 τις
1191 3807 1500 3880 ἐπιζητοίη,
1538 3813 1631 3862 καὶ
1658 3810 1863 3878 ταύτην
1912 3812 2044 3878 παρ’
2069 3811 2206 3879 αὐτῇ

540 3889 762 3958 μείζονα
777 3888 941 3945 οὖσαν
965 3896 1188 3964 εὑρήσει
1211 3898 1309 3966 τῆς
1328 3898 1541 3968 τρυφῆς
1561 3915 1574 3927 ·
1608 3900 1704 3950 καὶ
1736 3899 1950 3968 πρῶτον
1979 3899 2075 3968 μέν
2103 3899 2211 3951 ἀπὸ

535 3977 628 4029 τοῦ
652 3980 1033 4050 ἐρῤῶσθαικαὶ
1063 3984 1250 4052 μηδενὶ
1270 3985 1376 4038 τῶν
1395 3986 1581 4039 κακῶν
1605 3986 1940 4055 ἐνοχλεῖσθαι
1963 3987 2207 4049 ἐκείνων,

538 4058 613 4117 ὧν
662 4066 891 4121 ἕκαστον
921 4072 1015 4123 καὶ
1053 4073 1175 4125 καθ’
1227 4074 1392 4126 ἐαυτὸ
1456 4075 1637 4127 πᾶσαν
1675 4075 1862 4126 ἱκανὸν
1894 4075 2084 4127 σϐέσαι
2117 4077 2211 4127 καὶ

538 4154 840 4225 ἀνατρέψαι
868 4160 931 4211 ἐκ
962 4159 1174 4229 βάθρων
1198 4162 1421 4232 ἡδονήν·
1459 4162 1710 4232 δεύτερον
1757 4163 1814 4215 δέ
1845 4164 1939 4214 καὶ
1970 4163 2076 4214 ἀπὸ
2105 4164 2211 4214 τῶν

541 4242 726 4295 σιτίων
777 4247 977 4300 αὐτῶν.
1008 4250 1162 4315 Πῶς;
1200 4251 1320 4302 Ὅτι
1364 4250 1557 4320 ἡδονῆς
1591 4250 1874 4318 ποιητικὸν
1908 4250 2200 4318 ἐπιθυμία·

539 4329 836 4402 ἐπιθυμίαν
870 4335 925 4388 δέ
954 4339 1051 4406 οὐχ
1078 4341 1106 4390 0
1135 4340 1315 4408 κόρος,
1351 4340 1471 4392 οὐδέ
1512 4343 1544 4409 ἡ
1573 4339 1893 4410 πλησμονὴ,
1921 4340 2037 4392 ἀλλ’
2070 4343 2101 4409 ἡ
2128 4340 2215 4391 έν-

539 4417 656 4472 δεια
686 4421 776 4473 καὶ
805 4424 836 4492 ἡ
871 4416 1270 4488 σπάνιςποιεῖ.
1315 4426 1462 4497 Λῦτη
1497 4428 1553 4479 δὲ
1603 4430 1703 4480 οὐκ
1730 4430 1787 4480 ἐν
1833 4428 2066 4491 ἐκείνοις
2100 4432 2214 4492 τοῖς

543 4511 869 4578 συμποσίοις
899 4516 1011 4577 τοῖς
1037 4514 1145 4567 τῶν
1163 4515 1557 4582 πλουτούντων,
1594 4516 1706 4569 ἀλλ’
1743 4518 1802 4567 ἐν
1828 4520 1939 4578 τοῖς
1969 4516 2078 4570 τῶν
2113 4535 2210 4569 πε-

541 4597 780 4667 νομένων
800 4601 888 4654 ἀεὶ
908 4603 1160 4674 πάρεστι,
1185 4605 1386 4667 παντὸς
1405 4606 1803 4676 τραπεζοποιοῦ
1829 4608 1923 4660 καὶ
1948 4609 2212 4678 μαγείρου

547 4688 744 4756 μᾶλλον
769 4690 1134 4756 ἐπιστάζουσα
1163 4691 1306 4746 πολὺ
1337 4695 1450 4756 τοῖς
1481 4694 1866 4765 προκειμένοις
1884 4696 1946 4747 τὸ
1980 4697 2122 4766 μέλι.
2151 4698 2213 4751 Οί

546 4776 642 4844 μὲν
677 4777 784 4848 γὰρ
809 4778 1167 4843 πλουτοῦντες
1191 4779 1317 4833 οὔτε
1340 4781 1637 4844 πεινῶντες
1659 4782 2032 4844 ἐσθίουσι,κα“ι
2045 4785 2215 4856 χωρὶς

543 4864 637 4916 τοῦ
668 4865 841 4934 διψεῖν
879 4866 1118 4932 πίνουσι,
1157 4870 1250 4920 καὶ
1276 4869 1404 4939 πρὶν
1448 4869 1694 4940 σφοδρῶς
1747 4871 1934 4933 αὐτοῖς
1964 4872 2213 4926 ἐπελθεῖν

548 4950 701 5022 [525]
731 4953 828 5022 τὴν
873 4954 1120 5024 ἀνάγκην
1147 4955 1437 5029 τοῦ-’ὕπνου
1489 4957 1845 5011 καθεύδουσιν
1867 4975 1878 4986 ·
1902 4951 2048 5012 οὗτοι
2069 4961 2124 5012 δὲ
2157 4961 2215 5014 ἐν

544 5039 704 5110 χρείᾳ
733 5040 936 5094 τούτων
962 5042 1349 5112 καθιστάμενοι
1379 5045 1640 5116 πρότερον
1656 5045 1829 5109 οὕτως
1851 5047 2032 5100 αὐτῶν
2090 5064 2216 5118 μετ-

543 5130 792 5196 έχουσινο
828 5128 858 5180 δ
881 5129 1368 5199 μάλιστα,πάντων
1396 5132 1548 5200 αὔξει
1576 5133 1646 5186 τὰ
1667 5134 1766 5204 τῆς
1786 5135 2000 5204 ἡδονῆς.
2035 5135 2134 5188 Διὰ
2161 5135 2215 5188 τί

545 5214 676 5285 γὰρ,
726 5216 848 5269 είπέ
898 5235 1010 5287 μοι,
1045 5219 1138 5272 καὶ
1185 5221 1213 5273 0
1259 5220 1514 5290 Σολομὼν
1546 5222 1638 5274 τὸν
1667 5222 1834 5274 ὕπνον
1886 5221 1978 5274 τοῦ
2028 5222 2214 5275 δούλου

550 5302 715 5373 φησὶν
730 5299 868 5357 εἷναι
886 5306 1035 5374 ἡδὺν,
1051 5307 1252 5360 οὑτωσὶ
1272 5309 1470 5376 λέγων,
1495 5310 1668 5373 Ἠὸὺς
1688 5310 1874 5374 ὕπνος
1897 5307 1975 5370 τῷ
1994 5310 2216 5377 δούλῳ,

551 5388 630 5442 ἄν
654 5406 718 5441 τε
743 5391 922 5457 πολὺ,
953 5392 1027 5445 ἄν
1055 5411 1119 5447 τε
1145 5394 1354 5464 ὀλίγον
1379 5397 1580 5466 φάγῃς
1623 5393 1772 5467 νΑρα
1797 5397 1886 5450 διὰ
1915 5397 2012 5468 τὴν
2053 5415 2220 5468 στρω-

544 5475 694 5546 μνὴν
727 5478 826 5547 τὴν
852 5479 1069 5550 ἁπαλήν
1090 5499 1103 5544 ;
1128 5482 1240 5535 Καὶ
1265 5482 1373 5553 μὴν
1409 5484 1501 5535 ἐπὶ
1532 5484 1814 5553 ἐδάφουςῆ
1846 5486 1936 5537 ἐπὶ
1969 5485 2218 5550 στιϐάδος

550 5563 600 5616 οι
633 5564 853 5628 πλείους
906 5568 1280 5622 καθεύδουσιν.
1335 5569 1498 5623 Ἀλλά
1533 5572 1622 5624 διὰ
1658 5572 1758 5643 τὴν
1803 5574 2022 5638 ἄδειαν;
2077 5573 2218 5626 Ἀλλ’

550 5651 674 5705 οὐδὲ
711 5655 916 5724 μικρᾶς
951 5655 1145 5727 καιροῦ
1184 5659 1356 5727 ῥοπῆς
1386 5661 1494 5711 εἰσι
1541 5658 1744 5730 κύριοι.
1788 5661 1949 5714 Ἀλλα
1995 5661 2084 5714 διὰ
2121 5661 2218 5731 τὴν

560 5739 878 5814 ῥαστώνην;
921 5745 1058 5797 Ἀλλ’
1087 5746 1148 5799 οὐ
1178 5745 1599 5816 διαλιμπάνουσι
1643 5749 1864 5819 μόχθοις
1893 5749 2217 5822 κοπτόμενοι

613 5867 643 5937 ξ
665 5868 787 5937 Begu
811 5875 1066 5937 σιτοποιῶν
1089 5874 1426 5937 καὶ-μαγείρων
1448 5876 1632 5936 τέχνας.

614 5926 646 5969 Ῑι
667 5926 789 5993 Reg.
815 5934 911 5991 τοῖς
934 5935 1150 5996 οἰκέταις,
1177 5926 1347 5985 Μοιίθῐξ
1375 5943 1428 5986 et
1449 5926 1722 5993 8είῖ¹ἱιίτοῖς
1747 5937 1999 6003 μαγείροις.

1364 354 1421 410 S.
1460 354 1746 412 JOANNIS
1784 354 2281 419 CHRYSOSTOMI
2318 355 2642 415 ARCIIIEP.
2683 357 3235 415 CONSTANTINOP.

3882 356 3980 412 οδε

2311 473 2408 526 καὶ
2435 474 2852 546 ταλαιπωρίαις.
2878 475 2944 527 Τί
2972 475 3091 526 ποτ’
3118 465 3212 526 οὗν
3250 473 3369 523 ἐστι
3398 470 3459 523 τὸ
3489 471 3677 524 ποιοῦν
3696 472 3789 524 τὸν
3815 471 3986 526 ὕπνον

2316 561 2466 630 ἡδὺν,
2489 561 2522 632 ἦ
2553 562 2616 614 τὸ
2635 562 2901 632 πρότερον
2929 563 3007 624 είς
3035 560 3225 631 χρείαν
3249 570 3271 597 ε
3299 558 3675 621 καταστάντας
3694 556 3869 620 οὕτως
3889 558 3987 611 αὐ-

2313 647 2408 700 τοῦ
2435 648 2908 718 μεταλαμϐάνειν;
2942 649 3083 710 Τοὺς
3130 647 3188 700 δὲ
3228 641 3599 710 πλουτοῦντας
3631 646 3698 700 ἂν
3732 644 3811 716 μὴ
3844 644 3985 716 μέθῃ

2318 733 2713 803 βαπτισθέντας
2732 737 2765 805 ἡ
2789 735 2886 800 νὺξ
2905 734 3209 806 καταλάϐῃ,
3247 733 3464 801 ἀνάγκη
3492 733 3788 795 διαπαντὸς
3812 734 3988 802 ἀγρυ-

2317 824 2470 875 πνεῖν
2518 823 2615 875 καὶ
2653 821 3081 892 ἐπιστρέφεσθαι
3107 823 3204 875 καὶ
3234 821 3420 875 ἀλύειν
3449 821 3545 874 ἐπὶ
3570 821 3680 873 τῶν
3721 818 3988 890 μαλακῶν

2316 908 2602 978 κειμένους
2630 909 2986 980 στρωμάτων.

2387 996 2508 1049 OA'.
2546 997 2702 1067 Ἐνῆν
2726 997 2820 1050 καὶ
2837 995 3102 1067 ἑτέρωθεν
3127 996 3296 1060 δεῖξαι
3323 997 3423 1066 τῆς
3440 995 3654 1067 τρυφῆς
3669 994 3771 1064 τὴν
3786 992 3985 1063 ἀηδίαν

2287 1077 2410 1138 ’καὶ
2467 1085 2568 1155 τὴν
2622 1084 2826 1156 ζημίαν
2866 1087 2960 1138 καὶ
3013 1083 3112 1155 τὴν
3163 1083 3588 1154 ἀσχημοσύνην,
3645 1083 3743 1145 τὰς
3793 1081 3984 1142 νόσους

2317 1170 2682 1241 καταλέγοντα
2735 1175 2868 1234 ὅσας
2944 1171 3416 1242 ἐναπομόργνυται
3469 1174 3535 1242 τῇ
3596 1169 3742 1239 ψυχῇ
3803 1167 3987 1236 πολλῷ

2316 1260 2534 1323 πλείους
2594 1261 2688 1313 καὶ
2737 1258 3129 1329 χαλεπωτέρας
3164 1257 3331 1321 οὔσας
3351 1257 3459 1310 τῶν
3495 1254 3844 1325 σωματικῶν,
3872 1255 3987 1306 Καὶ

2316 1346 2425 1417 γάρ
2453 1347 2749 1417 μαλακοὺς,
2787 1347 2882 1398 καὶ
2904 1345 3219 1414 ἀνάνδρους,
3248 1347 3344 1398 καὶ
3383 1345 3622 1415 θρασεῖς,
3657 1345 3753 1396 καὶ
3783 1341 3986 1403 ἀλαζό-

2318 1452 2440 1500 νας,
2465 1437 2560 1488 καὶ
2599 1435 2868 1502 ἀσελγεῖς,
2905 1435 2998 1486 καὶ
3038 1427 3317 1503 ὑϐριστὰς,
3357 1434 3454 1485 κα¹ι
3488 1432 3848 1494 ἀκολάστους,
3889 1429 3990 1481 καὶ

2320 1521 2668 1592 ἀκροχόλους,
2703 1521 2798 1573 καὶ
2844 1520 3048 1589 ὠμοὺς,
3080 1520 3177 1572 καὶ
3202 1521 3436 1587 ἀγενεῖς,
3495 1519 3589 1587 καὶ⁴
3626 1517 3984 1592 πλεονέκτας,

2317 1609 2411 1662 καὶ
2442 1609 2852 1678 δουλοπρεπεῖς,
2888 1607 2980 1659 καὶ
3011 1608 3146 1676 πρὸς
3171 1607 3314 1658 ἅπαν
3344 1608 3517 1660 εἰπεῖν
3546 1605 3655 1658 τῶν
3689 1605 3984 1676 χρησίμων

2316 1697 2408 1747 καὶ
2426 1694 2737 1763 ἀναγκαίων
2756 1697 3060 1766 ἀχρήστους
3077 1694 3417 1763 καθίστησιν·
3435 1685 3509 1747 ὧν
3525 1693 3783 1746 τάναντία
3809 1692 3989 1744 πάντα

2317 1783 2348 1850 ἡ
2379 1781 2680 1851 αὐτάρκεια
2707 1784 2870 1833 ποιεῖ.
2915 1780 3074 1833 Ἀλλά
3105 1780 3200 1833 νῦν
3238 1780 3375 1850 πρὸς
3393 1780 3578 1850 ἕτερον
3611 1779 3742 1848 ἡμῖν
3769 1781 3798 1831 0
3827 1779 3990 1846 λόγος

2311 1867 2597 1936 ἐπείγεται
2621 1884 2635 1898 ο
2674 1868 2755 1921 διὸ
2784 1868 2944 1938 μόνον
2968 1869 3143 1919 ἐκεῖνο
3183 1866 3510 1936 προσθέντες
3552 1865 3662 1918 τῶν
3692 1867 3990 1920 ἀποστολι-

2317 1955 2429 2007 κῶν
2460 1956 2621 2008 πάλιν
2643 1954 2910 2024 ἁψώμεθα
2939 1955 3218 2026 ῥημάτων.
3248 1955 3310 2006 EE
3336 1954 3444 2023 γὰρ
3475 1953 3542 2007 τά
3557 1953 3818 2006 δοκοῦντα
3846 1950 3990 2006 εἶναι

2307 2040 2531 2129 ⁴ζηλωτά
2560 2042 2828 2096 τοσούτων
2863 2043 3022 2111 γέμει
3057 2041 3264 2099 κακῶν,
3299 2041 3393 2093 καὶ
3442 2040 3697 2093 τοσοῦτον
3737 2043 3804 2111 τῇ
3829 2041 3989 2112 ψυχῇ

2316 2130 2409 2180 καὶ
2429 2128 2504 2198 τῷ
2533 2129 2743 2199 σώματι
2774 2130 2865 2182 τὸν
2896 2130 3112 2196 νιφετὸν
3142 2128 3339 2195 ἐπάγει
3367 2127 3476 2180 τῶν
3501 2121 3850 2197 νοσημάτων,
3877 2128 3986 2179 ποῦ

2316 2216 2382 2269 τὰ
2426 2217 2648 2288 λυπηρά
2693 2218 2968 2286 θήσομεν;
3021 2210 3131 2267 οἷον
3181 2215 3458 2286 ἀρχόντων
3518 2214 3750 2282 φόϐους,
3798 2215 3991 2284 δήμων

2307 2301 2511 2373 ὁρμάς,
2537 2304 2890 2372 συκοφαντῶν
2910 2305 3004 2355 καὶ
3029 2303 3314 2371 βασκάνων
3342 2301 3634 2364 ἐπιϐουλάς
3655 2319 3668 2331 ·
3687 2302 3724 2354 δι
3753 2302 3994 2372 μάλιστα

2315 2393 2440 2455 τοὺς
2469 2391 2836 2454 πλουτοῦντας
2873 2388 3367 2460 περιστοιχίζεται’
3414 2392 3471 2442 ἐν
3510 2384 3594 2451 οἷς
3623 2389 3719 2441 καὶ
3743 2389 3844 2451 τὰς
3887 2407 3992 2455 γυ-

2317 2482 2506 2541 ναῖκας
2539 2478 2801 2549 μειζόνως
2816 2479 2924 2530 τῶν
2957 2478 3140 2530 κακῶν
3165 2478 3374 2545 ἀνάγκη
3411 2479 3688 2529 κοινωνεῖν
3705 2476 3794 2530 διὰ
3819 2477 3882 2528 τὸ
3907 2477 3988 2548 μὴ

2317 2566 2574 2634 γενναίως
2597 2567 2697 2629 τάς
2722 2566 2978 2629 τοιαύτας
3009 2567 3192 2636 φέρειν
3223 2562 3548 2634 μεταϐολάς.

2369 2655 2486 2707 OB’.
2507 2655 2615 2706 Καὶ
2642 2655 2695 2706 τί
2721 2655 2861 2720 λέγω
2881 2655 3145 2722 γυναῖκας
3165 2669 3180 2716 ;
3203 2653 3298 2704 καὶ
3318 2651 3427 2721 γὰρ
3446 2651 3599 2703 αὐτοὶ
3619 2653 3667 2704 οἱ
3687 2651 3881 2722 ἄνδρες
3901 2669 3997 2706 τα-

2313 2741 2606 2812 λαιπώρως
2638 2741 2740 2794 ὐπὸ
2767 2741 2876 2794 τῶν
2897 2741 3152 2793 τοιούτων
3189 2740 3523 2793 ἁλίσκονται.
3569 2740 3623 2792 Ὀ
3659 2740 3756 2808 μὲν
3789 2741 3900 2810 γὰρ
3932 2742 3997 2792 ἐν

2315 2829 2613 2900 αὐταρκείᾳ
2650 2828 2754 2892 ζῶν
2782 2828 3035 2897 οὐδεμίαν
3081 2825 3430 2896 μετάπτωσιν
3485 2826 3719 2879 δέδοικεν
3743 2845 3754 2857 ·
3789 2829 3816 2879 0
3840 2827 3898 2879 δὲ
3933 2829 3997 2880 ἐν

2301 2917 2506 2984 ἐκείνῳ
2523 2915 2601 2986 τῷ
2630 2916 2779 2985 ὑγρῷ
2799 2917 2892 2967 καὶ
2913 2915 3290 2985 διακεχυμένῳ
3307 2913 3405 2984 βίῳ
3428 2913 3778 2982 δαπανηθεὶς,
3797 2915 3990 2966 εἴποτε

2303 2994 2555 3074 ’συμϐαίη
2587 3005 2730 3056 κατὰ
2762 3003 3083 3074 περίστασίν
3117 3020 3240 3055 τινα
3269 2998 3375 3054 καῖ
3392 3001 3644 3070 ἀνάγκην
3674 3002 3998 3072 παραδοθῆ-

2313 3108 2399 3144 ναι
2429 3093 2610 3161 πενία,
2635 3090 2954 3162 τεθνήξεται
2983 3091 3246 3160 πρότερον
3346 3089 3552 3158 ταύτην
3587 3089 3723 3140 οῖσει
3766 3088 3865 3159 τὴν
3900 3105 3999 3157 με·

2310 3179 2564 3249 ταϐολὴν,
2602 3179 2688 3231 διὰ
2712 3179 2771 3230 τὸ
2802 3177 3134 3247 ἀμελέτητον
3163 3177 3255 3228 καὶ
3290 3175 3778 3246 ἀγύμναστονΔιὰ
3813 3175 3998 3229 ταῦτα

2311 3268 2338 3318 0
2374 3267 2638 3336 μακάριος
2690 3265 2902 3329 Παῦλος
2938 3256 3088 3330 ἔλεγε
3112 3280 3123 3292 -
3157 3263 3378 3331 Θλῖψιν
3418 3262 3494 3330 τῇ
3520 3264 3697 3330 σαρκὶ
3733 3263 3996 3325 ἕξουσι-ν

2312 3359 2361 3408 οἱ
2383 3337 2653 3407 ’τοιοῦτοι
2675 3369 2688 3381 °
2728 3351 2842 3420 ἐγὼ
2867 3352 2933 3402 δὲ
2972 3349 3141 3418 ὑμῶν
3169 3351 3462 3417 φείδομαι.
3495 3347 3625 3402 Εἶτα
3658 3350 3799 3419 μετὰ
3831 3350 3998 3404 τοῦτό

2314 3457 2506 3510 φησιν·
2549 3441 2610 3492 '0
2655 3439 2858 3506 καιρὸς
2898 3436 3395 3506 συνεσταλμένος
3426 3438 3492 3489 τὸ
3545 3438 3765 3491 λοιπόν
3794 3437 3998 3493 ἐστιν.

2384 3529 2502 3580 01".
2535 3529 2648 3581 Kal
2673 3529 2724 3580 τί
2756 3527 2912 3579 τοῦτο
2940 3526 3074 3595 πρὸς
3095 3527 3185 3576 τὸν
3215 3525 3429 3594 γάμονς
3465 3526 3594 3586 ἴσως
3627 3524 3692 3576 ἂν
3714 3525 3856 3577 εἴποι
3889 3543 4000 3590 τις.

2315 3609 2428 3664 Καὶ
2443 3611 2649 3680 σφόδρα
2667 3611 2764 3680 μὲν
2789 3607 2880 3664 οὖν
2904 3610 3039 3677 πρὸς
3055 3609 3234 3661 αὐτόν.
3255 3609 3315 3665 El
3334 3607 3442 3675 γάρ
3472 3609 3528 3658 ἐν
3551 3607 3628 3676 τῷ
3649 3607 3879 3677 παρόντι
3896 3609 4001 3679 βίῳ

2316 3692 2753 3758 συγκέκλεισται,
2788 3693 2844 3742 ἐν
2874 3690 2930 3741 δὲ
2964 3688 3040 3759 τῷ
3097 3688 3344 3757 μέλλοντι
3395 3685 3517 3739 οὐτε
3556 3687 3828 3756 γαμοῦσιν
3864 3688 3998 3741 οῦτε

2314 3772 2656 3840 γαμίζονται,
2687 3773 2714 3822 ὁ
2740 3770 2796 3821 δέ
2820 3768 3008 3840 παρὼν
3035 3770 3227 3837 καιρὸς
3258 3768 3394 3837 πρὸς
3424 3767 3484 3818 τὸ
3510 3767 3662 3829 τέλος
3683 3768 3997 3835 ἐπείγεται,

2315 3851 2407 3901 καὶ
2438 3850 2530 3901 ἐπὶ
2560 3847 2754 3917 θύραις
2785 3846 2857 3898 τά
2883 3847 2984 3912 τῆς
3012 3845 3362 3906 ἀναστάσεως
3392 3844 3646 3914 ἕστηκεν,
3700 3845 3759 3896 οὐ
3789 3847 3998 3915 γάμων

2315 3931 2505 4001 καιρὸς
2533 3929 2651 3982 οὐδέ
2678 3927 2993 3997 κτημάτων,
3024 3925 3138 3978 ἀλλ’
3160 3926 3367 3988 ἐνδείας
3391 3925 3608 3994 καὶτῆς
3640 3923 3808 3994 ἄλλης
3838 3925 4000 3994 φιλο-

2317 4010 2507 4078 σοφίας
2537 4009 2754 4076 ἀπάσης
2787 4007 2887 4075 τῆς
2942 4008 3058 4056 ἐκεῖ
3104 4006 3552 4075 χρησιμευούσης
3590 4005 3744 4073 ἡμῖν.
3779 4005 4004 4076 ’Ὥσπερ

2314 4087 2421 4156 γὰρ
2454 4085 2779 4156 ήπαρθένος
2810 4084 2913 4145 ἕως
2942 4083 3039 4152 μὲν
3059 4081 3276 4136 ἂνοῗκοι
3307 4082 3441 4151 μένη
3472 4080 3608 4150 μετά
3635 4081 3734 4149 τῆς
3763 4083 4000 4153 μητρὸς,

2315 4165 2514 4235 πολλὴν
2559 4164 2666 4217 τῶν
2698 4162 2964 4216 παιδικῶν
3001 4160 3255 4212 ἁπάντων
3299 4163 3532 4211 ποιεῖται
3589 4159 3868 4226 φροντίδα,
3904 4162 4004 4212 καὶ

2315 4242 2566 4295 κιϐώτιον
2591 4243 2648 4293 ἐν
2677 4241 2754 4310 τῷ
2797 4239 3031 4308 ταμιείῳ
3089 4237 3438 4306 καταθεμένη
3481 4236 3589 4287 τῶν
3611 4237 4004 4306 ἀποκειμένων

2318 4324 2452 4386 ἐκεῖ,
2502 4323 2596 4374 καὶ
2633 4321 2732 4392 τὴν
2768 4319 2913 4372 κλεῖν
2945 4319 3082 4386 αὐτὴ
3136 4316 3420 4386 κέκτηται,
3463 4316 3556 4368 καὶ
3597 4314 3697 4385 τὴν
3742 4315 4003 4380 ἐξουσίαν

2318 4402 2534 4453 ἃπασαν
2567 4391 2701 4470 ἔχει,
2730 4399 2824 4452 καὶ
2851 4396 3119 4465 τοσαύτην
3156 4396 3295 4464 ὑπὲρ
3325 4393 3427 4462 τῆς
3455 4392 3562 4444 τῶν
3590 4391 3804 4462 μικρῶν
3839 4392 4000 4444 ἐκεί-

2317 4496 2422 4530 νων
2477 4481 2572 4531 καὶ
2621 4477 2840 4546 φαύλων
2877 4475 3025 4548 [3‘26]
3060 4474 3306 4543 φυλακῆς
3335 4471 3653 4541 ἀναδέχεται
3692 4470 3997 4540 μέριμναν,

2317 4559 2446 4626 ἇσην
2483 4559 2532 4608 οἱ
2574 4557 2673 4618 τὰς
2709 4556 2950 4625 μεγάλας
2997 4554 3482 4622 ἐπιτροπεύοντες·
3518 4549 3734 4604 ἐπειδάν
3769 4550 3827 4601 δὲ
3856 4568 4005 4620 μνη-

2319 4636 2603 4689 στεύεσθαι
2641 4636 2737 4707 δέῃ
2784 4635 2876 4688 καὶ
2905 4635 2932 4685 0
2963 4631 3055 4685 τοῦ
3104 4633 3284 4701 γάμου
3335 4631 3527 4699 καιρὸς
3573 4628 3858 4698 ἀναγκάζῃ
3897 4628 4003 4698 τὴν

2319 4717 2576 4786 πατρῴαν
2634 4716 2812 4768 οἰκίαν
2858 4715 3102 4782 ἀφεῖναι,
3155 4712 3276 4763 τότε
3328 4712 3428 4779 τῆς
3465 4709 3743 4770 εὐτελείας
3776 4707 4004 4786 ἐκείνης

2317 4785 2692 4862 ἀπαλλαγεῖσα
2731 4793 2826 4846 καὶ
2855 4794 2954 4861 τῆς
2986 4791 3396 4859 ταπεινότητος,
3433 4788 3609 4850 οἰκίας
3635 4785 4001 4857 προστασίαν,

2318 4877 2412 4927 καὶ
2444 4876 2737 4946 κτημάτων
2763 4872 2856 4925 καὶ
2887 4871 3234 4940 ἀνδραπόδων
3283 4867 3515 4937 πλῆθος,
3546 4866 3640 4919 καὶ
3672 4864 3866 4933 ἀνδρὸς
3905 4864 4004 4946 θε-

2323 4955 2584 5025 ραπείαν,
2635 4953 2732 5005 καὶ
2787 4951 2855 5003 τὰ
2909 4950 3044 5002 ἄλλα
3088 4947 3401 5022 τάετούτων
3441 4946 3666 5018 μείζονα
3724 4945 4003 5025 μεριμνᾷν

2282 5045 2288 5049 “
2319 5023 2729 5102 ἀναγκάζεται·
2752 5029 2903 5082 οὕτω
2925 5029 3019 5082 καὶ
3049 5030 3197 5098 ἡμᾶς
3232 5027 3360 5098 χρὴ,
3394 5025 3582 5096 ἐπειδὴ
3618 5026 3754 5095 πρὸς
3784 5024 3877 5075 τὸν
3908 5023 4004 5074 τέ-

2319 5113 2459 5166 λειον
2489 5112 2733 5182 ἀγόμεθα
2764 5111 2876 5181 βίον
2903 5110 2999 5162 καὶ
3024 5110 3115 5160 τὸν
3136 5107 3364 5178 ἀνδράσι
3401 5108 3769 5176 προσήκοντα,
3800 5102 3871 5154 τά
3904 5103 4004 5153 ἐπὶ

2318 5194 2420 5262 τῆς
2452 5194 2555 5261 γῆς
2588 5194 2768 5245 πάντα
2803 5190 3041 5258 ἀφέντας
3072 5185 3142 5240 τὰ
3188 5188 3358 5250 ὅντως
3413 5187 3640 5240 παιδικὰ
3679 5184 4000 5254 ἀθύρματα,

2323 5269 2687 5339 φαντάζεσθαι
2720 5269 2812 5320 τὸν
2861 5267 3090 5338 οὐρανὸν
3137 5266 3230 5318 καὶ
3260 5267 3361 5337 τῆς
3408 5267 3526 5319 ἐκεῖ
3562 5262 3846 5333 διατριϐῆς
3898 5261 4001 5332 τὴν

2319 5348 2679 5421 λαμπρότητα
2716 5349 2810 5401 καὶ
2843 5347 2942 5416 τὴν
2973 5345 3130 5410 δόξαν
3172 5345 3412 5398 ἃπασαν.
3455 5342 3843 5413 Ἣρμόσθημεν
3887 5341 4002 5409 γάρ

2320 5433 2414 5485 καὶ
2461 5434 2621 5500 ἡμεῖς
2661 5429 2880 5498 νυμφίῳ
2918 5425 3091 5487 οὓτως
3138 5423 3394 5494 ζητοῦντι
3420 5426 3551 5493 παρ’
3576 5422 3736 5493 ἡμῶν
3773 5423 4001 5500 ἀγαπᾷ-

2322 5498 2569 5574 σθαιίῶς
2595 5510 2668 5578 μὴ
2700 5508 2807 5578 τῶν
2833 5508 2890 5558 ἐν
2911 5509 2976 5573 τῇ
3000 5507 3071 5575 γῇ
3108 5507 3287 5574 μόνον,
3316 5504 3448 5575 μηδὲ
3482 5503 3590 5555 τῶν
3623 5499 3837 5572 μικρῶν
3868 5498 4001 5551 τού-

2320 5610 2430 5645 των
2451 5591 2545 5642 καὶ
2570 5586 2826 5648 εὐτελῶν,
2860 5584 2996 5637 ἀλλά
3024 5583 3234 5650 καὶτῆς
3265 5585 3444 5652 ψυχῆς
3467 5582 3636 5651 αὐτῆς
3663 5578 4000 5648 ἀφίστασθαι

2320 5673 2386 5725 δι’
2417 5670 2598 5733 αὐτὸν,
2625 5668 2752 5719 ὅταν
2773 5665 2891 5736 δέῃ.
2945 5663 3098 5714 Ἐπεὶ
3125 5658 3218 5715 οὖν
3255 5665 3372 5715 ἐκεῖ
3402 5662 3588 5716 λοιπὸν
3621 5660 3839 5713 ἀπιέναι
3865 5659 3999 5729 χρὴ,

2325 5747 2720 5816 ἀπαλλάξωμεν
2745 5743 2970 5804 ἑαυτοὺς
3000 5741 3101 5810 τῆς
3134 5742 3412 5813 φροντίδος
3439 5742 3540 5811 τῆς
3554 5738 3839 5808 εὐτελοῦς.
3860 5738 4000 5791 Οὐδὲ

2326 5837 2434 5908 γὰρ
2461 5836 2540 5896 εἰς
2563 5829 2838 5902 βασιλείαν
2871 5825 3227 5897 μεθίστασθαι
3260 5825 3545 5896 μέλλοντες
3580 5824 3689 5878 ἀπὸ
3735 5824 3998 5894 πενιχρᾶς

2390 5939 2414 5968 θ
2440 5935 2556 5996 Reg,
2583 5932 2726 5991 ἡδύνς
2750 5934 2793 5980 οἱ
2813 5927 2966 5978 πόνοι.
2989 5925 3070 5974 καὶ
3093 5926 3148 5975 τὸ
3173 5927 3399 5994 πρὸτερον
3422 5929 3485 5984 είς
3504 5926 3681 5992 χρείαν.
