4174 6318
295 367 414 422 585

286 482 466 541 gente
487 481 542 529 ot
561 488 712 540 auro,
744 473 840 529 sed
862 473 913 529 iu
945 472 1150 531 balneis
1179 490 1412 546 quoque,
1445 475 1638 542 hortis,
1669 478 1894 543 aedibus,

291 561 481 619 leum
505 573 560 619 et
584 577 691 618 non
709 579 913 631 meum,
935 564 1100 620 verba
1125 566 1298 621 solum
1329 581 1476 622 mera
1491 553 1894 637 deprehendas.

288 652 438 718 Nam
464 668 593 710 usus
609 655 857 710 omnibus
885 656 1186 713 communis
1209 665 1324 711 est:
1348 665 1554 712 tantum
1579 659 1671 729 qui
1695 659 1897 713 domini

287 745 606 811 videantur,
635 745 740 801 hoc
765 745 887 816 plus
909 745 1110 802 habent
1133 763 1292 816 quam
1315 748 1406 819 qui
1426 764 1533 803 non
1560 750 1690 815 sint,
1708 763 1896 803 eorum

291 835 525 906 inquam
545 851 747 891 curam.
769 836 1002 891 lli-enim
1028 835 1278 892 fruuntur
1299 846 1532 904 tantum;
1561 839 1635 892 illi
1653 835 1896 893 adhibito

287 927 697 995 grandistudio
719 927 1051 983 tantumdem
1075 938 1495 998 consequuntur,
1537 940 1796 1000 quantum
1839 930 1894 984 hi

289 1018 442 1074 citra
463 1019 720 1075 studium.
793 1009 796 1012 ’

373 1109 564 1166 LXIX.
603 1112 941 1183 Sumptuosas
953 1129 1153 1168 mensas
1169 1129 1370 1184 magna:
1388 1113 1708 1169 insuavitatis
1723 1114 1898 1184 plenas

295 1217 431 1264 me.
458 1232 529 1242 -—
553 1201 707 1270 Quod
746 1204 793 1257 si
829 1204 950 1274 quis
980 1220 1218 1260 summas
1245 1205 1469 1260 delicias
1494 1206 1740 1271 miretur,
1772 1214 1894 1275 puta

287 1295 637 1349 .eoncisarum
658 1297 900 1351 carnium
922 1297 1336 1365 multitudinem,
1357 1299 1598 1354 inutilem
1621 1301 1728 1353 vini
1752 1315 1900 1354 sum-

289 1394 478 1454 ptum,
507 1386 770 1456 exquisita
798 1388 1162 1454 condimenta,
1205 1399 1530 1444 structorum
1557 1406 1898 1446 seu-mensa-

291 1475 510 1529 riorum
538 1483 592 1531 et
620 1477 881 1546 pistorum
901 1479 919 1509 ί
964 1480 1210 1546 artiﬁcia,
1254 1482 1611 1549 parasitorum
1639 1491 1695 1536 et
1718 1483 1900 1536 convi-

291 1580 495 1620 varum
524 1566 752 1634 turbam,
774 1569 928 1636 sciat,
960 1568 1152 1624 divites
1172 1571 1226 1624 in
1254 1570 1339 1625 liis
1361 1571 1530 1626 nihilo
1545 1574 1752 1628 meliori
1776 1588 1899 1628 esse

289 1657 424 1711 loco
444 1673 600 1727 quam
626 1651 848 1730 coquos.
873 1660 1008 1716 Nam
1033 1670 1094 1716 ut
1117 1661 1170 1716 bi
1193 1661 1464 1728 dominos,
1497 1663 1575 1718 sic
1613 1665 1687 1719 illi
1717 1665 1899 1735 hospi-

292 1759 389 1802 tes
413 1758 686 1816 verentur,
717 1765 787 1805 ne
812 1751 939 1821 quid
978 1767 1166 1807 eorum
1207 1769 1328 1823 quae
1373 1769 1602 1823 operose
1644 1765 1701 1811 et
1746 1771 1899 1810 smn-

290 1849 497 1907 ptuose
522 1841 583 1896 iis
609 1851 860 1914 apparata
878 1845 1005 1910 sint,
1034 1844 1428 1914 reprehendant
1456 1855 1510 1901 et
1537 1857 1777 1917 carpant.
1801 1853 1898 1903 At-

288 1945 409 1997 que
437 1929 537 1984 hac
563 1931 613 1983 in
647 1943 795 2000 parte
831 1935 1056 2004 coquis'
1085 1946 1435 2004 exaequantur
1462 1955 1475 1990 :
1507 1927 1561 1991 iii
1600 1940 1703 1992 alia
1736 1941 1897 1994 etiam

289 2028 580 2087 superant.
610 2021 794 2092 Neque
816 2026 964 2078 enim
990 2025 1162 2079 solum
1208 2035 1570 2096 accusatores,
1603 2013 1896 2099 sedtum“-

289 2111 388 2163 los
411 2112 571 2165 etiam
598 2113 820 2167 timent:
855 2115 1116 2184 siquidem
1149 2118 1331 2171 multis
1361 2133 1504 2186 saepe
1540 2137 1606 2173 ex
1633 2121 1896 2189 ejusmodi

288 2202 560 2256 conviviis
601 2203 797 2257 invidia
830 2216 1008 2261 creata
1050 2217 1152 2274 est,
1199 2224 1299 2262 nec
1324 2208 1448 2263 ante
1487 2211 1712 2274 destitit,
1738 2229 1895 2280 quam

288 2307 399 2347 eos
440 2294 495 2348 in
529 2297 714 2363 capitis
744 2299 1036 2365 periculum
1075 2299 1315 2354 adduxit.
1366 2303 1436 2355 At
1486 2303 1707 2357 helluari
1756 2322 1899 2375 surpe

289 2396 471 2436 suave
496 2392 595 2438 est.
621 2387 912 2456 Apagesis:
945 2391 1159 2458 quando
1181 2407 1247 2445 ex
1271 2391 1374 2445 hoc
1401 2392 1524 2446 luxu
1554 2404 1608 2448 et
1637 2397 1892 2464 gravedo,

287 2486 354 2528 et
386 2478 583 2531 ventris
602 2479 856 2544 obesitas,
875 2489 929 2535 et
950 2483 1170 2550 spiritus
1195 2484 1510 2550 obstructio,
1542 2495 1596 2540 ct
1620 2489 1895 2542 oculorum

289 2569 625 2634 obscuritas,
656 2579 712 2624 et
736 2575 962 2642 vertigo,
1005 2585 1060 2628 ct
1108 2578 1298 2645 caligo,
1342 2579 1553 2647 aliaque
1601 2581 1687 2634 liis
1735 2583 1894 2635 etiam

289 2658 529 2712 [mdium
559 2661 694 2714 mala
721 2664 1001 2732 pullulant.
1034 2667 1205 2735 Atque
1235 2670 1438 2721 utinam
1473 2685 1535 2723 ca
1566 2671 1894 2726 immodera-

295 2750 383 2801 tio
407 2765 472 2802 ac
507 2750 712 2819 jactura
757 2757 1079 2824 quotidianis
1120 2768 1322 2812 tantum
1355 2761 1630 2817 doloribus
1661 2765 1893 2819 circum-

288 2844 500 2912 scripta
528 2845 632 2897 sit:
664 2862 804 2901 nunc
833 2850 1005 2903 morbi
1036 2850 1146 2904 fere
1175 2853 1494 2907 incurabiles
1530 2870 1595 2908 ex
1628 2856 1710 2909 liis
1739 2872 1893 2910 men-

286 2933 379 2985 sis
423 2935 683 3003 originem
729 2927 980 3001 trahunt;
1012 2955 1134 2993 nam
1167 2956 1221 2994 et
1251 2943 1506 3011 podagra,
1554 2956 1608 2999 et
1640 2947 1809 3012 tabes,
1841 2960 1892 3002 et

287 3038 459 3078 sacer
483 3027 718 3102 morbus,
749 3038 802 3082 et
847 3031 1125 3101 paralysis,
1159 3034 1430 3103 multaque
1475 3038 1558 3089 liis
1584 3039 1746 3091 etiam
1773 3056 1893 3107 gra-

286 3117 453 3170 viora
479 3110 672 3187 corpus
712 3135 962 3189 aggressa
1012 3123 1077 3176 ad
1121 3135 1418 3179 extremum
1462 3129 1706 3196 Spiritum
1755 3132 1892 3184 infe-

286 3217 462 3261 stant.
494 3209 693 3274 Quibus
725 3213 880 3266 malis
909 3230 1027 3283 qua:
1072 3231 1167 3284 par
1205 3219 1459 3285 explicari
1490 3221 1732 3288 voluptas
1765 3238 1891 3290 pos-

287 3299 406 3351 sit?
430 3316 550 3367 qua:
578 3317 683 3355 non
711 3304 831 3356 vita:
856 3303 1078 3360 durities
1102 3305 1167 3360 ad
1193 3321 1378 3360 eorum
1409 3307 1662 3378 cﬁ‘ugium
1700 3311 1888 3366 ineun-

286 3387 366 3441 da
393 3387 504 3441 sit?

370 3478 536 3533 LXX.
578 3482 908 3538 Sabrietatem
947 3486 1142 3541 deliciis
1171 3497 1217 3540 et
1245 3490 1498 3543 utiliorem
1536 3501 1583 3543 ct
1608 3494 1891 3547 suaviorem

286 3588 422 3626 esse.
453 3604 527 3613 —
545 3576 614 3629 At
639 3577 901 3644 ejusmodi
924 3593 1028 3633 non
1054 3590 1137 3634 est
1164 3579 1456 3651 frugalitas,
1489 3584 1583 3638 sed
1609 3585 1677 3638 ab
1703 3586 1788 3640 his
1811 3588 1891 3640 in-

288 3664 486 3717 faustis
506 3667 689 3734 procul
717 3677 943 3733 remota,
977 3671 1220 3726 sanitatis
1246 3681 1404 3741 atque
1433 3675 1746 3730 valetudinis
1763 3693 1889 3730 eau-

286 3769 376 3807 sa.
403 3755 558 3820 Quod
587 3757 631 3809 si
668 3758 789 3827 quis
817 3760 1140 3829 voluptatem
1187 3762 1346 3816 etiam
1395 3766 1650 3834 requirat,
1705 3767 1757 3820 in
1800 3783 1885 3834 ea,

288 3862 453 3914 quam
481 3849 533 3900 in
563 3848 712 3913 luxu,
746 3851 1004 3919 majorem
1049 3852 1314 3909 inveniet:
1346 3870 1410 3908 ac
1438 3857 1668 3924 primum
1708 3873 1777 3912 ex
1821 3875 1888 3913 co

288 3938 438 4006 quod
471 3938 630 3994 homo
658 3942 856 4019 valeat,
887 3959 1062 4012 neque
1093 3944 1282 3999 borum
1306 3947 1588 4002 .malorum
1619 3964 1887 4019 quoquam

286 4028 612 4097 exagitetur,
635 4017 862 4098 quorum
887 4033 971 4086 vel
997 4033 1207 4104 singula
1233 4037 1462 4090 seorsim
1490 4039 1622 4091 satis
1639 4017 1749 4092 sint
1767 4056 1888 4107 qua:

287 4119 617 4189 voluptatem
645 4123 1011 4192 cxstinguant,
1058 4134 1112 4180 et
1155 4134 1425 4195 tamquam
1455 4143 1485 4181 a
1524 4127 1888 4187 fundamentis

286 4220 567 4266 evertant:
595 4212 791 4268 deinde
816 4230 881 4268 ex
908 4215 1043 4269 cibis
1070 4216 1220 4285 ipsis.
1251 4217 1369 4284 Quo
1399 4221 1588 4287 pacto?
1627 4219 1884 4292 Voluptas

286 4310 400 4354 tem
426 4300 592 4356 efﬁcit
626 4306 928 4373 appetitus:
956 4307 1250 4375 appetitum
1278 4323 1383 4362 non
1418 4312 1670 4365 saturitas
1712 4328 1776 4368 ac
1802 4329 1892 4371 sa-

287 4393 470 4457 tietas,
498 4395 595 4449 sed
621 4405 832 4466 egestas
859 4406 915 4452 et
943 4398 1120 4467 inopia
1167 4400 1326 4467 parit.
1369 4400 1444 4454 Ea
1484 4411 1663 4457 autem
1694 4421 1799 4459 non
1830 4406 1890 4461 iu

286 4483 534 4549 divitum,
567 4485 665 4540 sed
692 4487 747 4540 in
778 4502 1067 4556 pauperum
1116 4491 1288 4546 omnis
1317 4491 1532 4548 assidue
1559 4506 1752 4562 prmsto
1780 4509 1890 4567 εει,

289 4574 464 4642 epulis
487 4576 677 4645 quovis
695 4586 962 4634 structore
985 4589 1040 4635 et
1059 4595 1232 4652 coquo
1250 4583 1451 4653 gratius
1473 4585 1579 4639 mel
1595 4585 1881 4642 instillans.

286 4664 565 4734 Siquidem
595 4667 789 4724 divites
815 4686 913 4726 nec
956 4672 1252 4728 esurientes
1295 4674 1475 4742 cibum
1517 4676 1755 4745 capiunt,
1783 4692 1885 4732 nec

285 4759 533 4814 sitientes
562 4760 770 4834 bibunt,
790 4771 847 4816 et
870 4772 1156 4833 antequam
1183 4765 1472 4821 vehemens
1501 4769 1672 4821 somni
1700 4783 1885 4822 ncces-

284 4850 420 4905 sitas
447 4851 1168 4923 cisingruat,consopiuntur
1191 4874 1204 4909 :
1230 4856 1283 4909 lii
1314 4862 1498 4911 eorum
1523 4859 1670 4927 prius
1693 4860 1878 4929 indigi,

285 4940 362 4993 ita
389 4939 603 4994 demum
629 4956 692 4996 ea
722 4945 1074 5013 percipiunt
1105 4946 1249 5014 quod
1290 4947 1502 5016 quidem
1553 4949 1882 5018 voluptatem

282 5039 447 5099 auget
476 5032 728 5088 maxime.
759 5035 866 5089 Cur
892 5037 1034 5088 enim
1079 5046 1134 5091 et
1178 5040 1431 5093 Salomon
1467 5040 1609 5095 servi
1632 5056 1880 5096 somnum

283 5121 501 5176 dulcem
528 5124 811 5179 conﬁrmat
840 5126 923 5180 liis
951 5129 1127 5183 verbis
1150 5147 1165 5183 :
1197 5129 1374 5184 Dulcis
1396 5140 1466 5185 est
1484 5148 1626 5186 serra
1651 5150 1876 5201 somnus,

280 5213 390 5265 sive
413 5212 632 5281 multum
655 5219 759 5270 sive
783 5234 963 5287 parum
1001 5220 1272 5274 comederit
1305 5221 1530 5290 (Eccles.
1559 5224 1613 5278 5.
1634 5223 1770 5294 £1)?
1801 5227 1881 5279 An

282 5312 509 5370 propter
534 5306 753 5360 mollem
783 5311 996 5378 torum?
1024 5312 1094 5363 At
1121 5311 1287 5379 humi,
1337 5322 1429 5368 aut
1473 5329 1636 5384 super
1677 5318 1882 5384 cespite

280 5399 345 5446 ut
367 5394 658 5462 plurimum
682 5397 974 5454 dormiunt.
998 5403 1078 5454 An
1101 5413 1319 5474 propter
1337 5405 1672 5461 libertatem?
1698 5410 1768 5462 At
1785 5425 1882 5463 nec

282 5487 547 5554 temporis
592 5502 922 5546 momentum
978 5493 1182 5551 habent
1233 5497 1482 5554 liberum.
1525 5501 1609 5555 Au
1665 5513 1883 5574 propter

282 5577 496 5632 otium?
523 5582 594 5634 At
618 5581 890 5638 laboribus
918 5588 1254 5654 et,:erumnis
1278 5591 1492 5648 assidue
1537 5592 1874 5650 alflictautur.

348 5731 366 5805 ξ
398 5738 545 5805 Ξιρεξορ
565 5740 614 5784 ει
631 5747 895 5805 scortarier
915 5740 1142 5805 artiﬁcia
1324 5775 1338 5790 ι

345 5793 367 5824 ³
396 5794 474 5843 sic
495 5796 662 5847 ιωωι.
685 5793 739 5849 εξι
756 5798 896 5851 sarit.
916 5793 1055 5867 Regi,
1077 5805 1292 5868 (anulis.

1671 364 1764 420 DE
1807 364 2267 422 VIRGINITATE.

3508 371 3610 427 λεδ

3507 409 3536 424 ιο
3561 422 3564 424 ν

2009 479 2149 548 Quid
2179 491 2263 536 est
2283 481 2442 552 igitur
2466 485 2610 554 quod
2638 500 2887 564 somnum
2914 487 3124 542 dulcem
3172 488 3365 550 reddit,
3411 489 3514 543 nisi
3543 489 3609 540 ad

2009 571 2386 627 necessitatem
2417 574 2563 642 prius
2587 577 2896 644 compulsos
2923 577 2994 631 ita
3023 592 3146 632 cum
3175 576 3411 647 denique
3439 577 3612 630 inire?

2009 659 2278 717 Caeterum
2305 663 2559 719 divitibus
2588 665 2689 720 nisi
2713 665 2876 722 ebriis
2901 682 3007 722 nox
3029 668 3258 739 ingruat,
3279 665 3613 737 pervigilan-

2008 750 2136 804 dum
2161 761 2263 816 est,
2292 762 2348 808 ct
2377 755 2429 809 in
2461 755 2712 813 mollibus
2739 758 3244 829 stragulisjacentes
3266 767 3435 814 :estua
3448 757 3610 812 mlum

2009 855 2072 897 ac
2090 841 2400 899 dolendum.

2079 931 2269 986 LXXI.
2307 934 2545 988 Animam
2590 937 2741 990 etiam
2780 937 2900 991 [adi
2929 939 3150 994 deliciis.
3179 969 3253 980 —
3277 940 3524 994 Poteram
3559 949 3614 994 ct

2008 1022 2225 1079 aliunde
2254 1025 2565 1081 deliciarum
2603 1029 3004 1099 insuavitatem,
3033 1031 3391 1100 incommoda,
3441 1031 3606 1088 Redi--

2011 1124 2174 1170 tatem
2217 1119 2526 1186 ostendere,
2575 1121 2816 1189 morbos,
2857 1125 3052 1192 quibus
3075 1125 3307 1178 animam
3341 1125 3605 1189 imbuant,

2008 1209 2378 1276 corporalibus
2404 1211 2562 1281 longe
2590 1221 2645 1267 et
2673 1213 2853 1282 plures
2880 1224 2934 1270 et
2952 1217 3225 1286 graviores
3253 1232 3602 1286 percenscns.

2010 1299 2220 1353 Etenim
2251 1302 2463 1366 molles,
2493 1301 3132 1379 cﬁ‘cminatos,audaces,
3157 1319 3495 1378 arrogantes,
3527 1309 3610 1363 la-
3677 1359 3690 1366 -

2007 1391 2203 1458 scivos,
2235 1392 2480 1464 injurios,
2511 1395 2832 1466 impudicos,
2864 1398 3168 1463 iracundos,
3204 1400 3472 1465 crudeles,
3502 1400 3608 1454 illi-

2007 1484 2237 1551 berales,
2263 1501 2477 1552 avaros,
2507 1488 2773 1556 sordidos,
2802 1491 2871 1545 ad
2895 1501 3086 1546 cuncta
3124 1493 3274 1546 utilia
3317 1507 3382 1547 ac
3412 1507 3605 1548 neces-

2007 1581 2147 1635 saria
2177 1583 2385 1652 ineptos
2405 1593 2663 1653 praestat:
2694 1585 2892 1655 quibus
2919 1586 3131 1642 diversa
3155 1587 3339 1641 omnia
3381 1588 3605 1657 frugali-

2009 1683 2090 1729 tas
2111 1673 2298 1729 efﬁcit.
2327 1675 2434 1731 Sed
2457 1678 2572 1746 jam
2600 1677 2708 1732 alio
2731 1679 2864 1733 mihi
2910 1688 3163 1750 properat
3198 1681 3391 1734 oratio.
3423 1680 3606 1751 Itaque

2009 1766 2111 1820 hoc
2133 1781 2239 1821 uno
2258 1768 2462 1835 addito,
2481 1785 2696 1825 rursum
2721 1773 3013 1841 apostolica
3033 1772 3196 1827 verba
3226 1782 3602 1828 retractemus.

2007 1857 2160 1924 Quod
2186 1859 2230 1911 si
2262 1873 2382 1928 qua:
2407 1861 2706 1929 expetenda
2734 1861 3040 1929 videantur,
3075 1871 3152 1916 tot
3177 1862 3331 1917 malis
3361 1872 3485 1918 sunt
3511 1879 3604 1919 re-

2009 1951 2163 2016 ferta,
2198 1959 2372 2006 tantas
2392 1962 2449 2007 et
2475 1953 2658 2008 animo
2694 1963 2750 2009 et
2789 1954 3342 2024 corpori-morborum
3384 1956 3605 2024 pruinas

2006 2051 2285 2096 accersunt
2305 2083 2320 2108 ,
2371 2059 2479 2114 quo
2507 2046 2623 2100 loco
2650 2045 2842 2100 acerba
2872 2046 2976 2099 sint
3007 2045 3248 2100 habenda
3271 2089 3287 2112 ,
3321 2048 3604 2115 magistra-

2008 2143 2154 2187 tuum
2205 2142 2399 2202 tcrror,
2433 2138 2748 2206 populorum
2795 2149 2992 2204 motus,
3044 2140 3493 2210 sycophantarum
3552 2150 3603 2193 ct

2008 2226 2323 2279 aemulorum
2377 2229 2580 2282 insidia:
2623 2246 2744 2297 qua:
2791 2230 2846 2284 in
2904 2232 3088 2300 primis
3134 2212 3326 2283 divites
3374 2230 3605 2283 circum-

2006 2317 2187 2369 stant?
2216 2317 2422 2384 Quibus
2451 2319 2608 2373 malis
2638 2320 2894 2375 mulieres
2935 2336 3066 2374 sane
3114 2323 3274 2375 etiam
3317 2321 3604 2374 velicmcnn

2008 2409 2252 2476 tius-angi
2282 2419 2362 2462 est
2391 2425 2634 2478 necesse,
2665 2411 2808 2482 quod
2851 2427 2945 2466 eas
2985 2412 3377 2466 vicissitudines
3429 2413 3596 2481 impu-

2007 2500 2204 2555 tentius
2231 2502 2425 2556 ferant.

2075 2592 2285 2647 LXXII.
2330 2593 2554 2649 Delicias
2573 2611 2688 2649 cum
2709 2595 2826 2650 aliis
2851 2597 3000 2651 malis
3021 2597 3136 2651 vita!
3159 2597 3600 2651 comnmtationem

2002 2684 2207 2752 afferre.
2236 2716 2307 2727 —
2338 2686 2407 2740 Et
2443 2686 2573 2756 quid
2620 2689 2876 2743 mulieres
2916 2689 3060 2755 dico,
3091 2704 3210 2743 cum
3254 2688 3336 2743 vcl
3367 2687 3465 2742 viri
3494 2689 3603 2742 mi—

2001 2792 2122 2831 sere
2151 2777 2214 2833 iis
2243 2779 2551 2846 capiantur;
2580 2794 2704 2834 nam
2742 2780 2832 2849 qui
2878 2780 3152 2851 frugaliter
3181 2782 3330 2847 vivit,
3360 2797 3601 2836 commu-

2008 2869 2266 2923 tationem
2294 2869 2494 2923 nullam
2525 2871 2742 2936 horret;
2775 2872 2864 2941 qui
2894 2871 3139 2942 frigidarii
3164 2874 3306 2927 illam
3327 2889 3391 2929 ac
3417 2874 3594 2928 disso-

2002 2961 2166 3014 lutam
2187 2962 2352 3015 vitam
2380 2962 2566 3032 exigit,
2594 2979 2718 3016 eum
2745 2964 2789 3017 si
2813 2978 2916 3032 qua
2948 2965 3193 3036 incidens
3213 2956 3596 3019 calamitasat-

2001 3069 2104 3122 que
2121 3053 2202 3106 vis
2223 3053 2416 3122 inepim
2435 3054 2629 3120 tradat,
2649 3063 2836 3124 utpote
2857 3056 2949 3124 qui
2975 3056 3122 3110 rudis
3141 3044 3194 3111 et
3216 3057 3598 3111 inexercitatus

1999 3144 2089 3209 sit,
2115 3152 2239 3199 ante
2264 3145 2542 3210 moriatur,
2589 3161 2746 3214 quam
2801 3146 2948 3200 vices
2989 3162 3080 3201 eas
3123 3147 3376 3216 perferat.
3418 3147 3601 3218 Itaque

1997 3236 2184 3291 beatus
2207 3235 2404 3314 Paulus
2425 3237 2520 3302 ait,
2544 3235 2945 3292 Tribulationem
2967 3239 3134 3292 carnis
3156 3238 3401 3294 habebunt
3418 3241 3600 3310 hujus-

1997 3329 2155 3394 modi,
2182 3345 2275 3399 ego
2302 3338 2468 3382 autem
2493 3329 2631 3382 vobis
2669 3346 2824 3398 parco
2858 3330 2931 3400 (l.
2965 3329 3084 3383 Cor.
3127 3331 3181 3384 7.
3221 3330 3353 3397 28):
3385 3346 3448 3385 ac
3477 3341 3596 3399 post

1997 3418 2166 3482 addit,
2193 3417 2416 3488 Tempus
2437 3420 2582 3472 breve
2610 3429 2703 3474 est.

2070 3509 2303 3564 LXXIII.
2349 3510 2470 3564 Non
2500 3527 2606 3564 esse
2634 3521 2829 3581 tempus
2851 3512 2945 3565 hoc
2967 3511 3276 3566 matrimonii
3303 3523 3592 3582 tempus.—

1997 3601 2062 3654 Et
2089 3600 2217 3668 quid
2249 3600 2351 3655 hoc
2375 3601 2443 3655 ad
2472 3603 2912 3656 matrimonium?
2939 3603 3081 3656 dicat
3107 3604 3392 3673 quispiam.
3423 3603 3591 3658 Valde

1996 3707 2124 3745 sane
2142 3691 2209 3745 ad
2238 3691 2411 3761 ipsum
2444 3692 2710 3761 pertinet;
2742 3693 2785 3744 si
2829 3695 2973 3746 enim
3001 3693 3106 3747 vita
3145 3694 3245 3749 hac
3273 3694 3589 3749 conclusum

1994 3793 2096 3849 est,
2125 3791 2179 3837 et
2205 3785 2256 3836 in
2280 3783 2458 3838 futuro
2487 3798 2590 3838 nec
2618 3785 2820 3839 ducunt
2844 3801 2945 3839 nec
2971 3785 3256 3850 ducuntur,
3299 3794 3460 3856 atque
3488 3787 3590 3842 hoe

1997 3888 2230 3940 praesens
2261 3882 2472 3941 tempus
2499 3873 2567 3928 ad
2593 3873 2752 3927 ﬁnem
2782 3873 3040 3940 decurrit,
3065 3875 3322 3944 quasique
3342 3890 3441 3944 pro
3463 3876 3593 3930 fori-

1993 3964 2093 4020 bus
2129 3966 2455 4020 resurrectio
2484 3973 2586 4031 est,
2630 3981 2736 4019 non
2776 3965 2888 4035 jam
2921 3974 3132 4035 tempus
3157 3974 3239 4021 est
3266 3970 3591 4024 matrimonii

1992 4074 2055 4112 ac
2073 4058 2438 4127 pecuniarum,
2464 4058 2559 4112 sed
2587 4059 2860 4128 egestatis,
2883 4067 2938 4112 et
2963 4058 3016 4112 id
3041 4074 3208 4128 genus
3231 4059 3448 4129 reliqum
3464 4060 3589 4130 pllio

1992 4149 2272 4219 Iosephim,
2298 4165 2418 4220 quae
2437 4151 2547 4205 illic
2573 4151 2727 4205 nobis
2748 4150 3022 4219 profutura
3048 4151 3140 4204 sit.
3167 4150 3303 4205 Nam
3331 4153 3589 4220 quemado

1989 4238 2209 4295 modum
2254 4239 2403 4309 virgo
2450 4240 2706 4310 quamdiu
2752 4240 2898 4294 domi
2947 4250 3129 4296 manet
3168 4242 3307 4310 apud
3336 4254 3582 4305 matrem,

1990 4346 2235 4399 magnam
2268 4331 2552 4399 puerilium
2579 4333 2817 4385 omnium
2841 4346 3028 4385 curam
3057 4333 3300 4400 suscipit,
3329 4341 3382 4387 et
3407 4335 3584 4389 arcula

1993 4421 2046 4475 in
2073 4437 2269 4488 penum
2292 4422 2530 4492 deposita
2557 4438 2744 4477 eorum
2773 4438 2892 4492 qua:
2909 4421 3018 4476 illic
3041 4422 3253 4476 condita
3279 4424 3589 4480 sintetclae

1990 4527 2110 4566 vctn
2133 4514 2244 4583 ipsa
2272 4515 2529 4584 possidet,
2558 4525 2614 4569 ct
2631 4514 2908 4569 arbitrium
2926 4529 3086 4570 omne
3112 4524 3275 4580 tenet,
3299 4517 3366 4570 de
3387 4518 3599 4573 levium.

1993 4604 2204 4658 illorum
2226 4615 2280 4659 et
2302 4605 2529 4660 futilium
2550 4606 2793 4660 custodia
2814 4621 2966 4676 teque
2989 4607 3214 4661 sollicita
3235 4622 3296 4662 ac
3313 4609 3401 4676 qui
3421 4625 3579 4678 ςταηοι

1981 4699 2110 4751 ,(Ιριη
2143 4697 2393 4752 familiam
2414 4698 2820 4763 administrant;
2845 4715 2972 4753 cum.
2995 4707 3172 4754 autem
3199 4702 3478 4770 Sponsalia
3492 4703 3582 4755 ad»

1990 4797 2136 4854 sunt,
2183 4798 2434 4858 paternas
2478 4789 2624 4845 ardes
2667 4789 2939 4845 dimittere
2981 4799 3187 4856 coacta,
3220 4800 3331 4844 tum
3361 4806 3490 4844 vero
3520 4793 3583 4846 iis

1991 4880 2144 4949 nugis
2195 4889 2250 4934 et
2299 4881 2541 4934 minutiis
2591 4881 2835 4945 liberata,
2885 4879 3080 4934 domus
3119 4881 3579 4950 gubernationem,

1988 4984 2138 5038 opes,
2171 4979 2227 5025 et
2251 4971 2577 5041 mancipium
2605 4986 2972 5037 numerosum,
2999 4971 3096 5024 viri
3125 4971 3347 5036 cultum,
3370 4971 3584 5040 aliaque

1990 5063 2074 5116 bis
2101 5062 2304 5131 majora
2330 5070 2584 5132 procuret
2623 5076 2848 5117 necesse
2878 5071 2959 5116 est
2984 5078 2998 5115 :
3023 5063 3094 5115 ita
3124 5073 3179 5117 et
3209 5061 3363 5116 nobis
3384 5062 3583 5117 adultis

1988 5164 2148 5224 atque
2173 5162 2334 5209 :etatc
2359 5153 2519 5218 virili,
2567 5155 2800 5209 terrenis
2826 5153 3095 5216 omnibus,
3134 5167 3265 5208 vere
3289 5155 3582 5222 puerilibus

1987 5245 2228 5311 ludicris,
2259 5245 2495 5309 omissis,
2524 5246 2593 5300 dc
2619 5245 2750 5300 Curio
2778 5246 3114 5314 caelestisque
3137 5245 3258 5298 vita:
3295 5245 3582 5314 splendore

1987 5350 2042 5394 et
2068 5341 2235 5410 gloria
2255 5339 2594 5410 cogitandum
2622 5350 2727 5396 est.
2757 5339 3017 5407 Desponsi
3039 5339 3181 5393 enim
3207 5353 3391 5393 sumus
3410 5349 3462 5393 et
3486 5353 3583 5392 nos

1989 5448 2208 5503 sponso,
2237 5449 2360 5488 eum
2386 5449 2414 5486 a
2444 5433 2598 5487 nobis
2623 5446 2862 5487 amorem
2886 5430 3162 5501 flagitanti,
3185 5440 3240 5485 ut
3265 5448 3372 5485 non
3402 5431 3576 5484 solum

1991 5525 2334 5579 terrestribus
2363 5534 2415 5579 et
2443 5525 2649 5579 levibus
2695 5523 2778 5578 liis
2821 5523 3077 5588 futilibus,
3131 5523 3226 5577 sed
3277 5524 3435 5577 etiam
3469 5525 3576 5576 vita

1989 5625 2206 5686 propter
2231 5633 2378 5683 eum,
2411 5619 2455 5671 si
2482 5633 2616 5686 Opus
2645 5619 2736 5684 sit,
2766 5618 3038 5672 cedamus.
3086 5617 3260 5684 Quare
3307 5632 3427 5669 eum
3458 5616 3581 5669 illuc".

1991 5709 2374 5764 discedendum
2401 5711 2490 5774 sit,
2521 5711 2716 5765 exilem
2748 5709 2885 5766 hanc
2914 5724 3095 5764 curam
3123 5725 3152 5762 a
3181 5709 3332 5762 nobis
3360 5709 3548 5777 propul

1989 5818 2166 5859 scmus
2185 5819 2202 5870 ;
2243 5819 2366 5858 nam
2397 5817 2497 5859 nec
2535 5801 2590 5857 in
2618 5817 2842 5873 regnum
2881 5803 2947 5858 ex'
2986 5800 3126 5871 inopi
3155 5799 3316 5856 domo
3345 5797 3549 5855 transit:
