4206 6324
621 413 720 467 587

619 525 789 593 rendi,
819 526 885 580 dc
915 522 1176 585 ﬁctilibus,
1209 522 1379 592 lignis,
1429 521 1757 583 utensilibus,
1799 527 1854 573 et
1876 519 2076 586 reliqua
2095 517 2198 589 do-

619 617 837 671 mestica
871 615 1124 669 tenuitate
1154 613 1535 667 laboraremus.
1567 611 1744 678 Itaque
1769 624 1866 663 nec
1888 610 1999 678 jam
2026 618 2197 662 terre-

624 725 686 762 na
715 723 983 770 curemus,
1016 716 1253 776 tempore
1284 720 1380 759 nos
1407 705 1515 774 jam
1545 703 1610 757 ad
1641 702 1827 758 caelum
1859 695 2112 765 vocante;
2145 709 2198 752 ut

620 808 673 853 et
717 798 902 852 beatus
945 798 1134 851 Paulus
1180 796 1432 850 Romanis
1462 787 1696 848 scribens
1740 793 1831 854 ait,
1876 790 2029 843 Nunc
2068 791 2198 842 enim

623 890 830 957 propior
878 897 949 941 est
992 897 1163 940 nostra
1205 887 1362 951 salus,
1393 900 1685 954 quamcum
1728 882 2199 934 credidimus:nox

623 981 897 1047 praecessit,
944 981 1048 1032 dies
1092 988 1255 1030 autem
1285 977 1703 1046 appmpinquarit
1744 972 1916 1042 (Rom.
1952 974 2037 1025 l3.
2073 971 2196 1039 H);

622 1080 675 1124 et
719 1085 948 1130 rursum,
997 1068 1216 1137 Tempus
1243 1067 1383 1120 breve
1411 1076 1482 1119 est
1525 1067 1598 1134 (t.
1645 1063 1760 1118 Cor.
1796 1064 1847 1114 '7.
1877 1060 1992 1133 29),
2025 1069 2078 1114 ut
2110 1061 2199 1129 qui

625 1174 816 1213 uxores
839 1159 1032 1213 habent
1061 1156 1277 1227 perinde
1304 1156 1409 1209 sint
1437 1171 1498 1209 ac
1523 1155 1566 1208 si
1594 1170 1695 1207 non
1726 1153 2002 1205 haberent.
2025 1151 2198 1217 Quor-

624 1266 739 1303 sum
772 1250 927 1319 igitur
956 1250 1348 1302 matrimonium
1379 1262 1444 1301 eo
1474 1262 1577 1299 non
1621 1247 1815 1308 usuris,
1862 1244 1955 1299 sed
1984 1242 2201 1313 perinde

625 1357 688 1396 ac
712 1343 756 1395 si
783 1357 886 1396 non
932 1341 1187 1395 haberent
1215 1339 1439 1394 futuris?
1476 1352 1727 1407 quorsum
1758 1335 1922 1404 opes?
1948 1348 2200 1404 quorsum

626 1435 856 1505 praedia?
877 1449 1127 1504 quorsum
1150 1435 1268 1487 vitae
1290 1432 1554 1502 praesidia,
1579 1445 1803 1500 quorum
1825 1443 1950 1482 usus
1971 1427 2201 1482 caducus

627 1545 785 1597 porro
806 1537 962 1598 atque
994 1527 1396 1597 intempestivus
1425 1526 1529 1579 sit?
1560 1524 1692 1579 Nam
1732 1525 1776 1576 si
1805 1521 1943 1590 apud
1989 1535 2084 1574 nos
2113 1519 2202 1588 qui

621 1621 835 1690 judiciis
859 1621 1079 1674 sistendi
1109 1627 1249 1684 sunt,
1285 1619 1545 1673 scelerum
1578 1631 1787 1670 causam
1813 1613 2027 1676 dicturi,
2055 1613 2203 1679 capi-

628 1715 716 1768 tali
738 1714 825 1769 die
852 1713 1065 1768 instanti
1097 1727 1200 1766 non
1229 1714 1410 1766 uxoris
1440 1720 1663 1775 tantum,
1704 1707 1796 1762 sed
1825 1709 1982 1761 etiam
2022 1705 2122 1759 cibi
2152 1712 2204 1758 et

627 1815 804 1876 potus,
833 1814 991 1874 atque
1016 1804 1156 1858 omni
1199 1802 1498 1874 posthabita
1525 1816 1680 1864 cura,
1715 1799 2081 1869 defensionem
2114 1810 2204 1848 so-

628 1895 734 1948 lum
757 1896 1012 1965 cogitant,
1036 1893 1201 1948 multo
1230 1893 1395 1961 magis
1423 1891 1594 1956 nobis,
1629 1903 1731 1941 non
1762 1899 1972 1941 terreno
1995 1884 2202 1939 cuidam

627 1984 766 2048 foro,
790 1984 882 2039 sed
913 1984 1114 2038 calesti
1146 1981 1394 2037 tribunali
1426 1980 1695 2040 sistendis,
1725 1987 1778 2032 et
1798 1977 2079 2041 dictorum,
2110 1990 2204 2043 ge-

627 2087 852 2139 storum,
877 2075 1225 2144 cogitatorum
1249 2073 1505 2127 rationem
1534 2068 1837 2133 reddituris,
1869 2067 1935 2120 ab
1960 2067 2207 2119 onmibus

628 2166 1001 2221 abstinendum
1028 2174 1129 2231 est,
1155 2172 1209 2219 et
1235 2163 1428 2234 gaudio
1455 2171 1509 2215 et
1531 2160 1739 2214 tristitia
1769 2173 1944 2213 rerum
1971 2171 2208 2226 prmsen-

630 2258 782 2324 tium,
808 2257 1034 2312 accirca
1063 2254 1351 2310 terribilem
1392 2252 1535 2306 illam
1576 2251 1715 2305 diem
1762 2249 1916 2304 unice
1959 2256 2203 2301 metuen-

627 2346 777 2403 dum.
810 2348 871 2402 Si
896 2348 1008 2415 quis
1037 2346 1200 2408 enim,
1225 2344 1412 2414 inquit,
1441 2343 1570 2397 venit
1595 2341 1661 2394 ad
1690 2357 1790 2407 me,
1814 2357 1904 2394 nec
1933 2355 2080 2392 suum
2111 2353 2207 2408 pa-

631 2452 780 2505 trem,
802 2448 849 2493 et
873 2447 1102 2502 matrem,
1125 2446 1170 2491 et
1191 2451 1418 2500 uxorem,
1447 2444 1493 2488 et
1519 2435 1674 2502 ﬁlios,
1697 2442 1744 2485 et
1764 2433 1967 2500 fratres,
1994 2440 2042 2483 et
2068 2444 2208 2481 soro-

629 2546 730 2592 res,
759 2529 966 2598 insuper
987 2537 1031 2581 et
1056 2527 1276 2580 animam
1308 2541 1450 2579 suam
1479 2525 1603 2590 odit,
1636 2539 1736 2576 non
1758 2531 1918 2592 potest
1946 2536 2083 2573 meus
2105 2535 2210 2572 esse

633 2620 931 2689 discipulus.
963 2617 1027 2671 Et
1043 2617 1130 2685 qui
1151 2632 1250 2669 non
1273 2622 1438 2684 portat
1468 2629 1666 2666 crucem
1682 2627 1843 2675 suam,
1871 2620 1916 2664 et
1947 2625 2022 2663 me
2046 2610 2210 2676 sequi-

631 2722 734 2777 tur,
763 2727 863 2764 non
890 2718 1048 2779 potest
1070 2724 1208 2760 meus
1237 2723 1342 2760 esse
1367 2705 1645 2775 discipulus
1675 2701 1824 2773 (Luc.
1857 2701 1943 2756 Η.
1975 2700 2065 2754 ‘26.
2091 2698 2206 2768 2'7).

627 2802 710 2855 'l‘u
740 2816 866 2855 vero
889 2799 1066 2868 segnis
1092 2798 1274 2851 uxoris
1303 2795 1597 2865 cupiditati,
1630 2794 1781 2856 risui,
1813 2792 2076 2856 mollitiei,
2110 2791 2208 2844 de-

628 2891 765 2944 liciis
813 2887 1007 2943 vacas?
1059 2877 1309 2940 Dominus
1362 2901 1515 2954 prape
1543 2893 1649 2939 est:
1685 2883 1812 2936 nihil
1863 2883 2064 2934 solliciti
2104 2881 2211 2934 sitis

633 2979 889 3048 (Philipp.
917 2978 972 3031 4.
1015 2977 1066 3032 5.
1098 2976 1173 3046 6).
1204 2975 1282 3031 Tu
1313 2974 1378 3028 de
1407 2974 1642 3043 pecuniis
1668 2987 1823 3026 curas
1863 2986 1924 3024 ac
1953 2970 2211 3024 sollicitus

631 3069 724 3126 es?
765 3069 988 3123 Creteste
1017 3081 1233 3136 regnum
1267 3066 1445 3119 instat.
1479 3064 1555 3117 Tu
1587 3063 1750 3129 :edcs,
1777 3063 1956 3118 luxum
1993 3070 2048 3115 et
2087 3059 2212 3114 reli-

630 3177 789 3230 qttam
808 3147 1130 3229 voluptatem
1148 3156 1398 3225 dispicis?
1423 3154 1656 3208 Prwterit
1673 3155 1840 3224 ﬁgura
1867 3153 2018 3219 hujus
2036 3150 2212 3203 mundi

633 3253 709 3320 (Ι.
738 3250 854 3304 Cor.
884 3251 935 3304 7.
965 3247 1075 3319 51).
1105 3247 1241 3316 Quid
1269 3257 1321 3302 te
1345 3247 1412 3300 de
1438 3245 1619 3300 mundi
1650 3245 1809 3299 rebus
1829 3259 1933 3297 non
1964 3241 2212 3312 perenni-

632 3344 752 3408 bus,
776 3341 868 3395 sed
891 3340 1122 3403 caducis,
1151 3338 1463 3407 perennium
1480 3351 1542 3391 ac
1558 3335 1823 3390 stabiliuin
1851 3335 2068 3400 oblitus,
2092 3349 2214 3388 cru-

633 3433 777 3487 cias?
797 3432 911 3486 Non
935 3432 1042 3501 jam
1070 3430 1488 3491 matrimonium,
1524 3443 1629 3481 non
1651 3427 1863 3481 dolores
1882 3435 2084 3495 partus,
2105 3441 2212 3480 non

633 3526 875 3594 voluptas
903 3533 957 3579 et
985 3524 1175 3589 coitus,
1209 3539 1314 3577 non
1359 3521 1659 3576 divitiarum
1710 3520 1881 3588 copia,
1926 3535 2033 3573 non
2073 3533 2212 3588 pra:-

635 3619 842 3673 diorum
866 3617 1118 3681 studium,
1146 3631 1250 3670 non
1273 3615 1442 3678 cibus,
1470 3629 1572 3668 non
1595 3620 1917 3683 tegumenta,
1948 3627 2051 3664 non
2075 3610 2214 3679 agri-

635 3712 843 3765 cultura
865 3726 926 3764 ac
954 3709 1238 3779 navigatio,
1263 3724 1366 3761 non
1392 3716 1534 3760 artes
1555 3715 1607 3761 et
1632 3705 1876 3770 aedilicia,
1905 3719 2008 3758 non
2032 3703 2210 3769 urbes,

639 3816 741 3856 non
768 3801 929 3865 mdes,
961 3801 1052 3854 sed
1083 3799 1217 3853 alius
1242 3798 1455 3868 quidam
1496 3806 1664 3850 status
1703 3808 1861 3864 atque
1891 3796 1998 3848 vita
2026 3809 2214 3849 conse-

635 3900 859 3960 quetur;
890 3891 1004 3944 haec
1031 3891 1189 3960 paulo
1230 3898 1345 3957 post
1385 3896 1578 3942 cuncta
1621 3886 1927 3940 interibunt.
1971 3885 2024 3938 ld
2072 3886 2213 3940 enim

639 3995 738 4050 est,
779 3984 1005 4038 Prteterit
1033 3985 1196 4052 ﬁgura
1230 3982 1380 4049 hujus
1408 3980 1603 4032 mundi.
1635 3979 1770 4046 Quid
1803 3980 1960 4047 igitur
1988 3979 2133 4035 velut
2162 3978 2212 4031 in

640 4076 814 4129 omnia
844 4074 1038 4128 sa‘cula
1069 4073 1153 4126 hic
1181 4072 1436 4133 mansuri,
1473 4071 1541 4123 ita
1586 4070 1638 4122 in
1683 4084 1864 4121 earum
1898 4085 2072 4121 rerum
2104 4076 2217 4120 stu-

639 4167 745 4231 uio,
779 4182 806 4218 a
837 4165 1026 4234 quibus
1048 4179 1189 4232 saepe
1218 4174 1340 4217 ante
1371 4177 1647 4230 vesperam
1679 4160 2082 4214 desciscendum
2126 4161 2214 4227 sit,

640 4273 844 4310 summa
876 4271 975 4324 ope
1007 4255 1259 4308 nitimur?
1300 4253 1426 4323 quid
1467 4253 1787 4306 laboriosam
1821 4253 1983 4304 vitam
2026 4252 2216 4320 deligi-

641 4360 776 4407 mus,
800 4344 1010 4398 Christo
1034 4344 1100 4396 ad
1139 4344 1361 4397 otiosam
1391 4359 1486 4395 nos
1519 4341 1775 4396 vocante?
1807 4341 1930 4395 Volo
1957 4343 2117 4408 enim,
2141 4344 2218 4394 in-

641 4436 775 4503 quit,
806 4449 889 4486 vos
917 4434 1021 4486 sine
1048 4433 1386 4485 sollicitudine
1410 4447 1536 4485 esse.
1569 4431 1670 4497 Qui
1689 4431 1796 4484 sine
1817 4447 1972 4484 uxore
1995 4443 2084 4496 est,
2110 4430 2219 4484 Do-

643 4523 762 4576 mini
793 4540 870 4576 res
891 4533 1032 4575 curat
1063 4524 1138 4592 (l.
1167 4521 1283 4575 Cor.
1315 4523 1364 4574 7.
1397 4522 1510 4590 5‘2).

713 4614 943 4669 LXXIV.
985 4613 1085 4668 Cur
1108 4631 1222 4667 cum
1249 4615 1362 4668 velit
1391 4632 1480 4667 nos
1508 4616 1615 4668 sine
1643 4616 1973 4668 sollicitudine
1999 4616 2221 4684 esse,ju-

642 4708 752 4758 bcut
778 4722 884 4758 esse
905 4705 1164 4758 sollicitos.
1189 4734 1259 4742 —
1282 4704 1559 4770 Quomodo
1586 4705 1743 4774 igitur
1769 4721 1865 4759 nos
1891 4706 2004 4758 sine
2025 4706 2223 4758 sollici-

645 4796 823 4849 tudine
845 4810 963 4850 esse
983 4795 1079 4861 vis,
1105 4809 1236 4864 quos
1258 4794 1308 4847 in
1337 4795 1491 4848 aliam
1515 4796 1704 4849 iterum
1731 4811 1910 4849 curam
1933 4797 2222 4865 conjicias?

643 4891 773 4955 Quia
791 4894 964 4946 hocne
981 4907 1166 4946 curare
1178 4891 1387 4961 quidem
1403 4901 1502 4957 est,
1518 4893 1959 4962 quemadmodum
1980 4909 2076 4946 nec
2093 4891 2225 4945 affli-

643 4985 772 5037 ctari
803 4994 1019 5053 propter
1044 4985 1310 5039 Christum
1343 4985 1616 5049 afllictari;
1647 5002 1751 5040 non
1784 4997 1981 5039 nmtata
2011 4985 2222 5055 quidem

644 5090 818 5128 rerum
843 5085 1050 5141 natura,
1074 5075 1167 5130 sed
1190 5092 1375 5130 eorum
1400 5078 1486 5146 qui
1513 5092 1573 5131 ea
1600 5092 1717 5130 cum
1742 5077 2007 5144 voluptate
2025 5078 2226 5146 patian-

646 5179 733 5220 tur
762 5168 936 5220 studio
961 5168 1045 5222 vel
1077 5184 1251 5222 rerum
1294 5179 1536 5222 naturam
1570 5169 1834 5223 vincente.
1877 5169 2005 5222 Nam
2035 5169 2122 5236 qui
2163 5185 2224 5222 ea

646 5268 829 5321 curet,
860 5259 1048 5329 quibus
1079 5277 1180 5314 non
1215 5261 1426 5331 longum
1460 5273 1668 5331 tempus
1698 5262 1950 5314 fruiturus
1980 5263 2046 5314 sit
2070 5303 2083 5325 ,
2120 5263 2227 5316 imo

645 5366 786 5419 smpe
821 5367 915 5405 nec
943 5352 1240 5420 minimum,
1269 5367 1458 5407 curare
1498 5353 1690 5408 merito
1715 5353 1954 5415 dicetur;
1987 5355 2074 5422 qui
2102 5367 2228 5407 vero

646 5459 674 5494 e
702 5443 846 5496 curis
886 5443 1139 5512 majorem
1171 5444 1396 5498 fructum
1442 5453 1692 5513 capturus
1721 5446 1819 5509 sit,
1852 5445 1996 5498 omni
2026 5445 2228 5499 ratione

647 5535 784 5588 inter
800 5550 891 5589 eos
913 5536 1000 5604 qui
1023 5537 1137 5590 sine
1156 5537 1506 5591 sollicitudine
1529 5546 1651 5590 sunt
1676 5539 2055 5591 numerabitur.
2088 5538 2230 5592 Prm-

648 5636 790 5681 terea
818 5638 990 5683 autem
1022 5631 1291 5698 utriusque
1320 5646 1462 5684 cura:
1500 5641 1700 5684 tantum
1728 5641 1810 5685 est
1834 5632 2139 5696 discrimen,
2174 5641 2230 5684 ut

649 5718 762 5773 hare
791 5735 909 5774 cum
941 5721 1026 5774 illa
1067 5731 1370 5791 comparata
1415 5739 1481 5778 no
1524 5739 1647 5777 cura
1679 5724 1889 5792 quidem
1937 5724 2227 5788 habeatur;

648 5809 779 5865 adeo
809 5811 893 5866 illa
921 5819 972 5867 et
999 5812 1164 5868 levior
1186 5820 1286 5882 est,
1310 5822 1362 5869 et
1390 5813 1567 5869 multis
1591 5815 1828 5885 partibus
1849 5814 2071 5870 facilior.
2100 5815 2225 5881 Quae

1318 405 1379 462 S.
1419 408 1695 466 JOANNIS
1725 401 2199 462 CIIRYSOSTOMI
2238 401 2552 457 ARCHIEP.
2594 398 3125 456 CONSTANTINOP.
3757 387 3858 442 Εκὲ

2304 530 2399 568 nos
2422 518 2598 568 omnia
2622 514 2868 582 superius
2889 510 3238 564 ostendimus.
3256 505 3355 571 Qui
3375 507 3481 560 sine
3501 518 3657 558 uxore
3681 512 3774 569 est,
3793 506 3896 558 sol-

2304 611 2468 661 licitus
2489 620 2559 660 est
2591 623 2704 676 qua:
2734 605 2937 658 Domini
2971 612 3122 664 sunt;
3161 601 3245 670 qui
3274 610 3440 652 autem
3476 614 3588 650 cum
3617 611 3775 648 uxore
3791 603 3888 653 est,

2303 698 2547 750 sollicitus
2576 706 2646 750 est
2675 712 2785 766 qua:
2813 704 2928 748 sunt
2957 693 3152 746 mundi.
3185 692 3253 744 At
3289 690 3373 742 hic
3402 689 3542 750 abit,
3575 687 3662 740 ille
3692 699 3890 738 manet.

2304 793 2492 844 Annon
2518 789 2672 858 igitur
2694 788 2778 841 vel
2806 789 2906 841 hoc
2931 786 3101 838 solum
3125 783 3352 836 sufficiat
3377 781 3442 834 ad
3473 779 3787 848 virginitatis
3813 776 3893 828 di-

2304 882 2558 950 gnitatem
2586 877 3108 933 commonstrandam
3131 876 3152 927 ?
3181 875 3387 940 Quanto
3408 871 3549 925 enim
3573 870 3715 923 Deus
3742 883 3892 920 mun-

2306 971 2374 1023 do
2407 978 2617 1038 prmstat
2637 1010 2650 1034 ,
2684 977 2830 1022 tanto
2860 967 2977 1022 haec
3021 966 3106 1019 illa
3136 964 3309 1034 potior
3336 975 3464 1015 cura
3491 969 3592 1014 est.
3635 960 3741 1012 Cur
3766 971 3892 1025 ergo

2305 1059 2700 1114 matrimonium
2731 1057 3004 1127 permittit,
3034 1054 3174 1124 quod
3202 1063 3254 1108 et
3278 1054 3421 1107 curis
3451 1065 3546 1105 nos
3576 1051 3892 1117 obstringat,

2307 1159 2359 1204 et
2388 1165 2416 1202 a
2446 1149 2806 1218 spiritualibus
2835 1145 3101 1201 abducat?
3132 1144 3252 1198 ideo
3283 1144 3423 1196 enim
3449 1183 3462 1207 ,
3499 1140 3669 1209 inquit
3691 1180 3718 1202 ,.
3738 1138 3843 1192 dixi
3877 1153 3890 1190 :

2305 1241 2376 1297 Ut
2395 1243 2482 1312 qui
2511 1255 2701 1294 uxores
2733 1239 2931 1292 habent
2956 1235 3173 1305 perinde
3193 1239 3299 1288 sint
3323 1248 3386 1286 ac
3415 1233 3459 1285 si
3487 1246 3592 1284 non
3618 1209 3910 1293 haberent,~

2307 1343 2365 1387 ut
2393 1332 2479 1401 qui
2516 1332 2624 1399 jam
2651 1329 2811 1383 vincti
2843 1336 3005 1393 sunt,
3037 1336 3125 1380 aut
3153 1334 3273 1394 post
3302 1322 3568 1378 vinciendi
3597 1328 3755 1382 sunt,
3789 1318 3896 1372 alio

2307 1424 2553 1491 quopiam
2576 1421 2733 1475 modo
2751 1419 3019 1473 vinculum
3047 1418 3306 1471 relaxent.
3330 1413 3460 1467 Nam
3486 1412 3734 1481 quoniam
3755 1409 3894 1462 haud

2307 1515 2387 1569 fas
2407 1523 2490 1568 est
2513 1513 2675 1567 semel
2701 1509 3100 1578 circumjectum
3129 1520 3397 1576 rumpere,
3427 1500 3755 1557 tolerabilius
3778 1499 3899 1552 red-

2307 1605 2394 1659 de.
2422 1603 2694 1674 Siquidem
2725 1603 2869 1666 licet,
2901 1600 2946 1654 si
2976 1599 3221 1661 velimus,
3251 1607 3580 1664 supervacua
3609 1590 3786 1644 omnia
3807 1604 3899 1642 re-

2307 1697 2486 1751 cidere
2507 1736 2521 1760 ,
2553 1711 2651 1750 nec
2681 1704 2858 1749 nostra
2889 1693 3123 1762 ipsorum
3151 1688 3359 1758 ignavia
3389 1685 3491 1740 alia
3519 1684 3673 1739 nobis
3702 1680 3898 1735 addere

2309 1790 2378 1845 iis
2402 1788 2564 1854 curis,
2595 1802 2728 1856 quas
2758 1785 2834 1840 rei
2862 1792 3049 1837 natura
3079 1779 3266 1850 pariat,
3293 1777 3517 1846 majora.

2379 1881 2588 1938 LXXV.
2612 1881 2744 1947 Quid
2759 1880 2820 1933 sit
2839 1877 3100 1931 habentem
3120 1889 3326 1929 uxorem
3342 1887 3444 1923 non
3460 1868 3736 1921 habere.—-
3747 1864 3899 1931 Quod

2311 1977 2354 2032 si
2381 1975 2500 2046 quis
2520 1974 2677 2028 etiam
2700 1971 2897 2045 clarius
2926 1967 3223 2036 intelligere
3245 1963 3379 2028 vult,
3404 1960 3531 2031 quid
3553 1960 3641 2023 sit,
3667 1957 3900 2012 Uxorem

2315 2069 2597 2123 habentem
2625 2050 2844 2133 perinde
2867 2076 2987 2116 esse
3012 2074 3076 2113 ac
3104 2058 3148 2112 si
3178 2071 3284 2110 non
3306 2054 3550 2117 haberet,
3575 2051 3621 2104 is
3645 2048 3776 2103 mihi
3797 2061 3904 2100 non

2314 2158 2574 2213 habentes
2613 2165 2771 2224 atque
2799 2150 3090 2206 crucifixos
3119 2147 3348 2216 cogitet,
3388 2140 3657 2213 quomodo
3686 2139 3904 2208 degant.

2312 2247 2588 2316 Quomodo
2618 2245 2777 2315 igitur
2802 2240 3035 2312 degunt?
3064 2238 3178 2293 Non
3209 2248 3431 2290 necesse
3461 2231 3661 2286 habent
3685 2228 3905 2283 ancilla-

2313 2357 2432 2396 rum
2469 2353 2681 2410 gregem
2724 2349 3002 2398 coemerc,
3033 2346 3137 2385 non
3183 2343 3372 2382 aurum
3415 2339 3477 2378 ac
3515 2322 3765 2386 monilia,
3800 2333 3904 2374 non

2313 2431 2456 2486 mdes
2482 2428 2788 2499 magnificas
2808 2433 2862 2480 et
2891 2424 3115 2491 amplas,
3144 2435 3251 2474 non
3281 2426 3357 2472 tot
3381 2430 3444 2469 ac
3469 2423 3546 2469 tot
3575 2423 3732 2467 terra:
3754 2413 3908 2481 juge-

2313 2541 2402 2588 ra;
2436 2523 2529 2577 sed
2555 2523 2620 2575 iis
2641 2519 2889 2575 omnibus
2915 2514 3149 2569 dimissis
3177 2510 3428 2563 amictum
3455 2521 3620 2559 unum
3646 2512 3805 2572 atque
3830 2503 3910 2557 vi-

2314 2624 2454 2670 ctum
2482 2618 2788 2682 procurant.
2819 2607 2969 2662 Licet
2993 2612 3167 2658 autem
3199 2613 3421 2654 uxorem
3459 2594 3677 2649 habenti
3701 2593 3766 2646 ad
3789 2607 3908 2646 eam

2316 2722 2373 2760 se
2413 2701 2803 2775 philosophiam
2842 2698 3117 2753 reducere.
3147 2693 3276 2748 Nam
3317 2689 3456 2759 quod
3500 2701 3662 2756 supra
3696 2685 3798 2765 ait,
3828 2682 3913 2736 Ne

2315 2797 2615 2868 defraudate
2651 2795 2779 2846 alter
2804 2792 3020 2845 alterum
3049 2785 3096 2860 (ιι
3121 2825 3132 2838 .
3166 2783 3285 2840 Cor.
3314 2783 3366 2834 7.
3399 2781 3491 2852 5),
3521 2780 3586 2834 de
3613 2779 3757 2832 coitu
3787 2776 3912 2830 solo

2316 2889 2514 2944 dictum
2545 2894 2626 2967 e)st
2656 2901 2670 2939 :
2700 2884 2752 2937 in
2779 2898 2845 2936 eo
2876 2880 3017 2935 enim
3046 2876 3271 2931 invicem
3298 2871 3519 2940 obsequi
3537 2870 3708 2938 jubet,
3739 2881 3912 2935 neque

2316 2959 2631 3037 alterutrum
2655 2978 2737 3032 sui
2761 2975 3035 3030 dominum
3066 2986 3186 3025 esse
3210 2969 3336 3022 sinit
3367 2982 3380 3017 :
3413 2966 3462 3020 iu
3495 2963 3700 3032 reliquo
3732 2959 3905 3030 philo-

2316 3071 2520 3142 sophia:
2545 3067 2819 3132 exercitio,
2853 3063 3069 3125 vestitu,
3103 3061 3263 3124 victu,
3296 3066 3454 3127 atque
3484 3055 3601 3108 aliis
3627 3049 3901 3111 omnibus,

2317 3164 2453 3218 alter
2473 3160 2625 3214 alteri
2649 3173 2754 3212 non
2783 3164 2865 3211 est
2884 3151 3166 3217 obnoxius,
3197 3149 3290 3202 sed
3314 3157 3367 3201 et
3393 3146 3522 3199 viris
3546 3143 3622 3198 fas
3643 3151 3724 3196 est
3742 3154 3912 3193 uxore

2316 3254 2479 3309 invita
2503 3250 2721 3306 delicias
2748 3260 2935 3302 omnes
2961 3260 3024 3298 ac
3046 3239 3501 3296 circumlinentem
3525 3248 3770 3289 curarum
3793 3241 3910 3285 tur-

2319 3349 2438 3403 bam
2461 3344 2700 3408 amoliri;
2724 3350 2777 3396 et
2803 3337 2956 3394 uxori
2981 3333 3214 3390 vicissim
3244 3346 3349 3385 non
3376 3338 3457 3383 est
3486 3340 3726 3389 necesse,
3749 3325 3793 3378 si
3815 3339 3915 3376 no-

2319 3439 2395 3504 lit,
2420 3436 2578 3500 comi,
2604 3435 2813 3488 inanem
2842 3429 3068 3499 gloriam
3095 3432 3328 3495 captare,
3353 3431 3677 3488 supervacua
3699 3428 3908 3469 curare.

2319 3529 2430 3583 Nec
2458 3525 2682 3595 injuria;
2711 3537 2832 3576 nam
2861 3517 3123 3587 cupiditas
3148 3512 3362 3583 quidem
3394 3510 3482 3563 illa
3511 3505 3767 3561 naturalis
3793 3512 3910 3567 est;

2321 3594 2569 3688 itaqueei
2601 3612 2842 3668 nonnihil
2873 3607 3232 3664 condonatum
3276 3610 3392 3665 est,
3434 3614 3533 3654 nec
3577 3604 3753 3666 potest
3779 3594 3913 3647 alter

2321 3687 2541 3763 alterum
2571 3705 2837 3760 nolentem
2877 3697 3194 3755 defraudare
3220 3712 3235 3759 ;
3279 3693 3391 3747 hare
3423 3704 3548 3744 vero
3577 3687 3909 3745 deliciarum,

2322 3797 2633 3868 supervacui
2659 3795 2851 3859 cultus,
2889 3789 3086 3844 inutilis
3102 3800 3262 3848 curas,
3290 3799 3392 3836 non
3421 3797 3448 3834 a
3474 3789 3659 3832 natura
3691 3775 3906 3845 proﬁci-

2323 3866 2505 3955 scitur,
2526 3888 2617 3942 sed
2637 3902 2700 3940 ex
2719 3882 2925 3953 ignavia
2946 3889 3000 3934 et
3037 3875 3224 3945 insigni
3245 3872 3477 3942 nequitia
3504 3876 3702 3922 manat.
3723 3866 3898 3933 Quare

2323 3997 2494 4051 neque
2517 3981 2567 4033 in
2597 3980 2700 4042 his,
2726 3986 2780 4030 ut
2808 3976 2860 4028 in
2884 3973 3008 4036 illis,
3031 3969 3287 4037 conjuges
3309 3964 3534 4019 invicem
3559 3960 3726 4015 teneri
3747 3958 3908 4026 cogit.

2324 4075 2436 4128 lloc
2466 4072 2622 4140 igitur
2651 4077 2767 4133 est,
2801 4066 3032 4120 Uxorem
3075 4059 3330 4113 habentes
3373 4052 3591 4123 perinde
3630 4064 3748 4105 esse
3777 4063 3839 4102 ac
3866 4061 3912 4100 sn

2325 4180 2431 4217 non
2471 4139 2761 4222 haberent,
2792 4166 3150 4224 supervacuas
3180 4149 3299 4202 illas
3325 4153 3538 4216 propter
3569 4156 3790 4196 uxorum
3829 4139 3913 4192 fu-

2325 4272 2444 4310 cum
2473 4270 2534 4309 ac
2569 4252 2848 4307 mollitiem
2891 4260 3047 4301 curas
3086 4259 3190 4298 non
3235 4241 3515 4294 admittere
3537 4277 3553 4303 ,
3584 4235 3677 4290 sed
3710 4243 3910 4288 tantum

2325 4361 2573 4403 curarum
2603 4342 2896 4398 auctarium
2925 4337 3195 4405 suscipere
3221 4375 3234 4397 ,
3264 4339 3518 4401 quantum
3549 4343 3642 4396 par
3665 4327 3733 4380 sit
3759 4326 3914 4380 unius

2327 4439 2514 4508 capitis
2541 4430 2924 4494 additam‘ento,
2953 4437 3111 4496 atque
3138 4427 3254 4493 ejus
3281 4419 3643 4491 philosoiihice
3667 4431 3731 4470 ac
3755 4415 3914 4469 tenui-

2310 4507 2408 4587 ter
2435 4531 2594 4584 vitam
2626 4523 2970 4579 instituentis.
3003 4520 3057 4573 ld
3089 4519 3228 4572 enim
3258 4531 3316 4570 se
3345 4514 3482 4568 velle
3505 4510 3788 4564 eorollario
3816 4507 3918 4560 hoc

2328 4622 2621 4692 significat,
2658 4617 2718 4670 Et
2748 4616 2830 4684 qui
2869 4615 2990 4682 ﬂent
3029 4620 3282 4678 tamquam
3323 4622 3420 4658 non
3449 4605 3621 4672 flentes
3654 4601 3670 4670 (
3697 4599 3833 4652 Ibid.
3864 4612 3912 4648 υ.

2328 4689 2452 4784 56),
2483 4722 2536 4766 et
2561 4711 2647 4779 qui
2680 4709 2729 4761 in
2765 4703 2976 4774 przcdiis
3009 4699 3260 4769 gaudent,
3291 4711 3354 4750 ac
3383 4696 3426 4747 si
3457 4708 3560 4746 non
3581 4689 3912 4760 gauderent:

2330 4783 2448 4860 nam
2467 4819 2564 4857 nec
2576 4802 2662 4871 qui
2683 4815 2783 4852 non
2798 4795 3047 4867 gaudent,
3067 4791 3262 4861 prtrdia
3281 4787 3569 4849 curabunt;
3591 4798 3687 4838 nec
3704 4783 3792 4852 qui
3812 4795 3914 4834 non

2331 4898 2457 4951 flent
2476 4937 2489 4958 ,
2523 4901 2614 4946 aut
2643 4889 2873 4958 inopiam
2905 4887 3122 4939 horrere
3143 4926 3157 4948 ,
3184 4889 3274 4934 aut
3301 4878 3652 4945 frugalitatem
3677 4873 3917 4926 aversari

2331 4992 2599 5056 poterunt.
2631 4982 2740 5035 Hoc
2774 4993 2900 5032 vero
2940 4985 3021 5029 est
3055 4987 3275 5026 uxorem
3317 4970 3513 5022 habere
3552 4980 3648 5018 nec
3680 4964 3876 5016 habere
3901 5002 3918 5028 ,

2332 5079 2528 5134 mundo
2557 5076 2632 5130 uti
2662 5089 2760 5127 nec
2783 5070 2946 5125 abuti.
2980 5068 3078 5133 Qui
3117 5083 3232 5118 cum
3258 5078 3413 5116 uxore
3440 5070 3511 5113 est
3535 5100 3550 5124 ,
3579 5058 3823 5113 sollicitus
3850 5067 3922 5110 est

2332 5186 2442 5240 qua:
2471 5177 2584 5221 sunt
2612 5165 2785 5218 mtmdi
2813 5161 2974 5228 (Ibid.
3020 5175 3067 5210 ιι.
3094 5156 3218 5225 55).
3253 5155 3432 5222 Itaque
3480 5167 3602 5205 cum
3642 5160 3696 5205 ct
3740 5150 3827 5203 hic
3868 5158 3922 5202 et

2332 5263 2439 5316 illic
2465 5267 2698 5321 curetur,
2724 5266 2880 5324 atque
2906 5253 2991 5304 hic
3015 5251 3173 5302 etiam
3206 5257 3402 5299 temere
3426 5256 3478 5300 et
3501 5245 3713 5306 frustra,
3741 5243 3847 5308 i___mo
3869 5251 3924 5294 et

2334 5356 2555 5409 moleste
2584 5361 2638 5404 et
2664 5349 2859 5403 misere
2891 5346 3046 5417 (nam
3091 5339 3480 5393 Tribulationem
3512 5336 3688 5408 [lbid.
3718 5353 3764 5389 υ.
3787 5332 3915 5405 28],

2334 5447 2521 5517 inquit,
2551 5445 2716 5498 carnis
2748 5441 2995 5495 habebunt
3024 5435 3375 5505 hujusmodi),
3409 5432 3533 5496 illic,
3567 5430 3706 5500 quod
3738 5429 3924 5497 ingens

2333 5539 2528 5593 bonum
2564 5538 2651 5600 sit,
2682 5551 2776 5588 cur
2807 5549 2910 5586 non
2941 5532 3083 5585 illam
3113 5529 3288 5599 potius
3326 5523 3672 5579 adsciscimus
3699 5535 3879 5590 curam
3905 5559 3920 5582 ,

2334 5644 2453 5698 qum
2482 5642 2584 5680 non
2616 5626 2789 5679 solum
2821 5634 2896 5677 tot
2926 5638 2988 5676 ac
3019 5629 3191 5674 tantas
3221 5613 3681 5673 remuneratioues
3709 5609 3920 5673 habeat,

2335 5719 2427 5774 sed
2456 5718 2555 5772 hac
2585 5727 2774 5771 natura
2814 5717 2973 5769 etiam
3012 5712 3178 5767 levior
3208 5710 3307 5764 sit?
3334 5707 3468 5775 Quid
3493 5705 3636 5760 enim
3662 5709 3816 5756 curat
3847 5702 3923 5753 iu-

2338 5813 2541 5882 nupta?
2569 5825 2636 5864 an
2665 5824 2815 5880 opes,
2844 5825 2910 5862 an
2939 5821 3128 5863 vernas
3154 5847 3168 5871 ,
3200 5820 3265 5858 an
3292 5812 3622 5864 oeconomos,
3655 5812 3720 5851 an
3743 5809 3920 5864 agros,
