4174 6318
132 388 231 466 sui

141 512 201 549 an
217 495 461 565 reliqua?
483 511 552 551 an
575 495 792 568 coquis,
818 495 1144 557 textoribus,
1168 503 1368 549 caetero
1388 492 1617 548 servitio
1637 491 1718 545 in-

134 588 272 661 stat;
301 588 527 644 Minime
544 590 785 660 gentium
807 607 823 657 ;
846 590 981 659 quin
1000 587 1138 642 nihil
1162 587 1359 642 horum
1378 585 1463 640 vel
1486 584 1711 655 cogitat,

133 682 215 737 sed
238 697 407 735 unum
436 680 490 734 id
514 682 750 745 laborat,
783 688 844 735 ut
875 681 1114 734 animam
1148 694 1307 733 suam
1332 685 1545 732 tantum
1577 675 1712 730 aedi—

134 772 263 834 ﬁcet,
288 780 342 825 et
379 772 644 841 templum
674 771 807 826 iliud
841 778 1091 827 sanctum
1144 771 1220 839 (ι.
1251 767 1375 825 Cor.
1400 767 1573 838 5.17)
1603 782 1714 821 non

132 861 536 929 rincinnis,‘aut
566 876 722 925 auro,
743 870 835 915 aut
869 862 1328 931 margaritis,non
1362 858 1589 922 intritis,
1625 873 1722 919 aut

134 953 434 1023 pigmentis,
455 968 565 1007 non
580 953 632 1006 id
650 968 820 1023 genus
842 952 1109 1007 molestiis
1128 961 1182 1007 et
1202 951 1460 1006 aerumnis
1480 952 1554 1020 (l.
1573 948 1713 1003 Tim.

134 1044 181 1100 Ξ.
205 1044 269 1113 9)
295 1045 392 1099 sed
414 1045 582 1099 animi
602 1058 766 1115 atque
783 1045 1033 1114 corporis
1059 1044 1426 1123 sanctimonia
1458 1050 1710 1099 exornet.

138 1140 198 1191 At
218 1128 787 1207 Nupta,inquit,curat
808 1145 865 1191 ut
888 1135 994 1188 viro
1022 1135 1241 1203 placeat.
1268 1134 1313 1205 (l
1330 1172 1343 1185 .
1365 1130 1484 1186 Cor.
1509 1132 1560 1185 7.
1586 1133 1654 1185 δι
1674 1132 1744 1207 ).ν,

137 1230 423 1284 Admodum
452 1220 724 1299 sapienter
748 1228 812 1281 ad
844 1228 1081 1297 ipsarum
1122 1242 1304 1281 rerum
1347 1240 1570 1280 examen
1610 1240 1717 1277 non

137 1322 419 1387 descendit,
446 1337 623 1391 neque
646 1336 708 1374 ea
733 1318 1193 1383 commemoravit,
1215 1330 1341 1385 'qu:e
1366 1324 1425 1370 ut
1450 1316 1581 1369 viris
1608 1316 1719 1385 pla-

137 1423 280 1469 ceant
304 1423 357 1468 et
380 1426 608 1483 corpore
633 1421 688 1467 et
712 1412 888 1478 animo
916 1408 1203 1479 patiuntur,
1231 1406 1359 1462 illud
1383 1415 1713 1476 torquentes,

138 1504 443 1569 oblinentes,
457 1514 616 1574 atque
630 1504 749 1557 aliis
768 1503 918 1556 malis
939 1501 1278 1567 mulctantes,
1294 1500 1436 1554 hunc
1453 1499 1721 1553 illiberali-

141 1594 945 1660 tatc,adulatione,simulatione,
963 1592 1255 1653 simultate,
1272 1591 1466 1659 ineptis
1482 1594 1537 1645 et
1553 1590 1717 1643 inuti-

138 1688 262 1741 libus
284 1687 423 1741 curis
450 1688 769 1756 implentes;
800 1686 895 1741 sed
921 1700 1028 1741 uno
1048 1684 1218 1738 verbo
1239 1683 1356 1737 haec
1381 1684 1559 1737 omnia
1585 1681 1717 1735 sub—

138 1778 360 1833 indicans
390 1778 735 1847 recogitanda
761 1779 1063 1831 auditorum
1089 1776 1430 1830 conscientire
1463 1774 1677 1844 reliquit
1700 1790 1715 1838 ;

136 1879 281 1936 atque
297 1869 366 1921 ita
378 1868 696 1937 virginitatis
722 1866 1083 1936 prmstautiam
1105 1866 1402 1927 declarans,
1424 1864 1488 1917 ad
1506 1865 1721 1918 caelum-

135 1974 227 2027 que
241 1974 353 2013 eam
372 1960 586 2024 tollens,
603 1975 813 2012 rursum
839 1973 1142 2013 sermonem
1166 1958 1231 2011 ad
1250 1957 1571 2010 matrimonii
1594 1972 1717 2025 per-

133 2053 428 2106 missionem
453 2052 692 2115 confert;
724 2052 919 2120 ubique
949 2051 1231 2115 sollicitus,
1259 2066 1323 2103 ne
1348 2049 1399 2102 id
1431 2049 1714 2118 quisquam

135 2153 441 2211 prccceptum
468 2158 589 2197 esse
629 2142 995 2196 arbitraretur.
1027 2140 1386 2209 Quamobrem
1426 2155 1526 2193 nec
1555 2155 1718 2208 supe-

132 2234 349 2288 rioribus
373 2232 834 2295 cohortationibus
860 2243 1163 2297 contentus,
1194 2248 1315 2284 eum
1342 2232 1583 2296 dixisset,
1608 2229 1720 2283 Do-

132 2327 247 2378 mini
266 2336 571 2395 prtcceptum
589 2342 689 2395 non
710 2326 898 2387 habeo;
921 2334 992 2387 et,
1019 2325 1081 2378 Si
1102 2325 1270 2392 nupsit
1294 2325 1454 2392 virgo,
1479 2340 1581 2377 non
1604 2339 1720 2393 pec-

132 2418 249 2469 carit
278 2420 506 2471 :iterum
539 2418 622 2470 hic
659 2418 763 2479 ait,
798 2415 918 2469 Non
960 2426 1013 2469 ut
1054 2416 1286 2484 laqueum
1326 2416 1460 2469 vobis
1490 2415 1719 2481 iuiicram

133 2507 753 2576 (1nd.v.es.es.55).

195 2599 424 2652 LXXVI.
492 2598 611 2651 Non
650 2599 1022 2667 virginitatem,
1072 2596 1161 2650 sed
1209 2606 1431 2649 nostram
1483 2595 1721 2648 inertiam

132 2704 228 2739 esse
264 2690 519 2759 laqueum.
544 2720 616 2728 ——
644 2688 700 2741 In
734 2704 837 2757 quo
880 2690 1071 2741 merito
1102 2688 1203 2741 hoc
1230 2688 1383 2740 alicui
1412 2687 1719 2755 scrupulum

133 2792 351 2846 moveat,
381 2798 485 2851 quo
511 2790 664 2851 pacto
693 2781 779 2851 qui
807 2798 920 2835 rem
949 2796 1109 2849 supra
1141 2780 1470 2833 vinculorum
1501 2779 1722 2833 solutio-

132 2888 242 2925 nem
271 2882 460 2937 vocet,
494 2884 547 2926 et
578 2872 643 2926 ad
685 2874 965 2926 utilitatem
1011 2881 1249 2926 nostram
1294 2888 1407 2924 eam
1440 2870 1721 2925 consulere

133 2962 278 3027 dicat,
312 2978 379 3017 ne
410 2963 656 3017 miserias
684 2963 991 3026 habeamus,
1023 2972 1078 3015 ut
1106 2962 1222 3015 sine
1255 2962 1613 3039 sollicitudine
1642 2961 1720 3015 si-

132 3069 240 3107 mus
260 3096 274 3120 ,
307 3066 359 3108 et
388 3056 532 3123 quod
563 3054 716 3108 nobis
746 3065 1021 3122 parceret,
1054 3064 1213 3123 atque
1244 3055 1307 3107 iis
1334 3056 1579 3108 omnibus
1606 3056 1721 3123 ejus

132 3146 385 3201 levitatem
422 3162 485 3200 ac
514 3146 818 3199 facilitatem
852 3154 1032 3211 notet,
1068 3146 1153 3199 hic
1190 3146 1365 3211 dicat,
1403 3145 1521 3198 Non
1555 3155 1610 3198 ut
1641 3147 1721 3198 la-

131 3255 301 3304 queum
317 3238 451 3291 vobis
470 3238 695 3307 iujiciam
715 3239 729 3305 (
749 3237 885 3291 Ibid.
915 3254 961 3291 v.
987 3240 1053 3292 '55
1072 3237 1127 3309 )?
1149 3239 1281 3303 Quid
1305 3239 1457 3307 igitur
1469 3238 1721 3294 est?Non

134 3330 476 3398 virginitatem
508 3347 520 3381 :
554 3345 720 3398 apage
754 3348 765 3382 :
799 3330 891 3383 sed
922 3330 970 3382 vi
999 3339 1050 3383 ct
1080 3331 1353 3383 coactione
1384 3331 1581 3383 bonum
1614 3331 1715 3385 hoc

130 3420 402 3488 amplecti,
444 3420 498 3473 id
546 3420 791 3488 laqueum
822 3431 993 3474 vocat.
1038 3420 1169 3473 Nam
1211 3422 1279 3473 ita
1312 3436 1369 3474 se
1402 3437 1484 3474 res
1516 3421 1675 3475 habet
1704 3440 1715 3474 :

130 3511 375 3580 quidquid
401 3511 710 3579 compulsus
749 3522 802 3564 et
840 3512 1034 3564 invitus
1059 3511 1318 3578 suscipias
1338 3552 1352 3574 ,
1381 3512 1719 3579 quantumvis

132 3602 239 3656 leve
253 3605 337 3667 sit,
359 3602 726 3656 difficillimum
746 3602 1005 3665 redditur,
1024 3611 1077 3655 et
1093 3603 1171 3655 vel
1194 3612 1334 3655 reste
1347 3601 1559 3671 gravius
1578 3618 1721 3655 men-

136 3702 229 3747 lclll
250 3694 562 3762 strangulat.
593 3692 716 3745 Ideo
742 3693 834 3759 ait,
854 3691 971 3744 Non
986 3703 1039 3743 ut
1063 3693 1293 3761 laqueum
1317 3692 1454 3744 vobis
1472 3692 1719 3760 iujiciam.

134 3781 181 3836 id
209 3794 320 3849 est,
348 3784 668 3853 virginitatis
699 3783 836 3836 bona
866 3783 1043 3836 omnia
1089 3782 1337 3851 proposui
1372 3792 1425 3836 et
1452 3782 1716 3850 explicui,

132 3884 281 3943 atque
317 3876 530 3929 interim
572 3883 695 3943 post
731 3874 847 3928 Ιηκο
889 3875 1065 3928 omnia
1108 3876 1378 3943 optionem
1410 3874 1560 3928 vobis
1601 3890 1721 3942 per-

132 3966 297 4030 mitto,
321 3982 427 4021 uon
454 3967 649 4020 invitos
674 3966 741 4019 ad
767 3966 1016 4019 virtutem
1042 3966 1225 4031 traho;
1254 3980 1429 4035 neque
1456 3967 1597 4020 enim
1624 3981 1719 4020 vos

133 4060 379 4116 afflictare
408 4062 595 4115 volens
635 4058 752 4116 huic
787 4061 1066 4127 consului,
1103 4062 1196 4117 sed
1226 4078 1296 4117 ne
1325 4063 1544 4117 honesta
1581 4064 1718 4117 ossi-

133 4149 295 4204 duitas
334 4152 579 4205 humanis
610 4153 768 4207 rebus
811 4152 1337 4227 frangatur-.lVidetis
1376 4164 1557 4208 autem
1586 4154 1718 4208 mihi

134 4251 183 4295 et
209 4242 292 4297 hic
332 4243 483 4297 Pauli
516 4243 846 4311 prudentiam
868 4285 883 4310 ,
911 4254 969 4297 ut
1008 4245 1473 4313 deprecationibus
1506 4262 1718 4300 rursum

134 4330 547 4387 exhortationem
591 4333 787 4398 addat,
820 4350 880 4388 ac
924 4337 1236 4403 permittens
1278 4337 1540 4390 consulat.
1588 4337 1719 4391 Nam

134 4423 219 4491 qui
247 4424 405 4489 dicit,
441 4424 561 4478 Non
584 4441 708 4495 cogo
730 4467 746 4491 ,
778 4427 865 4480 sed
892 4427 1101 4489 hortor;
1129 4443 1191 4480 ac
1224 4428 1465 4495 subjicit’,
1495 4428 1721 4497 Propter

137 4513 431 4568 honestatem
469 4526 515 4567 et
552 4516 892 4570 assiduitatem
934 4517 1109 4585 (Ibid.
1168 4535 1215 4571 υ.
1261 4517 1365 4590 55)
1410 4520 1720 4589 virginitatis

134 4605 588 4660 admirabilitatem
616 4618 771 4675 atque
800 4606 1059 4674 fructum,
1087 4610 1175 4677 qui
1216 4625 1281 4663 ex
1302 4625 1363 4664 ea
1392 4611 1460 4665 ad
1486 4612 1716 4666 divinam

135 4695 285 4748 vitam
301 4707 502 4763 manat,
520 4699 771 4753 ostendit.
796 4700 978 4768 Neque
998 4700 1139 4753 enim
1157 4709 1327 4765 potest
1341 4717 1457 4771 quae
1475 4703 1717 4759 immanis

138 4789 270 4841 curis
289 4789 608 4857 implicatur,
633 4798 687 4845 et
713 4790 815 4845 huc
841 4792 965 4845 illuc
984 4791 1317 4859 distrahitur,
1342 4794 1552 4848 assidua
1576 4809 1714 4859 esse,

136 4879 304 4935 studio
331 4882 479 4934 omni
505 4892 663 4950 atque
686 4883 797 4936 otio
823 4882 875 4936 in
904 4884 1065 4937 multa
1102 4883 1403 4952 distributo,
1435 4886 1485 4938 in
1519 4887 1714 4951 virum,

139 4985 195 5025 ac
220 4972 429 5025 familiae
461 4989 643 5027 curam
663 5014 679 5041 ,
711 4976 919 5045 aliaque
955 4985 1144 5031 cuneta
1174 4993 1292 5047 qum
1322 4982 1717 5035 matrimonium

137 5062 404 5116 attrahere
428 5063 585 5118 solet.

202 5151 459 5208 LXXVII.
494 5153 622 5219 Qua:
649 5155 712 5207 de
735 5156 942 5209 terrenis
981 5157 1127 5212 rebus
1170 5158 1386 5212 sollicita
1411 5160 1511 5224 sit,
1552 5160 1711 5229 virgi-

137 5258 239 5294 nem
252 5260 349 5297 non
364 5246 710 5312 esse—Quid
728 5262 871 5311 vero,
889 5248 1076 5317 inquit,
1092 5248 1136 5302 si
1148 5257 1201 5302 et
1218 5249 1363 5319 virgo
1376 5250 1441 5303 de
1455 5250 1634 5305 multis
1654 5252 1721 5306 la-

137 5335 296 5405 boret,
311 5348 469 5407 atque
486 5338 713 5393 humana
735 5341 919 5394 curet?
938 5344 1145 5410 Apage:
1170 5344 1258 5411 qui
1274 5343 1535 5412 virginum
1552 5344 1719 5399 choro

136 5426 241 5483 eam
258 5433 541 5485 exemeris.
554 5432 824 5498 Siquidem
842 5433 907 5486 ad
930 5435 1183 5502 virginem
1204 5435 1555 5503 prmstandam
1577 5436 1719 5491 haud

139 5523 258 5576 satis
294 5535 377 5578 est
401 5539 511 5578 nou
557 5526 838 5593 nupsisse,
885 5527 981 5580 sed
1022 5528 1185 5581 animi
1214 5528 1425 5597 quoque
1474 5529 1719 5582 castitate

134 5627 256 5682 opus
299 5625 419 5684 est;
466 5618 766 5693 castitatem
802 5627 978 5673 autem
1010 5620 1281 5689 intelligo,
1325 5635 1429 5673 non
1463 5620 1602 5674 foeda
1649 5635 1718 5676 ac

134 5702 381 5773 ﬂagitiosa
412 5709 587 5761 solum
616 5707 834 5763 libidine
854 5748 871 5774 ,
900 5718 1122 5775 ornatu,
1154 5710 1463 5764 curiositate
1486 5726 1713 5776 vacare;

134 5794 220 5850 sed
255 5797 373 5853 vita:
401 5798 566 5854 etiam
594 5800 735 5854 curis
763 5798 992 5855 solutam
1032 5813 1153 5855 esse
1183 5814 1245 5856 ac
1271 5799 1497 5857 liberam
1523 5819 1536 5857 :
1570 5802 1715 5871 quod

1510 381 1598 436 DE
1642 377 2097 437 VIRGINITATE.

1822 490 1875 543 ni
1900 490 1970 544 sit
1988 530 2004 553 ,
2032 491 2553 561 quorsumcorporis
2589 476 2930 548 castitatem?
2952 490 3085 549 Nam
3117 502 3178 549 ut
3202 495 3371 551 milite
3390 536 3410 561 ,

1818 581 1910 652 qui
1930 580 2150 654 abjeetis
2172 582 2337 636 armis
2362 582 2413 636 in
2442 582 2653 653 pepinis
2672 592 2985 654 occupetur,
3023 583 3157 639 nihil
3179 586 3410 655 turpius:

1819 672 1892 725 ita
1938 686 2038 726 nec
2082 671 2288 745 virgine
2320 671 2443 727 vita:
2485 673 2629 729 curis
2654 674 2913 729 obstricta
2937 674 3228 746 quidquam
3259 678 3415 733 inho-

1819 763 2044 817 ncstius.
2087 763 2298 818 Etenim
2330 766 2576 835 quinque
2619 766 2727 820 illae.
2754 774 2809 821 et
2855 766 3414 823 lucernas-habebant

1822 854 1841 919 (
1866 855 2055 909 Matth.
2082 855 2153 911 25
2178 856 2197 928 )
2224 898 2239 921 ,
2281 866 2339 912 et
2363 858 2723 927 virginitatem
2767 871 3152 916 exercuerant:
3184 854 3419 933 quorum

1820 948 1948 1001 nihil
1970 948 2051 1003 eis
2070 948 2285 1018 profuit,
2316 950 2409 1005 sed
2430 951 2626 1006 clausis
2645 952 2849 1006 foribus
2863 953 3095 1009 exclusze
3117 958 3412 1026 perierunt.

1818 1037 2026 1108 Quippe
2044 1041 2114 1095 ob
2140 1040 2192 1094 id
2213 1052 2470 1110 prmstans
2490 1051 2573 1097 est
2592 1043 2888 1113 virginitas,
2915 1045 3058 1115 quod
3076 1060 3291 1102 omnem
3318 1064 3412 1102 su-

1822 1145 2096 1199 pervacua:
2112 1146 2253 1186 curm
2270 1148 2453 1187 ansam
2478 1134 2760 1201 prtecedat,
2778 1126 2946 1190 'otium
2962 1151 3121 1191 omne
3136 1146 3295 1207 atque
3308 1150 3421 1193 stu—

1821 1221 1967 1274 dium
2000 1222 2193 1277 divinis
2220 1225 2472 1293 operibus
2501 1240 2861 1281 consecrans:
2891 1228 3034 1297 quod
3062 1229 3164 1283 nisi
3194 1230 3409 1294 habeat,

1818 1312 2161 1366 matrimonio
2188 1312 2344 1382 longe
2369 1315 2604 1369 deterior
2638 1325 2753 1381 est,
2798 1317 2978 1385 spinas
3005 1318 3059 1371 in
3099 1302 3279 1373 animo
3303 1320 3411 1374 eir-

1819 1401 2146 1469 cumferens,
2172 1412 2227 1457 et
2250 1404 2543 1474 legitimum
2574 1422 2637 1461 ac
2665 1408 2881 1485 carle8te
2908 1424 3094 1465 semen
3122 1412 3412 1467 suffocatis.

1892 1494 2172 1550 LXXVIII.
2199 1495 2301 1552 Cur
2325 1514 2425 1552 non
2467 1500 2651 1553 acriter
2678 1516 2791 1553 eum
2840 1510 3017 1572 carpat
3040 1544 3057 1568 ,
3114 1504 3200 1572 qui
3223 1505 3277 1557 in
3304 1506 3409 1568 vir:

1820 1585 1935 1653 gine
1951 1602 2044 1638 sua
2063 1586 2355 1639 indecorum
2375 1604 2429 1641 se
2447 1604 2553 1643 esse
2572 1598 2734 1660 putat.
2750 1590 2821 1630 ἐ-
2844 1592 2904 1646 Si
2923 1594 3035 1661 quis
3056 1603 3246 1659 autem,
3294 1595 3369 1646 ait
3394 1636 3409 1660 ,

1826 1685 2023 1745 turpem
2057 1693 2110 1729 se
2133 1676 2292 1731 videri
2320 1680 2569 1733 existimat
2613 1699 2765 1751 super
2801 1668 2993 1753 virgine
3017 1700 3111 1736 sua
3132 1724 3146 1747 ,
3180 1685 3316 1753 quod
3350 1687 3415 1739 sit

1821 1768 2169 1834 supcradulta,
2199 1781 2350 1841 atque
2372 1775 2443 1825 ita
2466 1774 2761 1840 faciendum
2790 1785 2881 1839 est,
2910 1778 3047 1845 quod
3075 1778 3204 1830 volet
3230 1779 3408 1847 faciat,

1822 1875 1924 1911 non
1965 1872 2164 1927 peccat:
2191 1862 2383 1914 nubant
2406 1863 2423 1932 (
2446 1864 2469 1917 l
2504 1862 2623 1917 Cor.
2650 1866 2703 1917 '7.
2731 1864 2798 1919 36
2822 1864 2860 1933 ).
2904 1867 3081 1937 itane,
3111 1867 3259 1933 Quod
3286 1870 3417 1922 volat

1825 1953 2020 2021 faciat?
2057 1970 2156 2008 nec
2180 1954 2366 2009 falsam
2410 1957 2856 2012 existimationem
2893 1960 3123 2029 ‘corrigis
3146 2003 3161 2025 ,
3194 1961 3287 2015 sed
3318 1978 3416 2016 nu-

1822 2043 1952 2097 bere
1990 2046 2297 2112 permittis?
2338 2046 2444 2102 Cur
2465 2049 2607 2102 enim
2639 2066 2745 2104 non
2776 2050 2984 2116 dixisti,
3014 2054 3167 2118 Quod
3212 2056 3256 2107 si
3290 2058 3411 2123 quis

1824 2136 1874 2188 in
1906 2137 2109 2205 virgine
2136 2152 2232 2191 sua
2262 2138 2571 2193 indecorum
2597 2155 2715 2195 esse
2744 2149 2924 2208 putat,
2956 2143 3119 2195 miser
3148 2151 3200 2197 et
3235 2144 3416 2197 infelix

1823 2237 1939 2289 est,
1974 2244 2085 2281 rem
2120 2239 2225 2282 tam
2265 2230 2632 2285 admirandam
2677 2232 2927 2287 infamem
2974 2234 3295 2288 arbitratus?
3325 2250 3420 2289 eur

1823 2335 1929 2374 non
1960 2322 2295 2387 consuluisti,
2328 2324 2577 2391 opinione
2601 2339 2662 2377 ea
2691 2324 2933 2389 dimissa,
2970 2326 3130 2378 filiam
3161 2341 3189 2377 a
3219 2327 3409 2379 matri-

1824 2412 2002 2465 monio
2032 2413 2250 2465 arcere?
2281 2414 2414 2479 Quia
2438 2455 2452 2478 ,
2487 2415 2726 2483 inquiet,
2756 2416 2949 2469 anima:
2977 2416 3080 2470 illa:
3122 2416 3412 2471 admodum

1823 2504 2049 2559 infirma)
2074 2515 2128 2559 et
2158 2506 2301 2559 humi
2331 2515 2581 2574 repentes
2610 2516 2761 2560 erant
2781 2550 2793 2571 ,
2848 2509 3056 2577 illmque
3100 2510 3178 2563 sic
3208 2510 3413 2564 affecta:

1824 2594 2000 2649 statim
2041 2596 2109 2649 ad
2140 2596 2455 2664 virginitatis
2490 2611 2768 2651 sermones
2798 2598 2989 2651 adduci
3017 2614 3120 2651 non
3152 2610 3421 2667 poterant.

1824 2685 1956 2740 Nam
1986 2688 2073 2755 qui
2100 2687 2167 2740 ad
2198 2688 2380 2741 mundi
2428 2703 2513 2743 res
2558 2697 2663 2741 tam
2695 2698 2778 2743 est
2829 2690 3089 2743 attonitus
3114 2730 3128 2754 ,
3179 2700 3233 2744 et
3260 2690 3421 2759 hujus

1825 2779 1947 2831 vita:
1978 2779 2242 2843 laudator,
2279 2789 2337 2831 ut
2367 2788 2489 2847 post
2519 2788 2720 2832 tantam
2767 2780 3245 2847 exhortationem,
3276 2764 3420 2850 quod

1826 2868 1959 2922 calo
2003 2869 2218 2938 dignum
2251 2878 2409 2923 estet
2440 2870 2664 2938 angelici
2714 2871 2935 2923 instituti
2982 2873 3140 2925 affine
3166 2914 3180 2936 ,
3227 2872 3420 2939 probro

1829 2958 2128 3022 habuisset;
2154 2960 2435 3013 consilium
2455 2976 2518 3012 co
2546 2944 2802 3014 indticens
2824 2962 2912 3029 qui
2940 2962 3184 3014 tulisset?
3212 2964 3271 3015 Et
3295 2964 3419 3031 quid

1827 3051 2043 3111 mirum,
2076 3052 2119 3103 si
2153 3051 2204 3103 id
2241 3053 2291 3103 in
2325 3066 2383 3105 re
2406 3066 2658 3121 concessa
2686 3052 2883 3105 Paulus
2911 3052 3057 3118 fecit,
3088 3056 3174 3121 qui
3200 3055 3336 3107 idem
3370 3056 3420 3109 in

1826 3143 1989 3213 vetita
2015 3151 2068 3195 et
2106 3142 2377 3211 illegititna
2418 3117 2609 3197 faciat?
2659 3143 2900 3213 Exempli
2931 3160 3087 3197 causa
3127 3164 3138 3198 :
3171 3146 3414 3199 ciborum

1826 3232 2341 3297 d‘electumhabere,
2371 3243 2427 3286 et
2450 3234 2581 3287 alios
2610 3235 2855 3301 probare,
2886 3236 3017 3288 alios
3049 3238 3290 3303 rejicerc,
3324 3240 3416 3292 Ju-

1826 3325 1989 3379 daicze
2020 3326 2396 3378 imbecillitatis
2424 3336 2571 3390 erat;
2600 3327 2813 3393 quidam
2846 3338 3021 3380 tamen
3056 3330 3193 3396 apud
3227 3331 3418 3383 lloum-

1826 3432 1924 3468 nos
1950 3432 2013 3469 ea
2045 3401 2407 3470 imbecillitate
2450 3399 2797 3472 laborabant:
2844 3435 2975 3487 quos
3023 3421 3156 3475 adeo
3202 3438 3303 3473 non
3337 3424 3417 3474 in-

1825 3507 1987 3559 cessit
2029 3506 2410 3571 vehementer,
2461 3508 2695 3561 utaliud'
2742 3511 2989 3577 quiddam
3042 3512 3212 3581 majus
3256 3516 3416 3566 etiam

1827 3598 1982 3651 faciat
2010 3616 2024 3663 ;
2062 3598 2275 3652 omissis
2301 3599 2441 3652 enim
2485 3601 2547 3652 iis
2578 3601 2666 3669 qui
2695 3612 3022 3668 peccassent,
3055 3605 3140 3671 qui
3169 3606 3420 3672 eos"pro-

1832 3688 2021 3742 bibere
2040 3689 2241 3767 vellent
2268 3689 2513 3757 objurgat
2540 3690 2625 3742 his
2646 3692 2823 3744 verbis
2840 3733 2854 3755 ,
2885 3691 2965 3745 Tu
2990 3703 3155 3745 autem
3181 3686 3302 3761 quid
3322 3697 3419 3763 ju-

1825 3780 1964 3834 dicas
1992 3785 2200 3850 fratrem
2227 3789 2367 3833 tuum
2398 3779 2582 3852 (Rom.
2616 3782 2704 3835 Id.
2736 3782 2801 3836 10
2823 3781 2841 3852 )
2866 3783 2887 3835 ?
2915 3786 2983 3836 At
3005 3800 3107 3837 non
3130 3778 3417 3839 Colossen-

1824 3874 1972 3928 sibus
2018 3875 2258 3929 scribens
2288 3874 2426 3927 idem
2476 3874 2637 3939 facit,
2686 3874 2782 3929 sed
2811 3890 2996 3945 magna
3025 3879 3341 3932 auctoritate
3368 3890 3421 3933 et

1824 3981 1918 4020 eos
1948 3966 2115 4034 carpit
2135 4005 2150 4029 ,
2199 3974 2253 4017 et
2281 3964 2685 4033 ρίιῑιοεοριιθιυι·
2709 3966 2893 4020 dicens
2923 3984 2935 4019 :
2983 3968 3147 4021 Nemo
3177 3987 3294 4038 ergo
3337 3986 3422 4023 vos

1814 4060 2013 4125 judicet
2053 4060 2107 4111 in
2154 4058 2261 4111 cibo
2291 4066 2438 4124 atque
2465 4067 2589 4127 potu
2630 4058 2782 4125 (Col.
2823 4059 2876 4112 9..
2921 4060 3048 4130 16).
3094 4062 3159 4114 Et
3188 4078 3419 4118 rursum:

1825 4153 1888 4206 Si
1914 4169 2034 4223 ergo
2060 4154 2247 4206 mortui
2272 4154 2389 4205 estis
2431 4168 2547 4205 cum
2572 4151 2772 4207 Christo
2816 4154 2880 4206 ab
2910 4154 3165 4208 elementis
3208 4159 3411 4219 mundi,
3434 4190 3452 4203 ι

1824 4244 1944 4313 quid
1971 4253 2224 4313 tamquam
2244 4244 2457 4298 viventes
2482 4244 2535 4295 in
2559 4244 2747 4297 mundo
2773 4245 3076 4299 decernitis?
3100 4245 3151 4298 Ν
3155 4264 3180 4299 e
3208 4250 3419 4317 tangito,

1825 4352 1923 4388 neu
1966 4345 2187 4403 gustato,
2234 4336 2681 4399 neusattrectato:
2725 4351 2838 4405 quae
2868 4338 3039 4389 omnia
3082 4355 3175 4390 usu
3210 4352 3419 4405 pereunt

1827 4424 2005 4496 (Ibid.
2037 4441 2086 4478 υ.
2115 4425 2206 4478 ΞΟ.
2238 4424 2330 4478 2L
2371 4424 2442 4477 2‘2
2468 4427 2505 4495 ).
2549 4424 2654 4479 Cur
2684 4426 2839 4493 igitur
2884 4425 2937 4478 id
2985 4424 3148 4479 facit?
3183 4428 3334 4494 Quod
3366 4429 3418 4483 lii

1826 4518 2124 4572 confirmati
2151 4526 2368 4572 esseut:
2402 4518 2627 4572 Romani
2651 4518 2825 4572 adhuc
2856 4534 3043 4588 magna
3092 4521 3418 4591 indulgentia
3495 4524 3501 4529 ’

1825 4622 1961 4676 opus
1991 4608 2271 4673 haberent,
2298 4617 2353 4662 et
2376 4616 2684 4676 expectaret
2712 4608 2822 4672 ille,
2851 4608 2976 4662 dum
3006 4608 3138 4663 tides
3160 4611 3211 4663 in
3234 4626 3417 4665 eorum

1826 4700 1975 4769 prius
2004 4699 2200 4754 animis
2228 4699 2703 4753 constabiliretur:
2733 4700 2939 4752 veritus
2966 4715 3033 4753 ne
3061 4710 3183 4753 ante
3212 4709 3419 4769 tempus

1825 4800 1880 4845 et
1904 4807 2056 4860 mque
2076 4791 2230 4845 citius
2251 4790 2449 4843 zizania
2468 4790 2727 4845 revellere
2749 4804 3029 4859 aggressus
3051 4789 3275 4863 (Matth.
3304 4793 3417 4862 15),

1825 4900 1946 4939 cum
1989 4885 2053 4937 iis
2079 4899 2224 4938 sana:
2255 4883 2514 4938 doctrinae
2542 4883 2738 4951 stirpes
2768 4900 2871 4936 una
2916 4883 3076 4936 etiam
3102 4884 3405 4937 revelleret.

1825 4976 2005 5046 Itaque
2028 4992 2127 5030 nec
2148 4977 2341 5030 acriter
2368 4975 2604 5037 incessit,
2628 4990 2728 5028 nec
2749 4974 3155 5042 irreprehensos
3177 4976 3417 5041 dimittit,

1816 5068 2074 5153 [scd’elam
2102 5077 2272 5121 etnec
2292 5067 2567 5136 opinantes
2596 5067 2648 5119 in
2672 5067 2791 5120 aliis
2814 5066 3137 5136 castigandis
3162 5068 3420 5135 perstrin-

1823 5161 1919 5230 git.
1941 5158 2074 5213 Nam
2106 5162 2194 5229 qui
2222 5160 2381 5222 dicat,
2413 5159 2521 5212 Suo
2553 5157 2755 5210 doniiuo
2783 5166 2905 5220 stat,
2931 5167 3021 5210 aut
3048 5158 3185 5212 cadit
3214 5158 3231 5227 (
3254 5158 3409 5212 Rom.

1826 5254 1913 5304 Η.
1957 5252 2053 5321 4),
2098 5252 2187 5305 ille
2222 5248 2516 5317 increpanti
2563 5248 2833 5303 silentium
2872 5248 3149 5317 imponere
3184 5248 3415 5316 videtur,

1823 5342 1920 5397 sed
1940 5358 2124 5396 revera
2143 5340 2398 5411 increpati
2425 5339 2565 5393 illius
2581 5340 2815 5391 animum
2832 5339 3078 5393 vellicat:
3107 5340 3415 5406 ostendens,

1825 5433 1893 5486 iis
1915 5433 2072 5487 rebus
2093 5432 2212 5485 duci
2238 5447 2342 5485 non
2369 5429 2632 5483 stabilium
2660 5444 2781 5483 esse
2806 5438 2859 5483 et
2877 5428 3097 5483 ﬁrmiter
3118 5430 3416 5485 consisten—

1826 5524 1979 5584 tium.
2007 5523 2100 5578 sed
2123 5523 2215 5591 qui
2239 5522 2413 5577 adlme
2434 5520 2685 5585 titubent,
2712 5521 3034 5590 quibusque,
3057 5522 3111 5575 ni
3138 5530 3298 5587 stent,
3326 5538 3418 5591 pe-

1826 5619 2053 5670 riculum
2084 5599 2159 5670 sit
2187 5631 2256 5670 ne
2284 5615 2499 5672 cadant.
2532 5613 2788 5668 Eamdem
2818 5614 2985 5682 legem
3029 5622 3083 5668 et
3112 5614 3199 5669 hic
3242 5622 3420 5670 servat

1826 5717 2043 5781 propter
2070 5708 2330 5776 insignem
2380 5705 2803 5761 imbecillitatem
2848 5720 3034 5759 eorum
3084 5704 3278 5775 quibus
3313 5722 3417 5776 pu-

1826 5799 2061 5857 dendum
2110 5808 2255 5856 esset
2288 5815 2301 5852 ε
2333 5812 2512 5873 μοι]υο
2540 5797 2682 5853 enim
2728 5805 2913 5867 aperte
2957 5812 3091 5851 eum
3126 5797 3278 5866 petit,
3318 5796 3419 5855 sed

3312 388 3419 444 590
3490 438 3495 441 _
