4174 6318
776 401 874 456 591

776 505 1040 562 laudando
1069 517 1133 558 eo
1159 502 1244 570 qtti
1277 514 1422 552 suam
1454 499 1704 568 virginem
1728 507 1906 551 servet
1932 497 2141 564 egregie
2167 494 2359 546 verbe-

775 609 876 654 rat.
919 597 1049 652 Nam
1082 596 1206 664 quid
1253 593 1367 646 ait?
1409 592 1512 642 Sed
1540 591 1624 660 qui
1662 600 1758 642 stat
1786 590 1959 656 ﬁrmus
2003 589 2054 639 in
2080 586 2228 639 corde
2269 601 2360 637 suo

775 692 794 758 (
822 692 875 746 Ι.
906 687 1021 741 Cor.
1073 688 1126 740 7.
1169 686 1238 740 3‘7
1265 686 1282 753 )
1310 704 1320 736 :
1351 682 1488 752 quod
1527 681 1590 734 ad
1617 679 2008 734 distinctionem
2033 677 2232 730 dictum
2281 684 2362 729 est

775 782 912 850 ejus,
941 779 1031 849 qui
1059 778 1243 832 leviter
1265 788 1316 832 et
1340 776 1490 829 facile
1515 775 1762 842 jaetctur,
1794 787 1964 840 neque
1986 769 2158 838 adhuc
2181 769 2362 820 firmus

782 860 1077 941 gradiatur,
1105 884 1203 923 nec
1224 867 1446 922 viriliter
1472 875 1594 919 stet.
1633 864 1830 917 Deinde
1861 865 1979 932 quia
2011 861 2211 914 sciebat
2242 876 2361 912 ora-

779 961 979 1017 tionem
1029 974 1146 1015 eam
1195 959 1322 1011 satis
1359 972 1498 1019 esse,
1552 965 1607 1007 ttt
1644 955 1758 1022 ejus
1796 955 2025 1006 attimam
2074 963 2358 1020 pungeret,

778 1053 899 1108 vide
929 1066 985 1107 ut
1013 1067 1129 1107 eam
1158 1065 1367 1104 rursum
1398 1047 1631 1102 obnubat
1651 1087 1664 1108 ,
1695 1059 1907 1098 causam
1939 1043 2075 1096 haud
2105 1058 2233 1096 sane
2280 1058 2362 1096 re-

779 1142 1136 1213 prehensione
1175 1140 1384 1209 dignam
1414 1136 1702 1191 aﬂ'erendo.
1738 1135 1815 1188 Eo
1846 1134 1984 1187 enim
2030 1132 2171 1186 dicto
2197 1172 2211 1196 ,
2260 1131 2364 1184 δρα

779 1236 864 1306 qui
893 1242 988 1289 stat
1013 1234 1189 1302 ﬁrmus
1215 1232 1266 1284 in
1293 1231 1442 1284 corde
1468 1244 1580 1289 suo,
1623 1227 1804 1291 addit,
1839 1223 1958 1278 Non
1990 1224 2172 1277 habens
2201 1239 2365 1275 neces-

778 1332 971 1381 sitatem
996 1367 1008 1389 ,
1043 1331 1334 1394 potestatem
1373 1331 1540 1373 autem
1583 1318 1790 1372 habens.
1841 1317 2000 1386 Atqui
2038 1330 2367 1382 consequens

779 1428 894 1471 erat
925 1426 980 1470 ut
1005 1417 1226 1479 diceret,
1258 1413 1360 1468 Sed
1392 1413 1480 1482 qui
1510 1421 1762 1466 constans
1786 1418 1866 1462 est
1889 1449 1904 1473 ,
1939 1423 2108 1476 neque
2141 1408 2187 1459 id
2222 1406 2368 1459 inde-

782 1523 966 1562 corum
1008 1521 1128 1560 esse
1171 1515 1341 1574 putat.
1390 1502 1586 1557 Verum
1633 1501 1684 1555 id
1731 1500 1973 1555 acerbius
2001 1507 2134 1553 erat.
2188 1498 2368 1568 Itaque

786 1599 928 1652 aliud
956 1596 1226 1651 substituit
1248 1610 1414 1659 ,eum
1441 1594 1725 1649 consolans
1751 1601 1908 1661 atque
1937 1591 2003 1644 ad
2033 1592 2168 1644 hanc
2194 1591 2369 1660 potius

785 1704 1004 1744 causam
1035 1687 1221 1742 venire.
1249 1701 1456 1756 passus.
1483 1683 1756 1753 Siquidem
1786 1683 1961 1736 minus
1992 1682 2263 1750 indignum
2288 1689 2371 1735 est

782 1789 1048 1842 coactum,
1095 1792 1253 1847 quam
1283 1775 1531 1830 dedecori
1577 1773 1860 1827 habentem
1909 1772 1957 1825 id
2006 1783 2206 1824 vetare.
2235 1769 2368 1825 Nam

785 1869 916 1923 illud
958 1869 1206 1923 imbecilli
1237 1877 1289 1921 et
1320 1866 1498 1920 miseri
1527 1865 1688 1941 animi
1719 1873 1832 1926 est;
1868 1864 1968 1916 hoc
1997 1863 2154 1916 etiam
2181 1860 2371 1929 depra-

784 1961 931 2028 vati,
964 1976 1063 2016 nec
1091 1975 1270 2016 rerum
1319 1968 1564 2012 naturam
1607 1969 1749 2011 recte
1779 1956 2085 2010 discernere
2131 1954 2368 2008 seientis.

782 2055 888 2111 Sed
913 2054 1148 2108 nomium
1180 2053 1294 2107 hmo
1323 2050 1530 2106 dicendi
1561 2059 1674 2102 erat
1698 2051 1844 2103 locus
1881 2067 1891 2102 :
1925 2048 2120 2101 etenim
2145 2060 2243 2100 nec
2274 2061 2370 2099 ne-

780 2149 1028 2200 cessitate
1058 2143 1394 2198 incumbente
1433 2140 1510 2194 fas
1537 2155 1656 2194 esse
1682 2155 1825 2204 eam,
1856 2155 1973 2207 qua:
2001 2130 2370 2206 virgo‘degere

787 2237 1089 2299 instituerit,
1129 2249 1337 2298 arcere,
1373 2233 1467 2287 sed
1495 2232 1751 2285 adversus
1777 2230 1974 2288 omnia.
2009 2245 2126 2299 quze
2154 2227 2372 2296 prtecla-

788 2343 908 2381 rum
945 2328 1046 2381 hoc
1067 2325 1298 2379 studium
1327 2323 1654 2394 impediant,
1684 2321 1892 2375 fortiter
1921 2319 2195 2374 nitendum
2222 2334 2370 2382 esse,

785 2421 904 2475 audi
932 2419 1055 2489 quid
1091 2417 1336 2472 Christus
1378 2423 1630 2469 censeat:
1666 2413 1764 2480 Qui
1804 2421 1998 2482 patrem
2042 2420 2128 2463 aut
2167 2419 2374 2462 matrem

780 2522 918 2566 amat
956 2527 1112 2580 supra
1137 2525 1216 2562 me
1239 2548 1254 2572 ,
1301 2525 1402 2560 non
1439 2516 1509 2560 est
1534 2522 1611 2558 me
1637 2503 1819 2574 dignus
1853 2501 1873 2574 (
1898 2501 2090 2555 Matth.
2121 2500 2207 2556 ‘10.
2238 2500 2306 2554 57
2333 2501 2371 2569 ).

779 2605 984 2674 Quippe
1010 2603 1097 2656 ubi
1122 2599 1248 2671 quid
1278 2601 1386 2654 Deo
1414 2607 1688 2668 acceptum
1727 2595 2114 2665 persequimur,
2137 2593 2375 2661 quisquis

782 2694 1063 2764 prohibet,
1089 2707 1181 2747 seu
1207 2699 1388 2760 pater,
1430 2705 1524 2744 seu
1553 2698 1754 2751 mater,
1784 2697 1876 2740 seu
1908 2686 2224 2754 quicumque
2265 2684 2363 2748 sit,

783 2786 951 2843 hostis
979 2794 1136 2854 atque
1167 2783 1412 2838 inimicus
1441 2791 1520 2835 est
1546 2778 1840 2833 habendus.
1873 2775 1976 2830 Sed
2010 2774 2124 2828 hzee
2150 2773 2371 2837 Paulus,

785 2880 875 2950 qui
906 2880 1206 2933 auditorum
1236 2875 1686 2944 imperfectionem
1716 2870 1887 2925 adhuc
1913 2869 2215 2933 sustineret,
2249 2866 2378 2921 scri-

788 2974 887 3037 bit,
917 2971 1159 3041 inquiens
1184 2986 1196 3020 :
1226 2967 1332 3022 Sed
1354 2967 1438 3038 qui
1458 2974 1553 3019 stat
1575 2964 1753 3033 ﬁrmus
1778 2979 1878 3016 non
1903 2961 2090 3014 habens
2111 2961 2379 3027 necessita-

783 3074 902 3118 tem.
945 3062 1126 3132 Neque
1166 3061 1253 3114 hic
1291 3060 1469 3122 stetit,
1502 3057 1633 3120 etsi,
1669 3073 1770 3116 non
1797 3054 1982 3108 habens
2013 3055 2374 3119 necessitatem,

784 3165 860 3220 et,
890 3162 1182 3225 potestatem
1210 3151 1414 3213 habens,
1443 3148 1583 3203 idem
1611 3148 1747 3202 sint:
1775 3146 1868 3201 sed
1897 3146 2176 3201 sententiae
2205 3145 2372 3213 proli-

781 3247 968 3311 xitate,
992 3261 1052 3298 ac
1077 3243 1483 3313 permissionum
1509 3238 1840 3309 assiduitate,
1866 3237 2085 3292 fractam
2110 3247 2161 3291 et
2183 3237 2376 3291 exilem

783 3345 1013 3390 tuentem
1041 3334 1273 3393 solatur;
1307 3341 1490 3399 postea
1524 3338 1588 3385 et
1613 3330 1834 3384 alteram
1880 3327 2084 3381 addens
2114 3340 2327 3379 causam
2359 3367 2374 3391 ,

788 3427 890 3494 Qui
918 3427 971 3479 in
1011 3424 1162 3478 carde
1207 3439 1298 3476 sua
1325 3422 1517 3475 statuit.
1545 3419 1725 3489 Neque
1764 3419 1904 3473 enim
1935 3416 2128 3471 sufficit
2153 3417 2376 3471 liberum

783 3534 903 3573 esse
927 3560 941 3582 ,
973 3531 1141 3586 neque
1171 3515 1292 3569 hinc
1318 3515 1502 3568 solutn'
1536 3513 1594 3566 fit
1638 3512 1898 3566 obnoxius
1925 3551 1940 3575 ,
1970 3511 2064 3565 sed
2102 3511 2184 3564 ubi
2221 3511 2379 3580 eligat

785 3620 943 3678 atque
961 3614 1176 3670 statuat,
1207 3615 1314 3659 tum
1346 3619 1475 3659 vero
1500 3612 1643 3657 recte
1669 3601 1814 3657 facit.
1843 3602 2043 3657 Deinde
2070 3618 2136 3656 ne
2166 3611 2380 3672 propter

784 3699 1051 3768 ingentem
1075 3695 1452 3764 indulgentiam
1482 3693 1612 3745 nihil
1651 3693 1910 3747 interesse
1954 3693 2230 3754 crederes,
2265 3693 2365 3745 ite-

785 3804 902 3842 rum
930 3787 1214 3841 discrimen
1243 3786 1379 3850 edit,
1415 3784 1598 3838 timide
1629 3773 1979 3853 illejquidem,
2009 3784 2101 3838 sed
2143 3784 2248 3837 edit
2298 3793 2378 3838 la-

786 3893 907 3932 men
935 3878 1018 3931 his
1043 3875 1250 3929 verbis:
1282 3873 1462 3940 Itaque
1488 3882 1536 3927 et
1564 3875 1650 3944 qui
1680 3848 1999 3926 matrimonio
2019 3875 2227 3942 jungit,
2261 3873 2382 3927 bene

787 3971 931 4040 facit,
959 3980 1006 4023 et
1027 3969 1109 4038 qui
1133 3984 1231 4021 non
1233 3968 1408 4037 jungit
1424 3967 1600 4020 melius
1632 3966 1754 4036 facit
1782 3964 1800 4036 (
1823 3966 1870 4018 1.
1897 3963 2090 4019 Cor.1.
2120 3966 2186 4020 58
2210 3967 2247 4035 ).
2273 3965 2385 4018 (Σω-

788 4072 957 4116 terum
986 4068 1186 4130 quanto
1225 4058 1327 4113 hoc
1356 4059 1546 4112 melius
1570 4057 1658 4123 sit,
1696 4058 1781 4110 hic
1806 4072 1910 4111 non
1935 4057 2164 4126 explicat
2186 4057 2372 4110 eadem

787 4155 852 4208 de
880 4168 1070 4207 causa:
1099 4152 1240 4221 quod
1271 4151 1314 4205 si
1346 4151 1484 4206 scire
1525 4151 1628 4216 vis,
1661 4149 1785 4203 audi
1817 4149 2082 4204 dicentem
2109 4149 2376 4210 Christum

789 4243 900 4298 Nec
925 4243 1132 4303 ducunt,
1163 4258 1251 4296 nec
1279 4241 1550 4304 ducuntur,
1574 4241 1662 4294 sed
1689 4250 1806 4293 sunt
1831 4241 1958 4293 sicut
1984 4239 2150 4308 angeli
2174 4241 2226 4292 in
2257 4240 2380 4294 cwlo

793 4333 1022 4405 (Matth.
1051 4332 1143 4386 22.
1173 4330 1301 4401 50).
1348 4331 1537 4386 Vidisti
1563 4330 1849 4385 discrimen
1875 4369 1891 4395 ,
1946 4345 2052 4398 quo
2098 4330 2378 4398 virginitas

789 4426 1064 4480 mortalem
1095 4434 1313 4495 repente
1334 4424 1550 4489 attollit,
1583 4415 1741 4478 modo
1767 4439 1892 4478 vera
1919 4423 1988 4500 sit
2015 4423 2326 4491 virginitas?

859 4516 1095 4571 LXXIX.
1132 4515 1290 4570 Nulla
1315 4533 1368 4569 re
1394 4516 1681 4586 inferiorem
1710 4516 1864 4585 fuisse
1897 4514 2100 4583 Angelis
2129 4512 2296 4566 Etiam
2325 4522 2373 4567 et

789 4609 874 4678 qui
900 4609 1006 4676 ejus
1034 4606 1240 4670 similes,
1272 4606 1420 4675 idque
1447 4605 1746 4674 virginitatis
1787 4605 2041 4673 bene/icio.
2067 4635 2139 4644 -
2166 4603 2374 4657 Etenim

791 4716 890 4770 qua
931 4713 988 4753 re
1021 4697 1088 4752 ab
1121 4697 1321 4766 angelis
1357 4695 1668 4750 differebant
1706 4695 1884 4758 Elias,
1929 4695 2187 4760 Elisurus,
2219 4694 2392 4749 Joan--

792 4807 909 4856 nes,
931 4789 1165 4859 germani
1195 4787 1246 4841 hi
1274 4786 1585 4855 virginitatis
1610 4785 1910 4838 amatores?
1935 4784 2088 4839 Nulla
2115 4785 2212 4838 nisi
2236 4783 2376 4853 qttod

793 4883 1000 4936 mortali
1024 4890 1207 4934 natura
1232 4887 1384 4935 erant
1403 4877 1638 4931 obstricti
1667 4895 1680 4932 :
1703 4887 1894 4931 etetera
1921 4878 1963 4930 si
1991 4877 2110 4944 quis
2133 4885 2378 4930 accurate

793 4975 1042 5044 inquirat,
1069 4973 1232 5026 nihilo
1255 4973 1317 5026 iis
1337 4971 1567 5025 deterius
1589 4969 1803 5024 affectos
1825 4970 2074 5032 inveniet,
2099 4979 2254 5037 atque
2277 4969 2377 5022 hoc

794 5068 997 5135 ipsum,
1033 5079 1137 5134 quo
1176 5062 1452 5117 inferiores
1490 5061 1834 5135 videbantur,
1863 5061 2014 5113 valde
2056 5059 2120 5112 ad
2169 5057 2377 5113 laudem

796 5131 938 5211 facit.
981 5131 1109 5209 Nam
1138 5153 1188 5208 in
1225 5163 1363 5206 terra
1388 5152 1668 5222 degentes,
1697 5165 1759 5203 ac
1789 5131 2024 5204 mortalis
2052 5159 2251 5202 naturae
2281 5165 2378 5204 ne-

795 5248 1028 5304 cessitati
1049 5246 1333 5315 subjectos,
1357 5244 1421 5298 ad
1452 5258 1571 5298 eam
1595 5243 1840 5296 virtutem
1869 5241 2094 5295 evadere
2121 5241 2375 5309 potuisse,

795 5340 914 5395 vide
957 5347 1166 5409 quanta:
1211 5336 1564 5398 fortitudinis,
1601 5344 1810 5404 quantae
1851 5333 2196 5401 philosophia:
2243 5342 2375 5387 erat.

797 5432 866 5486 At
893 5428 1245 5500 virginitatem
1285 5443 1378 5482 eos
1417 5426 1548 5481 tales
1586 5440 1957 5493 comparasse,
2007 5423 2126 5476 hinc
2171 5424 2379 5492 perspi-

797 5538 955 5578 cuum
984 5530 1084 5577 est.
1112 5519 1168 5576 Si
1198 5519 1338 5575 enim
1367 5520 1620 5587 coniuges
1646 5527 1802 5586 atque
1832 5517 2023 5571 liberos
2053 5517 2378 5580 habuissent,

802 5630 905 5670 non
937 5622 1044 5669 tam
1075 5612 1228 5668 facile
1256 5611 1465 5668 deserta
1493 5610 1847 5676 habitassent,
1878 5623 1975 5663 nec
2001 5608 2144 5663 mdes
2173 5619 2224 5664 et
2254 5610 2381 5662 reli-

801 5721 960 5777 quum
985 5705 1107 5760 vitae
1130 5712 1437 5773 apparatum
1469 5700 1846 5770 neglexissent.
1873 5697 2021 5753 Nune
2049 5713 2111 5753 us
2137 5699 2381 5752 onmihus

804 5799 1025 5855 vinculis
1064 5795 1252 5864 soluti,
1284 5795 1339 5851 in
1369 5804 1505 5850 terra
1537 5802 1676 5850 velut
1716 5791 1768 5846 in
1805 5792 1934 5849 caelo
1962 5791 2215 5862 degentes
2250 5805 2378 5861 age-

3963 126 4149 240 Ἴ

1518 385 1572 442 S.
1613 385 1888 442 JOANNIS
1924 380 2398 439 CHRYSOSTOMI
2427 379 2741 436 ARCHIEP.
2767 378 3304 435 CONSTANTlNOP.
3947 388 4042 440 39;:

2473 493 2618 557 bant,
2646 509 2748 547 non
2779 494 3082 562 parietibus,
3108 511 3210 549 non
3241 505 3398 561 trcto,
3425 511 3524 550 non
3556 507 3691 564 toro,
3717 514 3824 554 non
3851 516 4047 566 mensa,

2473 601 2574 638 non
2616 587 2720 638 alii)
2767 587 2815 639 id
2857 603 3022 656 genus
3064 588 3168 641 Itllt)
3212 589 3546 658 indigentes:
3576 594 3697 661 quin
3739 596 3928 647 emittm
3960 611 4050 662 pm

2475 686 2633 741 tecto,
2665 677 2878 730 humum
2910 693 3004 746 pro
3037 689 3169 744 loro,
3199 680 3533 734 Solitudinem
3563 699 3657 752 pro
3683 701 3862 737 mensa
3894 686 4048 738 habe-

2471 770 2629 832 bant,
2661 786 2720 823 ac
2749 787 2864 839 quae
2903 786 2988 825 res
3024 771 3142 824 aliis
3178 773 3327 826 fatuis
3366 788 3520 827 causa
3559 776 3823 840 videatur,
3862 779 4052 832 deserti

2473 862 2753 923 sterilitas,
2784 879 2840 916 ea
2871 866 3066 918 sanctis
3097 865 3199 918 illis
3225 865 3597 922 abundantiam
3628 871 3908 938 prtestabut
3939 889 3950 921 :
3983 875 4052 923 si-

2472 952 2682 1020 quidem
2712 969 2808 1006 nec
2839 954 3054 1019 vitibus,
3089 971 3184 1008 nec
3207 957 3556 1010 torcularibus
3579 959 3617 1023 ¹,
3653 975 3750 1012 nec
3783 959 4017 1029 frugibus
4038 1000 4051 1023 ,

2474 1060 2571 1098 nec
2600 1061 2772 1099 messe
2803 1061 2935 1114 opus
2966 1046 3248 1111 habebant,
3275 1049 3366 1102 sed
3398 1051 3612 1103 uberem
3643 1066 3705 1105 ac
3727 1052 3930 1106 dulcem
3969 1069 4056 1121 po-

2473 1147 2582 1188 tum
2620 1137 2825 1200 fontes,
2859 1147 3040 1207 stagna
3083 1148 3136 1193 et
3178 1139 3321 1193 ﬂuvii
3367 1142 3791 1209 suppeditabant.
3825 1144 4053 1197 Mensztm

2474 1230 2562 1280 nni
2591 1229 2809 1297 angelus
2839 1231 3042 1298 paravit
3087 1231 3372 1284 inauditam
3401 1273 3414 1295 ,
3447 1232 3758 1286 insidentem
3781 1275 3794 1298 ,
3830 1234 4055 1305 humana

2474 1319 2856 1373 consuetudine
2888 1320 3142 1389 majorem
3174 1337 3185 1372 :
3216 1320 3360 1375 Unus
3389 1323 3559 1386 enim,
3595 1323 3791 1391 inquit,
3823 1327 3969 1391 panis
3995 1327 4058 1376 ad

2474 1408 2808 1478 quadraginta
2835 1409 3028 1462 dierum
3067 1411 3289 1463 inediam
3320 1412 3497 1480 sufﬁcit
3539 1412 3606 1483 (5
3643 1413 3769 1484 Reg.
3815 1415 3899 1469 {9.
3929 1415 3988 1468 6.
4017 1428 4058 1467 et

2478 1491 2798 1555 8.\,Alterutn
2823 1490 3062 1560 Spiritus
3079 1492 3253 1561 gratia
3272 1507 3413 1560 stepe
3433 1493 3662 1548 mirifice
3682 1497 3850 1564 pavit,
3885 1515 4060 1568 neque

2471 1597 2596 1640 eum
2625 1584 2822 1647 solum,
2849 1584 2941 1638 sed
2966 1584 3104 1639 alios
3135 1586 3296 1638 etiam
3318 1585 3437 1654 ejus
3461 1601 3630 1641 causa
3661 1588 3823 1657 (Vide
3857 1591 4054 1661 4.12:9.

2471 1679 2521 1732 4.
2542 1672 3173 1753 40).Ca:,lerumJoannes
3193 1680 3314 1749 plus
3355 1695 3517 1748 quam
3557 1683 3812 1750 propheta
3836 1685 4054 1755 (Matth.

2477 1768 2590 1840 Η),
2619 1785 2724 1838 quo
2755 1771 2930 1824 nullus
2965 1769 3016 1823 in
3062 1771 3373 1825 feminarum
3418 1772 3552 1825 natis
3593 1773 3762 1840 major
3803 1775 4063 1836 surrexit,

2476 1876 2575 1916 nec
2610 1861 2826 1915 humani
2866 1863 2967 1917 cibi
3006 1863 3226 1932 indiguit
3259 1883 3271 1916 :
3301 1864 3388 1932 qui
3430 1879 3532 1917 non
3566 1863 3864 1929 frumento,
3905 1865 4061 1927 vino,

2477 1953 2625 2019 oleo,
2667 1953 2757 2007 sed
2799 1955 3018 2008 locustis
3055 1955 3410 2026 sylvestrique
3438 1957 3592 2010 melle
3628 1958 3866 2026 corporis
3906 1957 4066 2010 vitam

2477 2054 2818 2100 sustentaret.
2847 2047 2920 2098 En
2947 2057 3225 2101 terrestres
3245 2048 3482 2117 angelos,
3505 2063 3573 2102 en
3595 2050 3907 2118 virginitatis
3926 2050 4065 2102 vim:

2478 2135 2804 2190 efficiebatnt
2819 2137 3061 2192 homines
3075 2155 3234 2193 carne
3253 2148 3408 2209 atque
3424 2141 3676 2210 sanguine
3694 2145 4067 2212 coagmentati,

2479 2227 2623 2282 ltunti
2655 2230 2974 2299 gradientes,
3002 2234 3240 2285 mortalis
3271 2244 3474 2288 natura:
3504 2237 3806 2290 necessitati
3830 2238 4068 2300 obnoxii,

2481 2329 2748 2388 tamquam
2789 2322 3121 2390 incorporei,
3165 2331 3432 2392 tamquam
3476 2325 3662 2378 cazlum
3706 2325 3814 2395 jam
3855 2326 4068 2395 adepti,

2481 2418 2748 2480 tamquam
2781 2412 3230 2466 immortalitatem
3257 2415 3603 2483 consequuti,
3631 2424 3821 2470 cuncta
3854 2426 4068 2485 [κωδω-

2479 2510 2617 2555 rent.

2551 2593 2766 2648 LXXX.
2812 2594 2947 2659 Quid
2990 2597 3055 2651 sit
3098 2598 3330 2652 honestas
3371 2607 3417 2650 et
3455 2599 3725 2654 assiduitas
3768 2601 3974 2655 decora.
4006 2632 4069 2643 -—-

2481 2685 2686 2755 Quippe
2715 2697 2866 2741 erant
2904 2689 2966 2741 iis
3005 2697 3191 2743 cuncta
3223 2705 3545 2758 supervacua
3569 2732 3584 2755 ,
3620 2706 3723 2744 non
3757 2691 3873 2746 lucc
3899 2692 4068 2746 solum

2480 2791 2599 2845 quae
2631 2792 2756 2832 vere
2784 2792 3108 2844 supervacua
3148 2789 3306 2843 sunt,
3336 2779 3572 2846 deliciae,
3604 2797 3761 2851 opes,
3803 2785 4068 2850 potentia,

2482 2868 2646 2937 gloria
2669 2911 2683 2932 ,
2735 2878 2789 2923 et
2817 2870 3016 2938 reliqua
3046 2872 3374 2924 somniorum
3407 2873 3427 2903 ²
3459 2872 3679 2925 istortnn
3722 2873 3892 2928 series
3915 2915 3929 2938 ,
3979 2875 4069 2929 sed

2483 2961 2642 3015 etiam
2669 2977 2784 3031 qua:
2810 2964 3108 3018 necessaria
3135 2964 3401 3031 videntur,
3428 2965 3592 3031 :edes,
3616 2965 3796 3032 urbes,
3827 2969 4071 3021 artificia.

2485 3051 2596 3106 Hoc
2621 3060 2700 3106 est
2734 3052 2967 3107 honestas
2994 3063 3041 3107 et
3067 3055 3249 3109 decora
3286 3057 3556 3115 assiduitas
3577 3099 3591 3121 ,
3627 3058 3728 3111 hoc
3759 3059 4072 3127 virginitatis

2485 3145 2671 3198 virtus.
2703 3145 2845 3204 Nam
2865 3148 3055 3201 mirum
3085 3148 3296 3217 quidem
3327 3157 3380 3202 et
3411 3149 3589 3203 multis
3615 3151 3826 3204 coronis
3858 3152 4072 3220 dignum

2483 3227 2596 3298 e‘st,
2627 3234 2903 3289 libidinum
2932 3237 3189 3290 insaniam
3223 3238 3500 3308 frangere,
3532 3254 3595 3293 ac
3635 3239 3896 3294 furentem
3928 3253 4073 3294 natu-

2483 3341 2596 3379 ram
2625 3341 2874 3382 coercere
2904 3345 2916 3379 :
2947 3328 3044 3382 sed
3086 3337 3193 3382 tum
3235 3345 3361 3383 vere
3391 3331 3617 3405 mirum,
3647 3346 3766 3384 eum
3808 3331 4073 3400 ejusmodi

2484 3415 2641 3468 etiam
2669 3417 2769 3468 vita
2797 3417 3003 3472 accedit
3027 3435 3040 3482 ;
3069 3419 3290 3472 seorsim
3318 3429 3494 3474 autem
3524 3429 3576 3473 et
3603 3437 3696 3489 per
3721 3437 3777 3475 se
3803 3424 3948 3477 exile
3975 3435 4072 3484 est.

2484 3522 2654 3575 neque
2690 3522 2755 3560 eo
2798 3508 3051 3576 pneditos
3095 3524 3312 3564 servare
3351 3521 3544 3579 potest.
3589 3516 3759 3581 Atque
3799 3513 3886 3569 hic
3925 3515 4075 3568 nobis

2482 3607 2645 3653 testes
2676 3601 2781 3652 sint
2809 3610 3067 3670 quotquot
3107 3600 3367 3670 hodieque
3405 3604 3754 3672 virginitatem
3786 3618 4071 3668 exercent.

2483 3706 2600 3760 qua:
2625 3699 2824 3744 tantum
2853 3692 3044 3746 absunt
3066 3693 3133 3745 ab
3155 3693 3268 3746 Elia
3294 3703 3344 3747 et
3366 3693 3560 3748 Elisreo
3584 3706 3636 3749 et
3660 3696 3886 3756 Joanne,
3912 3714 4075 3765 quan-

2485 3792 2594 3836 tutn
2627 3794 2764 3837 terra
2796 3799 2822 3836 a
2860 3785 3011 3839 caelo.
3046 3784 3108 3839 Ut
3141 3787 3280 3838 enim
3303 3828 3317 3850 ,
3349 3787 3391 3840 si
3435 3788 3736 3840 honestatem
3765 3799 3808 3840 et
3841 3790 4074 3842 decoram

2483 3874 2833 3927 assiduitatem
2871 3876 3098 3943 eripias,
3140 3877 3457 3945 virginitatis
3500 3893 3690 3932 nervos
3735 3881 4027 3933 sttccideris
4063 3901 4070 3932 :

2486 3966 2554 4018 ita
2582 3967 2624 4019 si
2657 3981 2774 4020 eam
2799 3982 2918 4020 cum
2945 3969 3048 4020 vita
3079 3983 3236 4038 quam
3268 3969 3464 4038 optima
3496 3971 3804 4040 conjungas,
3841 3974 4071 4027 ῐἩιΙῘςυιιι

2484 4070 2546 4110 ac
2574 4055 2773 4110 fontem
2805 4057 3064 4111 bonorum
3095 4068 3263 4112 tenes.
3292 4059 3420 4112 Nam
3453 4061 3903 4129 quemadmodum
3935 4064 4072 4117 radi-

2483 4161 2600 4200 cem
2646 4157 2781 4201 terra
2829 4149 3036 4218 pinguis
3080 4165 3141 4203 ac
3180 4150 3403 4214 fertilis,
3442 4153 3518 4205 sic
3552 4154 3654 4205 vita
3688 4169 3844 4223 quam
3877 4159 4074 4225 optima

2480 4237 3022 4305 virginitatisfrurtus
3056 4239 3256 4293 nutrire
3285 4241 3428 4294 novit
3459 4259 3470 4292 :
3503 4243 3609 4294 imo
3636 4253 3687 4295 et
3712 4245 3858 4295 radix
3893 4256 3948 4298 et
3977 4244 4078 4297 fru-

2483 4336 2600 4381 ctus
2621 4327 2934 4396 virginitatis
2963 4331 3065 4383 vita
3093 4331 3344 4384 cruciﬁxa
3367 4340 3466 4384 est.
3493 4332 3615 4386 llmc
3645 4350 3939 4400 generosos
3966 4338 4077 4388 illus

2486 4418 2549 4472 ad
2577 4420 2870 4474 mirabilem
2899 4436 3111 4475 cursum
3141 4423 3374 4483 inunxit,
3411 4424 3632 4478 vinculis
3657 4428 3908 4480 omnibus
3953 4432 4076 4481 reci-

2485 4512 2590 4576 sis,
2623 4511 2802 4566 liberis
2831 4528 2890 4566 ac
2932 4514 3231 4581 pernicibus
3266 4515 3489 4582 pedibus
3519 4527 3782 4585 tamquam
3817 4521 3995 4573 alatos
4028 4522 4071 4572 in

2484 4603 2672 4656 erelum
2697 4603 2997 4657 evolaturos
3023 4605 3311 4660 dimittens.
3341 4604 3439 4661 Ubi
3470 4607 3609 4659 enim
3641 4623 3734 4659 nec
3759 4611 3946 4661 uxoris
3975 4623 4077 4662 stu-

2485 4690 2629 4744 dium
2654 4732 2666 4752 ,
2697 4707 2795 4746 nec
2825 4692 3108 4746 liberorum
3137 4695 3261 4746 cura
3292 4695 3390 4755 sit,
3422 4694 3689 4763 perfacilis
3715 4705 3796 4748 est
3820 4709 4037 4766 egestas
4067 4717 4075 4750 :

2464 4793 2693 4851 egestas
2719 4789 2894 4836 autem
2925 4798 3023 4835 nos
3042 4783 3184 4836 ccclo
3214 4785 3413 4836 vicinos
3446 4794 3656 4853 prmstat
3677 4825 3690 4847 ,
3724 4802 3826 4838 non
3860 4792 4077 4840 terrori-

2487 4877 2584 4929 bus
2627 4875 2793 4928 solum
2837 4884 2891 4928 et
2934 4875 3075 4928 curis
3116 4891 3176 4929 ac
3220 4877 3496 4944 periculis,
3530 4877 3622 4931 sed
3664 4878 3884 4937 reliquis
3923 4885 4078 4932 erant

2487 4967 2732 5020 omnibus
2763 4969 3019 5022 molestiis
3048 4970 3297 5023 liberans.

2557 5060 3075 5142 LXXXI1Quantum
3105 5062 3285 5115 bonum
3313 5063 3375 5114 sit
3400 5074 3608 5133 egestas.
3633 5093 3703 5105 —
3725 5065 3854 5119 Nam
3889 5071 3979 5138 qui
4011 5070 4080 5122 ni-

2486 5151 2562 5206 hil
2595 5153 2770 5216 habet,
2803 5169 2898 5205 cen
2927 5153 3102 5204 omnia
3139 5164 3322 5206 tenens
3345 5157 3519 5206 omnia
3550 5160 3864 5219 contemnit,
3892 5173 3945 5213 et
3975 5179 4078 5213 tna-

2487 5259 2585 5312 gna
2617 5243 2860 5298 libertate
2889 5244 3146 5298 adversus
3189 5248 3525 5313 magistratus
3549 5289 3562 5310 ,
3599 5250 3856 5316 primates
3879 5294 3893 5313 ,
3928 5264 4079 5321 atque

2488 5335 2658 5402 ipsum
2683 5334 2980 5388 diademate
3002 5346 3246 5388 ornatum
3281 5338 3461 5390 utitur.
3490 5338 3587 5405 Qui
3610 5354 3738 5407 opes
3760 5347 4074 5407 eotttemnit,

2487 5426 2683 5479 sensim
2726 5441 3040 5496 progressus
3084 5427 3236 5481 facile
3281 5438 3504 5482 mortem
3541 5430 3696 5482 etiam
3729 5443 4075 5490 contemnet;

2487 5529 2644 5589 atque
2674 5518 2756 5572 his
2779 5519 3037 5574 excelsior
3063 5536 3248 5573 omnes
3277 5521 3538 5590 intrepide
3562 5523 3883 5590 alloquetur,
3919 5529 4077 5580 nenti-

2490 5626 2609 5665 ttem
2641 5625 2838 5680 pavens
2874 5625 2934 5664 ac
2975 5610 3284 5665 formidans.
3317 5614 3384 5666 At
3419 5615 3505 5682 qui
3537 5615 3724 5683 opibus
3755 5632 4076 5688 occupetur,
4134 5687 4135 5695 χ

2553 5738 2569 5770 ⁸
2605 5737 2676 5786 sic
2694 5737 2832 5799 juxta
2851 5736 2989 5785 Savil.
3015 5743 3064 5784 tn
3087 5742 3155 5795 8.,
3181 5734 3360 5799 pra'is,
3390 5751 3476 5799 pro
3493 5773 3506 5796 ,
3533 5739 3870 5799 torcularibus.
3926 5752 3981 5794 tt.

2555 5799 2577 5830 ⁸
2611 5798 2716 5859 Pro,
2739 5799 3046 5859 somniorum,
3073 5798 3189 5862 ueg.
3216 5798 3696 5861 ltabt-t,’mortaliunt.
