4206 6324
13 51 333 270 ..ἐπι

13 51 333 297 ..ἐι

36 381 109 434 591
1475 373 1568 428 DE
1611 371 2081 429 VIRGINITATE.

31 500 114 549 τῶν
163 490 659 564 ἐπαισχυνομένων
702 489 780 561 τῷ
817 489 1124 561 πράγματι.
1162 489 1235 542 Οὐ
1283 488 1393 560 γάρ
1443 488 1697 559 φανερῶς

32 584 143 654 πρὸς
164 582 328 635 αὐτὸν
380 578 756 639 ἀποτείνεται,
786 577 902 630 ἀλλ’
931 580 989 630 ὲν
1015 580 1130 640 τοῖς
1174 576 1420 639 ἐπαίνοις
1466 574 1560 628 τοῦ
1595 575 1696 646 τὴν

31 670 171 724 αὑτοῦ
194 667 594 741 διατηροῦντος
622 665 891 736 παρθένον
916 665 1132 718 δίδωσιν
1161 663 1312 733 αὐτῷ
1340 662 1574 733 σφοδράν
1601 664 1700 735 τὴν

29 758 239 827 πληγήν.
273 755 341 808 Τί
374 756 487 826 γάρ
512 770 708 824 φησιν;
741 755 836 817 Ὃς
867 752 936 805 δὲ
966 752 1229 825 ἕστηκεν
1259 751 1495 819 ἑδραῖος
1526 752 1595 805 ἐν
1624 750 1701 820 τῇ

29 844 222 911 καρδίᾳ
259 843 480 897 αὐτοῦ.
522 840 695 893 Τοῦτο
735 840 790 893 66
828 840 961 909 πρὸς
1021 838 1431 908 ἀντιδιαστολὴν
1482 837 1697 908 εἴρηται

27 932 105 984 τοῦ
135 931 375 992 εὐκόλως
412 930 509 983 καὶ
538 927 779 998 εὐχερῶς
816 928 1280 999 περιφερομένου,
1314 926 1409 979 καὶ
1441 924 1698 977 οὐδέποτε

32 1017 200 1087 βέϐαια
257 1015 505 1086 βαδίζειν
557 1015 792 1077 εἰδότος,
844 1013 965 1066 οὐδὲ
1018 1014 1242 1066 ἑστάναι
1298 1010 1439 1081 μετά
1496 1009 1697 1078 πολλῆς

29 1106 112 1173 τῆς
127 1104 400 1175 ἀνδρείας.
432 1098 566 1156 Εἶτα
587 1102 776 1173 ἐπειδὴ
809 1102 1046 1154 συνεῖδεν
1073 1101 1254 1153 ἰκανὸν
1280 1099 1409 1152 ὄντα
1430 1097 1522 1150 τὸν
1539 1096 1699 1165 λόγον

29 1191 190 1243 δακεῖν
234 1190 338 1260 τὴν
380 1190 593 1243 ἐκείνου
640 1188 859 1259 ψυχὴν,
889 1189 990 1260 ὅρα
1021 1188 1138 1251 πῶς
1183 1186 1346 1239 αὐτὸν
1374 1184 1700 1237 συνεσκίασε

30 1280 192 1343 πάλιν,
220 1278 408 1332 αἰτίαν
448 1275 753 1345 ἐπαγαγὼν
795 1276 855 1329 οὐ
906 1275 1114 1344 σφόδρα
1143 1272 1476 1344 κατηγορίας
1518 1271 1695 1338 ἀξίαν.

26 1365 193 1418 Εἰπὼν
224 1366 357 1435 γάρ,
390 1366 490 1430 ’Ὀς
511 1363 579 1417 δὲ
614 1363 874 1429 ἔστηκεν
902 1361 1138 1431 ἑδραῖος
1168 1362 1239 1413 ἐν
1265 1359 1338 1428 τῇ
1368 1358 1579 1429 καρδίᾳ
1598 1353 1701 1412 ἂύ-

26 1454 138 1517 τοῦ,
202 1452 511 1524 προσέθηκε
537 1492 551 1516 ,
590 1451 689 1519 Μὴ
722 1450 882 1519 ἔχων
926 1450 1237 1519 ἀνάγκην,
1288 1446 1582 1512 ἐξουσίαν
1632 1444 1701 1497 δὲ

27 1543 186 1611 ἔχων.
204 1542 404 1596 Καίτοι
422 1540 716 1594 ἀκόλουθον
730 1535 798 1611 ἦν
816 1540 1012 1592 εἰπεῖν·
1026 1539 1122 1601 Ὃς
1140 1536 1197 1589 66
1213 1536 1445 1607 ’έστηκεν
1463 1534 1697 1605 ἑδραῖος,

29 1629 111 1681 καί
159 1630 230 1699 μὴ
285 1629 500 1699 νομίζει
549 1627 608 1680 τὸ
638 1628 872 1697 πρᾶγμα
914 1623 1304 1695 ἀσχημοσύνην
1358 1618 1533 1675 εἶναι’
1565 1620 1702 1675 ἀλλά

27 1716 168 1769 τοῦτο
194 1714 645 1787 πληκτικώτερον
669 1710 735 1785 ἦν
758 1731 771 1743 ·
806 1713 888 1767 διδ
932 1712 1119 1783 ἕτερον
1163 1713 1284 1765 ἀντὶ
1313 1709 1506 1763 τούτου
1534 1726 1703 1781 προσ-

31 1802 176 1875 έθηκε
206 1801 708 1874 παραμυθούμενος
754 1799 954 1863 αὐτὸν,
997 1800 1093 1851 καὶ
1140 1797 1317 1859 διδοὺς
1362 1795 1562 1867 μᾶλλον
1610 1795 1702 1848 ἐπὶ

28 1891 214 1958 ταύτην
236 1889 416 1942 ἐλθεῖν
446 1889 547 1959 τὴν
571 1888 773 1941 αἰτίαν.
801 1888 875 1941 Οὐ
902 1886 1011 1958 γάρ
1028 1885 1169 1938 οὑτω
1196 1885 1370 1938 δεινὸν
1390 1884 1449 1937 τὸ
1466 1885 1701 1954 πρᾶγμα

29 1979 85 2032 δι’
113 1978 360 2047 ἀνάγκην
388 1976 643 2039 κωλύειν,
681 1975 757 2039 ὡς
798 1975 864 2028 δι’
914 1973 1203 2044 αἰσχύνην.
1239 1970 1411 2026 Τοῦτο
1452 1972 1550 2043 μὲν
1592 1972 1699 2043 γὰρ

26 2067 187 2136 ψυχῆς
232 2068 385 2119 ἐστιν
432 2064 698 2135 ἀνάνδρου
743 2064 837 2116 καὶ
886 2061 1259 2134 ταλαιπώρου,
1305 2063 1483 2114 ἐκεῖνο
1515 2061 1571 2113 δὲ
1607 2061 1700 2114 καὶ

26 2153 473 2225 διεστραμμένης,
498 2154 595 2205 καὶ
627 2151 747 2204 οὐδὲ
769 2150 870 2221 τὴν
896 2150 1005 2203 τῶν
1032 2149 1375 2220 πραγμάτων
1393 2147 1555 2218 φύσιν
1586 2150 1703 2200 ἐπι-

31 2242 291 2312 σταμένης
340 2240 551 2312 κρίνειν
581 2238 777 2309 ὀρθῶς.
807 2236 966 2290 Ἀλλά
993 2236 1196 2289 τούτων
1217 2233 1370 2288 οὑπω
1394 2232 1502 2287 τῶν
1528 2233 1701 2302 λόγων

28 2324 83 2396 ἦν
106 2332 130 2381 6
160 2330 358 2400 καιρός
379 2346 393 2359 ο
432 2329 556 2381 ἐπεὶ
589 2325 738 2398 [551]
766 2326 848 2379 ὅτι
882 2342 948 2395 γε
977 2326 1099 2378 οὐδέ
1144 2323 1501 2393 ἐπικειμένης
1541 2322 1702 2393 θέμις

29 2417 111 2485 τὴν
138 2414 537 2488 προῃρημένην
569 2412 927 2484 παρθενεύειν
977 2412 1323 2472 κωλύεσθαι,
1378 2409 1514 2463 ἀλλά
1565 2410 1701 2479 πρὸς

30 2503 189 2555 πάντα
212 2503 471 2555 ἵστασθαι
499 2502 604 2572 χρὴ
628 2500 893 2568 γενναίως
923 2498 992 2551 τά
1016 2499 1379 2552 διακόπτοντα
1402 2497 1501 2567 τὴν
1531 2496 1701 2567 καλὴν

27 2588 215 2659 ταύτην
242 2587 446 2659 ὁρμὴν,
473 2588 706 2641 ἄκουσον
740 2586 792 2638 τί
839 2601 1001 2656 φησιν
1034 2587 1061 2638 6
1099 2585 1336 2653 Χριστός
1358 2599 1369 2614 ·
1420 2584 1476 2635 '0
1506 2580 1703 2651 φιλῶν

28 2671 236 2739 πατέρα
251 2672 290 2740 ἧ
308 2672 543 2741 μητέρα
568 2670 721 2737 ὑπὲρ
742 2668 867 2737 ἐμὲ,
895 2669 1007 2721 οὐκ
1027 2666 1159 2720 ἔστι
1181 2684 1301 2735 μου
1318 2665 1508 2730 ἄξιος.
1532 2665 1702 2718 Ὀταν

31 2758 125 2830 γάρ
148 2776 199 2811 τι
226 2759 508 2830 μετίωμεν
535 2756 737 2826 τῶντῷ
754 2754 872 2826 Θεῷ
898 2753 1221 2816 δοκούντων,
1253 2752 1398 2815 ἀπας
1426 2755 1453 2805 6
1474 2752 1701 2805 κωλύων

32 2845 203 2917 ἐχθρὸς
230 2847 373 2899 ἐστω
422 2845 516 2898 καὶ
556 2843 848 2914 πολέμιος,
895 2841 1000 2895 κᾶν
1034 2839 1216 2912 πατὴρ
1249 2837 1306 2914 ᾖ,
1344 2839 1446 2893 κᾶν
1483 2840 1700 2911 μήτηρ,

32 2933 122 2985 κᾶν
170 2932 445 2986 ὁστισοῦν.
513 2931 654 2984 Ἀλλ’
688 2932 719 2983 6
767 2927 978 2991 Παῦλος
1033 2928 1113 2981 ἐτι
1162 2928 1542 2992 διαϐαστάζων
1592 2928 1702 2981 τῶν

31 3019 319 3074 ἀκουόντων
334 3021 398 3074 τὸ
418 3018 627 3083 ἀτελὲς,
645 3016 818 3071 ταῦτα
830 3018 1060 3088 ἔγραφε,
1087 3016 1261 3085 λέγων
1274 3032 1288 3047 ν
1317 3018 1416 3081 Ὃς
1437 3015 1507 3069 δὲ
1526 3015 1704 3084 ἔστη-

32 3121 125 3159 κεν
144 3106 377 3175 ἑδραῖος
399 3106 487 3177 μὴ
517 3106 674 3176 ἔχων
700 3104 974 3174 ἀνάγκην
994 3115 1008 3135 ⁵
1046 3103 1142 3158 καὶ
1175 3103 1297 3156 οὐδέ
1326 3104 1489 3174 μέχρι
1511 3103 1702 3157 τούτου

32 3192 111 3245 τὸν
134 3194 291 3262 λόγον
326 3195 527 3266 ἔστησε
548 3209 563 3223 ’
603 3192 783 3247 καίτοι
836 3209 902 3261 γε
950 3191 1045 3255 τὸ,
1078 3191 1175 3260 Μὴ
1204 3191 1364 3261 ἔχων
1404 3191 1700 3261 ἀνάγκην,

34 3282 134 3345 καὶ,
184 3282 511 3346 ἐξουσίαν
552 3281 743 3350 ἔχων,
790 3279 985 3333 ταυτόν
1034 3281 1215 3331 ἐστιν·
1252 3277 1391 3330 ἀλλά
1423 3277 1501 3349 τῷ
1537 3279 1703 3349 μήκει

30 3364 111 3419 τοῦ
138 3367 295 3436 λόγου
320 3369 419 3421 καὶ
442 3368 509 3439 τῇ
538 3366 793 3438 συνεχείᾳ
820 3367 929 3419 τῶν
952 3367 1354 3437 συγχωρήσεων
1386 3366 1486 3437 τὴν
1507 3364 1702 3438 εὐτελῆ

33 3454 115 3506 καὶ
146 3455 347 3527 μικρὰν
400 3454 813 3526 παραμυθεῖται
855 3454 1117 3520 διάνοιαν,
1168 3453 1306 3524 μετὰ
1354 3453 1557 3507 τούτων
1608 3455 1703 3508 καὶ⁸

34 3539 208 3611 ἑτέραν
230 3542 417 3594 αίτίαν
442 3542 703 3613 προσθεὶς
735 3540 817 3605 τὸ,
850 3543 945 3607 Ὃς
976 3540 1253 3609 κέκρικεν
1280 3540 1350 3593 ἐν
1371 3539 1448 3610 τῇ
1487 3542 1703 3611 καρδία

33 3627 217 3681 αὑτοῦ.
242 3629 319 3682 Οὐ
353 3630 466 3700 γάρ
494 3630 656 3700 ἀρκεῖ
691 3628 752 3681 τὸ
781 3628 1066 3701 ἐλεύθερον
1093 3624 1233 3681 εἶναι
1254 3667 1270 3691 ,
1301 3629 1421 3682 οὐδὲ
1444 3629 1554 3682 ἀπὸ
1577 3629 1700 3683 τούο

33 3730 114 3765 του
145 3716 302 3785 μόνον
340 3716 644 3780 ὑπεύθυνός
662 3728 689 3757 ι
708 3718 877 3781 ἐστιν,
896 3716 1013 3770 ἀλλ’
1027 3719 1157 3770 ὅταν
1178 3717 1367 3788 ἐληται
1394 3716 1489 3771 καὶ
1514 3716 1697 3790 κρίνῃ,

34 3802 140 3855 τότε
163 3804 341 3867 καλῶς
379 3806 547 3858 ποιεῖ.
580 3799 713 3857 Εἶτα
747 3805 835 3858 ἵνα
880 3804 955 3876 μὴ
986 3804 1217 3876 νομίσῃς
1245 3803 1335 3857 διὰ
1362 3806 1463 3877 τὴν
1496 3805 1699 3876 πολλὴν

39 3891 428 3958 ωγκατάῦασιν
447 3891 612 3963 μηδὲν
642 3888 858 3946 εἶναιτὸ
881 3891 1065 3962 μέσον,
1082 3892 1263 3963 τίθησι
1294 3892 1458 3946 πάλιν
1476 3892 1573 3964 τὴν
1586 3893 1701 3947 δια-

36 3980 192 4049 φοράν
223 3982 342 4051 μεθ’
361 3980 668 4051 ὑποστολῆς
689 3980 807 4051 μὲν,
823 3980 1005 4051 τίθησι
1031 3980 1076 4033 δ’
1100 3982 1272 4051 ὅμως,
1288 3980 1464 4050 λέγων
1482 3999 1494 4011 ·
1514 3982 1700 4035 Ὥστε

37 4066 121 4117 καὶ
153 4071 184 4119 ό
210 4065 542 4138 ἐκγαμίᾶυν
588 4066 792 4133 καλῶς
843 4067 1019 4134 ποιεῖ,
1068 4071 1102 4121 ό
1146 4066 1215 4121 δὲ
1244 4067 1332 4137 μὴ
1370 4068 1701 4138 ἐκγαμίζων

36 4151 306 4218 νρείσσον
326 4154 506 4209 ποιεῖ.
555 4154 695 4207 Ἀλλ’
717 4154 952 4208 ἐνταῦθα
984 4153 1085 4225 μὲν
1110 4155 1234 4209 ὅσον
1257 4148 1319 4208 τὺ
1333 4158 1581 4227 κρεῖττον
1597 4157 1699 4209 οὑκ

36 4239 185 4307 ἔδειξε
212 4241 300 4295 διά
323 4242 425 4313 τὴν
458 4242 632 4313 αὐτὴν
659 4241 821 4296 πάλιν
849 4242 1061 4297 αἰτίανν
1102 4244 1167 4297 σὺ
1192 4242 1249 4296 66
1291 4245 1340 4296 εἰ
1386 4243 1561 4307 θέλεις
1592 4260 1699 4315 μα-

37 4326 154 4391 θεῖν,
186 4330 420 4383 ἀκουσον
446 4329 542 4383 τοῦ
597 4329 831 4398 Χριστοῦ
880 4330 1135 4398 λέγοντος
1154 4346 1167 4361 ⁸
1199 4331 1349 4385 Οὔτε
1375 4330 1695 4401 γαμοῦσιν,

36 4414 159 4467 οὔτε
186 4414 528 4485 γαμίζονται
546 4456 561 4481 ,
595 4416 734 4470 ἀλλ’
767 4415 928 4471 εἰσιν
952 4417 1034 4484 ὡς
1054 4416 1300 4486 ἄγγελοι
1338 4417 1409 4471 ἐν
1438 4417 1695 4488 οὐρανῷ.

37 4498 171 4566 Εἶδες
200 4503 260 4557 τὺ
288 4505 475 4575 μέσον,
507 4503 609 4558 ποῦ
631 4505 722 4559 τὸν
743 4503 936 4577 θνητὸν
961 4507 993 4575 ή
1019 4505 1286 4576 παρθενία
1312 4505 1507 4578 ἀθρόον
1529 4506 1694 4578 αῖρει,

35 4590 148 4643 ὅταν
170 4590 336 4656 ὅντως
434 4593 737 4665 παρθενία;
1422 4643 1435 4663 ,

98 4680 210 4733 08'.
227 4682 292 4735 Τί
309 4682 418 4756 γάρ
438 4682 548 4735 τῶν
571 4682 823 4751 ἀγγέλων
847 4683 1096 4754 ἀπεῖχον,
1113 4683 1236 4737 είπέ
1260 4701 1372 4755 μοι,
1389 4686 1417 4737 6
1447 4683 1695 4750 Ἦλίας,δ

45 4763 350 4833 Ἐλισσαῖος,
378 4773 409 4823 6
453 4769 727 4841 Ἰωάννης,
762 4765 906 4824 οὗτοι
931 4772 979 4822 οῖ
1010 4763 1219 4841 γνήσὶοι
1260 4773 1360 4840 τῆς
1399 4771 1698 4842 παρθενίας

40 4851 278 4921 ἐρασταίς
310 4854 478 4909 Οὐδὲν
512 4855 683 4927 ἀλλ’ἢ
717 4852 840 4909 ὅσον
874 4856 1042 4928 θνητῇ
1078 4857 1463 4928 προσεδέδεντο
1498 4858 1659 4927 φύσει
1679 4875 1694 4891 ο

39 4939 97 4992 τὰ
121 4939 173 4993 δὲ
205 4941 339 4996 ἀλλα
362 4944 417 4996 εἴ
442 4960 527 5006 τις
555 4943 801 5015 ἀκριϐῶς
826 4942 1156 5009 ἐξετάσειεν,
1174 4945 1327 4998 οὐδὲν
1349 4948 1529 5017 χεῖρον
1550 4946 1699 5000 ἐκεί-

39 5042 132 5077 νων
163 5028 379 5101 εὑρήσει
410 5029 819 5101 διακειμένους·
854 5032 1129 5086 καὶτοῦτο
1150 5031 1209 5085 66
1242 5034 1374 5086 αὐτὸ
1404 5033 1467 5086 τὸ
1505 5033 1697 5087 δοκοῦν

39 5114 303 5189 ἐλάττωμα
330 5116 489 5182 εἶναι,
522 5120 666 5190 μέγα
692 5122 772 5184 εἰς
796 5121 1072 5191 ἐγκωμίου
1110 5121 1266 5189 λόγον
1313 5122 1451 5177 ἐστί.
1488 5122 1561 5174 Τὸ
1587 5122 1694 5195 γάρ

40 5201 133 5271 γῆν
155 5205 447 5271 οἰκοῦντας,
486 5207 581 5264 καὶ
609 5209 675 5277 τῇ
706 5207 803 5277 τῆς
824 5207 1027 5279 θνητῆς
1057 5207 1272 5283 φύσεως
1302 5208 1697 5279 ὑποκειμένους

41 5290 252 5367 ἀνάγκῃ,
281 5293 576 5366 δυνηθῆναι
604 5294 810 5365 φθάσαι
831 5296 969 5368 πρὸς
988 5297 1204 5367 ἐκείνην
1226 5298 1325 5367 τὴν
1349 5298 1571 5368 ἀρετὴν,
1594 5299 1696 5369 ὅρα

44 5377 196 5447 πόσης
226 5381 498 5453 ἀνδρείας,
525 5383 701 5455 πόσης
734 5383 1050 5453 φιλοσοφίας
1078 5380 1168 5456 ἧν.
1198 5385 1321 5438 Ὀτι
1345 5385 1402 5437 δὲ
1431 5385 1629 5449 αὐτοὺς
1660 5389 1694 5458 ή

44 5466 284 5533 παρθενία
312 5470 591 5533 τοιούτους
616 5470 865 5543 ἐποίησε,
900 5471 1059 5541 δῆλον
1098 5472 1309 5527 ἐκεῖθεν
1329 5489 1343 5503 '
1373 5474 1422 5525 εί
1458 5472 1565 5545 γὰρ
1598 5491 1696 5543 γυ-

46 5557 184 5608 ναῖκα
230 5553 372 5628 εἶχον
426 5559 525 5613 καὶ
554 5560 774 5625 παῖδας,
808 5559 909 5613 οὐκ
938 5560 1005 5613 ἂν
1055 5560 1295 5625 εὐκόλως
1326 5560 1426 5632 τὴν
1457 5563 1695 5632 ἐρημίαν

44 5640 362 5712 ᾡκησαν,οὐκ
374 5648 440 5701 ἂν
462 5649 643 5711 οἰκίας
659 5648 1096 5719 κατεφρόνησαν,
1110 5649 1209 5701 οὐκ
1225 5648 1291 5701 ἂν
1303 5650 1403 5719 τῆς
1419 5649 1585 5721 ἄλλης
1600 5652 1693 5705 τοῦ

49 5731 143 5795 βίον
174 5736 545 5807 κατασκευῆς·
582 5736 681 5791 νῦν
730 5733 788 5789 66
832 5721 1290 5790 πάντωνἿιούτων
1331 5734 1715 5804 ἀπολυθέντες

48 5817 135 5869 τῶν
167 5822 369 5894 δεσμῶν
392 5863 408 5889 ,
442 5825 521 5888 ὡς
555 5825 614 5879 ἐν
644 5825 895 5896 οὐρανοῖς
925 5823 1074 5888 ὅντες
1107 5823 1251 5879 οῦτω
1284 5824 1552 5897 διέτριϐον
1602 5828 1693 5881 ἐπὶ

99 5968 113 5990 ⁸
130 5959 236 6019 [υθέ.
259 5965 393 6019 μένον
416 5964 672 6027 ἐλεύθερος.

3381 369 3489 426 892

1804 488 1903 560 τῆς
1931 488 2069 557 γῆς·
2101 488 2161 541 οὐ
2184 486 2379 558 τοίχων
2404 486 2634 554 ἐδέοντο,
2666 485 2770 541 οὐκ
2813 484 3016 558 ὀροφῆς
3039 525 3054 553 ,
3083 486 3146 541 οὑ
3184 485 3392 558 κλίνης,
3426 489 3491 542 οὐ

1803 575 2105 647 τραπέζης,
2144 577 2244 629 οὐκ
2266 576 2425 630 ἄλλου
2447 576 2555 629 τῶν
2590 576 2849 630 τοιούτων
2885 574 3052 641 τινδς,
3100 574 3218 629 ἀλλ’
3240 574 3365 629 ἀντὶ
3392 574 3493 646 μὲν

1810 664 2011 733 στέγης
2034 657 2181 733 εἶχον
2206 662 2299 716 τὸν
2321 664 2571 734 οὐρανὸν,
2598 663 2718 717 ἀντὶ
2748 663 2805 716 δὲ
2832 662 3022 734 κλίνης
3068 663 3166 735 τὴν
3198 662 3302 734 γῆν
3323 704 3337 727 ,
3370 663 3495 717 ἀντὶ

1803 750 1859 802 δὲ
1914 750 2198 821 τραπέζης
2251 749 2351 822 τὴν
2375 751 2646 822 ἐρημίαν·
2679 751 2773 804 καὶ
2818 752 3057 822 πρᾶγμα
3094 750 3122 804 6
3168 754 3283 814 τοῖς
3309 749 3494 814 ἄλλοις

1803 836 1977 890 αἴτιον
2007 832 2146 890 εἶναι
2174 838 2335 908 λιμοῦ
2363 838 2529 901 δοκεῖ,
2562 838 2663 907 τῆς
2706 839 2942 909 ἐρημίας
2968 841 3001 910 ή
3032 839 3305 911 ἀκαρπία,
3335 838 3496 893 τοῦτο

1803 926 1931 987 τοὺς
1964 925 2152 993 ἁγίους
2175 925 2418 989 ἐκείνους
2447 927 2504 979 ἐν
2527 926 2759 997 ἀφθονία
2786 925 3039 997 καθίστη.
3071 927 3146 979 Οὐ
3178 926 3288 997 γάρ
3314 925 3497 997 ἀμπέ-

1803 1010 1912 1063 λων
1959 1014 2145 1075 αὐτοῖς
2190 1013 2429 1083 ἐδέησεν,
2462 1012 2583 1065 οὐδέ
2621 1012 2800 1084 ληνῶν
2851 1013 2878 1052 b
2904 1051 2918 1075 ,
2954 1013 3076 1071 οὐδὲ
3129 1012 3319 1085 ληΐων,
3375 1013 3496 1068 οὐδὲ

1806 1097 2055 1169 ἀμητοῦο
2098 1098 2232 1151 ἀλλά
2263 1097 2323 1151 τὸ
2358 1099 2457 1169 μὲν
2508 1100 2671 1153 ποτὸν
2718 1100 2901 1163 αὐτοῖς
2950 1100 3184 1169 ἄφθονον
3233 1102 3496 1172 παρεῖχον

1807 1186 1903 1239 καὶ
1936 1186 2033 1255 ἡδὺ
2069 1187 2245 1257 πηγαὶ
2280 1188 2374 1240 καὶ
2403 1188 2639 1258 ποταμοὶ
2664 1189 2759 1241 καὶ
2778 1187 2988 1257 λίμναι,
3018 1187 3299 1257 τράπεζαν
3328 1188 3386 1242 66
3415 1188 3496 1259 τῷ

1811 1274 1909 1344 μὲν
1941 1273 2171 1342 ἄγγελος
2205 1273 2579 1339 κατεσκεύαζε
2608 1275 2933 1346 θαυμαστήν
2972 1293 3095 1328 τινα
3118 1276 3213 1329 καὶ
3252 1277 3494 1347 παράδο-

1810 1360 1920 1427 ξον,
1956 1362 2051 1416 καὶ
2077 1362 2298 1433 μείζονα
2324 1361 2357 1431 ἢ
2389 1362 2510 1415 κατ’
2544 1361 2895 1434 ἀνθρωπίνην
2926 1364 3221 1434 συνήθειαν
3246 1380 3260 1394 ·
3295 1365 3355 1416 '0
3385 1362 3495 1433 γὰρ

1807 1444 1895 1513 εἷς
1915 1448 2115 1516 ἄρτος,
2145 1450 2299 1520 φησι,
2332 1450 2486 1518 πρὸς
2510 1450 2968 1519 τεσσαράκοντα
2994 1450 3233 1520 ἡμερῶν
3253 1451 3497 1506 ἀσιτίαν

1806 1536 2033 1606 ἤρκεσε
2054 1554 2068 1568 °
2094 1538 2187 1591 τὸν
2220 1538 2277 1591 66
2296 1540 2329 1608 ή
2362 1538 2456 1593 τοῦ
2485 1537 2627 1592 Πνεύ
2636 1555 2806 1608 ματος
2832 1539 2992 1610 χάρις
3024 1539 3285 1602 πολλάκις
3304 1538 3496 1611 ἔτρεφε

1808 1625 2228 1697 θαυματουργοῦ
2238 1643 2327 1690 σα,
2350 1626 2446 1680 καὶ
2461 1626 2561 1679 οὐκ
2584 1626 2747 1680 αὐτὸν
2771 1626 2952 1697 μόνον,
2972 1626 3107 1679 ἀλλά
3137 1628 3230 1680 καὶ
3257 1626 3322 1679 δι’
3348 1625 3496 1679 ἐκεί-

1808 1733 1900 1770 νου
1924 1715 2167 1787 ἐτέρους.
2217 1716 2277 1768 Ὀ
2309 1716 2365 1768 66
2398 1716 2682 1786 προφήτου
2718 1714 2881 1767 πλέον
2914 1714 3187 1785 Ἰωάννης,
3213 1708 3273 1769 οὗ
3295 1713 3498 1784 μείζων

1808 1804 1868 1856 ἐν
1905 1802 2184 1873 γεννητοῖς
2214 1800 2366 1874 [552]
2410 1800 2687 1871 γυναικῶν
2737 1801 2838 1854 οὐκ
2882 1801 3207 1871 ἐγήγερται,
3243 1800 3363 1853 οὐδέ
3410 1800 3500 1854 ἀν-

1810 1889 2089 1960 θρωπίνης
2121 1888 2312 1961 ἐδεήθη
2365 1889 2572 1961 τροφῆς
2594 1904 2605 1917 ·
2640 1889 2700 1941 οὐ
2740 1888 2847 1960 γὰρ
2883 1891 3029 1951 σῖτος
3060 1888 3156 1941 καὶ
3206 1882 3347 1950 οἶνος
3400 1889 3497 1942 καὶ

1809 1977 2008 2040 ἔλαιον,
2045 1976 2160 2030 ἀλλ’
2196 1976 2416 2048 ἀκρίδες
2457 1977 2551 2030 καὶ
2583 1976 2707 2047 μέλι
2758 1976 2950 2046 ἄγριον
2985 1975 3084 2046 τὴν
3118 1974 3212 2027 τοῦ
3239 1973 3493 2045 σώματος

1810 2063 1974 2117 αὐτοῦ
2014 2064 2335 2135 διεκράτουν
2381 2062 2549 2135 ζωήν.
2604 2058 2759 2126 Εἶδες
2789 2062 3056 2132 ἀγγέλους
3090 2062 3182 2115 ἐπὶ
3222 2063 3320 2133 τῆς
3352 2062 3494 2133 γῆς;

1810 2147 1950 2215 εἶδες
1982 2150 2313 2221 παρθενίας,
2333 2150 2523 2219 ίσχύν;
2554 2151 2695 2213 Τοὺς
2726 2150 2921 2221 αἵματι
2961 2151 3057 2203 καὶ
3089 2149 3255 2221 σαρκὶ
3286 2166 3498 2219 συμπε-

1810 2239 2146 2309 πλεγμένους
2172 2279 2186 2304 ,
2221 2239 2357 2302 τοὺς
2377 2238 2552 2307 χαμαὶ
2578 2238 2929 2309 ἐρχομένους,
2974 2238 3103 2301 τοὺς
3134 2239 3350 2308 ἀνάγκῃ
3386 2234 3495 2306 φύ-

1811 2344 1949 2389 σεως
1988 2326 2385 2403 ὑποκειμένους
2416 2325 2637 2395 θνητῆς,
2666 2325 2741 2388 ὡς
2780 2326 3137 2397 ἀσωμάτους,
3165 2326 3240 2389 ὼς
3283 2324 3369 2377 τὸν
3408 2325 3499 2378 οὑ-

1810 2415 1973 2487 ρανδν
2006 2414 2105 2486 ἤδη
2134 2412 2414 2485 λαχόντας.
2448 2413 2523 2475 ὡς
2543 2412 2847 2468 ἀθανασίαν
2886 2410 3498 2485 μετειληφότας,οὑτως

1809 2502 2029 2556 ἅπαντα
2052 2504 2227 2556 ποιεῖν
2260 2498 2661 2572 παρεσκεύασε.

1880 2591 1961 2646 ΙΙ’.
1988 2591 2177 2645 Πάντα
2201 2590 2311 2661 γὰρ
2340 2590 2569 2652 ἐκείνοις
2583 2585 2652 2661 ἦν
2683 2590 2935 2660 περιττὰ,
2958 2590 3019 2644 οὐ
3043 2588 3215 2644 ταῦτα
3244 2590 3403 2662 μόνον
3432 2586 3503 2641 τά

1808 2679 1978 2742 δντως
2009 2677 2141 2731 ὄντα
2164 2676 2414 2747 περιττά,
2448 2678 2652 2748 τρυφὴ,
2678 2678 2772 2730 καὶ
2795 2677 3045 2741 πλοῦτος,
3068 2678 3164 2731 καὶ
3187 2677 3496 2742 δυναστεία,

1809 2768 1905 2821 καὶ
1937 2766 2085 2832 δόξα,
2121 2765 2217 2819 καὶ
2252 2766 2281 2817 6
2317 2764 2500 2828 λοιπὸς
2524 2764 2634 2818 τῶν
2666 2766 2892 2836 ὀνείρων
2917 2764 3124 2819 τούτων
3158 2766 3184 2805 b
3219 2765 3495 2838 όρμαθός⁹

1807 2854 1945 2907 ἀλλά
1984 2854 2077 2907 καὶ
2104 2852 2172 2906 τὰ
2210 2850 2470 2904 δοκοῦντα
2498 2846 2636 2905 εἶναι
2678 2853 2975 2920 ἀναγκαῖα,
3024 2850 3224 2916 οἰκίαι,
3262 2854 3355 2906 καὶ
3401 2852 3501 2907 πό-

1807 2941 1940 3005 λεις,
1973 2942 2069 2995 καῖ¹
2092 2940 2307 3009 τέχναι·
2336 2937 2495 2991 τοῦτό
2519 2940 2666 2993 ἐστιν
2684 2939 3109 3008 τὸ,Εὔσχημον
3127 2938 3226 2995 καί
3244 2942 3501 3008 εὐπρόσ-

1807 3028 1987 3097 εδρον
2046 3022 2207 3091 εἶναι,
2257 3026 2415 3079 τοῦτο
2449 3026 2746 3097 παρθενίας
2779 3028 2969 3098 ἀρετή.
3017 3026 3342 3097 Θαυμαστὸν
3398 3027 3499 3097 μὲν

1807 3117 1918 3189 γὰρ
1948 3117 2043 3169 καὶ
2074 3113 2283 3168 πολλῶν
2317 3115 2597 3183 στεφάνων
2641 3112 2790 3179 ἄξιον
2838 3116 2929 3167 καὶ
2963 3114 3022 3167 τὸ
3042 3114 3142 3185 τῆς
3170 3113 3277 3168 τῶν
3305 3115 3498 3167 ἐπιθυ-

1813 3204 1955 3276 μιῶν
1983 3201 2364 3275 περιγενέσθαι
2392 3201 2612 3271 λύττης.
2647 3202 2742 3255 καὶ
2769 3202 3101 3273 μαινομένην
3127 3201 3381 3273 κατέχειν
3398 3203 3498 3275 τὴν

1809 3292 1991 3362 φύσιν,
2016 3290 2152 3344 ἀλλά
2175 3289 2296 3343 τότε
2327 3289 2497 3351 δντως
2529 3288 2741 3357 γίνεται
2769 3288 3080 3359 θαυμαστὸν
3104 3329 3118 3353 ,
3155 3290 3282 3342 ὅταν
3314 3291 3343 3342 6
3382 3308 3496 3363 τοι·

1808 3378 1963 3442 οῦτος
1995 3376 2109 3449 βίος
2134 3380 2311 3447 προσῇ
2335 3395 2348 3407 ·
2378 3376 2509 3429 αὐτὸ
2552 3375 2610 3429 66
2634 3376 2755 3429 καθ’
2782 3376 2943 3429 ἐαυτὸ
2985 3376 3231 3439 ἀσθενὲς,
3276 3378 3370 3432 καὶ
3397 3379 3497 3450 οὐχ

1813 3466 1999 3520 ἱκανὸν
2022 3464 2197 3518 σῶσαι
2221 3465 2349 3527 τοὺς
2384 3462 2624 3533 ἔχοντας.
2663 3462 2775 3515 Καὶ
2800 3465 3211 3535 μαρτυρήσειαν
3247 3464 3314 3519 ἂν
3363 3464 3523 3537 ἡμῖν

1806 3554 1931 3608 ὅσαι
1963 3551 2263 3624 παρθενίαν
2298 3551 2398 3621 μὲν
2418 3550 2646 3603 ἀσκοῦσι
2685 3550 2779 3604 καὶ
2819 3550 2943 3604 νῦν·
2984 3550 3246 3605 τοσοῦτον
3274 3552 3332 3606 66
3361 3555 3499 3608 ἀπο-

1807 3641 2019 3695 δέουσιν
2047 3639 2232 3694 Ἡλίου
2257 3638 2351 3692 καὶ
2397 3636 2701 3691 Ἐλισσαίου
2747 3638 2841 3690 καὶ
2900 3637 3171 3704 Ἰωάννου,
3208 3634 3331 3693 ὅσον
3358 3641 3393 3711 ἡ
3424 3643 3496 3714 γῆ

1807 3730 1901 3783 τοῦ
1928 3727 2184 3799 οὐρανοῦ.
2219 3727 2430 3796 Ὥσπερ
2466 3724 2577 3795 γὰρ
2602 3724 2664 3777 τὸ
2691 3724 3026 3793 Εῦσχημον
3069 3726 3173 3779 καί
3231 3728 3497 3796 εὐπρόσ-

1805 3818 1986 3887 εδρον
2019 3816 2086 3870 ἀν
2111 3814 2394 3887 περιέλῃς,
2423 3811 2647 3867 αὐτά.τὰ
2664 3809 2831 3883 νεῦρα
2854 3812 2953 3883 τῆς
2983 3812 3284 3885 παρθενίας
3315 3815 3499 3879 ἐξέκο-

1804 3906 1935 3976 ψας,
1967 3903 2140 3967 οὑτως
2162 3904 2291 3956 ὅταν
2316 3898 2485 3969 αὐτὴν
2545 3898 2684 3969 μετά
2716 3898 2995 3963 πολιτείας
3044 3900 3177 3972 ἔχῃς
3214 3902 3448 3974 ἀρίστης
3475 3944 3491 3967 ,

1804 3995 1903 4063 τὴν
1928 3988 2087 4061 ῥίζαν
2118 3988 2215 4041 καὶ
2241 3987 2340 4058 τὴν
2359 3984 2619 4039 ὑπόθεσιν
2643 3984 2788 4055 ἔχεις
2820 3986 2928 4040 τῶν
2982 3986 3187 4042 καλῶν.
3223 3988 3496 4063 Καθάπερ

1803 4078 1917 4149 γὰρ
1950 4076 2109 4149 ῥίζαν
2129 4074 2158 4115 (ι
2195 4076 2266 4146 γῆ
2298 4073 2505 4144 λιπαρὰ
2533 4074 2627 4127 καὶ
2652 4072 2896 4143 γόνιμος,
2926 4073 3102 4136 οὑτως
3125 4069 3267 4128 οἶδεν
3295 4075 3494 4149 ἀρίστη

1805 4165 2051 4219 πολιτεία
2077 4162 2303 4234 τρέφειν
2326 4162 2454 4224 τοὺς
2481 4160 2580 4231 τῆς
2621 4159 2923 4231 παρθενίας
2964 4159 3213 4231 καρπούς
3237 4179 3253 4194 ο
3293 4162 3495 4233 μᾶλλον

1804 4257 1861 4312 66
1882 4256 1977 4309 καὶ
2012 4252 2137 4326 ῥίζα
2168 4252 2262 4305 καὶ
2290 4248 2502 4322 καρπὸς
2532 4248 2833 4320 παρθενίας
2872 4250 2901 4300 6
2932 4247 3344 4316 ἐσταυρωμένος
3380 4248 3495 4318 βίος

1806 4344 1978 4397 ἐστίν.
2012 4340 2162 4410 Αὑτη
2185 4341 2309 4402 τοὺς
2329 4339 2611 4406 γενναίους
2632 4334 2873 4397 ἐκείνους
2905 4334 3042 4405 πρὸς
3066 4333 3159 4386 τὸν
3182 4332 3494 4404 θαυμαστόν

1804 4431 1993 4503 ῆλειψε
2020 4429 2239 4499 δρόμον,
2276 4427 2453 4479 πάντα
2486 4424 2583 4495 μὲν
2613 4422 2895 4489 αὐτῶντά
2914 4421 3091 4492 δεσμά
3125 4422 3490 4493 περικόψασα,

1803 4519 1936 4573 ποσὶ
1957 4519 2014 4572 66
2042 4517 2285 4579 εὐλύτοις
2315 4514 2409 4568 καὶ
2439 4512 2665 4581 κούφοις
2713 4510 2966 4581 καθάπερ
3008 4511 3248 4580 πτηνοὺς
3287 4511 3491 4580 ἀφεῖσα

1806 4606 2069 4662 πέτεσθαι
2130 4605 2266 4677 πρὸς
2312 4603 2403 4656 τὸν
2436 4602 2684 4673 οὐρανόν.
2722 4600 2898 4653 Ὅπου
2930 4598 3038 4671 γάρ
3077 4597 3200 4651 οὐτε
3232 4600 3491 4667 γυναικὸς

1803 4697 2090 4770 θεραπεία,
2126 4695 2250 4749 οὐτε
2275 4695 2481 4748 παίδων
2508 4693 2818 4764 ἐπιμέλεια,
2851 4690 3021 4770 πολλὴ
3050 4691 3149 4762 τῆς
3173 4692 3491 4762 ἀκτημοσύ-

1802 4766 1901 4857 νης
1929 4786 1960 4856 ἡ
1990 4783 2207 4837 εὐκολία
2232 4799 2246 4814 ο
2272 4781 2629 4853 ἀκτημοσύνη
2661 4780 2718 4833 66
2737 4780 2905 4848 ἐγγὺς
2929 4766 3067 4832 έῖναι
3092 4782 3239 4836 ποιεῖ
3259 4779 3368 4833 τῶν
3398 4782 3491 4833 οὐ-

1805 4872 2007 4945 ρανῶν,
2035 4871 2095 4924 οὐ
2126 4870 2307 4940 φόϐων
2342 4869 2526 4940 μόνον,
2560 4868 2683 4921 οὐδὲ
2721 4866 3037 4938 φροντίδων,
3059 4866 3181 4919 οὐδὲ
3201 4866 3487 4933 κινδύνων,

1802 4960 1940 5014 ἀλλὰ
1978 4959 2072 5013 καὶ
2094 4959 2195 5029 τῆς
2220 4957 2387 5027 ἀλλης
2408 4956 2698 5019 δυσκολίας
2725 4956 2874 5027 ἡμᾶς
2904 4953 3342 5011 ἀπαλλάττουσα.

1874 5049 2003 5100 HA'.
2021 5048 2077 5100 '0
2099 5047 2195 5117 μὲν
2211 5044 2320 5117 γὰρ
2337 5044 2501 5115 μηδὲν
2518 5044 2656 5113 ἔχων
2670 5043 2745 5105 ὡς
2760 5043 2829 5096 τά
2845 5042 3022 5096 πάντα
3040 5043 3302 5112 κατέχων,
3315 5042 3487 5109 οὕτως

1803 5137 2061 5189 ἀπάντων
2102 5135 2454 5203 καταφρονεῖ,
2480 5132 2574 5184 καὶ
2596 5131 2881 5201 παρρησίᾳ
2908 5129 3174 5200 κέχρηται
3205 5129 3371 5201 πολλῇ
3391 5132 3487 5185 καὶ

1804 5224 1940 5296 πρὸς
1966 5225 2234 5294 ἄρχοντας
2261 5221 2354 5275 καὶ
2385 5220 2521 5290 πρὸς
2542 5218 2811 5279 δυνάστας
2841 5218 2937 5269 καὶ
2962 5218 3100 5288 πρὸς
3121 5216 3284 5271 αὐτὸν
3305 5219 3397 5273 τὸν
3424 5220 3486 5273 τὸ

1800 5311 2042 5381 διάδημα
2085 5308 2490 5379 περικείμενον.
2538 5306 2595 5359 '0
2634 5306 2935 5377 χρημάτων
2987 5304 3346 5375 καταφρονῶν
3382 5306 3488 5377 ὁδῷ

1802 5398 2112 5469 προϐαίνων
2132 5398 2224 5450 καὶ¹
2247 5395 2481 5450 θανάτου
2510 5394 2914 5466 καταφρονήσει
2944 5392 3171 5463 ῥᾳδίωςο
3196 5393 3402 5447 τούτων
3429 5395 3489 5449 66

1800 5486 2092 5556 γενόμενος
2131 5484 2391 5555 ἀνωτέρω
2429 5486 2563 5537 πᾶσι
2625 5482 2763 5553 μετά
2792 5480 3105 5554 παρρησίας
3157 5479 3484 5550 διαλέξεται,

1799 5575 1992 5628 οὐδένα
2014 5573 2269 5636 δεδοικὼς
2299 5572 2422 5625 οὐδέ
2449 5571 2689 5643 τρέμων.
2729 5570 2787 5625 '0
2813 5571 2870 5623 66
2891 5569 3021 5640 περὶ
3043 5568 3303 5639 χρήματα
3326 5570 3491 5640 ἠσχο-

1800 5663 1865 5735 λη
1875 5663 2033 5734 μένος
2062 5663 2124 5715 οὐ
2155 5662 2456 5733 χρημάτων
2476 5660 2593 5713 ἐστὶ
2627 5660 2786 5730 μόνον
2814 5657 3017 5721 δοῦλος,
3047 5656 3184 5710 ἀλλά
3203 5656 3299 5711 καὶ
3328 5656 3489 5729 δόξης

1800 5753 1896 5805 καὶ
1922 5750 2090 5821 τιμῆς
2118 5752 2214 5803 καὶ
2241 5750 2341 5819 τῆς
2366 5748 2648 5821 παρούσης
2692 5746 2839 5817 ζωῆς
2860 5787 2875 5809 ,
2909 5746 3001 5799 καὶ
3046 5744 3263 5799 πάντων
3298 5745 3487 5812 ἁπλῶς

1864 5835 1892 5874 δ
1918 5838 2072 5889 Savil.
2100 5837 2211 5885 οὐδὲ
2242 5838 2413 5893 ληνῶν.
2444 5834 2610 5884 Monlf.
2637 5827 2748 5885 οὐδέ
2766 5835 3027 5898 λειμώνων.
3056 5833 3194 5882 Enn.

1866 5902 1889 5931 ε
1925 5901 2045 5959 Reg.
2069 5900 2165 5946 τῶν
2193 5900 2372 5955 θνητῶν
2393 5898 2592 5945 τούτων.

1871 5960 1898 6000 ἀ
1920 5954 2146 6023 Βίοιὶοε.
2175 5964 2228 6011 et
2250 5954 2402 6009 Savil.
2428 5959 2490 6008 Al
2519 5959 2733 6015 Planlin.
2761 5962 2814 6006 et
2838 5954 2995 6004 Morel
3040 5955 3140 6016 (ίζα
