4206 6324
675 392 782 447 595

669 509 843 560 εἰπεῖν
862 505 969 558 τῶν
994 504 1284 574 βιωτικῶν.
1308 504 1409 557 Διά
1438 504 1596 556 τοῦτο
1634 503 1792 571 ῥίζαν
1827 499 1992 570 αὐτὴν
2023 500 2129 553 τῶν
2156 498 2342 551 κακῶν

668 593 889 645 πάντων
915 593 943 644 6
968 592 1180 652 Παῦλος
1225 591 1507 643 ἐκάλεσεν.
1557 581 1718 640 Ἀλλὰ
1757 588 1962 657 ταύτην
1997 585 2156 655 ίκανὴ
2188 585 2351 653 ξηρᾶ-

668 697 758 732 ναι
789 679 888 748 τὴν
911 677 1070 747 ῥίζαν
1093 681 1126 747 ἠ
1150 676 1436 747 παρθενία,
1468 676 1561 728 καὶ
1584 675 1778 744 ἑτέραν
1804 675 1935 744 ἡμῖν
1962 672 2198 725 ἐνθεῖναι
2251 670 2351 740 τὴν

668 765 921 835 ἀρίστην,
945 765 1041 835 τὴν
1062 749 1280 817 ἅπαντα
1309 763 1720 832 βλαστάνουσαν
1736 760 1804 812 τά
1825 759 1985 822 καλὰ,
2015 755 2348 826 ἐλευθερίαν,

669 848 1005 925 παρρησίαν,
1038 853 1290 924 ἀνδρείαν
1311 892 1325 916 ,
1359 851 1518 921 ζῆλον
1562 849 1978 919 πεπυρωμένον,
2023 847 2209 916 ἔρωτα
2240 843 2351 896 τῶν

669 941 936 1010 οὐρανίων
960 940 1163 1010 θερμὸν
1182 979 1196 1004 ,
1234 939 1535 1007 ὑπεροψίαν
1561 938 1777 990 πάντων
1812 936 1918 988 τῶν
1952 934 2044 986 ἐπὶ
2083 935 2182 1002 τῆς
2210 933 2313 1002 γῆς
2337 948 2350 961 ·

669 1029 812 1082 οὑτω
842 1029 903 1081 τὸ
930 1029 1265 1096 Εὔσχημον
1302 1026 1400 1079 καὶ
1431 1025 1848 1093 εὐπρόσεδρον
1872 1023 2108 1090 γίνεται.

741 1150 868 1204 IIB’.
886 1150 1049 1203 Ἀλλά
1070 1150 1156 1212 τίς
1179 1152 1208 1202 6
1225 1150 1390 1218 σοφὸς
1416 1149 1525 1200 τῶν
1545 1147 1754 1200 πολλῶν
1778 1146 1937 1212 λόγος
1949 1162 1973 1209 ;-
2004 1144 2062 1196 Ὀ
2083 1141 2350 1212 πατριάρ-

672 1256 796 1309 χης,
814 1257 887 1309 φη
895 1238 1258 1309 σὶν,Ἀ6ραάμ
1273 1239 1364 1290 καὶ
1383 1239 1615 1304 γυναῖκα
1629 1232 1763 1304 εἶχε,
1782 1235 1876 1286 καὶ
1890 1232 2104 1294 παῖδας,
2119 1231 2213 1283 καὶ
2226 1232 2353 1300 χρή-

675 1345 842 1398 ματα,
867 1328 961 1380 καὶ
985 1326 1234 1396 ποίμνια,
1251 1327 1346 1378 καὶ
1376 1324 1644 1393 βουκόλια’
1671 1324 1766 1376 καὶ
1797 1321 1939 1392 μετά
1963 1321 2141 1373 πάντα
2166 1319 2352 1369 ἐκεῖνα

684 1415 960 1483 Ἰωάννης,
977 1415 1004 1465 ὅ
1021 1430 1083 1464 τε
1104 1410 1439 1481 Βαπτιστὴς,
1463 1412 1492 1464 ὃ
1514 1428 1573 1463 τε
1597 1405 2025 1476 Εὑαγγελιστὴς,
2210 1421 2352 1474 παρ-

672 1501 818 1556 θένοι
837 1501 1137 1571 ἀμφότεροι
1157 1500 1537 1569 τυγχάνοντες,
1562 1498 1655 1550 καὶ
1672 1495 1884 1556 Παῦλος
1912 1495 2008 1547 καὶ
2036 1493 2242 1562 Πέτρος
2259 1492 2354 1543 ἐπὶ

669 1592 773 1660 τῆς
803 1589 1129 1660 ἐγκρατείας
1157 1587 1580 1657 διαλάμψαντες,
1615 1584 1698 1646 είς
1720 1582 1846 1644 τοὺς
1877 1581 2089 1634 ἐκείνου
2118 1578 2353 1642 κόλπους

670 1678 926 1749 εὔχονται
962 1677 1161 1729 ἐλθεῖν.
1195 1676 1292 1738 Τίς
1325 1691 1408 1727 σοι
1425 1673 1586 1726 τοῦτο
1611 1667 1784 1735 εἶπεν,
1813 1663 1859 1723 ὦ
1907 1669 2175 1740 βέλτιστε,
2201 1670 2353 1729 ποῖος

671 1766 983 1835 προφήτης,
1010 1764 1096 1826 τίς
1116 1763 1546 1831 εὖαγγελιστήςς
1592 1758 1786 1820 Αὐτὸς,
1826 1758 2014 1827 φησὶν,
2034 1758 2063 1809 6
2089 1755 2348 1827 Χριστός.

672 1853 778 1906 Τὸν
805 1852 914 1922 γὰρ
938 1853 1343 1920 ἑκατοντάρχην
1381 1847 1503 1901 ίδὼν
1540 1845 1741 1916 πολλὴν
1765 1844 1961 1915 ἔχοντα
1999 1843 2202 1906 πίστιν,
2235 1843 2350 1894 έλε-

670 1958 768 2010 γεν
787 1957 800 1971 ’
827 1942 950 1994 Ὅτι
972 1940 1192 1993 πολλοὶ
1218 1938 1337 1992 ἀπὸ
1365 1934 1680 1991 ἀνατολῶν
1699 1934 1798 1986 καὶ
1817 1932 2075 2001 δυσμῶν
2102 1932 2345 1999 ἥξουσι,

670 2027 772 2081 καί
813 2025 1327 2092 ἀνακλιθήσονται
1364 2023 1517 2092 μετὰ
1575 2019 1823 2090 Ἀϐραὰμ
1861 2019 1960 2072 καὶ
2001 2018 2211 2073 Ἰσαὰκ
2253 2019 2348 2072 καὶ

668 2113 891 2170 Ἰακώϐ.
927 2113 1037 2166 Καὶ
1073 2112 1374 2182 όΛάζαρος
1396 2111 1453 2162 δέ
1503 2110 1622 2179 μετ’
1660 2107 1827 2162 αὑτοῦ
1859 2108 1979 2160 τότε
2003 2106 2198 2177 ὁρᾶται
2244 2106 2350 2159 ὑπὸ

668 2204 766 2256 τοῦ
800 2201 1055 2255 πλουσίου
1076 2198 1320 2271 τρυφῶν.
1344 2197 1457 2250 Καὶ
1480 2197 1534 2247 τί
1561 2195 1723 2249 τοῦτο
1758 2186 1895 2266 πρὸς
1945 2193 2180 2258 Παῦλον,
2212 2192 2266 2244 τί
2292 2192 2350 2244 66

670 2293 809 2364 πρὸς
832 2291 1063 2361 Πέτρον,
1094 2290 1148 2342 τί
1186 2289 1244 2342 δὲ
1275 2288 1412 2359 πρὸς
1457 2288 1746 2356 Ἰωάννηνς
1775 2287 1850 2338 Οὑ
1886 2285 1995 2355 γὰρ
2028 2284 2056 2334 6
2099 2284 2352 2353 Λάζαρος

668 2381 886 2442 Παῦλος
913 2381 1008 2431 καὶ
1046 2379 1301 2466 ξωάννης
1315 2372 1404 2448 ἦν,
1423 2376 1545 2428 οὐδὲ
1572 2377 1620 2427 οἱ
1639 2374 1825 2426 πολλοὶ
1854 2377 1902 2426 oi
1932 2373 2040 2425 ἀπὸ
2073 2371 2351 2460 ἀνατολῶν

671 2471 764 2522 καὶ
793 2466 1011 2536 δυσμῶν
1049 2455 1084 2518 6
1107 2464 1216 2518 τῶν
1245 2463 1556 2516 ἀποστόλων
1583 2459 1722 2533 ἦσαν
1745 2461 1926 2532 χορός.
1964 2461 2133 2511 ’Ὥστε
2157 2455 2351 2530 περιτ-

669 2549 761 2618 τός
796 2555 923 2624 ὑμῖν
963 2546 1119 2615 οὗτος
1160 2550 1190 2602 6
1231 2550 1517 2638 λόγοὶκαὶ
1550 2551 1796 2619 μάταιος.
1823 2549 1887 2600 Εἰ
1928 2547 1987 2599 66
2011 2546 2182 2609 θέλεις
2213 2547 2351 2610 ὅλως

668 2641 898 2696 ἀκοῦσαι
919 2640 988 2692 τΞι
1011 2641 1117 2692 τῶν
1143 2633 1455 2692 ἀποστόλων
1487 2637 1719 2695 ἐπαθλα,
1739 2636 1973 2687 ἄκουσον
1997 2633 2092 2686 τοῦ
2129 2635 2352 2704 μέλλον-

667 2745 760 2791 τος
791 2727 932 2780 αὑτά
964 2727 1160 2779 διδόναι
1181 2764 1196 2785 ,
1230 2725 1482 2801 λέγοντος
1506 2740 1520 2753 ·
1565 2724 1906 2777 Καθίσεσθε
1935 2721 2039 2774 ἐπὶ
2061 2720 2292 2775 δώδεκα
2321 2735 2349 2764 ι

667 2815 923 2883 θρόνους
950 2814 1260 2881 κρίνοντες
1289 2812 1396 2877 τὰς
1419 2810 1650 2864 δώδεκα
1677 2809 1880 2882 φυλὰς
1918 2810 2026 2863 τοῦ
2076 2808 2346 2878 Ἰσραήλ.

666 2905 780 2957 Καὶ
809 2901 1043 2972 οὐδαμοῦ
1073 2899 1311 2953 ἐνταῦθα
1346 2901 1375 2951 6
1406 2898 1678 2968 Ἀϐραὰμ,
1719 2895 1845 2948 οὔτε
1889 2897 1918 2947 6
1965 2896 2158 2966 τούτου
2194 2901 2346 2960 παῖς,

665 2990 788 3044 οὐδὲ
819 2991 846 3041 ὁ
869 2989 1077 3042 ἐκείνου
1102 3028 1117 3052 ,
1150 2987 1276 3040 οὑδέ
1319 2986 1348 3037 6
1376 2985 1558 3055 λαχὼν
1594 2985 1792 3047 αὑτοὺς
1825 2985 2046 3052 κόλπος,
2078 2984 2194 3038 ἀλλ’
2223 2985 2349 3049 ἀξία

666 3075 848 3147 πολλῷ
879 3075 1078 3147 μείζων
1101 3074 1318 3144 ἐκείνης
1336 3090 1350 3104 ’
1372 3075 1499 3136 τοὺς
1519 3072 1626 3143 γὰρ
1643 3071 1868 3125 ἐκείνων
1896 3067 2042 3126 οῦτοι
2059 3071 2349 3128 καθεδοῦν-

665 3180 757 3218 ται
781 3163 1093 3232 κρινοῦντες
1121 3162 1400 3230 ἐκγόνους.
1435 3161 1510 3212 Οὑ
1537 3160 1720 3232 ,ταύτῃ
1747 3161 1806 3212 66
1844 3161 2006 3231 μόνον
2047 3164 2078 3232 ή
2111 3162 2345 3233 διαφορά

664 3251 822 3322 δήλη,
852 3251 965 3303 ἀλλ’
993 3250 1075 3302 ὅτι
1101 3244 1176 3303 ὧν
1203 3250 1300 3318 μὲν
1317 3251 1345 3301 6
1379 3247 1630 3318 Ἀϐραὰμ
1659 3248 1816 3317 ἔτυχε
1841 3248 2027 3301 πολλοὶ
2039 3249 2341 3315 τεύξονται·

665 3340 894 3392 Πολλοὶ
931 3339 1042 3406 γὰρ
1085 3337 1464 3399 ἐλεύσονται,
1522 3338 1706 3406 φησὶν,
1738 3336 1858 3390 ἀπὸ
1899 3337 2214 3392 ἀνατολῶν
2244 3341 2344 3392 καί

664 3425 933 3496 δυσμῶν,
1077 3424 1585 3492 ἀνακλιθήσονται
1603 3424 1748 3489 μετὰ
1767 3423 2014 3492 Ἀϐραὰμ
2029 3426 2130 3477 καὶ
2146 3427 2347 3480 Ἰσαὰκ

665 3515 765 3568 καί
786 3512 985 3567 Ἰακώϐ
998 3529 1014 3543 ⁸
1044 3513 1154 3565 τῶν
1177 3512 1234 3565 δὲ
1263 3512 1465 3582 θρόνων
1491 3512 1713 3564 ἐκείνων
1734 3511 1909 3574 οὐδεὶς
1938 3513 2127 3584 ἐτερος
2153 3515 2348 3585 ἐπιλή-

663 3603 846 3671 ψεται,
871 3601 1009 3655 ἀλλά
1035 3601 1194 3672 μόνος
1221 3601 1251 3639 b
1277 3602 1305 3652 6
1327 3600 1435 3651 τῶν
1451 3600 1621 3667 ἁγίων
1642 3598 1846 3652 τούτων
1873 3601 2054 3671 χορός.
2089 3603 2205 3654 Ἔτ’
2230 3598 2343 3668 οῦν,

666 3690 788 3742 εἰπέ
812 3707 922 3760 μοι,
946 3687 1210 3758 ποιμνίων
1236 3687 1654 3761 μέμνησθεηκαὶ
1678 3687 1995 3756 βουκολίων,
2020 3690 2115 3741 καὶ
2126 3691 2343 3761 γάμων,

666 3780 765 3829 καὶ
787 3777 1023 3839 παίδων;
1045 3776 1110 3826 Τί
1147 3772 1261 3839 οῦν,
1298 3776 1485 3844 φησὶν,
1539 3758 1668 3828 όταν
1715 3775 1826 3827 τῶν
1855 3777 2346 3846 παρθενευσάντων

668 3864 853 3916 πολλοὶ
892 3863 1028 3933 μετὰ
1073 3863 1200 3925 τοὺς
1233 3862 1460 3925 πολλοὺς
1513 3863 1747 3933 ἱδρῶτας
1784 3863 2050 3932 εὔχωνται
2096 3867 2344 3938 χωρῆσαι

667 3952 811 4017 ἐκεῖ;
856 3948 997 4018 Ἐγὼ
1022 3951 1081 4004 66
1103 3951 1294 4002 τούτου
1325 3951 1507 4019 μεῖζον
1543 3951 1674 4020 ἐρῶ,
1706 3952 1788 4003 ὃτι
1831 3952 2016 4005 πολλοὶ
2059 3955 2167 4006 τῶν
2201 3973 2346 4027 παρ-

669 4037 1046 4094 θενευσάντων
1079 4038 1202 4091 οὐδὲ
1241 4038 1467 4089 ἐκείνων
1523 4038 1897 4104 ἐπιτεύξονται
1939 4041 2049 4095 τῶν
2101 4043 2342 4109 κόλπων,

667 4125 789 4179 οὑδὲ
813 4126 921 4178 τῶν
943 4125 1263 4190 ἐλαττόνων,
1285 4125 1399 4177 ἀλλ’
1427 4127 1506 4189 είς
1529 4126 1630 4208 τὴν
1649 4126 1872 4194 γέενναν
1904 4130 2074 4198 αὐτὴν
2107 4131 2345 4186 ἀπελεύ-

669 4239 875 4276 σονται.
922 4224 1033 4275 Καὶ
1059 4220 1316 4292 δηλοῦσιν
1341 4225 1396 4274 αἱ
1431 4221 1524 4275 τοῦ
1567 4223 1859 4293 νυμφῶνος
1896 4226 2342 4284 ἀποκλεισθεῖσαι

668 4319 948 4388 παρθένοι.
1002 4314 1127 4389 τΑρ“
1160 4315 1270 4371 ὀὖν
1317 4319 1472 4389 παρά
1502 4319 1661 4372 τοῦτο
1688 4320 1790 4390 τῆς
1842 4323 2141 4392 παρθενίας
2171 4322 2287 4389 ἴσος
2313 4329 2343 4380 6

666 4417 920 4488 γάμος,ἢ
947 4418 1041 4469 καὶ
1073 4418 1309 4487 χείρων;
1339 4419 1402 4469 τὸ
1423 4418 1533 4488 γὰρ
1568 4418 1873 4489 ὑπῶειγμα
1901 4421 1962 4472 τὸ
1991 4422 2080 4473 σὸν
2102 4423 2196 4474 καὶ
2225 4425 2340 4492 χεί-

671 4530 800 4583 ρονα
825 4515 992 4584 αὐτὴν
1020 4517 1184 4567 ποιεῖ.
1217 4516 1281 4567 Εἰ
1312 4514 1422 4584 γὰρ
1450 4517 1478 4569 6
1507 4515 1608 4585 μὲν
1627 4516 1962 4588 γεγαμηκὼς
2000 4520 2254 4591 Ἀϐραάμ
2283 4524 2341 4576 ἐν

666 4605 848 4664 ἀνέσει
876 4609 970 4659 καὶ
995 4608 1195 4676 τρυφῇ,
1221 4608 1270 4659 οἱ
1296 4606 1354 4660 66
1376 4608 1845 4678 παρθενεύσαντες
1867 4611 1924 4663 ἐν
1945 4612 2163 4683 γεέννῃ,
2181 4613 2341 4675 τοῦτο

665 4704 912 4760 λείπεται
940 4706 1081 4758 κατὰ
1102 4705 1192 4759 τὸν
1211 4707 1240 4758 ὑ
1248 4706 1375 4776 μέτε
1386 4724 1475 4777 ρον
1496 4692 1834 4763 ὑποπτεῦσαι
1864 4710 2041 4779 λόγον.
2083 4713 2220 4769 Ἀλλ’
2241 4717 2341 4768 οὑκ

666 4797 786 4851 ἐστι
814 4799 1007 4862 ταῦτα,
1037 4800 1136 4852 οὑκ
1158 4786 1331 4852 ἕστινέ
1368 4801 1428 4853 οὑ
1460 4801 1570 4873 γὰρ
1602 4802 1763 4872 μόνον
1796 4803 1896 4855 οὑκ
1918 4804 2175 4871 ἐλάττων,
2203 4806 2341 4861 ἀλλά

665 4901 762 4953 καὶ
815 4901 993 4969 πολλῷ
1020 4901 1242 4977 βελτίων
1285 4905 1319 4972 ἡ
1366 4903 1633 4973 παρθενία
1660 4903 1752 4955 τοῦ
1792 4905 1996 4975 γάμου.
2024 4906 2338 4972 Πῶς;-”Οτι

664 4994 788 5048 οὗτε
820 4997 910 5049 τὸν
946 4997 1195 5076 Ἀδραάμ
1214 4999 1242 5048 ὁ
1258 4997 1434 5066 γάμος
1456 4997 1696 5050 τοιοῦτον
1713 4999 1987 5068 ἐποίησεν,
2007 4998 2180 5072 οῦτεή
2206 5019 2336 5073 παρ-

665 5091 816 5143 θενία
847 5092 944 5156 τάς
971 5093 1160 5156 ἀθλίας
1187 5093 1402 5156 ἐκείνας
1437 5093 1745 5146 ἀπώλεσεν·
1782 5095 1922 5147 ἀλλά
1973 5098 2063 5148 καὶ
2100 5097 2190 5149 τὸν
2233 5116 2339 5151 πα-

662 5191 931 5261 τριάρχην
959 5194 992 5262 ἡ
1028 5191 1189 5262 λοιπὴ
1236 5193 1335 5265 τῆς
1364 5191 1542 5262 ψυχῆς
1569 5194 1739 5265 ἁρετὴ
1766 5193 2019 5265 λαμπρὸν
2062 5197 2332 5263 ἀπέδειξε,

664 5288 760 5342 καὶ
791 5287 993 5352 ταύτας
1017 5290 1051 5358 ἡ
1085 5288 1245 5359 λοιπὴ
1261 5288 1430 5341 κακία
1451 5289 1544 5342 τοῦ
1570 5288 1685 5357 βίου
1720 5289 1798 5359 τῷ
1828 5307 1899 5342 πυ
1910 5291 1961 5360 ρὶ
1996 5292 2331 5363 παρέδωκεν.

676 5388 912 5450 Ἐκεῖνος
960 5388 1058 5457 μὲν
1105 5387 1215 5459 γὰρ
1247 5389 1341 5441 καὶ
1374 5389 1433 5440 ἐν
1461 5389 1623 5459 γάμῳ
1648 5388 1766 5454 ζῶν
1803 5391 2104 5448 ἐσπούδασε
2140 5395 2210 5445 τὰ
2234 5395 2336 5464 τῆς

665 5474 959 5558 παρθενίας
1009 5487 1353 5558 κατορθῶσαι
1400 5489 1561 5554 καλὰ,
1612 5490 1672 5542 τὸ
1702 5491 2030 5561 Εῦσχημον
2062 5493 2206 5562 λέγω
2234 5499 2331 5550 καί

722 5667 742 5690 ⁸
765 5669 897 5735 Reg._
914 5675 968 5716 cl
999 5668 1153 5735 _Sa}'§l.
1185 5667 1444 5735 in_mrarrg.r:
1485 5689 1508 5711 ‹ι
1540 5669 1695 5735 Ὑμεῖς
1720 5674 1779 5735 ,οἱ
1804 5670 2207 5735 ἀκολουθήσαντές
2232 5691 2327 5735 μοι,

653 5727 766 5794 δταν
794 5727 964 5789 καθίσῃ
989 5731 1147 5794 ὁγ-Υίρς
1164 5727 1528 5794 τοῦᾲάνθρώπου
1559 5727 1632 5778 ἐπὶ
1653 5733 1814 5794 θρόνου
1853 5733 1986 5788 δόξης
2013 5727 2159 5784 αὐτοῦ
2176 5727 2329 5794 ,καθέ

658 5791 820 5841 ίςεσθί
838 5794 917 5837 καὶ
939 5792 1069 5850 ὑμεῖς
1089 5793 1164 5837 ἐπὶ
1182 5792 1297 5838 δὼδ.
1328 5813 1349 5835 ιι

717 5853 750 5895 δ
772 5853 894 5914 Heg.
921 5853 1023 5899 ἀλλ’
1047 5853 1077 5908 ἢ
1103 5869 1256 5914 μονος.

1447 389 1502 444 S.
1545 387 1830 443 IOANMS
1869 382 2360 440 CHRYSOSTOMI
2402 380 2728 435 ARCHIEP.
2771 383 3318 439 (ZONSTANTINOP.

4035 388 4138 441 5v.

2454 497 2864 566 εὐπρόσεδρον
2885 514 2898 528 ·
2924 493 3083 554 αὗται
3099 501 3156 553 δέ
3181 501 3278 552 καὶ
3303 499 3603 570 παρθενίαν
3630 500 3911 569 ἑλόμεναι,
3943 502 4027 563 εἰς
4047 504 4138 555 τὸν

2450 583 2546 636 τοῦ
2582 584 2699 654 βίου
2751 586 3000 639 κλύδωνα
3048 587 3139 639 καὶ
3177 587 3275 650 τὰς
3314 589 3372 640 ἐν
3414 587 3494 655 τῷ
3535 588 3700 656 γάμῳ
3746 585 4144 658 πραγματείας

2452 672 2787 726 κατέπεσαν.
2828 675 2892 744 Τί
2937 670 3030 728 οῦν
3068 675 3292 739 κωλύει,
3317 675 3472 742 φησι,
3510 675 3604 736 καὶ
3627 675 3723 727 νῦν
3750 675 3892 744 μετά
3919 675 4020 728 τοῦ
4047 669 4149 743 ’γά-

2456 777 2556 829 μου
2594 761 2686 813 καὶ
2715 760 2822 813 τῶν
2854 734 3060 815 παίδων
3087 764 3182 814 καὶ
3222 734 3341 814 τῶν·
3371 734 3669 832 χρημάτων
3703 734 3798 815 καὶ
3819 761 3932 814 τῶν
3961 734 4146 815 ἄλλων
4176 783 4177 804 :

2450 841 2709 899 ἀπάντων
2741 847 2804 900 τὸ
2831 848 3258 916 Εὺπρόσεδρον
3307 847 3606 912 διασῶσαι;
3655 847 3882 918 Πρῶτον
3921 847 4029 917 μὲν
4067 849 4148 900 δτι

2450 934 2629 998 οὐδεὶς
2668 937 2812 989 κατά
2848 935 2940 990 τὸν
2986 936 3239 1006 Ἀδραὰμ
3271 936 3400 999 νῦν,
3441 935 3559 988 ἀλλ’
3589 935 3713 987 οὑδὲ
3757 934 3904 988 κατά
3939 935 4148 1006 μικρὸν

2453 1022 2643 1090 ἐγγύς.
2699 1023 2810 1075 Καὶ
2856 1023 2966 1094 γὰρ
3021 1023 3131 1076 τῶν
3186 1022 3577 1094 ἀκτημοσύνην
3626 1022 3948 1077 ἀσκούντων
4014 1023 4152 1093 μᾶλ-

2450 1109 2543 1162 λον
2577 1113 2786 1174 ἐκεῖνος
2829 1113 3131 1181 χρημάτων
3174 1111 3574 1182 κατεφρόνησε,
3626 1110 3876 1164 πλουτῶν
3903 1113 4008 1164 καὶ
4050 1127 4145 1177 γιιο

2451 1201 2615 1251 ναῖκα
2633 1198 2794 1267 ἔχων,
2819 1200 2914 1251 καί
2927 1199 3122 1268 ἡδονῆς
3150 1199 3350 1268 μᾶλλον
3371 1198 3483 1251 τῶν
3505 1198 3954 1267 παρθενευόντων
3981 1200 4150 1269 ἐκρά-

2452 1303 2555 1339 τει.
2603 1280 2766 1338 Οὗτοι
2804 1286 2904 1356 μὲν
2947 1286 3214 1356 γάρίκαθ’
3260 1287 3502 1356 ἑκάστην
3535 1288 3642 1338 ὑπὸ
3685 1288 3786 1357 τῆς
3835 1286 4149 1357 ἐπιθυμίας

2454 1374 2745 1442 φλέγονται
2779 1375 2880 1445 τὴν
2923 1375 3175 1446 ἡμέρανο
3209 1376 3418 1439 ἐκεῖνος
3465 1375 3522 1427 66
3567 1375 3710 1427 οὕτω
3746 1374 3955 1446 ταύτην
4013 1393 4150 1428 κατ-

2453 1461 2673 1514 εσῦέκει
2694 1461 2792 1539 τὴν
2825 1462 3018 1530 φλόγα,
3049 1463 3146 1515 καὶ
3170 1462 3400 1532 οὐδεμιᾷ
3437 1463 3743 1517 συνεδέδετο
3769 1463 4147 1534 προσπαθεία,
4176 1523 4177 1540 1

2451 1549 2529 1611 ὡς
2557 1551 2630 1621 μὴ
2668 1551 2827 1620 μόνον
2844 1549 2994 1621 [554]
3022 1550 3362 1620 ἀποσχέσθαι
3390 1549 3494 1620 τῆς
3516 1550 3863 1615 παλλακίδος,
3887 1551 4040 1604 ἀλλά
4058 1555 4150 1604 καὶ
4176 1553 4177 1560 “

2451 1635 2701 1696 ἐκὸαλεῖν
2726 1637 2898 1709 αὐτὴν
2926 1639 3028 1707 τῆς
3057 1638 3236 1701 οἰκίας
3263 1639 3404 1709 ὑπὲρ
3424 1637 3520 1691 τοῦ
3550 1638 3735 1709 μάχης
3764 1640 3859 1691 καὶ¹
3896 1641 4149 1701 στάσεως

2453 1724 2637 1776 πᾶσαν
2665 1723 2922 1777 ὑπόθεσιν
2940 1725 3149 1778 ἀνελεῖν
3170 1743 3184 1756 ο
3213 1724 3311 1777 νῦν
3335 1726 3394 1779 66
3409 1726 3469 1778 οὑ
3490 1726 3698 1794 σφόδρα
3729 1725 3958 1778 εὔκολον
3986 1725 4147 1780 τοῦτο

2451 1812 2656 1884 εὑρεῖν.

2524 1934 2652 1988 III‘.
2670 1934 2784 1986 Καὶ
2799 1934 2969 2004 χωρὶς
2991 1931 3198 1987 τούτων
3214 1934 3295 2000 δέ,
3323 1935 3465 2006 ὅπερ
3489 1936 3584 1989 καὶ
3609 1936 3914 2007 ἀρχόμενος
3933 1936 4150 2006 ἔλεγον,
4176 1979 4177 1996 γ

2449 2022 2611 2075 τοῦτο
2648 2023 2743 2076 καὶ
2766 2022 2863 2076 νῦν
2886 2022 3017 2092 ἐρῶ,
3044 2024 3127 2075 ὅτι
3162 2026 3224 2075 οὑ
3258 2023 3320 2074 τὸ
3352 2023 3484 2076 αὑτὸ
3519 2024 3618 2093 τῆς
3645 2025 3845 2095 ἀρετῆς
3873 2026 4152 2080 ἀπαιτού-

2454 2110 2596 2180 μεθα
2631 2111 2828 2180 μέτρον
2859 2111 3025 2180 ἡμεῖς
3054 2127 3115 2160 τε
3146 2110 3410 2163 κάκεῖνοι.
3468 2109 3585 2165 Νῦν
3629 2110 3729 2181 μὲν
3761 2111 3868 2181 γὰρ
3903 2112 4012 2165 οὑκ
4037 2109 4177 2192 έστιῇ

2449 2198 2652 2252 τέλειον
2675 2194 2814 2250 εἶναι
2839 2199 2914 2268 μὴ
2966 2197 3147 2250 πάντα
3183 2197 3534 2268 πωλήσαντα,
3569 2199 3643 2270 μὴ
3672 2200 3838 2252 πᾶσιν
3855 2201 4148 2268 ἀποταξά-

2454 2303 2637 2356 μενον,
2672 2287 2735 2339 οὑ
2764 2288 3008 2356 χρήμασι
3040 2285 3187 2352 λέγω
3229 2286 3391 2354 μόνον
3420 2286 3517 2338 καὶ
3544 2287 3714 2358 οἰκίᾳ,
3750 2287 3889 2340 άλλά
3932 2291 4038 2342 καὶ
4089 2292 4149 2360 τῇ

2449 2373 2594 2444 ψυχῇ
2625 2377 2691 2444 τῇ
2713 2373 2928 2426 ἐαυτοῦο
2959 2373 3080 2425 τότε
3107 2372 3165 2425 δέ
3206 2371 3360 2425 οῦπω
3397 2373 3667 2444 τοσαύτης
3695 2376 3987 2445 ἀκριϐείας
4025 2379 4150 2430 ἐπί-

2449 2461 2614 2528 δειξις
2657 2459 2747 2532 ἦν.
2771 2461 2844 2513 Τί
2867 2455 2996 2525 οῦν;
3049 2460 3440 2530 ἀκριϐέστερον
3491 2464 3676 2531 ἡμεῖς,
3721 2463 3878 2533 φησὶ,
3914 2464 4017 2516 τοῦ
4052 2479 4177 2519 πει-Ῑ

2447 2549 2712 2620 τριάρχου
2747 2548 2970 2618 βιοῦμεν
2993 2547 3124 2612 νῦν;
3155 2548 3474 2618 Ὠφείρλομεν
3506 2550 3627 2619 μὲν,
3660 2551 3940 2604 καὶτοῦτο
3967 2554 4177 2620 ἐπιτεν

2449 2617 2722 2705 τάγμεθα,
2749 2617 2818 2688 οὐ
2846 2617 3066 2707 βιοῦμεν
3091 2635 3169 2688 δέ’
3201 2636 3297 2689 καὶ
3333 2617 3422 2688 διά
3448 2617 3609 2690 τοῦτο
3641 2638 3776 2690 πολὺ
3805 2638 3904 2691 τοῦ
3927 2640 4151 2695 δικαίου
4176 2617 4177 2650 1

2448 2723 2747 2792 λειπόμεθα
2774 2735 2824 2763 ι·
2844 2723 2968 2775 ἐπεὶ
3001 2724 3086 2776 ὅτι
3109 2740 3171 2791 γε
3198 2722 3422 2792 μείζονα
3443 2726 3574 2793 ἡμῖν
3593 2724 3663 2777 τὰ
3691 2725 3998 2797 σκάμματα
4020 2722 4177 2802 πρό-ί

2448 2829 2674 2873 κειται,
2708 2811 2873 2865 παντί
2916 2827 3019 2863 που
3065 2810 3225 2881 δῆλόν
3263 2811 3400 2864 ἐστι.
3433 2811 3537 2864 Διά
3571 2812 3729 2865 τοῦτο
3759 2815 3856 2867 καὶ
3883 2815 3978 2866 τὸν
4023 2809 4177 2870 Νῶε

2449 2899 2804 2970 θαυμάζουσα
2833 2901 2866 2969 ὴ
2894 2898 3086 2970 Γραφὴ
3115 2899 3215 2969 οὑχ
3249 2897 3437 2962 ἁπλῶς
3465 2897 3624 2952 τοῦτο
3651 2903 3818 2967 ποιεῖ,
3843 2901 3986 2955 ἀλλά
4008 2906 4151 2974 μετά
4176 2889 4177 2954 ί

2449 2988 2771 3059 προσθήκης
2799 2987 2965 3049 τινός.
2995 2985 3124 3040 Νῶε
3141 2986 3273 3058 γὰρ,
3307 2987 3463 3057 φησὶ,
3513 2983 3766 3054 δίκαιος,
3792 2989 4038 3056 τέλειος
4069 2992 4153 3045 ῶν

2447 3077 2519 3129 ἐν
2538 3074 2612 3144 τῇ
2647 3072 2824 3144 γενεᾷ
2840 3075 3050 3136 αὑτοῦ,
3072 3072 3155 3139 τῷ
3185 3074 3310 3140 Θεῷ
3340 3076 3774 3143 εὐηρέστησεν.
3807 3077 3921 3147 Οὐχ
3957 3081 4152 3147 ἁπλῶς

2446 3164 2672 3227 τέλειος,
2714 3164 2830 3216 ἀλλ’
2855 3163 2914 3215 ἐν
2934 3161 3014 3230 τῷ
3048 3160 3169 3215 τῶιε
3205 3163 3403 3232 καιρῷ·
3451 3163 3637 3216 πολλοὶ
3667 3164 3777 3235 γὰρ
3798 3167 4153 3240 τελειότητος

2445 3252 2639 3322 τρόποι
2671 3251 2812 3304 κατά
2833 3249 3124 3321 διαφόρους
3147 3249 3707 3320 ὠρισμένοικαιρούς·
3734 3255 3831 3305 καὶ
3868 3255 3984 3308 Τοῦ
4009 3260 4177 3324 χράι

2444 3355 2558 3393 νου
2587 3339 3037 3406 προκόπτοντος
3069 3337 3139 3392 τὸ
3176 3337 3324 3394 ποτὲ
3356 3338 3592 3392 τέλειον
3624 3341 3842 3406 ἀτελὲς
3876 3343 4177 3412 ὕστερονξ

2420 3459 2427 3465 -
2453 3427 2693 3494 Γίνεται.
2721 3421 2846 3480 Οἵόν
2875 3444 2929 3479 τι
2953 3425 3118 3494 λέγω·
3143 3427 3360 3490 Τέλειος
3380 3422 3450 3496 ἦν
3467 3440 3599 3480 ποτε
3626 3431 3655 3481 6
3686 3428 3830 3482 κατά
3861 3431 3957 3483 τόν
3977 3422 4152 3502 ¹νόμον

2448 3512 2600 3583 βιῶν·
2648 3515 2709 3566 '0
2732 3514 2997 3579 ποιήσας
3023 3513 3135 3581 γὰρ
3164 3514 3336 3579 αὐτὰ,
3369 3515 3524 3585 φησὶ,
3555 3513 3883 3584 ζήσεταιὲν
3907 3520 4146 3586 αὐτοῖς·

2447 3604 2562 3656 ἀλλ’
2589 3603 2760 3656 ἐλθὼν
2791 3606 2820 3656 6
2857 3603 3091 3673 Χριστὸς
3122 3602 3281 3657 τοῦτο
3330 3603 3392 3656 τὸ
3437 3603 3642 3656 τέλειον
3689 3605 3892 3671 ἔδειξεν
3924 3609 4146 3672 ἀτελές.

2459 3691 2604 3744 Ἐὰν
2629 3691 2738 3761 γὰρ
2759 3690 2848 3759 μὴ
2871 3690 3274 3759 περισσεύσῃ,
3313 3691 3500 3758 φησὶν,
3528 3691 3565 3757 ἠ
3590 3691 3950 3763 δικαιοσύνη
3977 3698 4148 3766 ὑμῶν

2446 3779 2660 3833 πλεῖον
2685 3778 2803 3831 τῶν
2833 3779 3219 3847 γῬαμματέιιηο
3242 3778 3342 3830 καὶ
3359 3780 3808 3846 Φαρισαίων,οὺ
3823 3783 3912 3850 μὴ
3943 3788 4152 3839 εἰσέλ-
4176 3779 4177 3846 ί

2445 3869 2587 3933 θητε
2608 3869 2696 3931 εἰς
2718 3864 2833 3931 τὴν
2855 3866 3185 3929 βασιλείαν
3221 3864 3343 3919 τῶν
3372 3866 3663 3934 οὐρανῶν.
3683 3849 3834 3919 Τότε
3851 3869 4017 3936 φόνος
4035 3873 4151 3934 ἐξά.

2445 3972 2531 4007 κει
2563 3955 2724 4024 μόνον
2743 3951 2883 4007 εἶναι
2912 3953 3104 4015 δεινὸν,
3136 3953 3234 4006 νῦν
3261 3955 3426 4006 δὲκαὶ
3451 3956 3590 4025 ὀργὴ
3621 3957 3716 4008 καὶ
3731 3955 3975 4028 λοιδορία
4003 3962 4149 4030 μόνη
4176 3953 4177 3996 ἶ

2443 4045 2509 4113 τῇ
2549 4044 2744 4114 γεέννῃ
2783 4042 3154 4113 παραπέμψαι
3184 4042 3385 4095 δύναιτ’
3418 4044 3504 4097 ἄν·
3535 4045 3658 4096 τότε
3693 4047 3912 4114 μοιχεία
3941 4031 4177 4102 ὲκολέι--θἲ

2443 4131 2568 4195 ζετο
2603 4132 2785 4201 μόνον,
2808 4131 2903 4184 νῦν
2930 4132 2987 4185 66
3016 4131 3198 4184 καὶτὸ
3216 4132 3536 4195 ἀκολάστοις
3556 4133 3861 4203 ὀφθαλμοῖς
3895 4143 4146 4202 γυναῖκα
4176 4121 4177 4156 ³

2447 4219 2576 4271 ίδεῖν
2625 4220 2727 4271 οὑκ
2755 4218 3099 4288 ἀπήλλακται
3146 4221 3440 4288 τιμωρίας·
3470 4221 3591 4283 τότε
3632 4223 3665 4291 ἡ
3703 4223 3968 4293 ἐπιορκία
4002 4229 4144 4296 μόνη

2443 4302 2511 4377 ἦν
2535 4308 2600 4360 ἐκ
2627 4306 2720 4359 τοῦ
2749 4307 2892 4375 Πονη
2903 4304 3018 4374 ροῦ,
3037 4305 3131 4358 νῦν
3158 4305 3216 4356 66
3237 4308 3332 4360 κει)⁵
3362 4307 3422 4360 τδ
3443 4307 3663 4376 ὀμόσαι’
3699 4309 3775 4362 Τὸ
3798 4311 3910 4382 γὰρ
3928 4328 4148 4382 περισο

2443 4396 2581 4459 σὺν,
2602 4396 2756 4463 φησὶ,
2787 4395 3015 4446 τούτων
3032 4393 3102 4460 ἐκ
3130 4394 3235 4446 τοῦ
3251 4396 3523 4463 Πονηροῦ
3548 4397 3740 4451 ἐστιν.
3769 4399 3940 4452 Οὑδέν
3971 4403 4146 4455 πλέον
4176 4421 4177 4458 γ

2442 4479 2749 4552 ἀπῃτοῦντο
2778 4480 2828 4531 οἰ
2860 4480 3004 4543 τότε,
3046 4479 3078 4550 ἦ
3109 4478 3170 4532 τὸ
3207 4481 3335 4542 τοὺς
3363 4473 3654 4549 φιλοῦντας
3678 4485 3922 4555 ἀγαπᾷν·
3967 4488 4072 4540 νῦν
4091 4491 4142 4541 6‘:
4176 4553 4177 4558 η

2440 4567 2502 4620 τὸ
2533 4567 2676 4635 μέγα
2692 4565 2851 4618 τοῦτο
2879 4567 3314 4636 καῖ’θαυμαστὸν
3342 4567 3515 4632 οὑτως
3533 4570 3679 4622 ἐστὶν
3703 4570 3914 4633 ἀτελὲς,
3944 4573 4023 4635 ὡς
4046 4577 4145 4628 καὶ
4176 4559 4177 4604 ἶ

2445 4661 2582 4731 μετὰ
2616 4661 2713 4729 τὴν
2737 4660 3076 4730 κατόρθωσιν
3097 4661 3263 4714 αὑτοῦ
3292 4663 3459 4732 μηδὲν
3486 4663 3648 4717 πλέον
3676 4665 3824 4735 ἡμᾶς
3853 4665 4006 4748 ἔχειν
4028 4670 4146 4720 τῶν

2438 4755 2708 4809 τελωνῶν.

2495 4871 2616 4926 ΠΔ’.
2634 4873 2698 4924 Τί
2713 4872 2914 4942 δήποτε
2930 4868 3022 4924 οῦν
3036 4872 3143 4926 τῶν
3157 4873 3337 4928 αὑτῶν
3357 4876 3800 4946 κατορθωμάτων
3815 4879 3954 4949 ούχὸ
3970 4884 4142 4947 αὑτὸς

2440 4977 2612 5026 κεῖται
2647 4973 2835 5040 μισθὸς
2868 4974 2999 5042 ἡμῖν
3021 4974 3118 5025 καὶ
3147 4977 3259 5037 τοῖς
3293 4977 3350 5026 ἐν
3385 4978 3449 5046 τῇ
3479 4978 3713 5048 Παλαιᾷ,
3739 4979 3878 5031 άλλά
3902 4983 4141 5049 μείζονα
4175 5001 4177 5054 ς

2440 5071 2842 5126 ἐπιδείκνυσθαι
2881 5072 2962 5124 δεῖ
3001 5072 3098 5141 τὴν
3128 5073 3350 5142 ἀρετὴν,
3390 5076 3438 5126 εί
3475 5074 3766 5144 μέλλοιμεν
3798 5076 3908 5131 τῶν
3947 5082 4144 5136 αὐτῶν

2524 5123 2527 5124 ν
3015 5123 3067 5141 --ι
3136 5123 3350 5142 ίιίίετινι
3395 5123 3436 5126 ν-
3475 5123 3755 5144 Γν-’νν--ι-τνν
3810 5123 3904 5131 ’π’
3947 5123 4143 5136 *ν-υιιν

2439 5170 2668 5231 ἐκείνοις
2697 5163 3018 5238 τυγχάνειν;
3056 5170 3177 5223 ’Ὅτι
3209 5172 3377 5242 πολλὴ
3408 5173 3554 5244 ητοῦ
3589 5173 3910 5244 Πνεύματος
3967 5179 4140 5249 χάρις
4175 5123 4177 5202 4

2439 5264 2730 5333 ἐκκέχυται
2764 5263 2879 5325 νῦν,
2911 5266 3005 5317 καὶ
3042 5267 3253 5336 μεγάλη
3282 5268 3380 5336 τῆς
3423 5268 3520 5321 τοῦ
3545 5270 3783 5340 Χριστοῦ
3819 5276 4138 5342 παρουσίας
4175 5259 4177 5356 Ι

2438 5366 2691 5436 ήδωρεά’
2724 5366 2920 5437 ἄνδρας
2962 5367 3069 5437 γὰρ
3100 5367 3240 5440 αῦτη
3273 5369 3509 5433 τελείους
3543 5373 3662 5423 ἀντὶ
3693 5373 3905 5440 νηπίων
3935 5377 4134 5448 ἐποίη-
4176 5429 4177 5446 ,

2439 5481 2548 5516 σεν.
2573 5466 2784 5535 Ὠσπερ
2807 5461 2899 5518 οὖν
2925 5468 3084 5536 ἡμεῖς
3106 5469 3232 5531 τοὺς
3263 5470 3459 5532 παῖδας
3481 5473 3607 5533 τοὺς
3636 5473 3967 5543 ἡμετέρους,
4001 5479 4134 5532 ὅταν

2435 5566 2709 5634 ἡϐήσωσι,
2742 5567 2922 5638 τωλλῷ
2941 5569 3164 5638 μείζονα
3193 5571 3534 5642 ἀπαιτοῦμεν
3589 5573 3657 5626 τά
3691 5577 4130 5649 κατορθώματα,

2435 5668 2528 5721 καὶ
2563 5668 2598 5722 ἃ
2633 5671 2922 5735 ποιοῦντας
2947 5673 3212 5744 πρότερον
3250 5675 3556 5746 ἐπῃνοῦμεν
3587 5677 3727 5731 κατά
3759 5678 3862 5749 τὴν
3901 5682 4132 5755 πρώτην

2494 5867 2518 5896 ⁸
2544 5867 2643 5916 Alli
2670 5869 3036 5932 ἀπολειπόμεθα.
