4174 6318
247 391 367 447 ἔιῡῧ

246 520 365 563 non
391 522 553 577 opum
579 515 786 563 tantum
809 490 1140 579 mancipium
1169 515 1285 573 est,
1315 508 1411 563 sed
1448 508 1607 563 ctiam
1636 509 1851 580 gloria),

249 600 509 664 honoris,
542 599 824 670 praesentis
849 600 1000 664 vitm,
1028 609 1188 669 atque
1216 608 1274 654 ut
1306 599 1475 654 semel
1500 600 1705 663 dicam,
1736 615 1856 654 om-

248 693 405 746 nium
426 707 548 762 qua:
571 692 637 746 ad
658 692 819 747 vitam
845 693 1132 761 pertinent.
1157 691 1341 763 Itaque
1365 694 1640 747 avaritiam
1663 694 1857 750 Paulus

247 785 518 839 malorum
561 787 799 840 omnium
835 787 1067 842 radicem
1097 787 1234 842 dixit
1259 789 1311 854 (l
1345 787 1477 842 Tim.
1506 790 1560 844 6.
1603 790 1714 859 l0).
1744 789 1855 857 Ye-

247 891 375 928 rum
400 885 455 930 et
483 875 622 932 hanc
644 877 880 932 radicem
909 870 1187 948 virginitas
1213 879 1354 950 potis
1378 888 1464 935 est
1486 881 1776 946 exsiccare,
1804 892 1858 938 et

247 967 413 1021 aliam
446 970 701 1036 optimam
729 969 886 1023 nobis
916 969 1101 1025 indere
1123 1012 1138 1036 ,
1168 969 1311 1025 unde
1339 970 1481 1027 bona
1510 973 1689 1026 omnia
1733 973 1855 1042 pul-

247 1060 445 1127 lulent,
468 1061 707 1127 libertas,
738 1061 952 1128 ﬁducia,
976 1061 1253 1131 fortitudo,
1282 1062 1430 1118 zelus
1455 1064 1670 1130 ardens,
1699 1065 1860 1119 ca‘le-

240 1153 414 1206 stiuin
446 1153 659 1218 fervens
693 1168 881 1219 amor,
911 1155 1244 1209 terrestrium
1279 1156 1520 1210 omnium
1547 1157 1853 1226 despectus.

248 1242 330 1295 Ita
359 1244 592 1297 honestas
619 1253 665 1297 et
693 1245 878 1298 decora
905 1246 1178 1300 assiduitas
1207 1256 1444 1316 paratur.

321 1334 590 1389 LXXXII.
631 1334 821 1389 Contra
853 1351 939 1391 eos
980 1337 1069 1407 qui
1111 1337 1288 1391 dicunt
1330 1347 1509 1408 optare
1543 1339 1759 1407 virgines
1801 1340 1854 1394 in

248 1427 536 1481 Abrahann'
577 1428 748 1482 sinum
775 1430 962 1499 uenire.
990 1457 1065 1470 —
1090 1429 1196 1485 Sed
1222 1445 1344 1501 qua:
1380 1439 1466 1485 est
1501 1431 1619 1486 haze
1656 1435 1853 1489 multos

246 1535 378 1574 rum
411 1519 625 1589 sapiens
662 1521 868 1576 oratio?
896 1520 1204 1576 Patriarcha
1222 1563 1238 1587 ,
1268 1522 1475 1592 inquit.
1505 1523 1774 1578 Abraham
1801 1535 1858 1580 et

244 1625 480 1664 uxorem
508 1609 691 1664 habuit
709 1652 723 1676 ,
753 1619 808 1666 et
831 1611 1033 1666 liberos
1051 1654 1068 1680 ,
1089 1623 1147 1668 et
1167 1628 1331 1683 epes,
1353 1623 1411 1669 et
1431 1628 1654 1685 greges,
1681 1623 1738 1670 et
1763 1631 1854 1671 ar-

250 1711 436 1756 menta
465 1719 479 1754 :
507 1716 573 1756 ac
599 1711 720 1771 post
745 1717 810 1757 ea
835 1704 1014 1758 omnia
1038 1703 1275 1761 Joannes
1300 1713 1412 1760 tum
1450 1706 1708 1777 Baptista,
1739 1716 1857 1764 tum

245 1791 593 1860 Evangelisla
616 1832 633 1856 ,
669 1801 899 1862 uterque
931 1793 1119 1864 virgo,
1155 1803 1213 1849 et
1255 1795 1452 1850 Paulus
1479 1805 1639 1866 atque
1664 1797 1856 1855 Petrus

241 1880 583 1935 continentia
613 1881 878 1950 illustres,
911 1884 965 1937 in
991 1885 1108 1955 ejus
1133 1885 1310 1941 sinum
1338 1887 1524 1942 venire
1550 1897 1756 1958 optant.
1787 1889 1857 1945 Et

245 1970 379 2039 quis
418 1980 594 2025 autem
638 1971 732 2026 tibi
779 1972 832 2027 id
871 1972 1038 2040 dixit,
1082 1976 1224 2036 bone
1250 1977 1373 2031 vir?
1395 1979 1514 2048 quis
1550 1980 1857 2051 propheta?

243 2061 377 2130 quis
399 2063 762 2132 evangelista?
788 2063 908 2135 Ipse
925 2106 943 2130 ,
965 2065 1182 2136 inquit,
1210 2067 1474 2125 Christus.
1504 2070 1639 2126 Nam
1665 2081 1856 2128 centu-

249 2155 463 2209 rionem
498 2154 690 2210 videns
727 2172 938 2212 summa
978 2158 1175 2214 ﬁducia
1207 2161 1526 2230 praeditum,
1553 2164 1672 2219 ait:
1702 2165 1859 2220 Multi

247 2246 315 2300 ob
346 2244 550 2301 Oriente
571 2257 620 2301 et
643 2247 919 2303 Occidente
941 2251 1159 2316 venient,
1180 2260 1229 2306 et
1249 2257 1540 2308 recumbent
1558 2272 1674 2309 cum
1694 2248 1860 2310 Abra-

253 2338 379 2390 ham
403 2346 452 2390 et
482 2336 632 2390 Isaac
655 2347 703 2392 et
731 2337 893 2392 Jacob
924 2338 1148 2410 (Matth.
1193 2341 1248 2396 8’.
1290 2343 1416 2414 11).
1457 2343 1595 2412 Quin
1620 2344 1858 2404 Lazarus

239 2431 387 2522 eum
519 2430 636 2476 tum
675 2423 946 2486 delicians
978 2445 1010 2485 a
1039 2414 1210 2490 divite
1240 2436 1460 2493 videtur
1515 2439 1669 2513 (Luc.
1706 2446 1775 2500 16
1796 2443 1854 2522 ὶοι

236 2507 388 2574 Quid
402 2510 511 2597 hoc
530 2514 596 2568 ad
614 2513 876 2573 Paulum?
894 2521 1026 2588 quid
1044 2523 1114 2578 ad
1129 2524 1394 2583 Petrum?
1419 2507 1555 2597 quid
1575 2533 1642 2586 ad
1670 2507 1833 2590 Joan:

243 2595 421 2650 nem?
466 2611 639 2666 neque
672 2600 816 2652 enim
861 2609 954 2654 aut
993 2602 1228 2658 Lazarus
1249 2645 1266 2670 ,
1308 2595 1505 2662 Paulus
1530 2623 1595 2664 ac
1618 2610 1855 2667 Joannes

243 2695 373 2738 erat
394 2726 413 2752 ,
443 2695 531 2742 aut
573 2688 726 2744 multi
753 2690 828 2746 illi
853 2691 922 2746 ab
947 2692 1165 2750 Oriente
1193 2705 1247 2750 et
1274 2696 1565 2756 Occidente
1584 2744 1602 2769 ,
1631 2712 1854 2773 aposto-

242 2775 426 2832 lorum
455 2778 654 2835 chorus
681 2791 858 2836 erant.
883 2783 1067 2855 Itaque
1095 2786 1209 2842 haec
1234 2789 1387 2843 vobis
1412 2805 1564 2847 cassa
1593 2801 1650 2849 et
1676 2793 1853 2850 inanis

243 2877 337 2923 est
364 2871 552 2926 oratio.
584 2872 736 2939 Quod
765 2875 810 2930 si
839 2880 1201 2947 apostolorum
1232 2884 1448 2951 praemia
1478 2886 1636 2954 plane
1664 2889 1852 2944 audire

239 2960 367 3024 vis,
411 2977 476 3015 ea
536 2962 874 3022 distributuri
940 2973 1261 3026 sententiam
1317 2975 1550 3044 accipe:
1600 2979 1850 3033 Sedebitis

239 3067 402 3121 super
443 3055 652 3110 thronos
695 3058 964 3114 duodecim
985 3103 1002 3129 ,
1040 3063 1337 3132 judicantes
1383 3068 1644 3123 duodecim
1690 3072 1850 3127 tribus

237 3141 443 3198 lsraei'
474 3146 690 3214 (Matth.
721 3149 813 3205 19.
841 3150 974 3220 28).
1015 3153 1288 3226 Nusquam
1321 3158 1407 3214 hic
1421 3169 1524 3213 ‘aut
1549 3162 1844 3231 Abraham,

241 3245 340 3289 aut
363 3237 480 3304 ejus
504 3248 681 3307 natus,
707 3252 799 3296 aut
826 3258 1013 3312 nepos,
1045 3257 1138 3302 aut
1158 3250 1248 3318 qui
1268 3239 1363 3305 eos
1383 3254 1648 3322 acceperit
1673 3256 1843 3323 sinus,

238 3329 343 3382 sed
383 3327 614 3399 dignitas
659 3333 815 3403 longe
857 3335 957 3390 hac
1002 3339 1282 3396 sublimior
1315 3360 1328 3395 :
1366 3359 1489 3398 nam
1535 3344 1591 3399 hi
1631 3344 1842 3402 illorum

238 3427 487 3487 posteros
529 3421 821 3490 judicaturi
873 3427 1154 3484 sedcbunt.
1207 3432 1391 3502 Neque
1437 3434 1525 3490 hic
1567 3435 1842 3493 dumtaxat

238 3509 462 3566 evidens
487 3510 776 3569 discrimen
803 3526 914 3582 est,
948 3519 1044 3574 sed
1075 3523 1217 3591 quod
1244 3539 1366 3592 qua:
1394 3524 1730 3582 Abrahamus
1758 3538 1842 3584 est

237 3599 469 3670 adeptus
495 3604 650 3658 multi
680 3607 1094 3668 nanciscentur:
1127 3611 1280 3666 Multi
1311 3615 1454 3668 enim
1477 3657 1494 3681 ,
1535 3617 1739 3687 inquit,
1779 3618 1841 3672 ab

243 3689 456 3748 Oriente
487 3703 535 3750 et
570 3695 841 3752 Occidente
858 3702 1056 3754 venient
1075 3705 1118 3769 ’,
1158 3714 1206 3757 et
1239 3707 1525 3761 recumbcnt
1545 3725 1658 3762 cum
1679 3710 1840 3764 Abra-

243 3782 362 3835 ham
395 3792 441 3837 et
473 3783 624 3839 Isaac
663 3797 711 3840 et
753 3787 915 3844 Jacob
953 3786 1377 3862 (Matt/1.8.“);
1405 3797 1628 3852 thronos
1659 3809 1838 3854 autem

240 3874 384 3938 IIIOS,
415 3876 516 3931 nisi
546 3887 856 3934 sanctorum
883 3880 1075 3936 horum
1104 3884 1320 3949 chorus,
1350 3887 1630 3956 occupabit
1657 3905 1836 3943 nemo.

239 3963 309 4018 Et
333 3965 506 4020 adhuc
529 3983 738 4038 greges,
768 3980 1033 4040 armenta,
1066 3974 1426 4041 matrimonia,
1461 3977 1656 4032 liberos
1685 3995 1834 4034 com-

236 4058 584 4112 memoratis?
627 4060 768 4127 Quid
809 4062 1005 4133 igitur,
1046 4064 1247 4135 inquit,
1291 4069 1334 4120 si
1377 4069 1640 4138 virginum
1685 4071 1837 4125 multi

235 4155 364 4215 post
386 4161 576 4216 graves
615 4151 836 4208 sudores
862 4168 930 4209 eo
959 4155 1142 4210 venire
1175 4159 1402 4225 optant?
1428 4159 1542 4228 Ego
1563 4175 1690 4215 vero
1717 4177 1835 4215 ma-

233 4238 324 4308 jus
353 4239 511 4294 etiam
538 4235 792 4311 quiddam
821 4245 995 4300 dicam
1015 4286 1033 4313 ,
1061 4247 1327 4317 virginum
1369 4250 1566 4306 multos
1604 4267 1706 4308 nec
1739 4268 1836 4308 eos

234 4329 454 4398 quidem
481 4331 630 4387 sinus
650 4375 665 4398 ,
695 4349 795 4390 nec
821 4336 1024 4391 minora
1054 4347 1504 4408 consequuturos,
1535 4341 1632 4395 sed
1658 4343 1710 4396 in
1740 4360 1834 4412 ge-

234 4418 472 4474 hennam
493 4421 827 4481 discessuros
851 4443 864 4479 :
889 4437 1049 4496 atque
1074 4429 1128 4483 id
1152 4430 1383 4499 virgines
1403 4431 1692 4486 ostendunt
1716 4435 1834 4488 tha-

235 4510 380 4566 lamo
403 4512 657 4568 exclusae.
683 4514 826 4586 Ergo
855 4512 981 4572 hinc
1004 4518 1291 4588 virginitati
1327 4536 1424 4590 par
1448 4529 1531 4576 est
1559 4521 1830 4578 matrimo-

235 4601 424 4669 nium,
469 4602 578 4657 imo
624 4603 741 4659 bree
786 4607 947 4660 etiam
994 4607 1229 4663 deterior
1259 4627 1273 4662 :
1300 4611 1603 4689 exemplum
1637 4613 1831 4683 quippe

234 4703 384 4747 tuum
409 4694 501 4748 illo
523 4693 844 4751 deteriorem
873 4697 1016 4752 facit.
1046 4697 1178 4753 Nam
1207 4701 1252 4755 si
1276 4701 1546 4756 Abraham
1575 4703 1862 4773 conjuga-t

233 4793 324 4838 tus
347 4784 399 4838 in
425 4786 616 4854 requie
639 4795 693 4841 et
716 4787 919 4842 deliciis
939 4797 1040 4852 est,
1063 4791 1297 4861 virgines
1319 4793 1372 4846 in
1394 4793 1656 4862 gehenna,
1684 4795 1736 4849 id
1762 4812 1828 4852 ex

233 4879 480 4932 oratione
502 4889 680 4934 vestra
705 4880 1109 4950 conjectandum
1131 4884 1468 4953 relinquitur.
1494 4885 1600 4942 Sed
1625 4902 1730 4941 non
1755 4888 1827 4942 ita

229 4976 337 5033 est,
359 4965 580 5038 inquam
611 4989 623 5024 :
651 4971 778 5040 quin
805 4972 941 5027 adeo
966 4973 1304 5028 matrimonio
1325 4974 1560 5046 deterior
1585 4991 1693 5031 non
1722 4986 1823 5044 est,

230 5067 292 5113 ut
332 5058 488 5127 longe
516 5060 675 5114 etiam
713 5066 1051 5130 przestantior
1079 5065 1166 5117 sit.
1199 5063 1518 5130 Quomodo?
1547 5065 1696 5132 Quod
1730 5083 1826 5123 nec

229 5150 501 5206 Abraham
541 5152 937 5208 matrimonium
972 5156 1132 5210 talem
1165 5158 1445 5226 prmstitit,
1476 5174 1576 5213 nec
1603 5160 1825 5215 miseras

228 5244 350 5298 illas
384 5228 659 5312 virginitas
701 5245 964 5314 perdidit;
1004 5248 1098 5303 sed
1135 5258 1189 5302 et
1225 5249 1580 5317 patriarcham
1624 5251 1822 5320 reliqua

227 5333 421 5387 anima:
460 5334 629 5388 virtus
663 5334 920 5390 illustrem
948 5337 1213 5403 reddidit,
1244 5345 1298 5392 et
1336 5338 1431 5392 has
1469 5339 1672 5410 reliqua
1701 5341 1823 5395 vita:

224 5425 464 5495 nequitia
510 5425 619 5496 igni
664 5427 898 5483 tradidit.
941 5428 1214 5499 Siquidem
1253 5429 1344 5485 ille
1385 5430 1440 5485 in
1484 5432 1823 5486 matrimonio

291 5578 307 5609 ³
347 5584 463 5650 Reg.
502 5585 556 5627 et
575 5577 725 5650 .savi‘l.
761 5581 811 5650 in
829 5582 1067 5650 margine,
1088 5589 1127 5629 ο
1162 5593 1263 5650 vos,
1290 5581 1472 5650 quinte
1509 5581 1662 5650 secuti
1681 5584 1818 5650 estis,

219 5639 433 5712 qnmtdo'
442 5639 493 5688 in
515 5639 631 5712 solio
651 5641 821 5712 gloria:
855 5639 1008 5712 filius
1033 5639 1255 5712 Hominis
1265 5639 1713 5712 sedebit,_scdcbitis
1734 5639 1821 5712 ,ςυὲ

221 5714 316 5765 per;
338 5701 533 5765 thronos
553 5701 822 5765 duodecim,
841 5703 1123 5765 judicantes
1143 5703 1399 5756 duodecim
1414 5703 1569 5758 tribus
1595 5708 1762 5758 Israel.

251 5759 316 5872 ω’
344 5762 740 5825 Anthypophorn,
766 5759 974 5828 eSt'ejus
995 5779 1145 5828 quem
1182 5780 1245 5816 ex
1284 5766 1490 5816 adverso
1523 5766 1814 5841 “loquentem

251 5863 252 5868 η
305 5836 502 5872 uxcrat.

219 5827 370 5876 hulux
378 5836 502 5874 erat.
898 5827 905 5828 7
1014 5827 1025 5828 ί
1523 5837 1526 5841 ’

1608 391 1696 447 nn
1737 388 2197 482 VIIlGlNl'I'A'l‘E.

3451 408 3564 464 ,⁸594

1968 507 2190 580 degens,
2219 510 2537 583 virginitatis
2576 513 2733 569 bonis
2760 497 3004 586 perfungi
3031 517 3253 587 studuit,
3273 520 3564 590 Honestate,
3624 579 3631 586 _

1966 602 2178 672 inquam
2201 643 2220 670 ,
2253 614 2309 659 et
2343 605 2530 661 decora
2570 607 2872 664 assiduitate
2898 625 2920 664 :
2949 610 3034 666 ha:
3056 612 3418 684 virginitatem
3442 633 3565 672 am-

1964 693 2135 761 plexa:
2154 736 2169 761 ,
2203 697 2255 749 in
2283 696 2409 750 vita:
2448 699 2711 767 procellas
2734 709 2789 755 et
2827 703 3152 759 matrimonii
3181 710 3395 778 negotia
3424 711 3589 766 reci.~

1962 785 2176 840 derunt.
2204 787 2340 855 Quid
2365 789 2544 859 igitur,
2569 791 2760 861 inquit,
2782 802 2839 848 et
2863 809 3007 849 nunc
3029 804 3176 852 vetat
3203 801 3479 870 maritum,
3502 818 3568 858 ac

1962 879 2146 933 liberis
2165 921 2178 944 ,
2205 881 2430 948 apibus,
2457 884 2772 954 ueterisque
2799 887 3050 944 omnibus
3085 889 3404 948 instructum
3422 935 3442 963 ,
3472 894 3565 948 dc-

1962 986 2134 1024 coram
2167 972 2523 1043 assiduitatem.
2558 977 2733 1031 tueri?
2771 978 3010 1034 Primum
3041 982 3184 1051 quod
3223 998 3387 1041 nemo
3424 1002 3566 1042 nunc

1961 1075 2059 1130 par
2083 1073 2165 1117 est
2194 1065 2532 1132 Abrahamo,
2571 1068 2668 1124 sed
2707 1085 2809 1126 nec
2848 1086 3017 1142 parvo
3055 1073 3342 1132 intervallo
3379 1079 3565 1148 proxi-

1961 1169 2101 1209 mus.
2123 1153 2256 1209 Nam
2291 1157 2408 1224 ille,
2435 1159 2525 1228 qui
2553 1169 2607 1214 et
2631 1175 2765 1230 opes
2790 1172 2848 1218 et
2869 1178 3093 1220 uxorem
3119 1165 3374 1234 haberet,
3401 1171 3567 1228 etiam

1960 1247 2130 1316 magis
2161 1263 2318 1315 quam
2354 1251 2444 1319 qui
2483 1251 2717 1322 inopiam
2755 1254 3110 1324 proﬁteantur
3141 1261 3398 1328 pecunias
3435 1277 3566 1319 con-

1949 1341 2196 1408 tempsit,
2220 1351 2276 1396 et
2294 1343 2620 1411 voluptatem
2641 1345 2834 1403 fortius
2855 1364 3018 1419 quam
3040 1353 3274 1422 virgines
3299 1355 3563 1413 cohibuit.

1961 1428 2028 1483 lli
2065 1432 2209 1485 enim
2245 1435 2486 1502 quotidie
2524 1436 2834 1493 libidinibus
2869 1441 3101 1508 ardent;
3140 1444 3234 1500 ille
3268 1446 3407 1503 adeo
3443 1465 3568 1507 ean

1960 1511 2231 1576 ﬂammam
2257 1526 2608 1593 exstinxerat,
2640 1544 2815 1598 neque
2834 1531 2940 1586 ulla
2966 1534 3257 1606 cupiditate
3275 1528 3567 1596 obstrictus

1962 1613 2260 1680 tenebatur,
2285 1624 2348 1669 ut
2373 1631 2482 1671 non
2506 1619 2680 1673 solum
2712 1621 2906 1690 pellice
2930 1624 3249 1696 abstineret,
3278 1630 3376 1686 sed
3401 1633 3563 1687 etiam

1961 1705 2124 1779 domo
2149 1721 2268 1761 eam
2303 1709 2561 1778 pelleret,
2594 1727 2704 1782 quo
2739 1714 2850 1769 litis
2886 1731 2954 1771 ac
2984 1716 3196 1774 dissidii
3222 1724 3564 1781 occasionem

1960 1812 2178 1855 omnem
2208 1801 2440 1856 tolleret.
2466 1802 2618 1872 Quod
2656 1806 2904 1875 equidem
2939 1823 3086 1864 nunc
3116 1809 3259 1867 haud
3287 1811 3444 1871 facile
3473 1833 3566 1871 re-

1960 1891 2139 1961 perire
2163 1902 2265 1946 est.

2031 1984 2317 2040 LXXXIII.
2352 1985 2474 2041 Non
2503 1989 2733 2044 eumdem
2757 1991 2956 2046 uirtutis
2980 1994 3190 2048 modum
3217 1995 3362 2051 nobis
3383 2008 3433 2052 et
3457 2015 3562 2052 an-

1961 2077 2114 2145 tiquis
2138 2079 2454 2148 propositum
2481 2096 2605 2134 esse.
2622 2111 2696 2121 --
2713 2081 2981 2140 PNK-terea
3001 2095 3206 2153 autem,
3229 2089 3370 2156 quod
3404 2090 3560 2145 initio

1959 2168 2202 2226 dicebam
2223 2211 2238 2232 ,
2268 2179 2324 2225 et
2350 2186 2494 2226 nunc
2518 2182 2760 2242 repetam
2782 2213 2800 2240 ,
2827 2190 2940 2230 non
2968 2177 3220 2232 eumdem
3241 2179 3278 2232 ‘a
3301 2181 3458 2235 nobis
3482 2192 3568 2236 at-

1960 2256 2067 2329 que
2106 2260 2176 2315 ab
2222 2260 2312 2315 illa
2355 2263 2568 2317 virtutis
2613 2264 2834 2320 modum
2880 2267 3042 2338 exigi.
3086 2267 3366 2339 Siquidem
3418 2288 3564 2328 nunc

1960 2350 2257 2421 perfectum
2279 2368 2401 2408 esse
2428 2369 2534 2407 non
2565 2354 2715 2420 licet,
2747 2355 2849 2411 nisi
2878 2359 3132 2424 omnibus
3160 2361 3424 2428 venditis,
3455 2364 3564 2420 nisi

1964 2437 2222 2492 omnibus
2240 2436 2424 2490 valere
2440 2435 2611 2505 jussis
2633 2435 2860 2505 (latth.
2883 2438 2970 2508 l9)
2989 2455 3098 2494 non
3119 2443 3320 2512 opibus
3342 2453 3562 2504 tantum

1963 2536 2021 2586 et
2040 2527 2274 2592 aedibus,
2297 2527 2602 2601 sed_anima
2627 2527 2796 2581 etiam
2817 2544 2917 2583 sua
2940 2549 2954 2584 :
2977 2540 3094 2586 tum
3117 2538 3360 2593 nondum
3389 2548 3558 2598 tanta:

1963 2619 2336 2676 accurationis
2357 2618 2637 2687 specimen
2662 2625 2800 2672 erat.
2827 2619 2971 2686 Quid
2997 2623 3206 2693 igitur?
3228 2628 3444 2699 inquit;
3470 2622 3562 2688 ac.

1964 2709 2212 2764 curatius
2251 2723 2399 2762 nunc
2432 2723 2597 2778 quam
2630 2710 2943 2778 patriarcha
2997 2715 3278 2772 vivimus?
3317 2721 3560 2778 Debere-

1956 2813 2075 2853 mus
2103 2797 2285 2863 certe,
2317 2810 2480 2878 atque
2523 2803 2578 2859 id
2615 2804 2893 2875 jubemur,
2923 2809 3018 2864 sed
3047 2826 3158 2865 non
3194 2823 3556 2883 prmstamus:

1956 2890 2183 2962 ideoque
2210 2892 2368 2962 longe
2391 2910 2421 2948 a
2442 2895 2592 2963 justo
2624 2888 3003 2970 relinquimur.
3031 2902 3167 2958 Nam
3195 2905 3325 2974 quin
3352 2908 3557 2978 majora

1953 2984 2109 3037 nobis
2153 2987 2448 3040 certamina
2492 2989 2764 3058 proposita
2806 2993 2913 3046 sint
2939 3033 2954 3057 ,
3000 2995 3137 3049 nulli
3179 2997 3401 3052 dubium
3447 3009 3555 3054 est.

1952 3075 2135 3147 itaque
2162 3077 2278 3134 Noe
2303 3080 2528 3135 laudans
2550 3081 2828 3152 Scriptura
2850 3126 2865 3152 ,
2898 3101 3006 3140 non
3035 3087 3355 3158 simpliciter
3387 3091 3442 3146 id
3474 3090 3557 3145 fa-

1951 3169 2064 3233 cit,
2105 3169 2201 3224 sed
2240 3185 2362 3224 cum
2402 3172 2770 3229 additamenta
2809 3176 3039 3246 quodam
3067 3196 3082 3231 :
3113 3195 3234 3234 nam
3277 3182 3352 3234 ait
3385 3199 3401 3237 :
3436 3181 3554 3237 Noe

1944 3262 2134 3332 justus,
2164 3265 2412 3333 perfectus
2438 3265 2489 3318 in
2517 3268 2845 3336 generatione
2880 3286 2976 3322 sua
2996 3311 3013 3335 ,
3047 3270 3154 3326 Deo
3182 3273 3374 3343 placuit
3395 3273 3551 3346 (Gem
3641 3319 3644 3322 .

1955 3352 2020 3407 6..
2037 3349 2092 3424 9)
2118 3369 2134 3406 :
2158 3369 2262 3407 non
2292 3356 2609 3424 simpliciter
2645 3358 2915 3426 perfectus
2935 3401 2949 3421 .
2979 3361 3074 3415 sed
3114 3362 3167 3416 in
3197 3367 3552 3434 generatione

1949 3460 2066 3499 sua.
2095 3444 2241 3500 Multi
2269 3448 2410 3501 enim
2441 3445 2567 3502 s‘unt
2595 3449 2940 3517 perfectionis
2991 3454 3176 3518 modi,
3223 3456 3343 3511 aliis
3383 3467 3552 3528 atque

1946 3536 2069 3590 aliis
2097 3537 2427 3606 temporibus
2445 3539 2651 3592 definiti
2676 3556 2690 3594 :
2715 3555 2778 3594 ac
2805 3537 2954 3607 Quod
2969 3543 3248 3612 aliquando
3268 3539 3549 3615 perfectum

1949 3627 2070 3695 fuit,
2097 3627 2341 3693 temporis
2361 3642 2635 3696 progressu
2655 3629 2714 3696 ﬁt
2739 3631 3121 3700 imperfectum.
3146 3630 3310 3685 Verbi
3333 3635 3534 3701 gratia:

1950 3717 2239 3785 aliquando
2272 3717 2549 3786 perfectus
2579 3729 2698 3772 erat
2731 3719 2824 3786 qui
2865 3720 3039 3791 legem
3081 3724 3487 3792 exsequebatur
3515 3743 3532 3779 :

1947 3809 2092 3868 Nam
2112 3809 2221 3862 hare
2236 3811 2324 3879 qui
2347 3811 2530 3879 faciat,
2562 3811 2754 3881 inquit,
2785 3828 2879 3879 per
2905 3829 2966 3865 ea
2995 3814 3227 3867 victurus
3245 3824 3320 3869 est
3342 3816 3531 3885 (Leuit.

1945 3903 2033 3957 18.
2060 3901 2116 3973 5)
2152 3920 2166 3956 :
2203 3909 2258 3956 at
2280 3901 2530 3958 Christus
2551 3913 2774 3957 exortus
2804 3903 3105 3974 perfectum
3136 3906 3243 3961 hoc
3269 3907 3534 3978 imperfe-

1943 4005 2086 4050 ctum
2111 3996 2368 4050 ostendit.
2397 3995 2517 4050 Nisi
2541 3998 2684 4052 enim
2708 4040 2722 4064 ,
2757 3999 2958 4068 inquit,
2976 4002 3319 4070 abundaverit
3332 4005 3544 4073 justitia

1941 4095 2106 4143 vestra
2134 4089 2250 4157 plus
2273 4104 2427 4158 quam
2453 4088 2733 4142 scribarum
2754 4099 2803 4142 et
2822 4090 3229 4162 Pharisa'orum,
3250 4111 3354 4148 non
3379 4096 3542 4150 intra-

1941 4179 2056 4233 bitis
2084 4179 2139 4231 in
2158 4195 2368 4248 regnum
2388 4180 2628 4233 calorum
2648 4178 2876 4252 (Matth.
2898 4181 2952 4237 5.
2977 4181 3049 4237 20
3071 4181 3114 4254 ).
3138 4183 3277 4239 Tum
3306 4185 3538 4241 homici-

1940 4269 2087 4325 dium
2117 4271 2291 4325 solum
2316 4278 2470 4325 atrox
2491 4271 2803 4337 videbatur;
2846 4288 2989 4327 nunc
3021 4275 3108 4327 vel
3148 4275 3226 4328 ira
3255 4274 3541 4333 dumtaxat

1938 4377 2002 4417 ac
2026 4363 2323 4417 convicium
2353 4362 2418 4416 ad
2444 4362 2748 4432 gehennam
2779 4378 2971 4433 rapere
2999 4375 3198 4435 queat:
3227 4377 3340 4422 tum
3377 4369 3533 4423 adul-

1939 4456 2130 4510 terium
2162 4455 2334 4510 solum
2363 4454 2728 4525 plectebatur;
2759 4472 2900 4511 nunc
2925 4458 3011 4511 vel
3045 4457 3326 4527 ﬂagitiosis
3364 4461 3538 4517 oculis

1937 4547 2215 4602 mulierem
2249 4548 2510 4616 aspicere,
2549 4562 2659 4601 non
2687 4547 2840 4602 abest
2867 4563 2897 4600 a
2924 4549 3188 4616 supplicio
3217 4567 3232 4602 :
3265 4558 3378 4605 tum
3405 4567 3534 4622 per-

1931 4640 2132 4709 jurium
2149 4640 2321 4694 solum
2342 4654 2374 4693 a
2394 4640 2534 4693 malo
2555 4649 2670 4694 erat
2687 4657 2702 4704 ;
2729 4656 2869 4695 nunc
2885 4642 2969 4695 vel
2989 4641 3173 4710 jurare
3196 4659 3212 4697 :
3237 4641 3376 4696 Nam
3393 4646 3531 4714 quod

1936 4740 2117 4803 praeter
2133 4732 2239 4784 haec
2254 4741 2348 4790 est,
2368 4731 2555 4799 inquit,
2577 4746 2607 4781 a
2628 4729 2764 4783 malo
2780 4740 2850 4785 est
2870 4731 2974 4804 (Ib.
2998 4748 3049 4788 υ.
3076 4731 3190 4803 ⁵57).
3205 4734 3289 4788 Ab
3310 4736 3380 4789 iis
3397 4735 3531 4792 nihil

1934 4823 2162 4892 amplius
2189 4822 2580 4891 requirebatur,
2613 4837 2772 4890 quam
2802 4837 2983 4876 amare
3029 4839 3124 4878 eos
3162 4825 3251 4893 qui
3281 4840 3342 4879 se
3377 4841 3529 4880 ama-

1933 4924 2092 4970 rent:
2123 4928 2264 4968 nunc
2289 4928 2537 4982 magnum
2575 4913 2678 4967 hoc
2703 4921 2758 4967 et
2795 4914 3111 4982 prmclarum
3158 4923 3265 4971 tam
3294 4925 3381 4988 est
3422 4916 3522 4972 im-

1932 5008 2247 5078 perfectum,
2277 5015 2336 5061 ut
2365 5021 2430 5062 eo
2459 5005 2721 5075 perfuncti
2757 5007 2924 5062 nihilo
2965 5005 3263 5076 publicanis
3304 5019 3525 5077 praste-

1932 5117 2073 5156 mus.

2004 5189 2290 5245 LXXXIV.
2321 5190 2508 5244 Merito
2529 5189 2820 5243 eorumdem
2844 5199 2975 5243 recte
2994 5191 3248 5259 {actorum
3266 5207 3370 5245 non
3389 5191 3528 5247 idem

1933 5281 2195 5350 premium
2223 5280 2366 5334 nobis
2387 5289 2434 5334 et
2458 5281 2681 5350 antiquis
2710 5281 3025 5350 propositum
3051 5297 3180 5334 esse.
3200 5282 3399 5336 —Cur
3425 5283 3526 5354 igi-

1933 5382 2017 5425 tur
2049 5387 2154 5425 non
2188 5370 2326 5426 idem
2356 5374 2632 5440 praemium
2659 5370 2846 5426 iisdem
2875 5381 3023 5427 recte
3052 5372 3230 5439 factis,
3251 5384 3307 5428 et
3326 5376 3526 5430 nostris

1929 5471 1983 5518 et
2010 5464 2348 5532 antiquorum
2370 5503 2387 5527 ,
2414 5464 2748 5532 prepositum
2779 5473 2891 5530 est,
2936 5462 3032 5518 sed
3070 5466 3331 5532 majorem
3357 5467 3528 5522 virtu-

1931 5564 2036 5610 tem
2064 5555 2409 5610 exhibeamus
2439 5568 2659 5609 necesse
2686 5564 2803 5618 est,
2835 5556 2880 5611 si
2907 5554 3094 5610 eadem
3122 5571 3242 5624 qua:
3284 5555 3359 5620 illi
3397 5572 3526 5611 eon-

1929 5645 2258 5716 sequemur?
2285 5645 2418 5711 Quia
2449 5660 2591 5700 nunc
2634 5647 2821 5715 ingens
2866 5645 3098 5714 Spiritus
3136 5649 3307 5716 gratia
3354 5647 3522 5702 eﬂ‘usa

1929 5744 2045 5801 est,
2098 5745 2153 5789 et
2209 5750 2458 5804 magnum
2504 5734 2766 5792 adventus
2802 5735 3000 5791 Christi
3045 5736 3523 5793 munus:adultos

1929 5826 2124 5896 quippe
2150 5839 2247 5895 pro
2273 5824 2562 5881 infantibus
2588 5825 2838 5883 reddidit.
2863 5826 3046 5898 Itaque
3067 5827 3520 5898 quemadmodum
