4206 6324
672 384 782 438 595

671 503 767 543 nos
793 501 821 540 a
853 481 1029 554 pueris
1055 477 1252 534 nostris
1275 474 1564 546 puberibus
1593 472 1850 540 majorem
1873 471 2122 522 virtutem
2148 481 2246 534 p0-

670 579 957 637 stulamus,
987 582 1040 627 et
1064 586 1180 641 qua:
1219 568 1270 622 in
1301 568 1469 635 prima
1513 572 1670 618 mtate
1709 562 1966 614 facientes
2005 555 2253 610 laudaba-

673 680 813 728 mus,
842 663 1024 717 eadem
1056 661 1097 712 si
1128 659 1227 711 viri
1255 655 1426 709 eﬁ‘ecti
1458 658 1709 722 prcestent
1739 665 1844 702 non
1889 660 2038 714 :eque
2082 643 2254 696 admi-

673 768 877 818 ramur,
905 749 998 802 sed
1028 747 1128 801 alia
1160 746 1325 799 multo
1352 745 1415 796 iis
1436 741 1674 811 graviora
1697 738 1855 791 edere
1875 736 2120 804 iubemus
2145 749 2156 783 :
2184 731 2253 783 ita

671 855 730 899 et
774 844 839 896 ab
878 842 1106 894 humana
1153 845 1337 889 natura
1379 833 1516 886 Deus
1561 831 1733 898 primo
1772 840 1980 895 quoque
2016 831 2256 888 tempore

675 935 870 990 eximia
894 932 1133 1002 quaidam
1163 929 1399 981 facinora
1427 939 1529 978 non
1555 920 1820 989 exigebat,
1851 927 1906 970 ut
1937 913 2251 983 qumpueri-

681 1030 788 1081 lius
813 1025 995 1081 aﬁ'ecta
1025 1031 1166 1076 esset
1191 1038 1203 1071 :
1229 1028 1282 1072 at
1306 1017 1390 1070 ubi
1423 1014 1725 1085 prephctas,
1750 1008 2017 1077 apostolos
2037 1004 2254 1068 audii-it,

678 1119 910 1188 Spiritus
939 1114 1161 1184 gratiam
1192 1115 1516 1175 consequuta
1544 1113 1644 1166 est,
1678 1099 1887 1153 virtutis
1917 1097 1966 1150 ei
1994 1095 2256 1163 magnitu-

684 1210 862 1262 dinem
893 1206 1073 1259 auxit:
1101 1217 1198 1256 nec
1229 1199 1438 1268 injuria.
1464 1195 1595 1248 Nam
1636 1201 1687 1245 et
1716 1187 2013 1243 mercedem
2042 1183 2263 1257 amplio—

687 1316 800 1353 rem
835 1306 887 1350 et
915 1294 1129 1364 prazmia
1156 1291 1320 1343 multo
1345 1286 1629 1341 illustriora
1657 1294 1798 1334 nunc
1826 1276 2098 1346 proposuit
2122 1292 2133 1326 :
2159 1288 2262 1326 non

689 1390 830 1442 enim
855 1386 1090 1453 amplius
1109 1392 1246 1435 terra
1273 1394 1334 1433 ac
1360 1388 1588 1433 terrena,
1612 1371 1705 1425 sed
1728 1371 1936 1427 caelum,
1967 1374 2020 1419 et
2047 1379 2162 1433 quae
2185 1363 2265 1414 in-

697 1477 1042 1546 telligentiam
1073 1479 1323 1540 superent
1342 1469 1477 1522 bona
1508 1464 1809 1532 perfunctos
1833 1463 2160 1526 exspectant.
2187 1455 2264 1505 An

693 1584 800 1623 non
831 1568 991 1636 igitur
1017 1561 1301 1617 absurdum
1335 1559 1419 1621 sit,
1449 1554 1658 1608 adultos
1687 1551 1860 1624 adhue
1889 1549 1941 1600 in
1971 1545 2154 1599 eadem
2192 1544 2270 1596 in-

697 1652 861 1712 fantia
884 1638 1207 1725 persistere?
1230 1651 1359 1706 Nam
1383 1649 1610 1701 humana
1641 1654 1747 1697 tum
1776 1651 1963 1695 natura
1986 1638 2270 1691 adversum

702 1767 760 1806 se
788 1749 1109 1804 factionibus
1149 1743 1313 1798 divisa
1344 1750 1457 1794 erat
1480 1781 1495 1806 ,
1525 1738 1663 1792 bello
1694 1735 1886 1788 ardens
1923 1729 2270 1785 internecino.

699 1845 874 1910 Atque
901 1840 951 1892 id
979 1837 1287 1892 describens
1318 1832 1512 1887 Paulus
1543 1831 1636 1891 ait,
1671 1827 1835 1880 Aliam
1872 1823 2012 1876 video
2038 1820 2192 1888 legem
2221 1818 2274 1870 in

700 1930 930 1985 membris
957 1928 1078 1981 meis
1098 1968 1112 1991 ,
1139 1931 1500 1993 repugnantem
1529 1918 1625 1986 legi
1651 1916 1826 1968 mentis
1853 1927 2004 1974 metu,
2035 1918 2080 1962 et
2107 1906 2271 1974 capti-

701 2032 899 2075 vantem
943 2035 1022 2071 me
1065 2016 1161 2086 legi
1201 2011 1420 2084 peccati,
1466 2024 1578 2075 quae
1605 2007 1684 2060 lex
1709 2012 1779 2056 est
1815 2006 1868 2054 in
1895 1998 2126 2053 membris
2158 1995 2277 2047 meis

704 2114 894 2181 (Rom.
925 2111 977 2163 7.
1005 2105 1125 2176 23).
1153 2107 1219 2157 At
1245 2116 1384 2156 nunc
1411 2101 1525 2154 hate
1553 2112 1658 2150 non
1684 2102 1826 2148 sunt.
1854 2091 1994 2144 Nam
2019 2086 2151 2156 quod
2179 2087 2278 2139 im-

708 2202 940 2269 possibile
981 2207 1085 2251 erat
1133 2197 1263 2265 legi,
1313 2194 1364 2245 in
1406 2207 1503 2262 quo
1542 2186 1894 2255 inﬁrmabatur
1928 2199 2014 2250 per
2052 2193 2277 2239 carnem,

707 2294 845 2347 Deus
875 2290 1066 2343 Filium
1089 2303 1235 2341 suum
1263 2285 1460 2337 mittens
1488 2283 1540 2333 in
1566 2276 1946 2332 similitudinem
1972 2271 2138 2325 carnis
2162 2284 2280 2338 pec-

715 2384 835 2444 cati,
866 2391 909 2435 et
940 2381 1001 2431 de
1028 2384 1228 2447 peccato
1252 2372 1507 2425 damnavit
1539 2361 1794 2437 peccatum
1823 2365 1872 2415 in
1903 2376 2054 2414 carne
2087 2359 2105 2429 (
2134 2359 2280 2410 Rom.

712 2476 764 2529 8.
795 2475 872 2540 ὖ).
908 2473 979 2524 De
1009 2471 1178 2537 iisque
1217 2465 1416 2534 gratias
1453 2476 1615 2531 agens
1646 2456 1841 2512 Paulus
1869 2451 2111 2507 dicebat:
2142 2448 2284 2518 Infe-

713 2568 786 2620 lix
809 2538 898 2632 ego
925 2562 1087 2622 homo,
1113 2557 1220 2624 quis
1242 2570 1318 2607 me
1338 2551 1561 2606 liberabit
1588 2548 1650 2601 dc
1675 2562 1885 2610 corpore
1907 2542 2077 2596 mortis
2110 2538 2287 2604 huius?

715 2628 964 2725 Ago'Deo
1006 2649 1192 2720 gratias
1228 2662 1314 2714 per
1349 2642 1526 2696 Jesum
1563 2638 1814 2693 Christum
1851 2633 2042 2707 (Rom.
2072 2633 2124 2685 7.
2161 2628 2284 2699 24).

722 2751 902 2812 Itaque
947 2725 1137 2795 merito
1164 2735 1434 2804 punimur,
1481 2729 1637 2784 soluti
1682 2726 2010 2780 tantumdem
2051 2735 2287 2784 currere,

731 2843 986 2905 quantum
1033 2826 1304 2897 impediti,
1333 2824 1592 2877 nolentes.
1619 2818 1948 2886 Quamquam
1979 2823 2034 2866 ut
2063 2821 2292 2864 tantum-

724 2927 844 2978 dem
875 2922 1154 2991 possimus,
1181 2930 1278 2970 nec
1308 2915 1382 2968 sic
1409 2926 1565 2984 poena
1596 2908 1850 2962 solvimur
1877 2923 1889 2958 :
1924 2920 2044 2958 nam
2076 2903 2160 2972 qui
2187 2902 2291 2954 alta

727 3029 857 3084 pace
885 3012 1105 3072 fruatur,
1135 3009 1289 3076 longe
1319 3005 1491 3073 majus
1529 3011 1582 3055 et
1621 2999 1873 3054 illustrius
1903 3006 2157 3067 tropaeum
2189 2993 2294 3048 eri-

726 3120 850 3177 gere
893 3117 990 3172 par
1033 3108 1143 3166 est,
1174 3112 1330 3168 quam
1363 3095 1451 3166 qui
1480 3091 1764 3148 admodum
1797 3090 1934 3145 bello
1966 3095 2254 3159 prematur.

1371 363 1430 419 S.
1470 359 1749 418 JOANNIS
1786 353 2261 442 CHRFSOSTOMI
2299 351 2616 410 ARCHIEP.
2659 344 3193 404 CONSTANTINOP.

3827 341 3938 401 596

2360 462 2510 530 Quod
2538 461 2580 514 si
2608 461 2658 513 in
2685 459 2894 537 opibus,
2920 457 3142 522 deliciis,
3162 453 3444 523 coniugum
3471 453 3665 517 studio,
3691 455 3944 522 negotio-

2357 568 2473 605 rum
2504 567 2628 606 cura
2651 549 2862 603 assidue
2885 564 3184 613 versamur,
3207 546 3481 615 ecquando
3502 546 3598 598 viri
3624 545 3947 608 evademus,

2360 642 2546 710 Spiritu
2573 641 2832 704 vivemus,
2855 639 3061 692 Domini
3086 654 3170 692 res
3190 637 3495 691 curabimus
3513 637 3534 689 ?
3550 637 3631 688 An
3655 645 3942 704 postquam

2361 732 2484 784 hinc
2514 733 2792 800 migratum
2821 729 2954 782 erit?
2993 730 3060 781 At
3088 743 3192 781 non
3236 727 3288 780 id
3321 726 3561 780 laborum
3591 741 3654 779 ac
3687 725 3951 779 certami-

2362 823 2465 887 nis,
2491 821 2580 875 sed
2614 821 2953 888 praztrﬁorum
2992 827 3044 871 et
3071 832 3349 886 pcenarum
3395 826 3604 883 tempus
3650 816 3769 870 erit.
3801 814 3948 867 Tum

2364 929 2462 967 nec
2492 914 2675 981 virgini
2709 913 2885 964 oleum
2929 911 2980 962 iu
3024 909 3256 962 lucernis
3302 923 3404 960 non
3453 907 3666 960 habenti
3710 908 3776 959 ab
3819 906 3950 958 aliis

2362 1019 2572 1058 sumere
2595 1003 2792 1067 licebit,
2822 1000 2914 1054 sed
2939 1016 2998 1054 ea
3031 998 3158 1052 furis
3181 999 3418 1052 manebit
3439 997 3649 1069 (Matth.
3673 997 3763 1064 25)
3791 1013 3802 1048 :
3831 1009 3940 1047 nec

2367 1094 2454 1162 qui
2484 1093 2710 1146 sordidis
2739 1092 2952 1144 indutus
2979 1090 3182 1154 adstet,
3218 1103 3464 1157 egressus
3505 1097 3709 1140 mutare
3733 1099 3946 1138 veSIem

2367 1171 2586 1241 poterit,
2606 1170 2699 1224 sed
2715 1179 2779 1222 ad
2797 1172 3053 1237 geltennze
3068 1170 3245 1236 ignem
3263 1168 3563 1236 abripietur
3582 1168 3656 1238 (Μ
3667 1168 3801 1222 attlt.
3819 1170 3951 1240 22):

2366 1277 2468 1316 nec
2493 1261 2537 1316 si
2561 1261 2642 1314 vel
2669 1260 3037 1313 Abrahamum
3057 1260 3306 1326 imploret
3329 1257 3480 1329 (Luc.
3507 1259 3616 1328 16.)
3640 1260 3949 1331 quidquam

2363 1363 2477 1405 tum
2499 1350 2761 1420 proﬁciet.
2786 1349 2994 1418 Quippe
3012 1347 3256 1416 ortajam
3274 1348 3360 1400 die.
3379 1350 3618 1417 prOpria,
3643 1351 3822 1418 posito
3845 1352 3953 1403 tri-

2363 1441 2548 1496 bunali
2577 1481 2591 1505 ,
2632 1441 2854 1495 sedente
2883 1440 3099 1509 judice,
3131 1447 3186 1492 et
3225 1448 3478 1494 manante
3513 1441 3668 1508 quasi
3705 1442 3950 1510 quodam

2366 1539 2508 1609 ignis
2525 1537 2691 1593 ﬂuvio
2715 1537 2733 1607 (
2756 1536 2899 1590 Dan.
2929 1536 2958 1589 7
2984 1535 3093 1604 10),
3114 1536 3299 1589 habita
3327 1537 3605 1590 actionum
3630 1548 3949 1591 nostrarum

2366 1634 2689 1703 quaestione,
2724 1647 2833 1684 nou
2860 1631 2970 1699 jam
3007 1629 3207 1700 ﬂagitia
3230 1629 3412 1684 eluere
3443 1630 3707 1694 sinemur,
3745 1633 3838 1686 sed
3875 1631 3953 1686 ad

2368 1724 2717 1792 supplicium,
2749 1723 2816 1776 iis
2858 1720 3101 1776 debitum
3132 1721 3365 1776 velimus
3401 1721 3638 1776 nolimus
3678 1723 3958 1778 trahimur

2371 1817 2554 1878 modo,
2594 1817 2796 1870 nullius
2822 1823 2936 1869 tum
2960 1816 3213 1884 precibus
3237 1813 3506 1868 liberandi
3533 1832 3548 1882 ;
3575 1815 3670 1869 sed
3701 1816 3961 1884 quamvis

2372 1907 2498 1977 quis
2516 1907 2633 1976 pari
2660 1906 2858 1960 ﬁducia
2883 1907 2952 1959 sit
2977 1921 3099 1959 cum
3126 1907 3335 1975 magnis
3361 1913 3414 1959 et
3435 1905 3771 1961 admirandis
3796 1908 3960 1965 viris.

2384 1996 2780 2068 quamvisNoe,
2797 1995 2918 2059 Job,
2935 1995 3125 2049 Daniel
3149 1995 3487 2064 sit(Respicit
3501 1997 3569 2049 ad
3591 1996 3777 2051 Ezeclt.
3799 1999 3960 2053 c.14.

2375 2107 2425 2146 υ.
2452 2089 2558 2161 ib),
2574 2088 2789 2144 etiamsi
2811 2103 2909 2158 pro
2933 2089 3119 2142 liberis
3137 2103 3201 2142 ac
3220 2088 3436 2142 ﬁliabus
3453 2088 3796 2158 deprecetur,
3818 2091 3966 2143 nihil

2378 2191 2522 2252 agat,
2557 2183 2652 2236 sed
2677 2197 2900 2236 necesse
2929 2182 3032 2234 erit
3059 2190 3375 2249 peccatores
3403 2181 3740 2236 immortales
3768 2196 3968 2251 plenas

2378 2274 2706 2344 expendere,
2727 2282 2784 2328 ut
2802 2276 2892 2342 qui
2916 2283 3059 2328 recte
3075 2274 3340 2336 fecerunt,
3361 2273 3622 2327 honorem
3649 2274 3803 2326 inire.
3823 2271 3968 2326 Nam

2381 2383 2558 2434 neque
2581 2366 2666 2419 his
2680 2381 2855 2434 neque
2873 2366 2979 2418 illis
2999 2365 3156 2418 linem
3173 2363 3290 2418 fore
3308 2363 3556 2417 Christus
3571 2363 3885 2428 declaravit,
3902 2372 3974 2416 ut

2380 2460 2570 2523 vitam,
2599 2458 2681 2511 sic
2706 2457 3035 2526 supplicium
3071 2465 3334 2509 aeternum
3358 2470 3478 2508 esse
3500 2453 3690 2508 dicens
3723 2473 3738 2509 :
3778 2455 3869 2523 qui
3908 2463 3973 2508 et.

2384 2550 2596 2603 dextris
2620 2547 2964 2612 collaudatis,
2986 2557 3038 2600 et
3061 2546 3304 2600 sinistris
3328 2546 3618 2610 damnatis,
3647 2546 3718 2597 ita
3740 2546 3928 2598 subdit
3954 2563 3970 2598 :

2383 2640 2618 2695 Abibitnt
2641 2639 2694 2691 lii
2711 2639 2763 2691 in
2785 2654 2992 2706 poenam
3013 2638 3402 2704 sempiternam,
3421 2637 3559 2705 justi
3582 2652 3698 2689 vero
3723 2637 3780 2688 in
3804 2637 3976 2689 vitam

2383 2734 2754 2802 sempiternam
2774 2729 2848 2800 (Μ
2860 2730 2991 2784 attlt.
3008 2731 3097 2783 ‘25.
3120 2728 3228 2798 46).
3249 2727 3434 2797 Itaque
3449 2729 3538 2781 hic
3551 2729 3696 2783 serio
3716 2728 3975 2781 laboran-

2384 2825 2513 2906 dum
2530 2831 2633 2888 est,
2655 2831 2707 2877 et
2731 2823 3060 2892 quiuxorem
3082 2823 3298 2886 habeat,
3319 2820 3366 2874 ei
3388 2819 3891 2889 perindeagendum
3907 2833 3980 2873 ac

2387 2916 2560 2970 sinon
2582 2915 2808 2969 haberet
2831 2932 2843 2967 :
2871 2922 2924 2966 et
2945 2913 3039 2982 qui
3066 2928 3192 2967 vere
3217 2928 3323 2965 non
3349 2911 3569 2975 habeat,
3595 2910 3645 2966 ei
3664 2927 3788 2963 cum
3807 2912 3980 2979 virgi-

2388 3007 2558 3061 nitate
2580 3006 2804 3075 rcliquce
2825 3005 2990 3060 etiam
3007 3019 3201 3078 omnes
3223 3003 3457 3057 virtutes
3481 3003 3798 3058 exercendae
3820 3010 3978 3068 sunt,

2389 3113 2459 3154 ne
2483 3097 2909 3169 postdecessum
2933 3113 2995 3152 ex
3015 3097 3118 3151 hac
3142 3096 3251 3151 vita
3271 3096 3552 3152 incassum
3579 3095 3971 3151 lamentemur.
