4158 6316
714 392 814 446 δτι-1

1414 390 1469 447 s.
1511 393 1794 449 10M;le
1822 394 2309 450 cumsusroau
2350 355 2667 449 Ancinep‘.
2708 395 3255 453 CGNS'I‘AN‘TINOP.

3857 400 3962 454 598

1168 830 1244 889 IN
1282 828 1488 892 DUOS
1532 832 1990 906 SEQUENTES
2029 835 2135 893 AD
2188 834 2498 895 VIDUAM
2546 810 2952 897 JUNIOREM
3000 834 3470 896 TRACTATUS

1970 1109 2688 1236 MONITUM.

2014 1373 2637 1401 -~——--————-—

764 1553 912 1627 {556]
966 1555 1109 1609 lntcr
1151 1553 1595 1623 przestantissitna
1649 1552 1702 1605 S.
1781 1552 2023 1605 doctoris
2082 1550 2262 1604 nostri

696 1648 959 1715 npuscula
987 1645 1402 1700 connnemorari
1438 1644 1636 1698 debent
1669 1643 1721 1695 hi
1750 1645 1861 1696 duo
1889 1658 1982 1696 seu
2008 1642 2127 1695 libri
2166 1655 2262 1694 seu

693 1745 1226 1804 tractatus,quorum
1252 1734 1400 1803 prior
1424 1743 1615 1803 praeter
1640 1735 2008 1802 pulcherrima
2034 1733 2261 1796 monita,

694 1828 1096 1898 lcclissimaque
1126 1829 1516 1883 consolationis
1543 1829 1728 1889 verba,
1770 1842 1878 1880 non
1908 1842 2081 1895 pauca
2137 1842 2260 1879 car-

690 1920 823 1987 ptim
858 1919 1040 1985 refert,
1102 1928 1216 1971 tum
1274 1920 1339 1972 ad
1396 1919 1771 1989 Chrysostomi
1799 1919 1989 1980 vitam,
2039 1929 2153 1971 tum
2191 1919 2259 1971 ad

693 2009 973 2062 ltiSlOl‘iﬂm
1007 2009 1148 2061 illius
1188 2008 1444 2075 temporis
1491 2017 1821 2075 opportuna.
1882 2006 1957 2059 De
2016 2007 2260 2060 secundo

691 2110 867 2152 autem
899 2100 1034 2152 libro
1073 2100 1212 2152 intra
1246 2100 1582 2153 tractabitur.
1616 2097 1736 2163 Quo
1772 2109 2017 2164 tempore
2051 2098 2261 2164 primus

689 2192 927 2257 Scriptus
964 2189 1148 2251 fuerit,
1178 2205 1241 2242 ex
1272 2191 1387 2258 ipsa
1422 2190 1662 2243 auctoris
1688 2189 2003 2240 narratione
2026 2187 2258 2254 diligen-

689 2293 770 2331 n-r
805 2281 1083 2348 explorata
1149 2274 1418 2352 expiscari
1442 2292 1527 2335 sat
1578 2280 1864 2334 commode
1919 2295 2256 2348 possumus;

691 2373 783 2425 sed
810 2382 1100 2441 antequam
1128 2373 1250 2441 ejus
1285 2373 1447 2427 verba
1500 2374 1842 2427 adducamus
1899 2374 1952 2424 in
1992 2373 2256 2435 medium,

692 2464 935 2533 (“Ledam
968 2462 1033 2517 de
1061 2470 1381 2533 argumento
1412 2463 1662 2530 opusculi
1693 2462 2023 2531 praelibanda
2051 2471 2200 2515 sunt.

740 2528 1075 2617 ﬁberasius,
1102 2557 1185 2608 vir
1208 2556 1349 2609 inter
1390 2556 1683 2624 primarius
1713 2557 1800 2609 sui
1831 2556 2094 2623 temporis
2123 2570 2256 2608 con-

687 2649 924 2712 spicuus,
959 2663 1152 2715 genere
1182 2645 1640 2717 facultatibusque
1663 2648 1911 2715 insignis,
1941 2662 2103 2714 quem
2130 2662 2254 2716 spes

684 2747 803 2790 erat
830 2738 895 2791 ad
929 2736 1280 2807 praefecturas
1312 2747 1696 2806 perventurum
1721 2754 1861 2799 esse,
1898 2738 1963 2790 ad
1996 2739 2111 2791 haec
2136 2754 2255 2804 pro-

686 2830 872 2893 bitate,
916 2830 1200 2893 modestia,
1237 2831 1433 2898 pietate
1496 2840 1747 2894 ornatus,
1801 2830 1853 2882 in
1893 2831 2069 2883 aetatis
2121 2830 2253 2883 ﬂore

688 2921 828 2974 diem
884 2922 1019 2974 obiit
1087 2931 1411 2986 extremum,
1466 2931 1749 2989 postquam
1802 2936 1976 2973 annos
2037 2931 2249 2973 tantum

686 3014 926 3082 quinque
950 3029 1074 3067 cum
1108 3028 1277 3067 uxore
1299 3022 1501 3082 egerat.
1534 3012 1708 3078 Quam
1753 3023 1809 3065 ut
1848 3013 2248 3075 consolaretur,

685 3105 828 3158 hunc
865 3105 1062 3158 librum
1104 3105 1272 3158 edidit
1301 3103 1770 3175 Chrysostomus:
1828 3113 1883 3161 et
1921 3102 2100 3171 primo
2154 3102 2247 3155 Dei

678 3196 1005 3269 singularem
1032 3197 1210 3250 viduis
1235 3196 1531 3251 exhibitam
1571 3182 1759 3251 ctiram
1792 3197 1862 3248 ob
1890 3203 2083 3248 ouu'os
2140 3209 2242 3261 po-

681 3286 777 3345 nit,
805 3288 1003 3354 quibus
1030 3289 1191 3340 etiam
1220 3288 1319 3340 viri
1362 3288 1481 3341 loco
1507 3303 1627 3341 esse
1656 3288 1851 3355 probat
1876 3305 1888 3339 :
1918 3286 2049 3339 hinc
2084 3287 2247 3338 hone-

678 3387 775 3431 sta:
806 3379 1084 3433 viduitatis
1105 3380 1423 3449 dignitatem
1461 3395 1523 3433 ex
1558 3379 1708 3433 Pauii
1761 3380 1941 3432 verbis
1976 3377 2243 3447 deprcdi-

680 3480 787 3525 cat.
814 3471 987 3538 deque
1014 3471 1306 3538 proborum
1361 3473 1513 3524 obitu
1578 3471 1920 3540 gaudendum
1988 3485 2109 3523 esse
2161 3468 2249 3522 dc-

680 3572 983 3615 monstrat:
1019 3574 1204 3631 postea
1253 3564 1506 3616 humanae
1555 3563 1679 3615 vita:
1730 3562 2125 3614 volubilitatem
2189 3570 2249 3613 ut

681 3653 952 3717 ostendat,
988 3653 1293 3721 exemplum
1331 3653 1485 3705 aﬂ‘ert
1532 3651 1897 3721 quorumdam
1951 3650 2243 3718 insignium

678 3742 942 3806 Virorum,
976 3743 1067 3809 qui
1104 3743 1169 3796 ad
1213 3743 1473 3810 majorem
1520 3731 1693 3796 'evecti
1730 3741 2071 3805 dignitatem.
2107 3756 2245 3807 pra:-

680 3834 831 3901 cipiti
874 3834 1243 3907 ~violentaque
1292 3842 1467 3886 morte
1530 3832 1727 3887 sublati
1804 3840 1951 3897 sunt.
2017 3828 2122 3883 Nec
2179 3830 2247 3883 iis

677 3921 947 3976 beatiores
993 3936 1114 3975 esse
1148 3922 1223 3974 ait
1281 3923 1661 3990 imperatores,
1720 3920 1812 3973 sed
1870 3935 1981 3987 quo
2035 3919 2245 3987 majore

678 4012 896 4066 fortuna
950 4014 1278 4075 evehuntur,
1334 4029 1398 4067 eo
1460 4012 1802 4082 gravioribus
1844 4012 2244 4065 calamitatibus

678 4106 889 4173 impeti.
926 4107 1095 4175 Atque
1125 4115 1380 4158 utvetera
1427 4106 1757 4169 omittamus,
1807 4104 2005 4171 inquit,
2064 4118 2129 4155 ea:
2175 4103 2242 4155 iis

678 4195 920 4249 omnibus
947 4196 1037 4264 qui
1064 4212 1171 4250 (evo
1199 4207 1379 4251 nostra
1408 4199 1754 4265 imperarunt,
1803 4199 2016 4265 {uerunt
2067 4206 2245 4249 autem

677 4302 880 4351 novem,
912 4286 1017 4338 duo
1043 4286 1214 4339 solum
1243 4289 1506 4339 communi
1538 4299 1705 4340 morte
1731 4290 1890 4339 vitam
1922 4288 2243 4343 clauserunt.

683 4377 1020 4445 Reliquorum
1054 4389 1229 4429 autem
1256 4378 1342 4429 hic
1370 4378 1580 4446 quidem
1614 4378 1660 4429 α’
1682 4388 1931 4447 tyranno,
1983 4377 2074 4429 ille
2126 4394 2244 4431 vero

680 4470 732 4520 in
762 4467 917 4530 bello,
951 4466 1104 4519 alius‘
1119 4469 1523 4521 domesticorum
1552 4470 1831 4522 custodum
1854 4470 2242 4533 insidiis,alius

683 4570 860 4611 autem
893 4559 957 4611 ab
987 4559 1078 4611 illo
1106 4559 1239 4627 ipso,
1271 4561 1359 4628 qui
1385 4576 1635 4613 coronant
1662 4576 1726 4612 ac
1754 4575 2045 4628 purpuram
2071 4562 2243 4628 impo-

678 4660 880 4711 suerat,
933 4651 1245 4719 interfectus
1277 4651 1538 4703 occubuit.
1600 4649 1800 4705 Uxores
1847 4668 2007 4719 porro
2061 4669 2243 4707 eorum

676 4744 893 4810 partim,
926 4752 983 4793 ut
1018 4753 1262 4805 narrant,
1305 4758 1493 4794 ueneno
1516 4743 1855 4804 interierunt,
1886 4745 2083 4809 partim
2116 4759 2245 4795 miz-

682 4850 816 4885 rore.
847 4832 1045 4885 Earum
1076 4850 1213 4898 vero,
1240 4850 1355 4902 qua
1377 4835 1549 4886 adhuc
1572 4836 1876 4902 superstites
1904 4846 2048 4899 sunt,
2074 4837 2245 4886 altera

676 4923 883 4991 quidem
910 4923 1079 4989 ﬁlium
1119 4923 1312 4974 habens
1340 4922 1602 4990 pupillum
1638 4925 1809 4975 tremit
1839 4940 1903 4975 ac
1940 4926 2123 4975 metuit
2181 4939 2244 4975 ne

677 5014 792 5077 quis
818 5028 1032 5072 eorum,-
1057 5016 1147 5081 qui
1175 5014 1455 5081 imperant,
1502 5024 1641 5065 metu
1690 5006 1991 5081 futurorum
2014 5031 2130 5066 eum
2180 5015 2243 5066 de

681 5106 853 5165 mediq
880 5104 1031 5155 tollat
1055 5122 1074 5167 ;
1097 5105 1267 5157 altera
1299 5121 1414 5157 vero
1446 5106 1534 5157 vix
1561 5106 1848 5157 multorum
1903 5108 2141 5168 precibus
2173 5108 2237 5156 ab

678 5196 865 5247 exsilio
892 5196 1075 5254 rediit,
1101 5212 1203 5262 quo
1228 5204 1383 5247 antea
1409 5196 1473 5247 ab
1503 5212 1583 5259 eo,
1602 5198 1690 5264 qui
1717 5212 1890 5248 rerum
1920 5196 2239 5263 potiebatur,

679 5288 841 5338 missa
866 5296 997 5338 erat.
1031 5286 1183 5349 Quod
1215 5288 1283 5338 ad
1316 5302 1493 5338 eorum
1544 5292 1741 5347 autem,
1775 5288 1865 5354 qui
1906 5302 2044 5337 nunc
2078 5288 2243 5352 impe-

680 5388 818 5439 rant,
859 5393 1068 5438 uxores,
1100 5378 1269 5430 altera
1295 5394 1361 5430 ea:
1386 5379 1626 5445 pristinis
1654 5379 2049 5429 calamitatibus
2080 5378 2243 5442 respi-

681 5484 824 5532 rans,
860 5468 1113 5535 voluptati
1135 5485 1380 5537 magnum
1412 5468 1562 5520 habet
1612 5468 1845 5521 dolorem
1902 5470 2191 5520 admistum
2222 5505 2239 5529 ,

678 5576 738 5611 co
767 5559 909 5627 quod
943 5560 1031 5627 qui
1064 5576 1239 5611 rerum
1270 5560 1474 5626 potitur
1507 5562 1664 5611 nimis
1684 5559 1892 5626 juvenis
1926 5576 1987 5610 ac
2007 5559 2240 5624 inciper-

682 5660 762 5701 tus
793 5652 884 5710 sit,
915 5650 1204 5717 multosque
1226 5649 1414 5702 habeat
1446 5651 1673 5719 undique
1691 5650 2039 5701 insidiantes:
2072 5650 2242 5700 altera

682 5756 799 5793 rero
834 5742 1021 5793 timore
1048 5742 1355 5793 exanimata
1385 5742 1474 5805 iis,
1506 5742 1597 5809 qui
1636 5742 1807 5807 capite
1829 5741 2066 5792 damnati
2096 5749 2240 5801 sunt,

685 5831 1011 5886 miseriorem
1043 5832 1201 5884 vitam
1243 5830 1407 5895 ducit,
1437 5846 1495 5884 eo
1544 5831 1681 5899 quod
1710 5831 1815 5908 ,νῦν
1862 5831 2027 5896 ipsius
2079 5831 2143 5882 ab
2182 5846 2243 5883 eo

2373 1562 2622 1619 tempore,
2650 1570 2752 1623 quo
2785 1554 3034 1607 diadema
3060 1558 3309 1624 suscepit,
3335 1573 3493 1626 usque
3522 1559 3592 1610 ad
3637 1560 3950 1613 hodiernum

2368 1645 2509 1695 diem
2545 1645 2600 1696 in
2622 1645 2757 1697 bello
2788 1656 2835 1698 et
2876 1648 3077 1715 pretiis
3130 1658 3384 1712 versetur,
3433 1653 3850 1720 verecundiaque
3890 1663 3943 1703 et

2366 1732 2598 1798 probris,
2641 1735 2829 1799 quibus
2878 1736 3106 1805 undique
3166 1740 3416 1807 afficitur,
3449 1742 3620 1809 magis
3662 1758 3819 1809 quam
3881 1757 3952 1793 ea:

2372 1823 2797 1889 calamitatibus,
2858 1829 3381 1901 tabescat..Deinde
3434 1840 3722 1898 postquam
3772 1833 3948 1885 multa

2368 1914 2698 1983 interposuit
2726 1916 2794 1970 de
2845 1918 3097 1973 barbaris
3126 1934 3223 1972 seu
3256 1918 3473 1983 Gothis,
3521 1921 3807 1990 imperium
3842 1922 3949 1974 Ro-

2366 2021 2589 2059 manum
2630 2008 3015 2064 invadentibus
3042 2010 3559 2079 insultantibusque,
3587 2013 3758 2067 multa
3792 2028 3938 2081 quo-

2363 2113 2467 2165 que
2497 2105 2679 2165 strage
2733 2110 2927 2153 cuncta
2986 2101 3345 2170 replentibus,
3412 2105 3493 2157 sic
3543 2105 3940 2172 prosequitur:

2364 2186 2568 2257 Ecquid
2598 2206 2716 2243 vero
2743 2192 2958 2257 mirum,
3000 2194 3047 2243 si
3078 2194 3231 2245 multi
3258 2210 3322 2247 ea:
3375 2194 3594 2247 ducibus
3627 2194 3723 2247 hoc
3782 2197 3942 2248 modo

2361 2278 2698 2343 interierunt,
2750 2282 2963 2349 quando
2995 2293 3044 2333 et
3102 2263 3389 2351 imperator
3422 2286 3530 2353 ipse
3558 2286 3612 2337 in
3664 2287 3775 2338 uico
3807 2303 3943 2355 qua-

2361 2369 2483 2420 dam
2508 2385 2626 2421 cum
2652 2373 2835 2437 paucis
2862 2371 3119 2423 militibus
3146 2373 3445 2438 conclusus,
3475 2376 3619 2427 exire
3647 2374 3857 2444 quidem
3888 2384 3943 2428 et

2358 2476 2469 2512 sese
2497 2462 2864 2515 invadentibus
2898 2479 3151 2530 Opponere
3210 2464 3423 2517 minime
3478 2481 3639 2517 ausus
3685 2475 3784 2528 est,
3843 2467 3940 2518 sed

2364 2552 2509 2604 intus
2571 2569 2783 2605 manens
2844 2569 3061 2606 accenso
3114 2556 3180 2607 ab
3237 2556 3348 2609 illis
3390 2560 3507 2627 igne
3534 2574 3641 2609 una
3678 2574 3795 2609 cum
3866 2559 3939 2611 iis

2358 2643 2617 2704 omnibus,
2652 2660 2782 2711 quos
2818 2660 2988 2696 secum
3038 2645 3283 2709 habebat,
3341 2646 3639 2698 combustus
3670 2656 3785 2710 est;
3839 2662 3937 2699 nec

2356 2732 2485 2783 uiris
2513 2732 2706 2794 solum,
2740 2734 2830 2786 sed
2860 2736 3019 2787 etiam
3048 2738 3193 2805 equis
3237 2746 3286 2788 et
3325 2736 3561 2789 trabibus
3600 2747 3649 2789 et
3689 2739 3857 2789 muris
3884 2747 3939 2789 et

2358 2826 2598 2875 omnibus
2651 2826 2707 2875 in
2766 2842 2930 2878 unum
2980 2838 3137 2896 atque
3166 2829 3408 2883 eumdem
3468 2830 3694 2882 cinerem
3726 2828 3936 2881 abeun-

2357 2922 2495 2970 tibus
2522 2919 2545 2969 ?

2426 3010 2480 3059 lu
2519 3008 2668 3060 hisce
2708 3010 2998 3076 postremis
3025 3008 3403 3079 Chrysostomi
3446 3013 3607 3067 dictis
3658 3014 3933 3069 miseran-

2351 3099 2481 3154 dam
2519 3097 2765 3152 Valentis
2796 3101 3139 3168 imperaturis
3176 3117 3360 3154 necem
3396 3104 3627 3157 describi
3658 3106 3932 3176 liquidum

2332 3198 2455 3244 'est.
2487 3189 2699 3243 Accidit
2731 3191 2820 3243 illa
2860 3206 3005 3245 anno
3059 3191 3185 3256 378,
3234 3208 3266 3243 ν
3326 3192 3448 3248 ldus
3480 3195 3728 3264 Augusti,
3762 3208 3935 3266 atque

2353 3282 2490 3335 adeo
2530 3292 2648 3350 post
2676 3284 2779 3337 hoc
2825 3295 3038 3352 tempus
3091 3287 3293 3340 emissa
3322 3286 3420 3339 fuit
3451 3287 3566 3339 haec
3602 3289 3672 3339 ad
3707 3289 3929 3341 vittatam

2344 3375 2614 3441 juniorem
2654 3376 2968 3443 par-rnesis.
3011 3374 3078 3428 Ut
3106 3391 3270 3443 porro
3316 3392 3379 3431 es
3408 3378 3532 3432 aliis
3575 3379 3695 3446 ejus
3739 3380 3929 3436 verbis

2352 3465 2481 3519 editi
2512 3468 2759 3533 upusculi
2785 3482 2987 3519 annum
3021 3468 3280 3522 subtilius
3306 3469 3675 3537 exploremus,
3706 3472 3928 3541 singula

2354 3558 2545 3611 ordine
2578 3571 2973 3626 persequamur
3006 3568 3237 3626 oportet.
3267 3559 3353 3613 Ea:
3379 3577 3582 3627 novem,
3610 3564 3806 3631 inquit,
3831 3570 3931 3635 qui

2350 3654 2531 3698 nostro
2557 3661 2664 3699 (ευο
2692 3646 3039 3713 imperarunt,
3068 3647 3160 3697 ἐπὶ
3201 3648 3301 3715 τῆς
3346 3653 3541 3717 γενεᾶς
3580 3654 3681 3720 τῆς
3723 3657 3931 3722 ἡμετέ-

2350 3754 2478 3805 ρας,
2506 3738 2610 3789 duo
2642 3738 2743 3789 soli
2777 3740 3042 3790 communi
3084 3751 3251 3791 morte
3286 3741 3445 3792 vitam
3491 3744 3815 3797 clauserunt.
3857 3746 3926 3801 Hi

2347 3842 2540 3880 novem
2584 3828 2943 3895 imperatores
2967 3842 3088 3881 esse
3145 3827 3420 3891 videntur,
3456 3831 3831 3896 Constantius,
3871 3848 3929 3889 et

2345 3917 2441 3969 lilii
2472 3916 2593 3985 ejus
2626 3915 3037 3979 Constantinus,
3093 3916 3448 3975 Constantius
3500 3931 3554 3975 et
3610 3923 3923 3980 Constans:

2345 4017 2642 4076 posteaque
2674 4004 2885 4071 Gallus,
2913 4010 3007 4075 qui
3072 4010 3201 4063 licet
3249 4011 3429 4063 Caesar
3477 4021 3689 4066 tantum
3730 4016 3925 4082 fuerit,

2349 4100 2437 4152 hic
2473 4108 2653 4151 tamen
2704 4111 3043 4153 memoratur
3081 4101 3383 4155 trucidatus
3434 4103 3501 4156 ab
3550 4120 3640 4165 eo,
3684 4107 3776 4173 qui
3818 4109 3926 4174 ipsi

2346 4206 2639 4257 purpuram
2702 4191 3045 4256 imposuerat,
3075 4208 3268 4260 nempe
3312 4193 3670 4257 Constantio;
3728 4210 3925 4254 sextus

2343 4279 2618 4345 Julianus,
2644 4282 2905 4348 septimus
2955 4280 3243 4346 Jovianus,
3306 4294 3534 4339 octavus
3588 4285 3929 4343 Valentinia-

2346 4385 2450 4423 nus
2499 4371 2541 4425 ι.
2596 4386 2776 4424 nonus
2830 4370 3051 4425 Valens.
3113 4372 3245 4426 Nam
3299 4376 3443 4442 quod
3493 4376 3920 4433 Constantinum

2344 4460 2490 4512 dicat
2522 4469 2795 4513 mortuum
2827 4460 2919 4510 ἐπὶ
2961 4461 3061 4529 τῆς
3102 4463 3293 4528 γενεᾶς
3338 4465 3435 4532 τῆς
3471 4465 3764 4534 ἡμετέρας,
3800 4479 3915 4521 a'vo

2347 4562 2545 4617 nostro,
2581 4552 2663 4603 vel
2690 4553 2756 4604 ad
2784 4552 3041 4614 litteram,
3076 4556 3407 4620 generatione
3450 4569 3655 4620 nostra,
3698 4560 3923 4615 etiamsi

2347 4644 2392 4697 is
2420 4652 2547 4697 ante
2571 4640 2948 4711 Cbrysostumi
2975 4653 3156 4696 ortum
3208 4644 3434 4707 obierit,
3494 4647 3629 4699 nihil
3688 4650 3919 4705 mirum.

2346 4733 2559 4787 Etenim
2595 4742 2952 4801 przrterquam
2981 4733 3126 4802 quod
3150 4733 3204 4787 in
3250 4750 3404 4788 more
3432 4746 3517 4789 est
3562 4752 3625 4789 ea
3656 4753 3771 4793 atro
3820 4756 3925 4795 no-

2348 4834 2462 4879 stro
2488 4825 2668 4879 dicere
2708 4824 2874 4887 facta,
2904 4841 3026 4893 quae
3062 4836 3278 4894 patrum
3322 4836 3637 4882 nostrorum
3668 4843 3922 4901 tempore

2346 4915 2710 4983 contigerunt,
2757 4914 2808 4966 id
2841 4914 2984 4992 apud
3053 4915 3232 4984 ipsum
3264 4915 3711 4987 Cbrysostomum
3744 4924 3923 4976 usita-

2346 5014 2463 5058 tum
2516 5007 2838 5073 reperimus,
2892 5006 2986 5073 qui
3036 5006 3259 5059 humilia
3310 5024 3378 5061 xv
3411 5010 3479 5062 ad
3536 5010 3920 5080 Pbilippenses

2346 5098 2478 5150 dicit
2513 5096 2730 5151 Faustae
2754 5099 2940 5151 uxoris
2961 5097 3307 5153 Constantini
3334 5116 3516 5155 necem
3542 5118 3643 5156 suo
3670 5113 3919 5172 tempore

2347 5190 2661 5257 contigisse,
2697 5186 2918 5240 ἐπὶ-’τῶν
2939 5190 3143 5259 χρόνων
3167 5189 3275 5242 τῶν
3294 5193 3595 5263 ἡμετέρων.
3620 5192 3698 5247 Et
3732 5195 3797 5249 iis
3818 5198 3921 5248 ita-

2345 5297 2453 5351 que
2484 5296 2674 5334 novem
2706 5281 3125 5349 imperatoribus
3158 5281 3309 5353 [557]
3335 5284 3443 5337 duo
3496 5286 3596 5339 soli
3626 5293 3917 5343 communi

2350 5382 2523 5424 morte
2554 5373 2719 5425 vitam
2756 5373 3091 5436 clauserunt,
3121 5373 3371 5427 videlicet
3414 5375 3805 5431 Constantinus
3862 5392 3922 5435 ct

2348 5462 2704 5519 Constantius
2750 5464 2870 5531 ejus
2903 5463 3065 5515 ﬁlius.
3107 5462 3187 5517 Ex
3237 5464 3459 5533 reliquis
3516 5482 3645 5519 vero
3690 5468 3831 5522 alius
3885 5487 3919 5523 a

2349 5564 2578 5624 tyranno
2606 5555 2820 5610 occisus
2848 5564 2950 5620 est,
2981 5570 3176 5623 nempe
3206 5554 3479 5611 Constans
3500 5573 3531 5614 a
3562 5557 3873 5626 Magnentio
3899 5580 3915 5624 ;

2348 5651 2489 5702 alius
2523 5650 2576 5701 in
2610 5650 2749 5703 bello
2780 5650 2959 5716 periit,
2993 5648 3252 5701 nimirum
3280 5649 3670 5705 Constantinus
3694 5652 3915 5720 junior;

2348 5740 2489 5793 alius
2520 5740 2943 5793 domesticorum
2986 5740 3276 5793 custodum
3313 5740 3568 5807 insidiis:
3617 5742 3665 5795 is
3710 5751 3795 5796 est
3819 5741 3921 5795 Jo-

2348 5830 2559 5895 vianus,
2592 5830 2706 5898 qui,
2736 5840 2792 5883 ut
2828 5828 2991 5884 refert
3050 5829 3282 5897 Suidas,
3317 5839 3585 5909 venenatp
3637 5832 3757 5886 cibo
3816 5848 3919 5885 es-
