4206 6324
270 430 374 488 ET!

275 549 515 603 stinetus
541 553 653 609 est,
698 544 920 614 μύκητα
960 539 1426 609 πεφαρμαγμένον
1471 537 1680 606 φαγών,
1721 535 1868 605 quod

276 640 395 709 ipse
421 623 863 708 Chrysostomus
899 632 1187 686 conﬁrmat
1231 632 1382 684 hom.
1444 645 1512 683 xv
1552 628 1626 684 ad
1662 626 1867 695 Philip-

281 744 497 797 penses,
557 727 667 778 ὑπὸ
696 723 1038 796 δηλητηρίων
1063 721 1304 792 ἀνῄρητο
1334 719 1664 790 φαρμάκων.
1713 717 1868 771 Alius

283 822 354 874 ah
397 820 497 874 illo
524 835 672 887 ipso,
726 817 820 886 qui
887 829 1189 884 purpuram
1243 814 1604 881 imposuerat,
1661 809 1870 864 scilicet

281 913 472 965 Gallus
502 912 690 963 (Za'sar
738 924 769 961 a
825 904 1170 960 Constantio.
1222 901 1498 956 Hactenus
1541 899 1869 971 Chrysosto—

283 1014 432 1062 tuus,
471 998 568 1067 qui
606 997 662 1050 in
701 985 1026 1049 recensione.
1072 993 1413 1063 reliquorum
1450 992 1615 1045 trium
1667 990 1869 1043 violen-

285 1101 396 1144 tam
425 1098 662 1144 mortem
700 1095 864 1150 tacet,
898 1084 1104 1163 Juliani
1132 1097 1349 1152 nempe,
1375 1084 1470 1153 qui
1507 1097 1632 1136 cum
1684 1081 1870 1136 Persis

281 1197 540 1254 pugnans
564 1180 782 1234 occisus
811 1186 896 1232 est
917 1194 941 1241 .;
972 1175 1338 1229 Valentiniani
1376 1175 1573 1243 primi,
1606 1174 1698 1242 qui
1739 1188 1864 1228 cum

277 1275 606 1340 Quadorum
678 1271 872 1339 legalis
928 1268 1288 1338 responderet
1344 1268 1538 1329 iratus,
1600 1265 1868 1334 proﬂuvio

279 1365 572 1435 sanguinis
598 1363 898 1418 suffocatus
924 1361 1227 1428 derepente;
1249 1358 1480 1421 interiit,
1516 1368 1570 1411 et
1605 1356 1868 1421 Valentis,

279 1473 446 1529 quem
477 1466 668 1527 postea
701 1462 890 1508 narrat
919 1469 949 1505 a
989 1451 1183 1506 Gothis
1212 1451 1581 1505 combustum.

353 1549 514 1616 Quod
561 1555 773 1618 spectat
813 1555 994 1599 autem
1049 1544 1117 1598 ad
1151 1541 1532 1622 defunctorum
1573 1541 1870 1610 imperato—

276 1659 404 1699 rum
431 1656 657 1705 uxores,
683 1655 825 1710 quas
863 1638 1063 1709 partim
1105 1650 1342 1699 veneno,
1378 1634 1575 1704 partim
1631 1647 1871 1688 maerore

276 1735 590 1790 exstinctae
612 1718 773 1790 dicit,
812 1713 1018 1784 nullam
1057 1728 1162 1781 hac
1195 1728 1250 1780 in
1289 1724 1656 1806 re_historici
1710 1724 1870 1778 nobis

275 1825 470 1880 lucem
503 1822 840 1876 ministrant.
892 1818 973 1871 Ex
1020 1817 1236 1871 duabus
1271 1826 1452 1870 autem
1490 1829 1613 1884 quae
1672 1829 1871 1882 super—

277 1920 443 1976 stites
467 1923 648 1979 erant,
682 1928 806 1982 quae
838 1911 1045 1981 pupillo
1090 1910 1203 1963 filio
1232 1907 1460 1963 timebat
1484 1923 1553 1962 ne
1593 1906 1720 1976 quis
1767 1906 1873 1962 im—

277 2018 605 2080 peratorum
627 2020 756 2060 eum
787 2013 937 2058 metu
975 2002 1291 2057 futurorum
1327 1999 1397 2055 de
1428 2000 1610 2054 medio
1634 1998 1868 2061 tolleret,

278 2100 502 2156 videtur
533 2096 765 2150 omnino
794 2109 919 2149 esse
955 2108 1097 2147 uxor
1124 2090 1362 2152 Joviani,
1391 2089 1548 2160 cujus
1585 2088 1698 2144 ﬁlio
1734 2085 1873 2140 Var-

281 2191 527 2248 roniano
555 2187 673 2256 jam
710 2185 907 2239 oculus
932 2184 1070 2238 alter
1109 2181 1344 2237 eﬂ'ossus
1369 2179 1570 2243 fuerat,
1601 2193 1672 2232 ne
1718 2176 1888 2232 vide?

278 2284 415 2339 licet
471 2289 764 2351 paternum
828 2278 1121 2357 imperium
1185 2273 1504 2339 alfectaret,
1584 2283 1750 2343 atque
1808 2289 1874 2328 eo

281 2383 504 2446 spectat
529 2372 668 2427 illud
691 2371 843 2442 φόὂῳ
866 2370 976 2423 τῶν
1005 2369 1328 2441 μελλόντων,
1359 2377 1500 2421 metu
1539 2367 1872 2435 futurorum,

282 2481 362 2522 ne
383 2464 598 2520 scilicet
628 2471 857 2532 paterno
876 2461 1000 2530 jure
1028 2461 1326 2530 imperator
1348 2458 1641 2514 acclamari
1665 2467 1872 2526 posset.

284 2558 419 2615 [lae
448 2556 654 2626 quippe
675 2555 745 2610 ad
774 2536 1047 2608 Justinam
1083 2561 1136 2606 et
1163 2550 1337 2605 filium
1375 2549 1498 2619 ejus
1541 2547 1878 2602 Valentinia-

284 2663 424 2702 num
453 2645 729 2716 quadrare
756 2660 867 2699 non
917 2650 1171 2713 possunt,
1218 2641 1421 2711 quippe
1452 2639 1572 2710 qui,
1628 2638 1758 2694 licet
1789 2648 1875 2693 te-

285 2739 494 2804 nellae,
544 2738 845 2806 imperator
904 2734 1240 2789 acclamatus
1281 2733 1396 2802 jam
1454 2730 1654 2796 fuerat,
1700 2741 1756 2786 et
1810 2748 1878 2786 ex

288 2832 501 2888 familia
556 2815 913 2898 imperatoria
966 2837 1097 2882 tunc
1147 2827 1454 2896 imperante
1490 2836 1628 2881 erat.
1687 2827 1876 2881 Altera

292 2942 429 2980 vero
478 2923 830 2993 imperatoris
878 2911 1168 2991 cujusdam
1221 2921 1466 2976 defuncti
1523 2936 1702 2986 uxor,
1752 2937 1876 2988 quae

289 3019 385 3071 vix
411 3016 712 3070 multorum
741 3014 994 3082 precibus
1015 3014 1084 3067 ab
1109 3012 1307 3068 exsilio
1331 3013 1586 3079 redierat,
1623 3028 1874 3083 quaenam

289 3115 388 3176 sit,
413 3112 561 3165 haud
593 3111 667 3163 ita
708 3108 865 3162 facile
908 3109 1074 3162 statui
1109 3117 1308 3177 potest,
1349 3122 1421 3161 an
1446 3105 1691 3162 Valentis
1738 3121 1880 3161 uxor

289 3204 600 3267 Dominiea,
633 3217 701 3254 an
755 3201 936 3270 potius
994 3202 1196 3254 Severa
1228 3201 1380 3269 prior
1437 3198 1815 3253 Valentiniani
1856 3195 1879 3249 Ι

287 3311 454 3360 uxor,
497 3295 570 3346 ab’
598 3293 694 3346 illo
725 3291 1007 3362 repudiata
1035 3300 1090 3346 et
1124 3291 1178 3344 in
1215 3275 1470 3345 exsilium
1509 3291 1675 3347 missa
1700 3333 1716 3357 ,
1752 3285 1877 3361 qua:

285 3383 553 3440 defuncto
596 3381 981 3436 Valentiniano
1004 3381 1073 3436 ab
1095 3374 1300 3436 exsilio
1350 3381 1597 3436 redierit.
1628 3379 1768 3435 Hinc
1805 3381 1874 3436 ad

287 3491 497 3531 uxores
528 3484 658 3528 tunc
686 3473 1076 3542 imperantium
1107 3464 1475 3543 progreditur,
1507 3489 1742 3544 quarum
1767 3475 1875 3529 alia

285 3584 357 3621 ex
418 3565 669 3634 pristinis
742 3564 1152 3620 calamitatibus
1222 3565 1544 3634 respirans,
1609 3565 1877 3620 maerendi

285 3671 518 3712 causam
554 3655 750 3710 habuit
791 3656 938 3725 quod
970 3658 1172 3726 coniux
1205 3656 1326 3726 ejus
1355 3657 1543 3726 junior
1577 3668 1742 3727 atque
1796 3658 1877 3712 in-

287 3755 553 3816 expertus
585 3757 730 3801 esset
759 3767 771 3800 :
810 3748 926 3802 hac
949 3746 1167 3802 videtur
1196 3763 1318 3802 esse
1357 3748 1677 3803 Constantia
1735 3749 1877 3803 Con-

288 3841 480 3895 stantii
522 3841 656 3904 filia,
679 3839 838 3908 cujus
882 3840 1086 3910 conjux
1135 3839 1432 3895 Gratianus
1456 3840 1546 3894 vix
1607 3855 1895 3913 annorum‘

289 3932 484 4000 viginti
515 3940 644 3985 tunc
669 3940 789 3985 erat
812 3948 827 3993 ;
863 3931 1035 3985 altera
1062 3945 1219 4004 vero,
1247 3947 1371 4001 qua;
1397 3931 1617 4002 conjugi
1667 3942 1878 3987 metue-

297 4024 427 4088 hat,
475 4023 723 4092 quotidie
778 4023 832 4076 in
881 4023 1043 4078 hellis
1091 4033 1256 4093 atque
1304 4024 1564 4093 periculis
1610 4027 1877 4092 versanti,

290 4112 518 4168 Flacilla
565 4115 712 4168 haud
758 4114 925 4169 dubie
983 4123 1124 4179 erat,
1174 4129 1316 4188 uxor
1363 4114 1657 4171 Theodosii
1705 4116 1879 4187 impe-

295 4207 519 4260 ratoris.

372 4296 496 4351 Jam
530 4305 594 4352 nt
622 4299 902 4352 calculum
938 4305 1232 4366 ponamus,
1265 4314 1294 4352 a
1335 4313 1469 4352 nece
1501 4297 1747 4353 Valentis
1783 4312 1881 4353 ex-

231 4421 234 4424 η
291 4390 506 4444 ordinm
533 4389 853 4444 ducendum
875 4398 993 4455 est;
1018 4404 1084 4445 ea
1111 4389 1342 4459 contigit
1359 4404 1506 4443 anno
1525 4388 1663 4452 578,
1691 4404 1883 4444 mense

297 4481 564 4551 Augusto.
602 4478 921 4549 Insequenti
963 4495 1112 4535 anno
1142 4479 1283 4544 579,
1327 4496 1516 4536 mense
1556 4479 1880 4544 Februario,

300 4570 645 4627 Theodosius
677 4586 708 4626 a
739 4569 1005 4627 Gratiano
1039 4573 1338 4642 imperator
1375 4574 1750 4642 proclamatus
1777 4583 1881 4641 est,

290 4675 452 4736 atque
475 4663 683 4722 exinde
713 4678 841 4720 cum
876 4661 1070 4722 Gothis
1101 4678 1244 4735 saepe
1271 4664 1551 4729 conﬂixit,
1586 4680 1764 4745 usque
1815 4667 1883 4720 ad

1282 422 1372 476 AD
1414 418 2083 478 VlDUAM‘JUNlOREM.
2111 445 2186 461 -ο
2217 415 2557 475 ΙΙΟΝΙΤΠΜ.

3430 423 3535 478 £598

1972 553 2174 592 annum
2209 537 2337 601 ὅδὲ,
2384 551 2494 605 quo
2548 529 2750 589 attritas
2803 549 2894 590 res
2945 534 3256 589 Gothorum
3304 537 3546 593 fuerunt.

1971 629 2109 684 Dum
2144 631 2262 684 haec
2301 643 2431 684 vero
2463 612 2727 683 scriberet
2771 628 3220 697 Chrysostomus,
3253 627 3420 683 Gothi
3458 631 3560 683 ad-

1971 722 2079 776 huc
2113 722 2472 784 ferociebant,
2509 721 2882 791 Romanisque
2909 722 3250 777 formidolosi
3284 732 3461 787 erant,
3495 733 3558 778 ut

1971 814 2062 868 ille
2084 815 2182 875 ait,
2218 813 2672 882 Theodmiusque
2710 813 2770 866 in
2812 812 2948 866 bello
2977 822 3026 865 et
3076 814 3278 879 prazliis
3311 795 3561 866 versabo;

1974 916 2085 958 tur.
2118 903 2244 958 [lare
2276 904 2447 972 probe
2476 911 2786 970 competere
2815 911 3050 972 possunt
3097 903 3149 956 in
3182 918 3388 958 aurium
3425 903 3555 970 380,

1970 1012 2082 1066 quo
2112 994 2613 1062 vertente‘circiter
2645 1008 2712 1047 ex
2743 993 3028 1061 spelunca,
3065 993 3160 1047 ubi
3193 993 3416 1048 biennio
3463 994 3559 1048 de-

1970 1085 2589 1161 lituerat,Antiochiam
2637 1084 2798 1138 rediit
2845 1082 3318 1155 Chrysostomus,
3353 1086 3437 1140 vel
3499 1087 3557 1142 in

1971 1187 2296 1248 sequentem
2353 1176 2481 1230 381.
2553 1175 2714 1231 Certe
2777 1190 2972 1230 omnes
3045 1191 3212 1246 supra
3273 1177 3562 1233 recensita

1971 1258 2220 1325 notzead
2277 1269 2390 1324 hoc
2437 1275 2656 1337 tempus
2699 1267 2907 1337 optime
2947 1266 3242 1336 quadrant,
3276 1266 3347 1322 ad
3406 1268 3559 1323 aliud

1973 1375 2106 1416 vero
2128 1360 2376 1415 minime.

2043 1453 2237 1508 Restat
2265 1461 2327 1508 ut
2355 1453 2424 1507 de
2443 1452 2693 1522 sequenti
2711 1453 2782 1505 ad
2805 1452 3018 1506 viduam
3045 1460 3283 1508 tractatu
3308 1467 3560 1522 agamus.

1975 1545 2034 1601 Si
2062 1546 2222 1601 titulo
2249 1545 2384 1600 fides
2408 1545 2700 1611 habeatur,
2722 1545 2791 1598 ad
2816 1545 3065 1600 eamdem
3089 1545 3334 1610 viduam,
3365 1560 3565 1615 nempe

1976 1634 2232 1690 Therasii
2256 1637 2510 1699 uxorem,
2550 1635 2699 1688 hunc
2734 1634 2897 1688 etiam
2923 1634 3076 1688 misit
3101 1634 3561 1706 Chrysostomus:

1977 1727 2060 1784 sic
2098 1729 2301 1798 quippe
2353 1727 2553 1798 legitur
2609 1728 2664 1780 in
2715 1726 2977 1782 omnibus
3028 1741 3154 1781 cum
3200 1727 3388 1794 editis,
3449 1737 3566 1782 tum

1976 1818 2399 1887 manuscriptis,
2459 1817 2568 1870 Τοῦ
2628 1817 2795 1870 αὑτοῦ
2858 1818 2995 1889 πρὸς
3041 1817 3368 1888 τὴναὺτὴν
3430 1819 3566 1888 περὶ

1979 1910 2325 1981 μονανδρίας,
2367 1909 2601 1978 ejusdem
2643 1909 2714 1961 ad
2765 1909 3002 1962 eamdem
3049 1909 3114 1962 de
3165 1924 3269 1965 non
3318 1909 3564 1964 iterando

1975 2001 2249 2072 conjugio.
2281 1999 2424 2056 lluic
2445 2015 2669 2071 quoque
2695 2001 2985 2056 sententia:
3013 1998 3202 2058 favere
3226 2002 3445 2055 videtur
3473 2016 3563 2055 ar-

1977 2093 2221 2163 gumenti
2243 2109 2417 2164 genus
2445 2111 2458 2147 :
2490 2108 2616 2151 nam
2648 2094 2716 2148 de
2733 2092 2960 2162 juniore
2991 2093 3154 2147 vidua
3184 2093 3388 2163 agitur,
3441 2109 3568 2164 qua

1979 2186 2150 2241 semel
2175 2187 2446 2263 nupserit,
2480 2201 2603 2255 qua:
2645 2185 2810 2240 ambo
2840 2185 3096 2240 Therasii
3132 2186 3292 2253 uxori
3341 2201 3567 2256 compe~

1973 2285 2122 2332 'tunt.
2165 2275 2369 2332 Verum
2401 2277 2492 2332 hic
2550 2292 2660 2333 non
2712 2277 2936 2332 viduam
2995 2277 3236 2348 aliquam
3285 2277 3564 2358 junior-em

1979 2369 2300 2439 alloquitur,
2355 2369 2451 2424 sed
2487 2384 2680 2424 omnes
2720 2369 2888 2425 simul
2944 2369 3142 2424 viduas
3184 2362 3569 2425 concinnantis

1979 2461 2148 2517 more
2186 2477 2298 2517 non
2348 2462 2583 2519 iterandi
2640 2463 2884 2531 conjugii
2941 2477 3140 2517 causas
3199 2462 3394 2518 docet:
3442 2464 3572 2517 licet

1980 2552 2126 2608 enim
2160 2550 2415 2607 secunda:
2443 2554 2650 2622 nuptiae
2672 2553 2960 2626 culpanda;
2992 2569 3100 2609 non
3138 2554 3270 2619 sint,
3298 2571 3409 2610 non
3439 2565 3576 2610 sunt-

1980 2649 2164 2735 tzxmen
2198 2641 2358 2696 laude
2396 2642 2596 2712 dignae,
2656 2659 2722 2699 ac
2780 2627 3103 2698 nonnullam
3153 2645 3567 2700 incontinentiae

1982 2733 2170 2788 natam
2199 2739 2400 2803 praise
2451 2733 2658 2800 ferunt.
2694 2735 3013 2791 Orationem
3066 2750 3198 2790 vero
3232 2735 3458 2798 claudit,
3510 2746 3572 2788 ut

1981 2825 2039 2880 in
2075 2825 2317 2881 homiliis
2345 2826 2483 2881 solet
2511 2847 2524 2881 :
2566 2826 2718 2892 Haec,
2758 2828 2958 2898 inquit,
2991 2844 3095 2881 non
3126 2845 3230 2895 quo
3271 2828 3572 2881 necessaria

1977 2919 2371 2988 iudicaremus,
2414 2920 2714 2986 attulimus,
2756 2931 2853 2973 aut
2908 2937 3009 2990 quo
3048 2920 3198 2982 illas,
3247 2936 3366 2989 qum
3403 2922 3459 2973 in
3496 2921 3576 2973 uio

1986 3012 2193 3064 duitate
2228 3027 2537 3080 permanere
2566 2997 2774 3072 nolunt.
2821 3015 3314 3077 condemnaremus,
3351 3014 3440 3067 sed
3478 3013 3576 3069 hoc

1985 3119 2150 3156 unum
2189 3103 2552 3157 cohortatione
2611 3105 3076 3176 admonitioneque
3115 3117 3297 3160 nostra
3341 3106 3594 3175 agentes:

1986 3207 2044 3249 ut
2075 3213 2136 3250 ne
2177 3205 2333 3251 terra
2359 3207 2607 3267 perpetuo
2637 3199 2810 3268 om
2841 3200 3037 3255 ’uerere
3072 3200 3252 3263 velint,
3293 3203 3384 3255 sed
3415 3201 3576 3254 semet

1986 3290 2283 3342 salutaria
2345 3289 2589 3341 libertate
2627 3299 2896 3357 maneant,
2938 3290 3009 3344 ad
3073 3291 3261 3346 caelum
3319 3293 3577 3361 aspirati,

1984 3379 2251 3433 ctetestem
2310 3379 2516 3432 vivendi
2567 3381 2830 3435 rationem
2879 3382 3209 3450 adhibeant,
3269 3399 3334 3436 ac
3372 3383 3578 3451 junctte

1985 3471 2197 3527 Christo
2224 3485 2294 3524 ea
2318 3472 2500 3526 omnia
2535 3481 2810 3540 praeterit,
2839 3488 2961 3542 qua
2987 3474 3056 3527 iis
3083 3475 3420 3539 conveniunt,
3452 3490 3573 3544 quo

1943 3596 1948 3600 ι
1985 3573 2195 3617 tantum
2226 3573 2399 3617 nacta
2424 3572 2550 3616 sunt
2575 3580 2828 3634 sponsum
2855 3581 2875 3618 :
2908 3565 3162 3634 quoniam
3201 3555 3374 3635 ipsum
3430 3567 3579 3620 decet

1983 3657 2155 3710 omnis
2193 3657 2389 3727 gloria,
2423 3657 2613 3720 honor,
2643 3666 2752 3713 etc.
2784 3655 2914 3713 Haec
2960 3658 3245 3713 concionis
3290 3659 3569 3730 epilogum

1984 3763 2106 3803 esse
2139 3764 2302 3804 nemo
2324 3763 2436 3802 non
2465 3749 2634 3804 videt.
2665 3748 2850 3814 Quare
2875 3750 2958 3803 vel
2985 3753 3040 3804 in
3075 3750 3236 3804 titulo
3269 3747 3400 3805 illud
3435 3754 3576 3823 πρὸς

1985 3841 2083 3912 τὴν
2128 3841 2300 3911 αὑτήν
2325 3881 2341 3907 ,
2372 3841 2443 3893 ad
2479 3841 2738 3905 eamdem,
2769 3856 2802 3895 a
2839 3841 3067 3896 librario
3099 3841 3337 3911 quodam
3373 3852 3579 3898 temere

1990 3933 2262 4002 adjectum
2292 3942 2411 3987 est:
2445 3932 2532 3986 vel
2573 3931 2619 3987 si
2669 3946 2791 3987 eam
2838 3933 3146 3987 orationem
3205 3935 3296 4000 ad
3323 3933 3576 3990 Therasii

1985 4016 2213 4093 uxorem
2244 4039 2371 4078 vere
2404 4024 2616 4079 miserit
2664 4023 3096 4094 Chrysostomus
3119 4066 3136 4092 ,
3172 4026 3348 4096 ipsam
3384 4037 3574 4104 postea

1988 4117 2227 4172 homilize
2254 4131 2406 4170 more
2433 4116 2819 4171 concinnatam
2851 4118 2908 4171 in
2945 4126 3099 4173 ‘cmtu
3132 4119 3463 4174 recitaverit.
3500 4116 3573 4174 Ut

1983 4218 2045 4269 ut
2071 4223 2199 4262 vero
2228 4209 2321 4274 sit,
2371 4217 2676 4283 opportune
2715 4208 2942 4278 ponitur
3000 4217 3125 4280 post
3167 4211 3475 4266 orationem
3507 4211 3576 4266 ad

1984 4296 2236 4354 Therasii
2269 4313 2518 4361 uxorem,
2550 4298 2681 4372 quis
2710 4307 2797 4354 est
2827 4299 3076 4370 ejusdem
3103 4303 3435 4373 argumenti,
3464 4319 3568 4365 nec

1986 4390 2175 4445 debuit
2201 4389 2412 4445 moveri
2439 4389 2578 4444 loco.
3356 4383 3369 4387 ’

2011 4477 2014 4480 ’
2060 4481 2320 4536 Flaminii
2356 4480 2561 4535 Nobilii
2603 4483 3133 4554 interpretationem,
3191 4494 3379 4555 utpote
3413 4501 3578 4543 accu-

1988 4583 2164 4628 ratam
2217 4589 2319 4629 nec
2360 4575 2761 4646 inelegantem,
2806 4578 3028 4647 aliquot
3072 4585 3258 4637 tamen
3321 4579 3379 4635 in
3436 4580 3578 4645 locis

1990 4666 2356 4733 emendatam,
2383 4682 2415 4723 e
2441 4666 2667 4738 regione
2698 4667 2876 4727 (ἔτεεὶ
2906 4677 3090 4726 textus
3115 4671 3429 4747 posuimus.
