4158 6316
674 379 841 435 599‹

1364 381 1424 438 s.
1454 380 1737 437 JOANNIS
1773 353 2258 435 cunvSosrom
2295 377 2614 434 auetnsr.
2653 375 3204 435 CONSTANTINOP.

3810 369 3916 422 600

2711 509 3898 536 W

1339 859 1544 988 AD
1667 862 2292 997 VIDUAM
2411 862 3258 994 JUNIOBEM.

741 1529 794 1584 l.
835 1527 1060 1583 Gravem
1089 1534 1142 1582 te
1169 1526 1380 1596 quidem
1398 1529 1668 1598 accepisse
1696 1527 1902 1597 plagam
1930 1566 1944 1591 ,
1985 1517 2143 1594 atque
2176 1528 2242 1576 ad

669 1617 899 1673 maxime
921 1617 1134 1672 vitalem
1163 1624 1368 1688 partem
1401 1617 1635 1686 jaculum
1679 1631 1906 1686 superne
1948 1615 2241 1668 immissum

670 1711 974 1780 pervenisse
1000 1724 1185 1764 omnes
1210 1724 1338 1763 sane
1369 1710 1458 1764 tibi
1487 1711 1871 1772 consenserint,
1899 1723 1962 1761 ac
1990 1721 2146 1760 nemo
2175 1718 2244 1758 ne

667 1819 732 1856 ex
766 1803 830 1856 iis
853 1803 1085 1871 quidem,
1115 1802 1202 1871 qui
1230 1800 1386 1856 valde
1416 1801 1712 1870 philosophi
1743 1810 1887 1864 sunt,
1910 1797 2243 1854 contradixe-

667 1895 737 1948 rit
766 1910 779 1947 :
813 1898 994 1948 verum
1023 1895 1271 1964 quoniam
1302 1893 1442 1948 male
1471 1901 1716 1960 acceptos
1744 1907 1848 1945 non
1901 1890 1952 1943 in
2003 1890 2140 1942 luctu
2182 1901 2246 1941 ac

668 1983 918 2054 iacrymis
945 1999 1104 2038 omne
1129 1999 1283 2037 suum
1315 1994 1522 2052 tempus
1549 1996 1863 2036 consumere
1892 1988 2118 2050 oportet,
2150 1977 2244 2033 sed

666 2077 941 2131 vulnerum
965 2091 1174 2147 quoque
1200 2075 1452 2131 curationi
1480 2061 1760 2144 plurimum
1782 2087 1957 2142 operas
1983 2071 2243 2139 studiique

667 2183 884 2234 navare,
914 2185 1003 2234 ne,
1031 2170 1074 2223 si
1101 2168 1346 2237 despecta
1372 2167 1586 2230 fuerint,
1620 2166 1874 2235 majorem
1903 2164 2144 2232 ipsismet
2167 2162 2243 2215 la-

666 2260 863 2329 crymis
891 2259 1114 2312 afferant
1150 2258 1358 2328 plagam
1388 2299 1402 2324 ,
1439 2266 1596 2326 atque
1634 2257 1747 2325 ipso
1777 2255 1919 2309 luctu
1951 2253 2241 2308 vehemen-

668 2353 854 2411 tiorem
895 2350 1156 2405 ﬂammam
1185 2352 1415 2405 excitent
1446 2369 1458 2404 :
1493 2365 1699 2418 aequum
1731 2348 1970 2417 profecto
1999 2346 2158 2400 fuerit
2188 2353 2240 2399 te

667 2454 784 2494 eam
817 2457 933 2510 qua!
962 2456 1056 2510 per
1083 2457 1355 2495 sermones
1380 2441 1660 2495 adhibetur
1687 2439 2102 2494 consolationem
2136 2451 2240 2490 non

666 2529 963 2600 repudiare,
995 2545 1057 2584 ac
1086 2531 1432 2601 laeryuutrum
1474 2530 1660 2584 fluvios
1689 2544 1969 2597 parumper
1992 2543 2243 2581 coercen-

667 2629 772 2674 tem
809 2620 872 2674 ad
901 2621 1060 2674 breve
1089 2621 1275 2675 saltem
1303 2628 1514 2690 tempus
1545 2621 1608 2673 iis
1634 2620 1791 2674 etiam
1811 2661 1824 2684 ,
1853 2620 1943 2688 qui
1975 2629 2025 2672 te
2051 2605 2242 2672 conso-

665 2709 762 2763 lari
797 2710 1174 2780 aggrediuntur
1197 2752 1209 2773 ,
1243 2720 1295 2765 te
1335 2711 1506 2779 ipsam
1546 2711 1697 2764 dare.
1743 2710 1865 2763 "lCC
1908 2708 2046 2761 enim
2083 2722 2242 2762 causa

664 2811 778 2865 est,
808 2816 902 2855 cur
928 2813 982 2857 et
1016 2816 1112 2856 nos
1141 2817 1245 2856 non
1277 2804 1326 2856 in
1356 2803 1471 2873 ipso
1501 2803 1672 2856 luctus
1712 2801 1893 2871 vigore
1916 2842 1930 2865 ,
1961 2817 2135 2870 neque
2167 2801 2240 2853 si-

663 2893 773 2947 mul
799 2908 860 2949 ac
891 2894 1085 2948 fulmen
1129 2894 1344 2961 decidit,
1369 2896 1791 2956 obturbaremus,
1810 2894 1910 2948 'sed
1934 2901 2238 2947 cunctantes

665 2999 777 3044 toto
805 2989 907 3045 hoc
937 2991 1252 3045 intermedio
1281 3000 1519 3059 tempore
1540 3031 1553 3052 ,
1584 3005 1645 3043 ac
1679 2989 2050 3057 permittentes
2079 2998 2128 3042 te
2156 3002 2240 3040 sa~

666 3081 780 3134 tiari
809 3081 956 3153 fletu,
986 3081 1198 3150 quando
1218 3080 1326 3150 jam
1355 3096 1382 3134 a
1409 3080 1631 3149 caligine
1657 3080 1741 3132 illa
1768 3078 2033 3146 paululum
2059 3078 2240 3130 oculos

649 3169 940 3234 -attoliere,
969 3180 1126 3240 atque
1156 3184 1310 3224 aures
1339 3170 1423 3234 iis,
1463 3169 1554 3239 qui
1585 3179 1634 3222 te
1659 3167 1920 3223 consolari
1953 3175 2236 3230 tentarent,

661 3258 904 3328 praebere
949 3261 1201 3328 potuisti,
1235 3270 1358 3314 tunc
1401 3260 1499 3330 ipsi
1537 3274 1747 3327 quoque
1782 3267 1902 3327 post
1927 3257 2237 3310 ancillar-um

663 3362 936 3404 sermones
960 3358 1139 3406 nostra
1161 3352 1588 3421 adjnngercmus.
1618 3335 1892 3404 Nanfcum
1911 3348 2082 3402 adhuc
2110 3358 2238 3402 ten;-

661 3448 838 3509 pestas
868 3456 1054 3510 magna
1093 3451 1173 3495 est
1196 3482 1210 3506 ,
1254 3451 1307 3496 ct
1350 3443 1526 3495 luctus
1557 3441 1724 3509 viget,
1755 3439 1841 3509 qui
1880 3438 2116 3493 dolorem
2148 3439 2238 3491 de.

661 3545 862 3599 ponere
909 3531 1138 3592 suadet,
1186 3531 1230 3584 is
1271 3532 1522 3598 ejulatum
1568 3530 1734 3600 magis
1786 3535 2078 3598 provocat,
2110 3528 2238 3582 nihil

660 3619 799 3674 aliud
827 3621 956 3674 lucri
986 3630 1280 3690 reportans,
1310 3636 1466 3690 quam
1488 3619 1690 3685 odium,
1718 3621 2042 3688 multamque
2072 3627 2241 3672 mate-

661 3711 793 3765 riem
818 3710 1076 3777 ejusmodi
1104 3711 1342 3763 oratione
1373 3711 1678 3778 suppeditat
1711 3709 1851 3776 igni,
1882 3698 2142 3776 simulque
2170 3707 2236 3762 de

661 3817 720 3855 se
744 3811 792 3854 et
823 3801 1016 3854 inimici
1062 3809 1115 3854 et
1153 3801 1292 3854 stulti
1335 3801 1561 3854 hominis
1589 3800 1742 3853 affert
1771 3799 2073 3866 opinionem
2104 3817 2116 3851 :
2147 3814 2236 3852 ve-

661 3905 776 3943 rum
805 3891 1014 3958 quando
1045 3890 1146 3957 iam
1169 3900 1326 3943 :estus
1353 3890 1442 3943 ille
1468 3888 1710 3943 desidere
1734 3890 1923 3958 coepit,
1954 3904 2015 3942 ac
2037 3889 2238 3942 violen-

661 3980 785 4034 tiam
813 3980 1065 4035 [luctuum
1092 3979 1297 4034 sedavit
1323 3981 1458 4034 Deus
1479 4021 1491 4042 ,
1517 3978 1675 4035 facile
1691 3978 1942 4032 orationis
1967 3978 2076 4042 vela
2103 3995 2238 4047 pau-

660 4069 866 4124 demus.
890 4070 1019 4125 Nam
1048 4071 1298 4138 mediocri
1329 4071 1544 4139 quidem
1573 4056 1883 4138 tempestate
1903 4071 2100 4140 poterit
2126 4071 2234 4123 for-

662 4166 804 4212 tasse
845 4174 942 4213 ars»
974 4175 1132 4216 suum.
1160 4159 1392 4215 ofﬁcium
1432 4159 1605 4214 facere
1648 4180 1661 4215 :
1698 4169 1752 4214 at
1794 4177 1914 4214 cum
1955 4169 2231 4215 ventorum

661 4247 891 4318 impetus
916 4249 1145 4304 invictus
1169 4249 1356 4314 fertur,
1385 4249 1514 4303 nihil
1544 4249 1643 4303 loci
1672 4260 1752 4302 est
1779 4251 2000 4317 periti-.13.
2024 4250 2117 4304 llis
2143 4250 2235 4303 ad-

658 4339 801 4394 ducti
838 4341 1010 4393 causis
1046 4348 1154 4394 toto
1193 4341 1464 4410 superiore
1494 4350 1730 4409 tempore
1757 4341 2026 4404 siluimus,
2061 4356 2122 4393 ac
2147 4341 2232 4394 vix

661 4431 1062 4499 nunecmittere
1083 4445 1267 4488 vocent
1288 4430 1520 4499 aggressi
1540 4445 1744 4483 sumus.
1763 4429 2070 4483 Audivimus
2090 4430 2228 4483 enim

659 4533 691 4573 a
722 4529 907 4588 patruo
934 4529 1056 4587 tuo,
1084 4520 1455 4575 confidendum
1486 4520 1706 4590 posthac
1729 4535 1848 4574 esse
1881 4538 1894 4572 :
1929 4535 2049 4574 nam
2079 4530 2130 4574 et
2155 4520 2231 4573 fa-

658 4611 849 4674 mulas,
874 4628 990 4680 qua:
1018 4612 1171 4681 paulo
1197 4611 1562 4667 honoratiores
1582 4611 1707 4679 sint,
1733 4611 1929 4667 audere
1951 4611 2016 4665 de
2043 4610 2232 4677 hisre-

658 4701 758 4756 bus
786 4691 1019 4772 prolixos
1048 4702 1241 4756 inferre
1271 4715 1582 4767 sermones,
1617 4703 1724 4756 imo
1747 4713 1993 4756 externas
2020 4716 2228 4770 quoque

659 4791 927 4859 mulieres,
955 4801 1113 4862 atque
1142 4808 1233 4847 eas
1260 4809 1378 4861 quas
1401 4805 1490 4846 aut
1518 4783 1712 4862 genere
1740 4793 1831 4846 tibi
1854 4803 2108 4861 cognatae,
2140 4803 2230 4846 aut

658 4883 760 4936 alia
803 4884 986 4952 quavis
1033 4883 1236 4938 ratione
1262 4883 1352 4939 ,ad
1391 4883 1512 4947 ,hoe
1549 4898 1740 4938 munus
1777 4882 2076 4937 obeundum
2123 4883 2230 4936 sint

659 4973 882 5032 itionem.
905 4972 1055 5040 Quod
1068 4974 1111 5026 si
1129 4973 1333 5026 illarum
1361 4989 1636 5029 sermones
1656 4973 1910 5040 admittis,
1928 4973 2080 5028 valde
2101 4988 2228 5028 con-

659 5064 868 5118 fidimus
892 5079 954 5118 ac
979 5079 1074 5133 pro
1095 5074 1241 5128 certo
1265 5064 1518 5120 habemus
1541 5063 1652 5120 fore
1672 5076 1729 5118 ut
1748 5074 1958 5118 nostros
1979 5080 2080 5119 non
2101 5080 2228 5118 con-

659 5165 884 5222 temnas,
915 5156 1008 5212 sed
1036 5158 1271 5227 quietem,
1295 5173 1357 5212 ac
1388 5159 1845 5228 tranquillitatem,
1875 5158 2044 5227 quoad
2077 5168 2224 5227 pote-

656 5248 750 5310 ris,
780 5246 908 5314 ipsis
953 5245 1227 5302 audiendis
1274 5247 1547 5302 adhibeas.
1595 5247 1734 5302 Sane
1774 5247 2044 5300 muliebris
2072 5263 2227 5300 sexus

657 5338 938 5405 proclivior
954 5338 1339 5407 quodammodo
1359 5339 1424 5394 ad
1441 5339 1838 5409 concipiendum
1856 5339 2092 5393 dolorem
2115 5348 2224 5392 est:

656 5437 711 5480 at
730 5443 847 5481 cum
872 5438 1124 5498 prmterea
1147 5430 1396 5498 juventus
1415 5429 1582 5494 adest,
1611 5440 1662 5483 ct
1679 5429 1902 5483 viduitas
1924 5430 2226 5492 immatura,

656 5526 712 5570 et
737 5519 909 5572 nullus
935 5522 1260 5586 negotiorum
1289 5535 1432 5583 usus,
1459 5531 1512 5573 et
1538 5535 1782 5573 curarum
1817 5535 2002 5588 magna
2036 5520 2223 5582 moles,

655 5615 814 5676 atque
842 5623 998 5663 omne
1036 5611 1312 5679 pristinum
1342 5619 1548 5680 tempus
1576 5611 1626 5666 in
1653 5591 1855 5666 deliciis
1879 5653 1892 5676 ,
1923 5612 2183 5667 hilaritate
2207 5653 2222 5676 ,

656 5695 850 5753 divitiis
873 5699 1195 5769 insumptum
1220 5711 1319 5768 est,
1339 5701 1518 5758 multis
1541 5703 1775 5772 partibus
1797 5702 1965 5771 major
1987 5698 2223 5758 redditur

2357 1520 2631 1578 calamitas
2650 1565 2665 1590 ,
2694 1530 2783 1590 ut,
2814 1524 2916 1579 nisi
2946 1539 3230 1595 supernum
3259 1522 3397 1581 adsit
3421 1530 3692 1598 auxilium,
3723 1535 3934 1601 pericuv

2351 1609 2460 1665 lum
2486 1614 2555 1666 sit
2579 1629 2647 1667 ne
2666 1629 2697 1667 a
2723 1615 3096 1684 qualicumque
3121 1617 3356 1670 irruente
3379 1618 3697 1688 cogitatione
3717 1622 3935 1692 dejicia-

2350 1709 2473 1755 tur:
2505 1703 2645 1773 quod
2671 1704 2913 1774 equidem
2951 1707 3032 1760 vel
3066 1707 3383 1776 prtecipuum
3422 1725 3484 1764 ac
3524 1714 3812 1767 maximum
3847 1717 3934 1768 di-

2350 1795 2485 1848 vinas
2511 1810 2636 1863 erga
2668 1805 2715 1850 te
2741 1813 2882 1851 cura:
2912 1798 3161 1851 indicium
3189 1802 3506 1854 censuerim.
3536 1802 3665 1859 Nam
3684 1807 3824 1874 quod
3856 1817 3933 1860 tot

2351 1898 2572 1957 repente
2601 1891 3037 1944 concurrentibus
3065 1891 3218 1944 malis
3243 1907 3347 1945 non
3379 1900 3431 1946 te
3458 1894 3715 1963 aegritudo
3738 1898 3929 1950 absor-

2352 1977 2529 2032 buerit
2552 2021 2568 2044 ,
2600 1994 2707 2034 nec
2746 1979 2811 2032 de
2855 1980 3080 2034 naturali
3122 1980 3313 2034 mentis
3340 1990 3477 2036 statu
3507 1985 3580 2037 sis
3611 1986 3889 2040 deturbata
3916 2030 3931 2050 ,

2349 2084 2454 2122 non
2492 2068 2545 2122 id
2575 2067 2791 2123 humani
2820 2069 3041 2138 alicujus
3068 2069 3244 2123 auxilii
3271 2069 3387 2137 fuit,
3417 2072 3508 2126 sed
3535 2072 3931 2143 Omnipotcntis

2350 2157 2490 2211 illius
2515 2173 2722 2222 manus,
2743 2159 2836 2212 sed
2865 2160 3223 2228 intelligentia:
3245 2160 3385 2213 illius
3407 2164 3555 2229 cujus
3582 2176 3685 2216 non
3713 2176 3795 2218 est
3825 2183 3931 2219 nu-

2350 2263 2528 2302 merus
2552 2289 2567 2312 ,
2597 2248 2693 2302 sed
2725 2249 3018 2317 prudentia:
3048 2249 3190 2302 illius
3215 2265 3333 2317 qua:
3367 2250 3666 2320 investigari
3693 2269 3797 2306 non
3831 2269 3932 2322 po-

2349 2346 2453 2392 test
2476 2380 2491 2404 ,
2519 2338 2610 2392 sed
2633 2339 2804 2392 Patris
2829 2339 3309 2392 misericordiarum
3336 2381 3350 2402 ,
3384 2355 3447 2395 ac
3489 2341 3581 2396 Dei
3618 2344 3780 2397 totius
3801 2362 3933 2398 con-

2347 2431 2638 2485 solationis.
2683 2430 2806 2500 Ipse
2847 2431 3008 2497 enim,
3035 2433 3204 2501 inquit
3232 2473 3246 2496 ,
3286 2433 3551 2500 verberavit
3581 2453 3670 2490 nos
3695 2477 3708 2498 ,
3747 2448 3794 2490 et
3823 2439 3934 2508 ipse

2346 2524 2540 2576 sanabit
2575 2539 2698 2586 nos;
2741 2524 3021 2592 percutiet,
3050 2533 3095 2576 et
3126 2524 3318 2577 curabit
3360 2534 3405 2578 et
3447 2542 3596 2580 sanos
3639 2529 3792 2597 faciet
3835 2546 3930 2582 nos

2348 2611 2523 2681 (Osee
2567 2614 2624 2667 6.
2652 2612 2686 2665 ‘2
2715 2615 2751 2681 ).

2434 2702 2608 2756 Viduis
2635 2703 2772 2757 Deus
2800 2706 2893 2758 uiri
2922 2705 3030 2758 loco
3060 2713 3149 2758 est.
3180 2735 3247 2746 —-
3277 2706 3536 2772 Quamdiu
3568 2711 3705 2764 enim
3751 2723 3929 2784 tecum

2347 2811 2448 2848 una
2483 2796 2690 2850 vivebat
2730 2797 2914 2851 beatus
2960 2797 3046 2851 ille
3077 2799 3173 2864 vir,
3207 2799 3451 2866 cupiebas
3473 2802 3684 2870 quidem
3720 2803 3930 2860 fructus

2345 2885 2582 2952 honoris,
2607 2903 2767 2950 certe,
2800 2887 2957 2941 Studii
2984 2904 2996 2952 ;
3026 2890 3270 2957 capiebas
3292 2900 3489 2957 autem,
3513 2894 3695 2960 quales
3721 2911 3786 2947 ex
3822 2896 3925 2950 ho.

2346 2979 2485 3033 mine
2515 2994 2705 3051 capere
2737 2995 2830 3048 par
2855 2987 2970 3033 erat
3001 2995 3016 3032 :
3045 2981 3292 3048 quoniam
3318 2997 3445 3035 vero
3471 2983 3615 3036 illum
3643 2984 3708 3038 ad
3737 3001 3796 3040 se
3828 3005 3927 3040 vo-

2344 3073 2480 3123 cavit
2515 3071 2649 3124 Dcus
2674 3113 2687 3135 ,
2736 3072 2848 3139 ipse
2891 3086 3029 3124 nunc
3075 3071 3213 3124 illius
3254 3072 3369 3125 loco
3403 3087 3460 3127 se
3489 3074 3580 3128 tibi
3624 3077 3926 3132 substituit.

2343 3159 2526 3228 Neque
2554 3161 2663 3213 hoc
2698 3177 2871 3214 meum
2902 3170 2980 3213 est
3010 3200 3024 3225 ,
3061 3161 3151 3215 sed
3194 3162 3332 3215 beati
3367 3165 3635 3231 prephetae
3671 3166 3884 3220 Davidis
3912 3209 3929 3232 ,

2343 3253 2430 3318 qui
2457 3253 2526 3304 ita
2556 3251 2742 3318 inquit,
2773 3250 3034 3320 Pupilla»;
3061 3262 3105 3305 et
3123 3252 3322 3305 riduam
3345 3255 3578 3323 suscipiat
3597 3254 3764 3325 (Psal.
3797 3260 3927 3314 145.

2344 3340 2375 3393 9
2403 3343 2454 3408 );
2485 3350 2535 3396 et
2555 3342 2676 3394 alibi
2709 3343 2878 3409 ipsum
2906 3351 3057 3394 vocat
3081 3352 3278 3409 patrem
3301 3343 3618 3412 pupillorum
3649 3385 3665 3410 ,
3699 3357 3751 3399 et
3781 3347 3931 3415 judi—

2343 3445 2457 3483 cem
2520 3429 2990 3501 viduarum(Psat.
3033 3431 3218 3501 67.6),
3257 3434 3578 3502 omninoque
3621 3434 3930 3493 hochonii-

2342 3538 2465 3574 num
2493 3537 2659 3590 genus
2692 3537 2894 3590 magna:
2927 3522 3021 3590 ipsi
3049 3537 3188 3574 cura:
3215 3536 3335 3576 esse
3362 3523 3584 3577 videbis.

2410 3614 2463 3666 ἓ.
2504 3615 2764 3667 Cmteruni
2797 3628 2863 3668 ne
2889 3614 2986 3666 hoc
3014 3630 3204 3667 nomen
3237 3615 3447 3669 assidue
3474 3627 3776 3686 usurpatum
3806 3624 3932 3675 ani-

2341 3720 2486 3756 mum
2515 3705 2606 3756 tibi
2637 3703 2866 3772 dejiciat,
2900 3718 2960 3756 ac
2989 3705 3245 3757 rationem
3279 3707 3546 3773 perturbet
3571 3713 3832 3775 reputanti
3869 3714 3925 3766 in

2341 3794 2456 3861 ipso
2477 3796 2646 3848 mtattis
2674 3794 2801 3848 flore
2828 3794 2951 3847 illud
2996 3803 3045 3847 te
3073 3795 3311 3858 subiisse,
3336 3795 3401 3849 de
3423 3797 3521 3850 hoc
3542 3797 3667 3851 mihi
3691 3801 3928 3867 primunt

2340 3883 2703 3937 disserendum
2733 3883 3001 3952 proposui,
3024 3893 3181 3952 atque
3205 3885 3608 3952 ostendendum,
3633 3902 3739 3942 non
3768 3893 3922 3946 cala-

2340 3976 2536 4028 mitatis
2567 3991 2758 4030 nomen
2787 3990 2903 4030 esse
2936 3992 3126 4030 nomen
3150 3977 3439 4043 viduitatis,
3471 3981 3564 4034 sed
3595 3982 3830 4049 honoris,
3868 3997 3931 4041 et

2341 4065 2558 4147 honoris
2579 4065 2791 4135 quidem
2820 4067 3050 4119 maximi.
3081 4066 3260 4136 Neque
3277 4069 3414 4120 enim
3444 4080 3494 4123 tu
3517 4071 3644 4124 mihi
3669 4074 3805 4143 vulgi
3832 4078 3925 4131 dc-

2341 4165 2611 4222 pravatam
2640 4156 2939 4224 opinionem
2963 4156 3011 4208 in
3042 4158 3397 4211 testimonium
3422 4159 3629 4226 afferas,
3654 4165 3747 4216 sed
3775 4167 3924 4221 beati

2338 4248 2616 4312 Paulikvcl
2638 4250 2808 4316 potius
2825 4247 3018 4303 Christi
3039 4251 3304 4302 decretum
3325 4266 3386 4304 ac
3413 4253 3603 4321 legem.
3620 4254 3746 4320 Qua:
3767 4261 3919 4315 enim

2339 4339 2425 4391 ille
2447 4339 2776 4407 loquebatur,
2803 4339 2916 4392 ha-c
2941 4356 3032 4408 per
3060 4341 3226 4408 ipsum
3253 4343 3624 4408 pronuntiabat
3645 4346 3918 4415 Christus,

2335 4429 2782 4496 quemadmodum
2807 4438 2858 4482 et
2881 4429 2992 4498 ipse
3018 4429 3165 4492 dixit,
3183 4430 3262 4482 Au
3291 4433 3681 4501 experimentum
3695 4442 3927 4503 t/ua‘rilis

2335 4520 2441 4586 ejus
2457 4520 2540 4588 qui
2555 4520 2607 4572 in
2625 4535 2701 4572 me
2715 4520 2932 4589 loquitur
2946 4517 3133 4574 Christi
3151 4519 3221 4587 (‘2.
3241 4518 3358 4573 Cor.
3380 4523 3465 4577 15.
3482 4523 3565 4591 5)?
3590 4524 3724 4592 Quid
3753 4528 3923 4597 igitur

2335 4611 2542 4680 inquit?
2579 4611 2742 4664 Vidua
2766 4611 2976 4681 eligatur
3016 4627 3116 4664 non
3155 4613 3314 4669 minus
3339 4615 3599 4684 sexaginta
3639 4633 3924 4688 annorum,

2335 4712 2387 4757 ct
2414 4718 2614 4768 rursus,
2641 4703 3063 4771 Adolescentiores
3101 4713 3264 4757 autem
3284 4705 3460 4758 viduas
3480 4707 3642 4759 devita
3670 4709 3743 4776 (Ι.
3774 4709 3927 4765 Tim.

2329 4788 2389 4848 ’5.
2432 4795 2484 4848 9.
2517 4795 2576 4848 ii
2613 4795 2659 4864 ),
2686 4805 2911 4863 utroque
2942 4796 3041 4847 hoc
3066 4805 3331 4863 praecepto
3359 4795 3436 4851 rei
3465 4797 3618 4862 nobis
3644 4801 3923 4869 magnitu-

2334 4886 2511 4940 dinem
2543 4885 2800 4940 indicans.
2833 4885 2962 4939 Nam
2989 4871 3056 4940 de
3079 4887 3340 4957 epiSCOpis
3361 4888 3572 4956 quidem
3597 4892 3923 4960 praecipiens

2337 4977 2519 5031 nullibi
2547 4992 2825 5030 numerum
2847 4992 3102 5030 annorum
3125 4979 3328 5041 statuit,
3357 4977 3442 5031 hic
3463 4989 3639 5033 autem
3667 4997 3920 5050 magnam

2335 5068 2548 5122 adhibet
2569 5068 2977 5145 accuratiouem.
2997 5067 3131 5134 Quid
3154 5068 3260 5122 ita?
3281 5068 3394 5122 Non
3417 5070 3557 5138 quod
3583 5070 3804 5126 viduitas
3831 5090 3893 5127 sa
3909 5112 3928 5120 -

2332 5159 2568 5214 cerdotio
2587 5159 2753 5228 major
2768 5161 2853 5225 sit,
2869 5160 2959 5213 sed
2979 5160 3224 5227 quoniam
3246 5161 3499 5229 majorem
3517 5162 3643 5230 ipsa:
3661 5179 3814 5232 quam
3841 5168 3923 5221 illi

2331 5251 2565 5306 laborem
2582 5251 2860 5316 sustinent,
2881 5251 3056 5304 multis
3073 5252 3299 5320 undique
3317 5253 3539 5322 negotiis
3554 5255 3667 5308 illas
3684 5257 3920 5313 circum-

2331 5341 2662 5396 venientihus
2679 5341 2899 5409 publicis
2916 5353 2968 5395 et
2992 5342 3222 5410 privatis.
3241 5342 3449 5397 Etenim
3468 5345 3920 5413 quemadmodum

2332 5431 2517 5485 civitas
2538 5432 2798 5486 moenibus
2820 5446 2922 5484 non
2953 5433 3273 5485 circumdata
3303 5443 3444 5500 patet
3464 5436 3698 5503 exposita
3731 5441 3922 5491 omni-

2332 5521 2455 5589 bus,
2497 5522 2816 5590 quicumque
2843 5521 3070 5589 diripere
3093 5537 3210 5576 eam
3239 5523 3537 5577 voluerint:
3563 5527 3630 5578 ita
3659 5536 3710 5580 et
3731 5531 3917 5595 puella

2335 5627 2388 5664 Ill
2418 5610 2671 5665 viduitate
2696 5620 2904 5664 aztatem
2931 5609 3125 5680 degens
3155 5612 3348 5666 multos
3379 5612 3535 5694 habet
3561 5615 3647 5683 qui
3679 5616 3922 5686 undique

2333 5701 2668 5769 insidientur,
2701 5717 2804 5756 non
2837 5701 3007 5756 solum
3035 5717 3129 5758 eos
3154 5705 3239 5775 qui
3274 5705 3511 5775 pecuniis
3550 5707 3784 5762 animum
3814 5709 3921 5764 ad~
