4158 6316
579 348 678 411 601

574 466 882 540 διαφθεῖραι
915 461 1261 532 σπεύδοντας.
1299 467 1411 520 Καὶ
1446 466 1506 518 ού
1528 466 1730 528 ταύτας
1761 465 1942 534 μόνον,
1971 463 2110 519 ἀλλά
2151 465 2245 516 καὶ

573 567 770 636 ἐτέρας
818 567 954 638 πρὸς
989 567 1052 619 τὺ
1070 567 1256 618 πεσεῖν
1299 563 1469 633 αὐτὴν
1495 560 1751 631 ἀφορμὰς
1807 560 2248 630 προσγενομένας

574 662 900 732 εὑρήσομεν.
938 662 1049 715 Καὶ
1075 661 1183 732 7&9
1231 658 1438 712 οἰκέται
1463 651 1951 727 καταφρονοῦντες,
1984 657 2078 709 καὶ
2106 657 2245 727 πρά-

577 774 760 827 γματα
793 756 1156 829 ἀμελούμενα,
1215 750 1310 815 καὶ
1334 755 1396 807 τὸ
1429 753 1626 825 μηκέτι
1655 756 1711 805 ἐν
1743 754 1811 824 τῇ
1847 751 2088 829 προτέρᾳ
2106 747 2246 806 εἶναι

573 855 727 923 τιμῇ,
759 853 852 905 καὶ
899 827 960 906 τό
988 827 1089 916 τὰς
1107 851 1375 923 ὁμήλικας
1399 845 1459 904 εὖ
1491 832 1838 920 πραττούσας
1862 848 2016 918 όρᾷν,
2048 827 2247 903 πολλά-

572 966 660 1011 κις
686 949 743 1002 δέ
766 950 859 1003 καὶ
885 949 948 1002 τὸ
977 948 1190 1021 τρυφῆς
1218 945 1809 1020 ἐπιθυμεῖν,δευτέροις
1833 943 2002 1008 αὐτὰς
2026 945 2244 999 ἔπεισεν

569 1045 826 1117 ὁμιλῆσαι
856 1047 1076 1116 γάμοις.

638 1140 762 1194 Εἰσὶ
802 1141 860 1194 δὲ
893 1141 948 1196 αἱ
983 1141 1132 1213 νόμῳ
1181 1143 1280 1212 μὲν
1325 1141 1502 1212 γάμου
1543 1141 1643 1194 ούκ
1696 1139 1938 1196 ἐθέλουσι
1990 1141 2245 1210 συγγενέ-

568 1239 691 1291 σθαι
729 1240 841 1302 τοῖς
873 1238 1098 1310 ἀνδράσι
1117 1278 1134 1297 .
1158 1216 1334 1309 λάθρα
1364 1233 1421 1312 δὲ
1450 1237 1546 1291 καὶ
1585 1238 1723 1308 μετά
1762 1237 1856 1292 τοῦ
1889 1237 2239 1310 κρύπτεσθαι.

567 1334 719 1406 [540]
754 1334 926 1388 Τοῦτο
970 1334 1027 1387 δὲ
1056 1333 1318 1399 ποιοῦσιν,
1364 1333 1453 1387 ἵνα
1491 1332 1562 1387 τά
1593 1331 1846 1405 ἐγκώμια
1881 1333 1982 1404 τῆς
2021 1334 2244 1404 χηρείας

567 1430 966 1502 καρπώσωνται
990 1447 1006 1463 ο
1050 1430 1223 1494 οὕτως
1265 1429 1365 1483 ούκ
1415 1428 1795 1494 ἐπονείδιστον,
1842 1427 1978 1484 ἀλλά
2032 1429 2243 1498 θαυμα-

567 1530 691 1582 στὸν
723 1529 818 1582 καὶ
857 1531 1021 1600 τιμῆς
1058 1529 1206 1595 ἀξιον
1233 1529 1295 1582 τὸ
1329 1529 1559 1599 πρᾶγμα
1586 1528 1736 1598 παρά
1765 1527 2070 1599 ἀνθρώποις
2103 1522 2246 1580 εἶναι

565 1625 732 1688 δοκεῖ,
793 1626 854 1679 ού
885 1626 1016 1697 παρ’
1043 1627 1175 1696 ήμῖν
1214 1625 1372 1694 μόνον
1405 1627 1517 1685 τοῖς
1558 1624 1790 1687 πιστοῖς,
1833 1623 1969 1677 ἀλλὰ
2009 1623 2105 1677 καὶ
2130 1625 2242 1684 τοῖς

564 1721 814 1784 ἀπίστοις
867 1721 1070 1783 αὐτοῖς.
1128 1720 1239 1773 Καὶ
1279 1718 1390 1790 γὰρ
1427 1718 1538 1788 ἐγώ
1585 1737 1713 1774 ποτε
1751 1719 1982 1782 νέος“ἐτι
2022 1718 2118 1784 ῶν,
2150 1719 2240 1772 τὸν

569 1818 828 1888 σοφιστὴν
851 1819 944 1871 τὸν
972 1818 1104 1888 ἐμὸν
1145 1816 1389 1888 (πάντων
1431 1817 1488 1871 δὲ
1515 1817 1726 1890 ἀνδρῶν
1751 1818 2245 1888 δεισιδαιμονέστε-

567 1934 659 1988 ρος
684 1918 890 1980 ἐκεῖνος
921 1912 1014 1986 ἦν)
1040 1911 1157 1968 οἴδα
1195 1916 1289 1970 ἐπὶ
1331 1914 1542 1968 πολλῶν
1583 1915 1683 1985 τήν
1739 1915 1952 1986 μητέρα
1979 1915 2076 1986 τὴν
2104 1916 2243 1986 ἐμὴν

577 2015 946 2086 θαυμάζοντα.
971 2009 1092 2067 Τῶν
1117 2012 1226 2082 γάρ
1263 2011 1744 2084 παρακαθημένων
1777 2011 1926 2083 αὐτῷ
1977 2011 2244 2065 πυνθανό-

572 2126 730 2181 μενος
755 2117 796 2175 ⁸,
823 2102 914 2162 οἵα
941 2107 1122 2174 εῐωθε,
1152 2107 1238 2170 τίς
1255 2108 1371 2177 εῐην
1394 2104 1526 2175 ἐγὼ,
1557 2110 1646 2162 καὶ
1683 2106 1834 2170 τίνος
1865 2105 2131 2173 είπόντοξ,
2162 2109 2243 2162 ὅτι

569 2205 748 2275 χήρας
783 2204 1062 2272 γυναικὸς,
1115 2201 1384 2273 ἐμάνθανε
1442 2205 1572 2274 παρ’
1624 2201 1759 2272 ἐμοῦ
1801 2203 1901 2273 τήν
1938 2220 1999 2256 τε
2027 2200 2243 2274 ἠλικίαν

569 2303 670 2372 τῆς
706 2301 912 2372 μητρὸς
941 2300 1035 2352 καὶ
1066 2302 1164 2369 τῆς
1217 2300 1445 2371 χηρείας
1471 2279 1574 2354 τὸν
1609 2298 1818 2371 χρόνονο
1848 2300 1924 2364 ὡς
1957 2300 2014 2354 δὲ
2067 2297 2240 2366 εἷπον,

569 2396 653 2449 ὅτι
677 2395 814 2447 ἐτῶν
846 2394 1246 2466 τεσσαράκοντα
1273 2397 1526 2463 γεγονυῖα
1549 2394 1753 2448 εἴκοσιν
1775 2394 1889 2464 ἔχει
1923 2395 2129 2460 λοιπὸν,
2184 2397 2245 2462 ἐξ

570 2484 632 2544 οὗ
657 2489 748 2542 τὸν
787 2486 1003 2558 πατέρα
1035 2485 1276 2564 ἀπέϐαλε
1305 2488 1398 2541 τὸν
1425 2487 1557 2558 ἐμὸν
1577 2478 1606 2550 ,’
1649 2488 1920 2559 ἐξεπλάγη
1941 2530 1957 2554 ,
2009 2489 2105 2542 καὶ
2145 2490 2240 2542 άν-

569 2586 762 2658 εϐόησε
792 2586 954 2657 μέγα,
968 2586 1062 2638 καὶ
1091 2585 1232 2656 πρὸς
1255 2585 1382 2647 τοὺς
1411 2584 1683 2653 παρόντας
1713 2583 1855 2637 ίδὼνο
1889 2583 2083 2647 Βαδαὶ,
2115 2583 2240 2655 ἐφη,

569 2678 680 2737 ora:
704 2682 854 2754 παρά
880 2684 1224 2754 Χριπιανοῖς
1261 2679 1517 2748 γυναῖκές
1540 2681 1664 2732 είσι.
1712 2676 1980 2732 Τοσούτου
2003 2680 2063 2732 ού
2112 2682 2242 2750 παρ’

568 2781 702 2851 ἡμῖν
740 2779 919 2850 μόνον,
965 2777 1102 2830 ἀλλά
1140 2777 1234 2830 καὶ
1263 2775 1417 2848 παρὰ
1457 2773 1572 2839 τοῖς
1625 2773 1823 2839 ἔξωθεν
1849 2775 1878 2815 ι’
1908 2775 1970 2828 τὸ
2013 2777 2243 2846 πρᾶγμα

569 2872 830 2927 ἀπολαύει
858 2870 952 2924 τοῦ
985 2870 1261 2941 θαύματος
1283 2867 1493 2922 καὶτοῦ
1526 2867 1771 2922 ἐπαίνου.
1812 2869 1993 2940 ’ᾼπερ
2021 2869 2236 2923 ἅπαντα

571 2966 796 3020 συνιδὼν
821 2969 851 3020 ό
881 2966 1151 3038 μακάριος
1171 2965 1401 3028 Παῦλος,
1419 2964 1592 3032 ἐλεγεο
1610 2963 1776 3032 Χήρα
1802 2964 2239 3034 καταλεγέσθω,

572 3063 660 3132 μὴ
691 3064 947 3117 ἔλαττον
965 3061 1117 3116 ἐτῶν
1143 3061 1442 3143 ἐξήκοντα
1481 3060 1781 3130 γεγονυῖα.
1821 3061 1930 3112 Καὶ
1953 3059 2076 3113 οὐδὲ
2102 3059 2243 3131 μετά

569 3162 670 3232 τὴν
694 3160 962 3232 τοσαύτην
990 3159 1098 3215 τῶν
1136 3159 1341 3230 χρόνων
1370 3157 1678 3229 μαρτυρίαν
1710 3156 1934 3225 ἀφίησιν
1963 3155 2132 3225 αὐτὴν
2162 3157 2244 3218 είς

569 3258 661 3310 τὸν
693 3257 845 3324 ἆγιον
865 3254 1053 3309 τοῦτον
1085 3253 1323 3322 ταγῆναι
1351 3250 1531 3322 χορὸν,
1585 3248 1721 3301 ἅλ’λά
1747 3250 1842 3302 καὶ
1874 3249 2039 3319 ἐτερα
2067 3265 2239 3318 προσ-

568 3346 752 3415 τίθησι
813 3346 1006 3414 λέγων,
1047 3345 1144 3396 ‘Er
1165 3341 1364 3412 ἔργοις
1398 3339 1641 3409 ἀγαθοῖς
1668 3340 2152 3408 μαρτιιρουμένη.
2190 3341 2240 3391 ει

569 3441 1103 3506 ἐτεκνοτρόφησεν,
1154 3439 1206 3489 εί
1233 3432 1693 3500 ἐξενοδόχησεν,
1729 3435 1780 3485 εὶ
1816 3432 2001 3500 ἁγίων
2051 3431 2241 3496 πέδας

569 3537 804 3602 ἔνιψεν,
859 3535 909 3586 εἱ
938 3529 1309 3600 θλιϐομένοις
1355 3525 1716 3596 ἐπήρκεσεν,
1767 3529 1821 3580 εὶ
1871 3527 2050 3579 παντὶ
2090 3526 2242 3594 ἔργῳ

570 3627 769 3701 ἀγαθῷ
815 3626 1291 3693 ἐπηκολούθησε.
1324 3622 1500 3675 Βαΰαὶ
1528 3622 1625 3690 τῆς
1674 3620 1994 3690 δοκιμασίας
2014 3622 2109 3674 καὶ
2144 3622 2241 3692 τῆς

573 3725 832 3792 βασάνου,
860 3723 992 3791 ὅσην
1014 3720 1168 3791 παρά
1214 3719 1316 3787 τῆς
1349 3721 1523 3789 χήρας
1551 3721 1772 3771 ἀπαιτεῖ
1806 3717 1904 3787 τὴν
1927 3719 2126 3788 ἀρετὴν
2149 3720 2242 3772 καὶ

573 3811 688 3874 πῶς
711 3813 1179 3887 ἀκριϐολογεῖταιι
1209 3815 1309 3866 οὐκ
1337 3815 1404 3865 ἂν
1443 3798 1602 3866 τοῦτο
1626 3815 1877 3882 ποιήσας,
1920 3814 1967 3864 εί
1995 3813 2073 3883 μὴ.
2103 3813 2242 3882 πρᾶ-

572 3925 689 3980 γμα
709 3911 887 3979 τίμιον
916 3910 1010 3962 καὶ
1050 3910 1248 3980 σεμνὸν
1270 3908 1491 3979 ἔμελλεν
1513 3903 1861 3977 ἐμπιστεύειν
1882 3905 2056 3975 αὐτῇ.
2106 3907 2236 3968 Καὶ,

571 4005 874 4073 Νεωτέρας
906 4005 994 4069 δὲ,
1048 3989 1205 4075 φησι,
1231 4005 1419 4075 χήρας
1467 4004 1775 4072 παραιτοῦ.
1829 3999 1963 4056 Εἶτα
2008 4003 2102 4056 καί
2142 4005 2241 4075 τὴν

573 4101 751 4155 αἰτίαν
780 4100 1152 4169 προστίθησιψ
1185 4101 1373 4153 Ὅταν
1399 4101 1509 4170 γὰρ
1548 4097 2112 4168 καταστρηνιάσωσι
2134 4098 2240 4152 τοῦ

573 4196 853 4264 Χριστοῦ,
887 4195 1095 4264 γαμεῖν
1155 4196 1423 4251 θέλουσι.
1471 4197 1568 4250 Διά
1607 4196 1792 4251 τούτου
1827 4197 1934 4265 γὰρ
1960 4197 2093 4266 ἡμῖν
2143 4193 2239 4248 τοῦ

577 4293 816 4363 ῥήματος
851 4291 1166 4353 αἰνίττεται,
1225 4292 1309 4344 ὅτι
1337 4290 1394 4343 αί
1438 4291 1564 4353 τοὺς
1618 4290 1816 4360 ἀνδρας
1869 4289 2237 4342 ἀποϐαλοῦσαι

574 4391 688 4443 ἀντ’
741 4386 964 4441 ἐκείνων
993 4383 1351 4458 ἀρμόττονται
1403 4385 1480 4455 τῷ
1517 4386 1756 4456 Χριστῷ.
1789 4386 1930 4456 Ὀρα
1977 4384 2093 4446 πῶς
2129 4385 2240 4437 δει-

576 4485 706 4547 κνὺς
734 4495 759 4523 ο
787 4483 887 4554 τὴν
921 4483 1183 4554 ἁρμονίαν
1214 4484 1416 4550 ταύτην
1469 4482 1633 4552 ῥᾴονα
1659 4477 1825 4534 οὖσαν
1876 4481 1970 4532 καὶ
1998 4478 2235 4549 ἐπιεικῆ,

573 4577 732 4632 τοῦτο
759 4579 961 4649 τίθησι·
983 4577 1128 4645 λέγω
1155 4577 1212 4630 δὲ
1246 4577 1327 4638 τὺ,
1342 4576 1529 4628 Ὅταν
1551 4575 1661 4643 γὰρ
1683 4574 2240 4642 καταστρηνιάσωσι

573 4672 680 4729 τοῦ
713 4673 991 4742 Χριστοῦ,
1027 4672 1235 4742 ταμεῖν
1261 4671 1526 4734 θέλουσι,
1561 4670 1808 4741 καθάπερ
1871 4671 2015 4734 τινὸς
2051 4671 2242 4742 ἀνδρὸς

575 4769 872 4833 ἐπιεικοῦς,
896 4771 990 4830 καὶ
1013 4770 1074 4822 ού
1104 4768 1217 4838 μετ’
1246 4767 1494 4834 ἐξουσίας
1527 4768 1716 4828 αὑταῖς
1743 4765 2104 4836 κεχρημένου,
2125 4765 2238 4818 ἀλλ’

575 4866 772 4929 ἐῶντος
805 4867 862 4918 ἐν
892 4864 1174 4935 ἐλευθερίᾳ
1215 4865 1334 4934 ζῇν.
1368 4866 1476 4916 Καὶ
1526 4863 1646 4916 ούδέ
1698 4863 1859 4933 μέχρι
1906 4864 2111 4917 τούτων
2149 4865 2238 4917 τὸν

575 4961 732 5030 λόγον
755 4961 1004 5030 ἔστησεν,
1033 4960 1171 5020 ἀλλά
1198 4961 1289 5012 καὶ
1317 4958 1542 5030 ἑτέρωθι
1577 4959 1736 5012 πάλιν
1762 4959 1960 5028 πολλὴν
1983 4960 2120 5030 ὑπὲρ
2141 4961 2239 5013 αύ-

575 5055 677 5125 τῆς
703 5032 801 5125 τὴξι
831 5055 1084 5126 φροντίδα
1120 5054 1411 5124 πεποίηται
1438 5054 1628 5121 λέγων·
1673 5056 1744 5125 ᾞ
1773 5054 1840 5107 δὲ
1869 5057 2240 5112 σπαταλῶσα

579 5149 737 5211 ὦσα
764 5147 1066 5220 τέθνηκεν’
1113 5154 1152 5220 ἢ
1199 5151 1267 5204 δὲ
1298 5151 1483 5214 ὅντως
1527 5151 1681 5220 χήρα
1729 5151 1826 5204 καὶ
1851 5153 2238 5221 μεμονωμένη

578 5246 844 5315 ἤλπισεν
870 5247 969 5301 ἐπὶ
999 5251 1106 5301 τὸν
1126 5247 1292 5311 Θεὸν,
1316 5246 1415 5299 καί
1461 5247 1783 5314 προσμένει
1811 5247 1939 5312 ταῖς
1986 5246 2241 5316 δεήσεσι

643 5404 671 5433 ⁸
698 5403 845 5453 SaVil.
868 5404 1246 5467 πυνθανομένων,
1270 5401 1409 5453 Colb.
1429 5402 1789 5464 πυνθανόμενον,
1818 5401 1990 5451 Morel.
2015 5405 2239 5453 πυνθανό-

581 5481 941 5612 μιὲοὲίονεριδί
966 5525 1184 5612 εεξαέἱι.
1205 5528 1366 5583 recte,
1403 5523 1572 5573 Morel.
1599 5535 1716 5572 vero
1737 5526 1848 5587 παρ’
1867 5527 2003 5586 ἡμῶν
2025 5543 2096 5581 μ.,
2121 5528 2242 5575 ἀλλά

581 5590 663 5636 καὶ
693 5605 728 5635 π
790 5589 803 5612 '
822 5589 977 5635 αὐτῶν
1003 5589 1182 5642 ἔξωθεν.

647 5653 668 5679 ε
693 5604 829 5698 Cgrb.
873 5656 925 5696 et
947 5649 1093 5697 Savil.
1119 5649 1188 5709 τῷ
1456 5646 1575 5711 Εῖτα
1617 5647 1812 5711 δεικνύς,
1837 5647 2009 5696 Morel.
2034 5650 2104 5710 τῷ
2129 5651 2242 5711 Χρι-

583 5713 700 5773 στῷ.
729 5712 859 5772 Ὅρα
879 5712 980 5766 πῶς
999 5711 1192 5764 δεικνύς.
1223 5709 1330 5757 Mox
1353 5709 1536 5773 Morel;
1573 5713 1626 5773 gl
1663 5709 1809 5756 Savil.
1850 5711 1898 5773 i_n
1922 5716 2056 5757 Iexlu
2082 5709 2243 5773 ῥᾴονα

583 5767 747 5834 οὖσαν,
772 5767 854 5822 Seu
870 5774 915 5821 il.
943 5773 990 5822 in
1015 5784 1164 5834 marg.
1192 5773 1303 5835 ῥᾷον
1322 5770 1485 5830 οὖσαν,
1504 5769 1640 5818 Colb.
1662 5775 1811 5832 πρᾶον
1835 5771 1994 5818 οὖσαν.

1378 359 1436 415 S.
1475 357 1760 415 JOANNIS
1793 355 2279 414 CHRYSOSTOMI
2321 357 2645 413 ARCHIEP.
2679 354 3233 414 CONSTANTINOP.

3907 359 4018 412 ιη

2351 466 2449 519 καὶ
2472 465 2600 532 ταῖς
2629 466 2995 537 προσευχαῖς
3015 467 3238 537 ψώρας
3261 468 3358 522 καὶ
3395 471 3635 535 νυκτός.
3676 471 3786 524 Καὶ
3818 473 4011 540 Κορινσ

2350 561 2484 626 θίοις
2499 563 2827 617 ἐπιστέλλων
2855 565 3007 636 φησί·
3023 565 3438 633 Μακαριωτέρα
3458 562 3527 618 δέ
3554 565 3845 619 ἐστιν-ἐὰν
3860 569 4009 621 οὕτω

2342 663 2544 730 μείνῃ.
2574 657 2728 724 Εἶδες
2761 661 2861 732 ὅσα
2883 661 2985 731 τῆς
3013 661 3239 732 χηρείας
3289 662 3358 715 τά
3402 660 3675 732 ἐγκώμια,
3705 661 3800 714 καὶ
3835 662 4013 718 ταῦτα

2347 758 2405 808 ἐν
2429 758 2494 828 τῇ
2525 731 2823 826 Καινῇβτέε
2853 756 2949 809 καὶ
2980 731 3041 810 τδ
3068 756 3169 827 τῆς
3192 756 3488 828 παρθενίας
3519 756 3782 828 διέλαμψε
3813 758 4006 824 καλόν;

2345 851 2461 905 ἀλλ’
2492 851 2642 922 ὅμως
2664 852 2785 904 οὐδὲ
2812 851 2934 904 τότε
2963 851 3063 914 τάς
3097 851 3466 923 μαρμαρυγὰς
3497 853 3670 922 αὐτῆς
3700 854 4009 924 ἀποκρύψαι

2351 946 2567 1018 ἴσχυσεν
2599 947 2633 1017 ή
2655 945 2858 1017 ταύτης
2888 946 3201 1018 φαιδρότης,
3251 947 3714 1018 ἀλλά-διαλάμπει
3750 950 3845 1002 καὶ
3873 949 4010 1005 οὕτω

2344 1042 2444 1115 τὴν
2465 1045 2673 1097 οἰκείαν
2728 1044 2926 1114 ἔχουσα
2975 1044 3197 1114 ἀρετήν.
3245 1044 3414 1098 Ὅταν
3465 1040 3559 1098 οὖν
3590 1047 4013 1117 μνημονεύωμεν

2349 1139 2551 1212 μεταξὺ
2583 1140 2830 1212 χηρείας,
2863 1140 2938 1212 μὴ
2977 1141 3330 1212 καταπέσης,
3383 1140 3519 1211 μηδέ
3541 1141 3743 1207 ὄνειδος
3769 1143 3832 1197 τὺ
3860 1142 4010 1218 [341]

2346 1240 2578 1310 πρᾶγμα
2609 1238 2813 1309 νόμιζεο
2840 1241 2890 1292 εί
2910 1239 3020 1311 7&9
3050 1238 3209 1292 τοῦτο
3239 1231 3619 1306 ἐπονείδιστον,
3667 1241 3850 1312 πολλῷ
3877 1243 4010 1312 μῖλ-

2345 1336 2436 1389 λον
2458 1337 2491 1407 ή
2515 1335 2802 1408 παρθενία.
2853 1335 2995 1388 Ἀλλ’
3025 1335 3125 1388 οὐκ
3147 1334 3315 1401 ἐστιν,
3339 1337 3440 1389 οὐκ
3473 1335 3611 1402 ἐστι,
3653 1338 3730 1409 μὴ
3779 1338 4006 1406 γένοιτο.

2352 1432 2523 1485 Ὅπου
2559 1431 2668 1503 7&9
2699 1431 2799 1496 τάς
2823 1431 2904 1484 ἐτι
2948 1432 3247 1502 περιόντων
3283 1432 3628 1504 ἀπεχομένας
3663 1434 3776 1487 τῶν
3802 1436 4013 1506 ἀνδριῖιν

2346 1526 2696 1597 θαυμάζομεν
2725 1527 2960 1590 ἅπαντες
2984 1528 3078 1580 καὶ
3098 1527 3492 1597 ἀποδεχόμεθα,
3514 1527 3612 1591 τάς
3631 1529 3726 1581 καὶ
3751 1530 4010 1583 ἀπελθόν-

2344 1642 2450 1678 των
2481 1623 2661 1678 αὐτῶν
2687 1623 2786 1695 τὴν
2839 1625 3008 1695 αὐτὴν
3039 1624 3168 1696 περὶ
3204 1625 3404 1686 αὐτοὺς
3445 1624 3896 1696 ἐπιδεικνυμινας
3917 1625 4008 1679 εὗ-

2343 1737 2510 1785 νοιαν,
2579 1719 2695 1784 πῶς
2723 1722 2823 1774 ούκ
2857 1707 3249 1791 ἐκπλήττεσθαι
3280 1720 3362 1772 δεῖ
3406 1721 3501 1772 καὶ
3542 1721 3822 1784 ἐπαινεῖν;
3867 1721 4012 1786 Ἕως

2348 1817 2445 1884 μὲν
2473 1811 2586 1882 οὖν,
2615 1816 2752 1888 ὅπερ
2776 1815 2932 1886 ἔφην,
2976 1814 3142 1886 συνῆς
3176 1816 3255 1886 τῷ
3308 1816 3566 1887 μακαρίῳ
3587 1815 3870 1887 Θηρασίῳ,
3917 1818 4011 1870 καὶ

2343 1913 2505 1983 τιμῆς
2556 1913 2651 1966 καὶ
2678 1911 3274 1983 προνοίαςάπέλαυσας
3302 1910 3349 1977 ἀ,
3392 1913 3509 1975 οῐας
3545 1911 3698 1983 παρά
3725 1911 4010 1985 ἀνθρώπου

2345 2008 2636 2062 ἀπολαύειν
2667 2008 2834 2072 είκός·
2870 2007 2964 2062 νῦν
2991 2008 3049 2061 δὲ
3069 2010 3150 2072 εἰς
3186 2007 3286 2079 τὴν
3310 1995 3520 2062 ἐκείνου
3548 2007 3706 2073 τάξιν
3739 2009 3886 2079 ἔχεις
3921 2010 4011 2062 τὸν

2346 2105 2597 2159 ἁπάντων
2627 2105 2906 2176 Δεσπότην
2947 2105 3103 2171 Θεὸν,
3133 2105 3192 2168 ὃς
3238 2105 3333 2158 καὶ
3376 2104 3544 2158 πάλαι
3583 2118 3681 2158 σου
3720 2103 4012 2176 ,προεστιῖκ

2349 2200 2605 2270 μειζόνως
2633 2202 2726 2256 καὶ
2759 2203 2897 2272 μετά
2930 2202 3171 2265 πλείονος
3201 2201 3359 2255 τοῦτο
3396 2202 3612 2280 ποιήσει
3651 2202 3752 2273 τῆς
3778 2201 4011 2271 σπουδῆς

2345 2297 2460 2352 νῦν·
2482 2302 2575 2354 καὶ
2613 2302 2710 2371 τῆς
2735 2301 2934 2371 πολλῆς
2963 2299 3128 2381 αὑτοῦ
3161 2299 3418 2372 προνοίας
3446 2301 3508 2353 οὐ
3538 2300 3734 2370 μικρὸν
3752 2340 3769 2364 ,
3821 2297 4014 2369 ὥσπερ

2350 2397 2518 2468 ἔφθην
2549 2396 2747 2460 εἰπὼν,
2808 2397 3102 2467 τεκμήριον
3135 2393 3334 2462 ἔδειξεν
3373 2397 3503 2467 ἡμῖν
3534 2393 3660 2466 ήδη,
3693 2398 3755 2448 ἐν
3774 2394 4010 2466 τοσαύτῃ

2345 2493 2557 2565 καμίνῳ
2589 2493 2878 2565 φροντίδων
2915 2493 3006 2546 καὶ
3037 2489 3212 2562 λύπης
3234 2492 3359 2561 ὑγιῆ
3389 2493 3482 2544 καὶ
3506 2492 3785 2559 ἀνέπαφόν
3812 2509 3874 2545 σε
3895 2491 4012 2545 δια-

2345 2581 2603 2658 φυλάξας,
2633 2591 2726 2643 καὶ
2755 2589 2920 2660 μηδὲν
2945 2590 3101 2657 ἀφεὶς
3129 2584 3239 2640 τῶν
3262 2586 3576 2658 ἀϐουλήτων
3606 2587 3822 2641 παθεῖν.
3857 2587 3919 2641 '0
3952 2588 4010 2642 δέ

2344 2686 2401 2737 ἐν
2424 2685 2661 2755 τοσούτῳ
2687 2685 2830 2754 σάλῳ
2855 2683 3022 2755 μηδὲν
3059 2685 3418 2754 συγχωρήσας
3463 2682 3710 2752 γίνεσθαι
3730 2684 4008 2753 ναυάγιον,

2345 2769 2521 2850 πολλῷ
2545 2779 2745 2851 μᾶλλον
2775 2781 2833 2832 ἐν
2868 2780 3075 2850 γαλήνῃ
3109 2780 3429 2850 διατηρήσει
3460 2780 3561 2850 τὴν
3595 2779 3694 2850 σὴν
3713 2779 3892 2852 ψυχὴν
3917 2782 4010 2834 καὶ

2345 2876 2551 2944 κούφην
2581 2877 2795 2946 ποιήσει
2815 2875 2912 2947 τὴν
2941 2875 3188 2946 χηρείαν,
3210 2875 3304 2927 καὶ
3324 2874 3393 2928 τά
3427 2875 3490 2928 ἐκ
3517 2875 3724 2945 ταύτης
3747 2874 4010 2930 δοκοῦντα

2345 2966 2481 3025 εἶναι
2495 2971 2673 3042 βεινά.

2411 3076 2479 3138 7’.
2511 3069 2576 3123 Εί
2598 3069 2656 3122 δέ
2687 3086 2746 3122 σε
2771 3069 2831 3122 ού
2861 3067 2922 3122 τὸ
2951 3068 3049 3139 τῆς
3079 3067 3302 3140 χηρείας
3326 3067 3497 3136 ὄνομα
3527 3065 3763 3137 θορυϐεῖ,
3792 3066 3932 3120 ἀλλά
3953 3064 4014 3120 τθ

2342 3163 2509 3236 ἄνδρα
2528 3163 3088 3224 τοιοῦτονάποϐαλεῖν,
3107 3161 3448 3232 συνομολογῶ
3470 3161 3572 3232 μέν
3595 3173 3678 3214 σοι
3696 3160 3854 3229 κάγὼ
3873 3177 4011 3214 παν-

2340 3261 2506 3331 ταχοῦ
2528 3261 2632 3330 γῆς
2661 3260 2873 3328 ὀλίγους
2899 3257 3228 3328 γεγενῆσθαι
3249 3258 3524 3320 τοιούτους
3546 3257 3606 3308 ἐν
3635 3255 3867 3326 ἀνδράσι
3887 3256 4012 3326 βιω-

2341 3361 2512 3421 τικοῖς
2535 3356 2943 3426 φιλοστόργους,
2991 3355 3270 3418 ἐπιεικεῖς,
3329 3354 3644 3418 ταπεινοὺς,
3677 3352 4029 3416 ἀπλάστουας,⁴

2345 3456 2596 3515 συνετοὺς
2630 3464 2675 3518 ο,
2723 3452 2991 3514 εὐλαϐεῖς.
3028 3452 3166 3504 Ἀλλ’
3205 3442 3394 3520 εἰμὲν
3441 3449 3679 3504 διελύετο
3709 3451 4010 3514 παντελῶς,

2347 3551 2442 3602 καὶ
2480 3551 2558 3611 εἰς
2584 3549 2645 3600 τὸ
2681 3547 2844 3617 μηδὲν
2875 3547 3087 3617 ἔληγεν,
3113 3541 3219 3600 ἔδει
3243 3547 3587 3618 θορυϐεῖσθαι
3609 3547 3706 3599 καὶ
3720 3547 3931 3615 ἀλγεῖνο
3962 3547 4013 3600 εί

2342 3645 2399 3698 δέ
2428 3648 2507 3708 είς
2537 3645 2627 3698 τὸν
2661 3641 2834 3695 εὖδιον
2869 3643 3204 3696 κατέπλευσε
3263 3641 3455 3712 λιμένα
3473 3681 3488 3704 ,
3534 3642 3784 3712 καὶπρὸς
3808 3643 3904 3694 τὸν
3928 3643 4012 3695 δν-

2341 3758 2450 3804 τως
2480 3739 2644 3795 αὑτοῦ
2677 3736 2901 3810 βασιλέα
2924 3738 3355 3807 ἀποδεδήμηκεν,
3397 3738 3458 3790 ού
3493 3737 3709 3790 πενθεῖν
3733 3738 3878 3808 ὑπὲρ
3899 3736 4013 3790 τού-

2343 3855 2468 3900 των,
2494 3837 2629 3890 ἀλλά
2660 3836 2751 3888 καὶ
2777 3834 2987 3906 χαίρειν
3021 3831 3121 3890 δεῖ.
3173 3835 3247 3886 Ού
3296 3833 3405 3904 γάρ
3436 3833 3666 3896 θάνατος
3712 3837 3741 3887 ό
3780 3835 4010 3897 θάνατος

2342 3931 2515 3998 οὗτος,
2547 3931 2664 3987 ἀλλ’
2698 3931 2976 4002 ἀποδημία
3003 3932 3096 3984 καὶ
3131 3930 3461 4001 μετάστασίς
3483 3947 3570 3993 τις
3595 3931 3704 3983 ἀπὺ
3735 3931 3845 3984 τῶν
3899 3949 4012 4002 χει-

2345 4033 2512 4103 ρόνων
2536 4032 2630 4084 ἐπὶ
2658 4030 2728 4083 τά
2765 4029 2974 4099 βελτίω,
3031 4025 3138 4081 ἀπὸ
3164 4028 3260 4098 τῆς
3291 4027 3394 4098 γῆς
3436 4027 3572 4098 πρὸς
3623 4027 3715 4080 τὸν
3755 4029 4007 4099 οὐρανὸν,

2343 4131 2449 4185 ἀπὸ
2489 4129 2597 4182 τῶν
2624 4128 2720 4182 ἀνθ
2731 4127 2925 4198 ρώπων
2949 4125 3085 4197 πρὸς
3108 4124 3370 4192 ἀγγέλους
3406 4124 3498 4176 καὶ
3519 4123 3896 4194 ἀρχαγγέλους
3916 4126 4011 4179 καὶ

2341 4230 2433 4282 τὸν
2464 4227 2572 4280 τῶν
2611 4225 2854 4294 ἀγγέλων
2884 4225 2978 4276 καὶ
3009 4220 3362 4292 ἀρχαγγέλων
3411 4221 3711 4292 Δεσπότην.
3747 4222 4011 4275 Ἐνταῦθα

2346 4327 2447 4396 μὲν
2463 4327 2584 4395 ,γὰρ
2611 4324 2704 4376 ἐπὶ
2731 4322 2830 4390 τῆς
2855 4321 2956 4389 γῆς
2991 4319 3414 4388 στρατευόμενον
3452 4317 3660 4386 βασιλεῖ
3699 4319 3792 4370 καὶ
3825 4319 4008 4371 κινδύ-

2343 4440 2464 4484 νους
2485 4417 2552 4490 ἦν
2579 4418 2903 4489 προσδοκᾷν,
2947 4416 3040 4468 καὶ
3090 4415 3287 4475 πολλὰς
3322 4416 3471 4482 παρά
3519 4414 3628 4466 τῶν
3669 4415 4008 4483 φθονούντων

2341 4520 2440 4581 τὰς
2486 4514 2794 4576 ἐπιϐουλάςο
2858 4514 2966 4582 ὅσῳ
3008 4510 3116 4582 γάρ
3178 4509 3328 4578 αύτῷ
3367 4508 3436 4562 τὰ
3478 4509 3578 4578 τῆς
3608 4510 4008 4580 εὐδοκιμήσεως

2341 4613 2551 4684 ηὔξετο,
2571 4609 2807 4679 τοσούτῳ
2847 4609 2939 4660 καὶ
2977 4606 3044 4659 τὰ
3084 4605 3232 4676 παρά
3273 4605 3379 4658 τῶν
3408 4605 3617 4675 ἐχθρῶν
3654 4607 4005 4675 ἐπλεόναζενσ

2342 4712 2458 4763 ἐκεῖ
2487 4709 2542 4761 δὲ
2571 4702 2873 4762 ἀπελθόντα
2901 4703 3000 4757 οὐκ
3045 4703 3189 4755 ἐστιν
3238 4702 3572 4754 ὑποπτεῦσαι
3604 4702 3808 4772 τούτων
3831 4705 4002 4758 οὐδέν.

2344 4808 2503 4859 Ὥστε
2529 4806 2748 4881 ὅσῳπερ
2780 4802 2844 4854 ἂν
2873 4800 3074 4870 πενθῇς
3102 4797 3182 4852 ὅτι
3215 4799 3449 4869 χρηστὸν
3471 4800 3599 4852 ὄντα
3631 4800 3726 4853 καὶ
3751 4787 4008 4872 ἐνάρετον

2341 4903 2532 4958 ἔλασεν
2581 4902 2610 4954 ὁ
2652 4900 2804 4964 Θεὸς,
2834 4897 3072 4966 τοσούτῳ
3121 4894 3331 4968 χαίρειν
3372 4895 3455 4976 δεῖ
3507 4895 3588 4948 ὅτι
3629 4895 3770 4965 μετὰ
3804 4898 4007 4970 πολλῆς

2340 5001 2439 5070 τῆς
2466 4995 2762 5066 ἀσφαλείας
2803 4995 2896 5047 καὶ
2937 4995 3036 5064 τῆς
3065 4989 3222 5060 δόξης
3249 4991 3653 5062 ἀποδεδήμηκε,
3694 4992 3790 5052 καὶ
3817 4993 3926 5062 τ-ῆς
3953 4995 4007 5045 ἐν

2340 5095 2417 5166 τῷ
2438 5093 2659 5162 παρόντι
2681 5092 2910 5161 κινδύνῳ
2929 5091 3169 5162 ταραχῆς
3191 5089 3544 5156 ἀπαλλαγεὶς,
3563 5090 3711 5142 ἐστὶν
3737 5089 3795 5141 ἐν
3815 5093 4008 5164 εἰρήνῃ

2341 5193 2435 5250 καὶ
2460 5191 2657 5261 ἡσυχίᾳ
2693 5189 2881 5259 πολλῇ.
2912 5187 3035 5250 Πῶς
3056 5187 3162 5258 γὰρ
3193 5185 3290 5238 ούκ
3321 5183 3520 5240 ἄτοπον
3540 5185 3632 5238 τὸν
3662 5187 3760 5257 μὲν
3778 5188 4007 5258 οὐρανὸν

2343 5288 2525 5358 πολλῷ
2549 5287 2742 5356 βελτίω
2762 5287 2858 5356 τῆς
2883 5285 2987 5354 γῆς
3012 5281 3146 5338 εἶναι
3169 5284 3473 5354 ὁμολογεῖν,
3507 5283 3633 5346 τοὺς
3652 5281 3710 5336 δέ
3739 5283 3851 5338 ἀπὸ
3872 5279 4004 5340 ταύ-

2342 5402 2440 5457 της
2465 5387 2581 5438 ἐκεῖ
2613 5385 2982 5454 μεταστάντας
3008 5382 3220 5434 πενθεῖν
3241 5397 3255 5445 ;
3294 5381 3357 5432 Εί
3390 5381 3486 5450 μὲν
3507 5381 3618 5451 γάρ
3633 5379 3741 5434 τῶν
3765 5378 4006 5453 αίσχρῶς

2347 5481 2682 5537 ϐεϐιωκότων
2723 5483 2814 5535 καὶ
2851 5481 3002 5552 παρά
3054 5482 3115 5534 τὸ
3169 5480 3248 5551 τῷ
3283 5479 3403 5550 Θεῷ
3431 5477 3621 5532 δοκοῦν
3646 5483 3676 5534 ὁ
3736 5484 4004 5553 μακάριος

2405 5716 2428 5752 d
2455 5710 2588 5760 (ἴση).
2620 5719 2670 5759 el
2690 5711 2838 5759 Savil.
2867 5714 3113 5768 ἀπέλαυες,
3137 5713 3308 5761 Morel.
3334 5713 3622 5769 ἀπέλαυσας.

2414 5785 2435 5811 ε
2459 5776 2536 5823 Sic
2556 5774 2692 5824 COID.
2721 5783 2773 5821 el
2793 5775 2899 5822 Sav.
2916 5775 2970 5824 ιο
2985 5774 3102 5822 Mor.
3122 5776 3242 5828 haec.
3263 5772 3998 5836 &nldctovc,owctaﬁc,desunln
