4158 6316
257 383 369 438 601

255 500 527 563 )ecerunt,
558 489 654 547 sed
674 489 836 545 etiam
862 487 950 558 qui
973 484 1276 556 pudicitiam
1307 482 1471 551 ipsius
1499 478 1698 532 violare
1729 486 1846 529 stu-

257 584 418 639 dent.
444 581 628 649 Neque
650 593 774 634 vero
797 577 892 632 has
913 586 1111 631 tantum
1128 616 1145 640 ,
1171 574 1262 627 sed
1285 572 1446 639 etiam
1473 571 1604 624 alias
1633 567 1847 621 labendi

258 673 574 728 occasiones
615 671 669 722 in
709 669 873 736 ipsam
917 666 1189 719 incurrere
1226 661 1574 715 inveniemus.
1621 656 1752 710 Nam
1795 663 1850 710 et

261 739 680 814 domesticorum
701 763 1048 822 contemplans,
1074 762 1125 806 et
1147 767 1232 808 res
1254 749 1526 818 neglectae,
1540 758 1594 801 et
1615 745 1849 814 pristina:

207 878 210 880 η
261 849 538 918 dignitatis
559 845 797 906 amissio,
825 843 1102 911 aequalium
1128 840 1472 909 prosperitas,
1503 851 1647 904 saepe
1669 843 1846 888 autem

264 951 331 994 et
351 938 660 992 deliciarum
680 933 939 1001 cupiditas
952 947 1019 986 eo
1040 932 1181 999 ipsas
1199 929 1555 988 adduxerunt,
1576 935 1630 979 ut
1655 939 1848 978 secun-

262 1030 352 1082 dis
375 1044 435 1082 se
459 1027 656 1093 nuptiis
679 1024 957 1092 illigarent.

345 1115 678 1183 Praecploris
693 1112 893 1183 gentilis
908 1110 970 1163 de
987 1118 1145 1161 matre
1167 1107 1229 1162 S.
1259 1105 1517 1175 Chrysost.
1535 1103 1790 1173 judicium
1803 1103 1846 1154 ⁵.

266 1237 348 1249 -—
369 1207 480 1262 Nec
503 1220 632 1260 vero
655 1205 847 1257 desunt
872 1216 990 1271 qua:
1016 1200 1248 1268 legitimo
1268 1197 1481 1266 quidem
1514 1197 1849 1249 matrimonio

265 1303 402 1356 Viris
421 1316 480 1354 se
493 1299 718 1368 jungcre
741 1293 960 1348 minime
982 1292 1160 1353 velint,
1185 1285 1278 1344 sed
1299 1288 1508 1342 occulte
1531 1287 1762 1339 etclam.
1793 1286 1848 1338 ld

266 1403 450 1446 autem
478 1399 760 1460 propterea
789 1385 1008 1446 faciunt,
1027 1393 1085 1436 ut
1099 1382 1338 1436 eueomia
1358 1380 1625 1433 viduitatis
1643 1378 1852 1432 lueren-

269 1493 363 1537 tur
393 1501 409 1537 :
439 1483 510 1534 ita
545 1494 651 1532 non
687 1475 988 1546 ignominia:
1011 1514 1028 1536 ,
1059 1472 1152 1526 sed
1177 1469 1540 1524 admirationis
1565 1477 1723 1536 atque
1750 1469 1850 1521 lio-

268 1571 422 1632 noris
443 1570 596 1638 plena
619 1582 706 1621 res
722 1566 839 1635 ipsa
863 1562 999 1631 apud
1019 1562 1259 1615 homines
1278 1568 1377 1621 est,
1403 1574 1507 1613 non
1536 1559 1696 1612 modo
1717 1559 1850 1612 ﬁde-

268 1664 385 1725 les,
415 1675 595 1714 vcrum
633 1658 792 1711 etiam
832 1654 1069 1713 inﬁdeles
1134 1653 1299 1720 ipsos.
1351 1649 1483 1706 Nam
1524 1660 1579 1703 et
1617 1665 1716 1718 ego
1754 1649 1853 1702 ali-

265 1750 484 1822 quando
506 1762 628 1802 cum
655 1760 829 1800 essem
867 1744 1066 1812 junior,
1097 1740 1302 1794 doctori
1344 1754 1463 1794 meo
1495 1737 1647 1810 (erat
1673 1750 1848 1793 autem

269 1845 362 1897 ille
399 1839 636 1895 omnium
677 1837 949 1890 hominum
997 1833 1227 1886 maxime
1268 1828 1705 1899 superstitiosus)
1730 1831 1848 1883 ani-

266 1931 529 1987 madverti
556 1937 775 1982 matrem
805 1940 975 1979 meam
1015 1922 1069 1976 in
1110 1921 1289 1976 multis
1319 1933 1561 1989 magnam
1590 1921 1851 1975 excitasse

267 2023 696 2077 admirationem.
1246 2055 1250 2058 .

352 2113 628 2167 Vidtumtm
651 2101 1094 2178 digitium—Nam
1120 2116 1238 2157 cum
1264 2113 1378 2167 eos,
1410 2103 1494 2171 qui
1526 2100 1622 2154 sibi
1649 2092 1851 2154 asside-

265 2202 418 2264 hant,
437 2214 583 2254 more
605 2212 702 2250 suo
723 2198 1120 2266 interrogasset,
1141 2192 1260 2260 quis
1277 2207 1340 2248 ac
1361 2194 1512 2261 cujus
1531 2206 1631 2261 ego
1651 2204 1844 2252 essem,

267 2311 334 2347 ac
361 2306 673 2358 responsum
699 2297 871 2353 esset,
903 2300 989 2343 me
1025 2286 1195 2340 viduae
1225 2284 1462 2339 mulieris
1488 2298 1607 2337 esse
1639 2282 1802 2334 ﬁlium
1825 2320 1843 2345 ,

227 2368 230 2369 ν
265 2385 340 2439 de
375 2397 463 2436 me
487 2380 731 2450 qumsivit
751 2387 958 2432 :ctatem
988 2376 1174 2430 matris
1193 2416 1209 2440 ,
1238 2385 1293 2429 et
1319 2374 1588 2428 viduitatis
1615 2381 1844 2441 tempus.

263 2475 401 2528 Cum
430 2473 656 2542 primum
685 2484 814 2524 vero
841 2467 1041 2521 audivit
1076 2464 1422 2534 quadraginta
1455 2478 1624 2517 annos
1665 2472 1846 2516 natam

263 2579 409 2628 esse,
439 2561 746 2631 vigesimum
768 2574 892 2612 vero
915 2558 1025 2626 jam
1055 2570 1252 2609 annum
1281 2555 1385 2623 agi,
1417 2569 1482 2607 ex
1509 2568 1614 2622 quo
1644 2562 1844 2620 patrem

265 2667 450 2708 meum
488 2650 761 2715 amiserit,
797 2648 1064 2715 obstupuit
1104 2645 1260 2714 plane
1284 2685 1300 2707 ,
1336 2652 1495 2710 atque
1529 2641 1596 2694 ad
1622 2655 1717 2695 eos
1753 2641 1845 2708 qui

261 2744 490 2797 aderant
505 2754 811 2802 conversus,
832 2737 974 2791 clara
1000 2749 1129 2789 voce
1149 2733 1500 2789 exclamavit:
1520 2731 1696 2800 Papm,
1717 2745 1848 2798 qua—

266 2836 352 2890 ιδ
377 2833 628 2888 mulieres
654 2829 792 2898 apud
814 2828 1148 2888 Christianos
1171 2825 1329 2878 sunt!
1358 2823 1525 2876 Tanta
1551 2836 1655 2874 non
1686 2820 1844 2873 modo

263 2925 408 2995 apud
436 2937 554 2988 nos,
581 2921 675 2976 sed
693 2918 852 2974 etiam
871 2916 1010 2986 apud
1038 2915 1263 2985 gentiles
1277 2912 1545 2967 viduitatis
1564 2912 1678 2963 laus
1691 2919 1772 2963 est
1788 2919 1843 2962 et

269 3017 574 3072 admiratio.
589 3013 719 3081 Qua:
729 3011 905 3064 omnia
920 3007 1263 3064 considerans
1280 3007 1461 3059 beatus
1475 3003 1668 3057 Paulus
1680 3000 1832 3065 dixit,

267 3109 440 3162 Vidua
465 3106 679 3175 eligatur
708 3119 808 3155 non
841 3101 1008 3152 mium
1034 3098 1292 3166 sexaginta
1315 3110 1563 3148 annorum
1586 3092 1604 3162 (
1631 3093 1681 3146 l.
1699 3089 1833 3144 Tim.

258 3201 321 3256 5.
347 3199 438 3266 9).
467 3197 653 3263 Neque
678 3207 806 3246 vero
833 3207 898 3246 ex
929 3192 1031 3243 hoc
1053 3188 1168 3241 solo
1187 3229 1201 3250 ,
1232 3187 1472 3252 quamvis
1498 3184 1644 3252 gravi
1673 3183 1844 3236 artatis

262 3288 601 3348 testimonio,
626 3284 877 3338 continuo
905 3281 1032 3333 sinit
1058 3287 1116 3332 ut
1142 3279 1193 3331 in
1222 3292 1430 3330 sacrum
1462 3276 1601 3327 hunc
1628 3273 1842 3339 adlega-

263 3391 356 3432 tur
385 3371 646 3440 chorum;
675 3375 768 3428 sed
800 3373 903 3425 alia
929 3371 1072 3424 addit
1103 3371 1172 3422 ita
1201 3368 1437 3421 scribens
1471 3382 1486 3418 :
1521 3364 1584 3416 In
1612 3364 1842 3432 apd-ibas

258 3470 406 3524 bonis
434 3466 768 3520 testimonium
792 3463 978 3514 habens
1001 3503 1016 3526 ,
1042 3460 1086 3512 si
1114 3460 1247 3526 ﬁlios
1272 3458 1531 3519 educavit,
1558 3456 1601 3507 si
1627 3455 1843 3522 hospitio

259 3561 468 3629 recepit,
490 3560 534 3611 si
552 3567 837 3611 sanctorum
861 3553 1010 3622 pedes
1036 3553 1174 3614 lavit,
1197 3551 1241 3601 si
1261 3549 1627 3601 tribulationem
1646 3545 1846 3615 patieno

263 3655 398 3705 tibus
421 3649 834 3710 sabntinistraeit,
858 3647 903 3698 si
924 3660 1070 3697 omne
1088 3659 1215 3712 opus
1240 3641 1424 3692 bonum
1446 3639 1746 3706 subsequuta
1768 3643 1842 3688 est

265 3745 286 3810 (
320 3740 460 3794 Ibid.
489 3756 538 3792 ν.
571 3739 640 3792 l0
660 3737 705 3802 ).
747 3736 793 3790 0
824 3733 1151 3803 diligentiam
1184 3740 1343 3800 atque
1366 3729 1756 3783 accurationem
1788 3727 1842 3779 in

262 3829 586 3902 probando!
629 3835 881 3895 quantam
921 3839 952 3876 a
987 3823 1144 3876 vidua
1184 3821 1407 3889 requirit
1449 3821 1698 3872 virtutem
1726 3857 1744 3881 ,
1783 3826 1840 3870 et

259 3935 423 3990 quam
448 3918 713 3972 subtiliter
730 3915 906 3970 omnia
925 3912 1290 3982 persequitur!
1317 3910 1454 3962 hanc
1478 3922 1607 3962 sane
1625 3921 1840 3976 operam

265 4027 374 4066 non
411 4018 739 4076 sumpturus,
766 4006 868 4059 nisi
908 4017 1100 4058 munus
1154 4001 1446 4054 honestatis
1488 4013 1550 4052 ac
1573 3997 1841 4066 dignitatis

260 4102 480 4172 plenum
509 4098 583 4152 illi
603 4096 985 4150 commissurus
999 4092 1205 4145 fuisset.
1226 4091 1295 4142 At
1312 4104 1439 4142 vero
1457 4103 1577 4142 cum
1597 4087 1839 4150 dixisset,

261 4187 696 4244 Adolescentiores
729 4193 896 4237 autem
930 4184 1110 4235 viduas
1145 4180 1312 4233 devita
1335 4220 1350 4244 ,
1389 4192 1602 4230 causam
1631 4191 1842 4245 quoque

261 4279 502 4347 adjtmgit
524 4295 539 4330 :
561 4274 686 4330 Cum
705 4275 834 4328 enim
856 4273 1124 4326 luxuriata
1148 4270 1333 4339 fuerint
1350 4267 1405 4320 in
1423 4267 1640 4330 Christo,
1662 4267 1846 4318 nubere

262 4372 439 4423 uolunt
465 4364 645 4435 (Ibid.
668 4381 718 4416 ι’.
744 4366 800 4416 ll
919 4362 1014 4414 llis
1037 4361 1178 4414 enim
1207 4358 1384 4412 verbis
1411 4357 1541 4410 illud
1577 4357 1730 4409 nobis
1766 4356 1843 4407 si-

263 4461 516 4531 gniﬁcat,
546 4457 795 4511 mulieres
821 4470 937 4524 qua:
965 4437 1109 4506 virds
1136 4452 1431 4505 amiserunt
1454 4450 1506 4502 in
1533 4449 1738 4502 illorum
1765 4449 1848 4501 lo-

264 4569 386 4606 cum
415 4551 586 4619 aptari
612 4559 665 4602 et
688 4548 834 4617 iungi
859 4545 1090 4600 Christo.
1112 4544 1228 4608 Quo
1248 4551 1423 4596 autem
1444 4540 1688 4595 ostendat
1708 4540 1846 4594 lianc

263 4641 692 4709 conjunctionem
720 4651 837 4690 esse
852 4649 1068 4689 suavem
1091 4648 1155 4687 ac
1177 4633 1375 4696 lenem,
1394 4631 1513 4685 vide
1527 4630 1652 4700 quid
1669 4630 1810 4684 dicat
1827 4647 1842 4684 :

265 4739 393 4788 Cum
427 4735 560 4787 enim
587 4731 858 4784 lmriatc
883 4728 1068 4798 fuerint
1091 4727 1146 4778 in
1170 4726 1366 4778 Christo
1391 4765 1406 4787 ,
1429 4725 1612 4776 nubere
1635 4723 1806 4776 volunt
1826 4739 1845 4775 :

261 4823 416 4894 quasi
446 4822 512 4875 de
537 4821 652 4872 viro
676 4818 903 4887 quodam
943 4816 1051 4870 leni
1088 4830 1150 4870 ac
1185 4815 1351 4882 probo
1377 4813 1594 4881 loquens
1614 4805 1847 4881 ,‘quique

268 4929 375 4967 neu
397 4914 502 4966 illis
515 4926 635 4965 cum
653 4910 874 4978 imperio
891 4917 1089 4970 utatur,
1107 4907 1200 4960 sed
1220 4907 1461 4960 libertate
1479 4905 1592 4958 illas
1610 4905 1705 4958 frui
1726 4920 1845 4974 per-

270 5006 466 5060 mittat.
493 5004 606 5059 Nec
632 5018 762 5056 vero
778 5005 1033 5054 hactenus
1064 4999 1354 5052 orationem
1378 4996 1686 5064 produxisse
1715 4996 1850 5064 satis

267 5099 492 5161 habuit;
531 5096 624 5150 sed
653 5104 715 5148 et
739 5093 948 5146 aliunde
973 5107 1157 5146 rursus
1192 5104 1399 5157 magna:
1436 5089 1534 5162 sibi
1560 5088 1675 5141 illas
1701 5104 1808 5142 cur:

263 5202 387 5244 esse
413 5173 730 5250 declaravit,
758 5184 832 5236 ita
857 5177 1093 5236 scribens
1126 5198 1139 5232 :
1172 5179 1306 5232 Nam
1331 5193 1442 5243 qua:
1464 5178 1517 5230 in
1535 5177 1726 5229 deliciis
1749 5185 1841 5242 est,

264 5280 434 5332 tinens
460 5285 654 5328 mortua
680 5285 788 5328 est:
807 5288 920 5343 qua
942 5288 1108 5324 autem
1137 5288 1248 5324 vere
1267 5270 1415 5322 vidua
1438 5278 1512 5323 est
1537 5280 1583 5321 et
1599 5269 1842 5333 desolata,

260 5370 488 5440 speravit
514 5367 569 5420 in
597 5365 756 5420 Deam
778 5406 794 5430 ,
832 5373 878 5418 et
902 5365 1053 5416 instat
1079 5358 1573 5416 obsecrationibus‘et
1601 5358 1846 5440 orationi-

259 5437 356 5515 biu
383 5470 532 5513 nocte
558 5473 618 5509 ac
640 5457 722 5509 die
747 5453 919 5523 (Ibid.
944 5469 994 5507 υ.
1013 5453 1066 5507 6.
1089 5452 1180 5515 5).
1211 5452 1277 5504 Et
1301 5450 1367 5503 ad
1390 5437 1692 5504 Corinthios
1716 5449 1847 5501 scri-

259 5554 397 5607 bens
419 5549 613 5619 inquit,
633 5546 832 5600 Beattor
845 5556 1009 5598 autem
1029 5555 1142 5608 ent,
1157 5547 1197 5597 si
1217 5544 1289 5596 sic
1307 5541 1632 5610 permanserit
1649 5540 1694 5606 (l
1710 5540 1846 5591 .Cor.

260 5684 488 5794 lmimtntac
507 5678 575 5728 de
595 5690 653 5727 re
676 5676 786 5727 vide
805 5688 954 5739 supra
983 5675 1132 5724 vitam
1153 5675 1471 5736 Chrysostomi
1495 5684 1525 5721 a
1543 5673 1680 5722 nobis
1710 5667 1853 5720 adivr—

1513 369 1602 422 AD
1639 336 1902 422 vinulm
1937 361 2302 422 JUNIOREII.

1921 539 1933 544 _
1961 479 2012 532 7.
2040 480 2111 535 40
2131 480 2175 550 ).
2204 480 2365 535 Vides
2392 490 2589 550 quanta
2630 469 2898 536 viduitatis
2922 448 3159 536 encomia
3181 523 3194 546 ,
3222 493 3382 552 atque
3420 484 3535 539 luce

3429 368 3531 423 δα

1955 572 2168 638 quidem
2198 571 2252 625 in
2282 587 2420 625 nova
2445 572 2564 640 lege
2585 613 2601 634 ,
2640 571 2852 641 quando
2885 572 2994 640 iam
3030 573 3345 641 virginitatis
3371 573 3539 628 decus

1955 674 2294 730 summopere
2312 663 2567 716 emicuit?
2588 661 2961 717 Verumtamen
2988 677 3158 732 neque
3179 662 3336 732 hujus
3358 664 3536 732 splen-

1954 750 2053 804 dor
2080 751 2348 805 viduitatis
2376 751 2665 806 luminibus
2700 751 2916 806 ofticere
2956 753 3175 821 potuit,
3207 753 3386 808 sedet
3422 754 3550 822 ipsa

1954 840 2132 894 elucet
2166 840 2341 894 adhuc
2377 855 2526 894 suam
2557 840 2759 896 habens
2787 844 3058 899 virtutem.
3086 841 3535 910 Quotiescumque

1947 929 2116 997 igitur
2142 930 2280 984 inter
2297 929 2578 984 dicendum
2607 930 2873 984 viduitatis
2903 932 3222 984 mentionem
3253 929 3531 995 faciemus,

1956 1034 2024 1073 ne
2041 1019 2222 1073 animo
2247 1019 2528 1085 concidas,
2560 1034 2660 1073 nec
2682 1035 2794 1074 rem
2823 1027 3029 1088 turpem
3055 1018 3334 1075 existimes
3361 1037 3376 1074 :
3408 1036 3530 1074 nam

1955 1112 1999 1165 si
2024 1111 2255 1174 viduitas
2289 1112 2491 1179 turpis,
2529 1111 2698 1165 multo
2727 1111 2931 1180 turpior
2958 1110 3248 1179 virginitas.
3279 1109 3384 1166 Sed
3423 1127 3530 1165 non

1955 1201 2026 1254 ita
2067 1215 2127 1254 se
2166 1214 2254 1254 res
2297 1198 2490 1264 habet;
2521 1200 2678 1254 absit.
2702 1199 2925 1264 Quando
2951 1198 3093 1254 enim
3117 1214 3227 1266 eas,
3260 1215 3377 1269 qua:
3402 1201 3530 1254 viris

1955 1280 2131 1347 adhuc
2154 1293 2524 1361 superstitibus
2552 1293 2935 1346 continentiam
2961 1301 3196 1356 servant,
3227 1306 3412 1346 omnes
3437 1293 3529 1345 ad-

1956 1383 2214 1435 miramur
2246 1393 2301 1436 et
2337 1383 2771 1436 commendamus
2790 1422 2808 1448 ,
2837 1396 2933 1435 cur
2970 1396 3075 1436 non
3113 1397 3234 1445 eas,
3263 1398 3381 1452 qua:
3411 1391 3527 1451 post

1955 1475 2189 1528 virorum
2211 1473 2414 1527 obitum
2433 1473 2677 1527 eamdem
2695 1473 2800 1526 illis
2817 1472 3238 1527 benevolentiam
3255 1485 3529 1542 przestant,

1956 1563 2203 1617 laudibus
2227 1573 2284 1618 et
2307 1563 2656 1617 admiratione
2693 1564 3111 1632 prosequamur?
3142 1563 3319 1617 Donec
3347 1564 3526 1631 igitur,

1955 1651 2401 1722 quemadmodum
2428 1651 2672 1705 dicebam
2699 1691 2716 1716 ,
2760 1665 2882 1705 cum
2920 1651 3079 1705 beato
3105 1651 3362 1706 Therasio
3387 1652 3531 1705 vive-

1956 1742 2082 1804 bas,
2113 1757 2235 1796 eum
2264 1742 2350 1796 ille
2381 1742 2474 1795 tibi
2504 1741 2760 1796 honorem
2786 1750 3102 1810 tuorumque
3125 1741 3529 1795 commodorum

1955 1833 2186 1886 studium
2204 1833 2462 1900 praestitit,
2485 1831 2780 1900 cujusmodi
2799 1847 2830 1885 a
2851 1831 2964 1885 viro
2981 1831 3334 1899 exspectanda
3353 1842 3526 1886 erant.

1954 1924 2106 1978 Nunc
2155 1933 2334 1977 autem
2389 1925 2529 1978 illius
2581 1923 2699 1978 loco
2749 1922 2911 1977 habes
2958 1911 3236 1978 Dominum
3289 1926 3527 1979 omnium

1955 2017 2120 2070 Deum
2147 2058 2160 2079 ,
2193 2017 2282 2084 qui
2317 2031 2438 2069 cum
2480 2023 2636 2070 antea
2666 2015 2762 2068 tibi
2797 2014 2966 2080 aﬂuit,
2994 2024 3104 2068 tum
3128 2031 3260 2070 vero
3295 2017 3346 2072 id
3389 2031 3530 2075 nunc

1954 2108 2123 2160 multo
2153 2107 2446 2175 impensius
2471 2121 2535 2159 ac
2561 2104 2878 2160 cumulatius
2921 2105 3096 2160 faciet.
3141 2107 3301 2176 Atqui
3347 2109 3528 2176 provi-

1953 2190 2145 2254 dentia:
2171 2201 2335 2268 ipsius
2357 2215 2465 2252 non
2486 2199 2785 2263 minimum,
2807 2198 3248 2265 quemadmodum
3270 2207 3426 2254 antea
3450 2199 3530 2254 di-

1951 2290 2138 2345 ceham
2167 2333 2183 2353 ,
2227 2290 2480 2343 indicium
2524 2291 2635 2357 jam
2680 2289 2831 2343 nobis
2867 2289 3014 2343 dedit
3052 2290 3104 2342 in
3142 2289 3244 2344 hoc
3277 2305 3529 2346 curarum

1950 2374 2108 2448 atque
2134 2381 2335 2435 doloris
2365 2379 2614 2434 incendio
2647 2381 2963 2434 incolumem
3010 2390 3060 2433 te
3103 2388 3361 2448 praestans
3382 2420 3398 2443 ,
3431 2396 3530 2434 nec

1950 2472 2268 2540 permittens
2295 2479 2352 2525 ut
2383 2469 2670 2541 quidquam
2701 2470 2879 2524 damni
2915 2471 3187 2537 patereris.
3214 2471 3312 2536 Qui
3345 2479 3528 2524 autem

1954 2573 2094 2618 tanta
2127 2564 2458 2637 tempestatis
2482 2563 2531 2616 vi
2562 2563 2901 2616 incumbente
2921 2561 3247 2630 naufragium
3279 2561 3392 2615 fieri
3423 2563 3527 2614 ωε-

1952 2657 2096 2709 nime
2124 2654 2398 2723 permisit,
2433 2652 2600 2706 multo
2627 2652 2793 2721 magis
2819 2652 3103 2720 tranquillo
3131 2651 3241 2720 jam
3272 2651 3407 2705 mari
3430 2665 3544 2706 cu»

1952 2745 2149 2798 stodiet
2184 2744 2416 2796 animam
2449 2751 2624 2805 tuam,
2669 2749 2724 2796 et
2765 2741 2936 2795 levem
2985 2740 3168 2794 reddet
3193 2741 3525 2808 viduitatem,

1949 2845 2110 2902 atque
2133 2819 2196 2888 ea
2224 2849 2342 2901 quae
2366 2848 2430 2885 ex
2461 2832 2574 2900 ipsa
2601 2832 2731 2885 oriri
2755 2831 3002 2885 videntur
3025 2830 3186 2884 mala.

2023 2925 2076 2979 5.
2109 2923 2337 2977 Therasii
2361 2923 2496 2977 ιω.
2535 2952 2608 2964 σ-
2631 2922 2782 2990 Quod
2823 2923 2866 2976 si
2895 2936 2999 2975 non
3035 2921 3303 2975 viduitatis
3333 2937 3527 2976 nomen

1951 3024 2004 3069 te
2051 3015 2365 3079 discruciat,
2411 3012 2508 3068 sed
2554 3015 2677 3068 talis
2709 3014 2810 3067 viri
2835 3013 3061 3082 jactura,
3102 3028 3200 3081 ego
3238 3013 3396 3066 etiam
3433 3014 3527 3067 tibi

1951 3106 2110 3176 plane
2151 3104 2452 3169 assentior,
2491 3106 2546 3157 in
2588 3112 2703 3157 toto
2742 3111 3001 3156 terrarum
3047 3101 3179 3176 orbe
3217 3117 3414 3171 paucos
3460 3118 3529 3156 ex

1950 3197 2080 3251 viris
2116 3196 2463 3250 saecularibus
2498 3195 2764 3250 exstitisse
2791 3195 2891 3249 viri
2930 3196 3004 3248 tui
3031 3195 3233 3249 similes
3260 3204 3402 3249 tanta
3430 3195 3528 3248 hu-

1951 3289 2225 3350 manitate,
2239 3286 2524 3356 probitate,
2549 3285 2830 3362 modestia,
2847 3285 3168 3347 sinceritate,
3189 3285 3464 3356 prudentia
3483 3286 3523 3348 ¹,

1953 3378 2150 3447 pietate
2168 3377 2442 3446 praeditos.
2467 3376 2685 3441 Verum,
2703 3375 2748 3429 si
2774 3375 2986 3444 quidem
3007 3377 3216 3445 penitus
3239 3376 3528 3446 interiisset

1949 3476 2112 3537 atque
2141 3451 2194 3521 iii
2240 3468 2462 3521 nihilum
2499 3468 2738 3534 abiisset,
2783 3469 3114 3522 mmrendnm
3151 3484 3215 3523 ac
3241 3468 3524 3522 dolendum

1951 3569 2101 3623 erat;
2124 3561 2208 3614 sin
2238 3569 2416 3614 autem
2448 3558 2516 3612 ad
2541 3560 2776 3632 quietum
2817 3559 3188 3630 placidumque
3215 3560 3419 3614 delatus
3443 3571 3529 3613 est

1953 3659 2186 3721 portum,
2230 3659 2393 3720 atque
2430 3650 2498 3704 ad
2522 3665 2682 3704 suum
2723 3665 2850 3704 vere
2892 3650 3089 3719 Regem
3129 3649 3395 3719 proiectus
3423 3659 3525 3710 est,

1951 3743 2129 3798 nullus
2155 3743 2242 3796 hic
2262 3742 2532 3812 lacrymis,
2555 3741 2649 3795 sed
2669 3741 2862 3795 lmtitite
2883 3742 3032 3794 locus
3053 3750 3154 3794 est.
3183 3741 3390 3793 Etenim
3413 3740 3538 3794 lucc-

1950 3847 2097 3885 mors
2125 3846 2231 3885 non
2257 3840 2340 3885 est
2363 3845 2528 3894 mors,
2552 3831 2645 3884 sed
2665 3830 2909 3899 migratio
2936 3842 2998 3883 ac
3026 3829 3278 3882 domicilii
3305 3831 3530 3883 mutatio

1951 3937 1982 3976 a
2007 3921 2361 3976 deterioribus
2391 3921 2460 3974 ad
2498 3920 2749 3984 meliora,
2777 3935 2809 3971 a
2844 3931 2980 3974 terra
3003 3919 3068 3972 ad
3095 3919 3300 3981 celum,
3331 3919 3397 3971 ab
3428 3919 3529 3972 ho-

1953 4011 2184 4065 minibus
2212 4011 2277 4063 ad
2305 4010 2522 4078 angelos
2547 4020 2600 4063 et
2629 4009 2995 4079 archangelos,
3019 4019 3175 4077 atque
3200 4009 3334 4062 adeo
3355 4009 3531 4077 ipsum

1951 4103 2258 4170 angelorum
2319 4108 2373 4153 et
2419 4099 2858 4168 archangelorum
2905 4098 3206 4151 Dominum.
3258 4097 3390 4150 Nam
3445 4099 3531 4150 hic

1953 4191 2164 4259 quidem
2209 4190 2334 4243 dum
2381 4190 2434 4242 in
2477 4187 2632 4242 terris
2679 4187 2986 4255 Imperatori
3029 4187 3312 4248 militabat,
3364 4186 3528 4240 multa

1953 4291 2107 4335 erant
2125 4279 2481 4349 exspectanda
2523 4279 2861 4342 discrimina,
2891 4279 3069 4331 multa:
3109 4278 3176 4330 ab
3217 4279 3410 4330 invidis
3447 4279 3529 4329 in-

1953 4373 2122 4426 sidize.
2160 4371 2278 4438 Quo
2325 4371 2466 4424 enim
2511 4370 2681 4431 magis
2721 4367 2864 4422 illius
2907 4368 3227 4422 existimatio
3263 4377 3315 4421 et
3364 4352 3544 4435 gloria-

1954 4463 2273 4532 augebctur,
2300 4476 2369 4515 eo
2409 4461 2588 4528 plures
2632 4461 2682 4511 in
2729 4460 2897 4527 ipsum
2939 4458 3319 4517 excitabantur,
3351 4459 3528 4510 inimio

1954 4553 2256 4608 citis-Allia
2283 4563 2460 4605 autem
2491 4549 2727 4618 profecto
2751 4549 2879 4602 nihil
2905 4548 3162 4616 ejusmodi
3189 4549 3550 4601 metuendum-

1955 4653 2054 4698 est.
2085 4643 2445 4709 Quamobrem
2480 4651 2735 4709 quantum
2775 4641 2940 4708 luges,
2973 4650 3074 4690 tam
3100 4639 3436 4691 commodum
3467 4654 3532 4692 ac

1957 4735 2150 4787 bonum
2170 4733 2378 4800 jussum
2408 4746 2528 4784 esse
2556 4714 2623 4783 ad
2647 4730 2810 4782 Deum
2835 4731 2931 4793 ire,
2960 4735 3158 4781 tantum
3184 4729 3346 4780 laetari
3373 4743 3531 4794 opor-

1956 4836 2032 4882 tct
2089 4823 2230 4898 quod
2258 4837 2445 4890 magna
2483 4836 2604 4873 cum
2631 4820 2916 4874 securitate
2941 4827 2994 4872 et
3032 4816 3194 4885 gloria
3227 4816 3527 4885 profectus,

1956 4927 2010 4972 et
2035 4933 2064 4969 a
2096 4915 2450 4984 periculorum
2487 4927 2607 4980 qua:
2638 4911 2723 4963 hic
2766 4907 3108 4963 imminebant
3147 4907 3370 4961 tumultu
3398 4908 3532 4961 liber

1957 5011 2008 5062 in
2037 5022 2166 5075 pace
2189 5016 2240 5059 et
2269 5005 2446 5072 quiete
2483 5001 2646 5055 multa
2677 5001 2848 5070 degat.
2880 4999 3048 5064 Quam
3077 5000 3220 5053 enim
3242 4999 3542 5054 absurdum

1956 5105 2040 5152 est
2063 5096 2215 5150 fateri
2246 5094 2459 5164 quidem
2487 5085 2675 5146 εωιὼ
2703 5100 2842 5145 terra
2881 5091 3038 5158 longe
3074 5090 3261 5144 melius
3291 5105 3409 5143 esse
3428 5131 3443 5154 ,
3470 5107 3535 5143 ac

1959 5199 2134 5242 tamen
2160 5201 2275 5251 eos,
2302 5185 2394 5254 qui
2421 5185 2544 5237 hinc
2568 5198 2634 5237 eo
2661 5190 3044 5247 commearunt,
3076 5182 3219 5235 luctu
3240 5182 3490 5250 prosequi
3510 5184 3534 5232 τ

2029 5279 2109 5330 De
2139 5278 2405 5347 proborum
2448 5277 2585 5328 obitu
2617 5273 2957 5344 gaudendum.
2983 5302 3057 5314 —-
3086 5273 3217 5326 Nam
3247 5273 3304 5325 .si
3349 5272 3536 5325 beatus

1958 5371 2059 5427 iste
2081 5387 2149 5424 ex
2176 5371 2387 5423 illorum
2418 5367 2688 5420 hominum
2717 5381 2936 5420 numero
2967 5365 3170 5429 fuisset,
3191 5365 3281 5434 qui
3311 5373 3536 5431 turpiter

1957 5479 2018 5516 ac
2053 5463 2159 5515 Deo
2186 5461 2403 5514 minime
2431 5459 2634 5527 probati
2665 5459 2932 5520 vixerunt,
2965 5456 3198 5524 profecto
3223 5468 3329 5507 non
3359 5455 3531 5507 solum

1960 5563 2199 5607 mortuus
2221 5595 2235 5611 ,
2261 5551 2356 5604 sed
2379 5553 2543 5604 etiam
2573 5549 2754 5603 vivens
2784 5547 2910 5602 ﬂetu
2949 5545 3348 5615 prosequendus
3373 5553 3489 5598 erat
3522 5558 3535 5592 :

2024 5667 2038 5696 ¹
2075 5667 2148 5713 sic
2184 5663 2314 5712 Colb.
2351 5669 2403 5712 et
2453 5661 2622 5722 Savil.;
2656 5663 2703 5710 in
2738 5658 2900 5720 κίοι-ει,
2945 5665 3062 5720 [ως.
3088 5656 3379 5714 ςὶιωεϊὶιαιιν,
3414 5667 3535 5712 ρη-

1968 5728 2149 5788 denuo,
2173 5727 2369 5776 desiuit.
