4158 6316
660 340 764 399 εστ»

660 471 801 512 nunc
842 468 989 520 vero,
1021 451 1230 524 quando
1257 459 1311 506 et
1345 451 1466 522 ipse
1488 465 1623 504 unus
1669 465 1732 505 ex
1783 449 1879 503 Dei
1907 448 2091 503 amicis
2127 455 2230 511 est,

661 561 767 602 non
813 548 984 600 solum
1032 544 1260 608 viventi,
1303 542 1398 596 scd
1439 543 1597 596 etiam
1637 555 1882 596 somnum
1920 556 2073 594 suum
2111 539 2236 594 dor-

660 639 844 695 mienti
869 636 1238 708 gratulandum
1266 643 1368 688 est.
1393 633 1598 687 Audisti
1625 647 1755 687 sane
1779 647 1842 686 ex
1873 632 2027 686 beato
2049 631 2230 696 Paulo,

660 729 956 785 faciendum
987 728 1088 782 hoc
1118 720 1255 787 esse,
1281 740 1403 779 cum
1430 724 1497 777 ita
1531 723 1753 788 diceret,
1786 721 1959 792 Longe
1984 722 2140 774 satius
2161 731 2234 773 est

658 821 885 884 dissolvi,
913 829 959 873 et
987 835 1093 874 esse
1119 836 1231 871 cum
1266 818 1460 870 Christo
1499 815 1751 886 (Philipp.
1783 813 1834 867 l.
1865 810 1977 884 9.5).
2005 813 2074 866 At
2099 811 2235 866 forte

658 928 816 993 voces
859 913 1000 966 illius
1038 911 1222 966 audire
1251 912 1415 993 _cupis
1457 896 1653 980 tuoque
1699 921 1823 977 erga
1861 907 2006 959 illum
2052 919 2234 957 amore

658 986 799 1077 frui,"
812 1016 866 1061 et
891 984 1328 1060 consuetudinem
1367 1003 1594 1073 requiris
1622 1010 1676 1056 et
1712 999 1952 1070 gloriam,
1981 995 2232 1067 splendo-

657 1115 793 1165 rem,
820 1099 1006 1165 decus,
1033 1097 1371 1154 securitatem
1392 1133 1408 1161 ,
1436 1109 1561 1163 qua:
1594 1092 1660 1147 ab
1686 1091 1776 1152 illo
1803 1091 1856 1143 in
1884 1097 1934 1143 te
1968 1086 2234 1141 redunda-

657 1194 802 1259 bant,
830 1202 988 1262 atque
1010 1191 1124 1244 haec
1143 1188 1319 1242 omnia
1346 1187 1567 1256 periisse
1593 1199 1733 1252 aegre
1759 1181 1885 1247 fers,
1909 1188 1964 1235 et
1982 1179 2134 1249 quasi
2160 1187 2236 1232 te-

659 1285 854 1339 nebras
882 1281 1173 1336 mentitum
1198 1277 1397 1333 oll'undi
1426 1275 1610 1330 sentis.
1635 1272 1831 1326 Verum
1863 1282 2005 1325 tuam
2023 1269 2233 1340 quidem

659 1389 785 1442 erga
831 1348 993 1426 illuni
1024 1368 1309 1424 amicitiam
1355 1379 1507 1436 anque
1553 1363 1645 1418 tibi
1700 1345 1846 1416 nunc
1885 1369 2042 1430 atque
2078 1368 2234 1413 antea

657 1466 794 1519 tueri
824 1464 964 1519 licet.

727 1556 926 1612 Caritas
971 1563 1020 1610 et
1076 1568 1233 1625 prape
1258 1561 1307 1606 et
1346 1551 1492 1621 longe
1539 1548 1725 1618 posito:
1765 1545 2125 1616 complectitur.
2163 1568 2237 1585 ε·-

657 1647 801 1704 Talis
826 1648 968 1704 enim
990 1656 1073 1702 est
1087 1645 1325 1701 caritatis
1353 1641 1616 1713 potentia;
1634 1654 1741 1694 non
1758 1638 1930 1693 solum
1949 1646 2236 1708 praisentes

659 1756 722 1796 ac
769 1741 1057 1811 proximos,
1109 1738 1303 1807 quique
1331 1735 1400 1790 ob
1442 1733 1626 1788 oculos
1663 1738 1977 1798 versantur,
2010 1727 2104 1783 sed
2143 1743 2236 1785 eos

657 1832 818 1886 etiam
861 1829 950 1899 qui
992 1829 1148 1898 longe
1194 1826 1387 1880 absunt
1425 1821 1828 1892 complectitur,
1875 1818 2232 1887 conglutinat,

657 1922 969 1993 conjungit:
1016 1933 1078 1974 ac
1121 1932 1293 1989 neque
1342 1913 1599 1982 temporis
1640 1910 2026 1980 longinquitas,
2065 1921 2237 1976 neque

655 2015 894 2069 locormn
934 2011 1232 2072 intervalla,
1271 2022 1442 2078 neque
1465 2004 1607 2059 aliud
1652 1994 1810 2072 hujus
1846 2000 2056 2070 generis
2084 1998 2238 2068 quid-

658 2120 815 2174 quam
844 2103 1091 2172 frangere
1116 2115 1179 2154 ac
1206 2097 1505 2153 discindere
1525 2095 1715 2150 animae
1735 2091 2019 2148 amicitiam
2042 2097 2234 2158 potest.

655 2195 806 2261 Quod
836 2194 878 2247 si
911 2206 1145 2261 praesens
1175 2197 1493 2259 prtcsentem
1531 2185 1726 2239 intueri
1753 2183 1902 2252 cupis
1927 2182 2060 2251 (non
2093 2180 2235 2234 enim

657 2304 743 2340 me
767 2286 897 2354 fugit
925 2284 977 2338 id
1009 2283 1101 2337 tibi
1150 2296 1271 2337 esse
1311 2280 1539 2333 maxime
1567 2278 1618 2331 in
1658 2275 1898 2346 optatis),
1925 2271 2132 2326 custodi
2159 2269 2237 2325 illi

655 2370 850 2425 lectum
878 2367 1031 2422 alteri
1061 2367 1175 2420 viro
1207 2366 1424 2418 minime
1455 2362 1715 2432 pervium,
1758 2358 2006 2413 incumbe
2036 2357 2087 2409 in
2118 2369 2236 2410 eam

655 2476 860 2523 curam,
884 2468 940 2512 ut
970 2458 1153 2512 eadem
1176 2457 1227 2509 in
1258 2465 1307 2509 te
1329 2463 1485 2522 atque
1509 2452 1561 2505 in
1592 2451 1685 2504 illo
1706 2450 1827 2503 vita:
1858 2446 2090 2517 probitas
2118 2445 2235 2499 elu-

655 2561 795 2616 ceat’,
824 2567 884 2605 ac
910 2551 1025 2604 sine
1062 2547 1222 2603 dubio
1262 2546 1328 2600 ad
1357 2544 1601 2600 eumdem
1642 2557 1762 2595 cum
1805 2540 1920 2609 ipso
1954 2537 2235 2608 pervenies

653 2644 911 2709 chorum,
951 2650 1109 2709 atque
1149 2652 1254 2692 una
1297 2649 1420 2690 cum
1464 2649 1529 2688 eo
1571 2631 1834 2686 habitabis
1862 2646 1964 2683 non
2006 2628 2237 2697 quinque

654 2749 844 2801 annos,
877 2729 1321 2803 quemadmodum
1348 2727 1456 2791 hic,
1488 2741 1591 2779 non
1617 2723 1821 2793 viginti,
1851 2735 1956 2775 non
1984 2728 2222 2781 centum,

655 2844 761 2881 non
795 2825 960 2890 mille,
987 2830 1079 2876 aut
1105 2821 1186 2876 bis
1218 2819 1386 2882 mille,
1419 2824 1510 2870 aut
1531 2815 1714 2891 decem
1747 2813 1931 2874 millia,
1953 2820 2042 2863 aut
2069 2807 2234 2863 multo

654 2919 854 2989 plures,
886 2913 979 2968 sed
1010 2911 1220 2966 'inlinita
1248 2907 1461 2963 smcula.
1508 2905 1774 2975 Regiones
1814 2903 1956 2956 enim
2002 2901 2117 2955 illas
2146 2915 2232 2953 re-

654 3011 796 3079 quiei
823 3008 1100 3077 deputatas
1129 3018 1237 3057 non
1275 3014 1545 3070 corporea:
1575 2997 1919 3065 cognationes
1939 3034 1952 3057 ,
1982 2992 2074 3046 sed
2116 2991 2235 3044 vita:

655 3098 949 3156 similitudo
975 3093 1256 3150 obtinebit.
1287 3091 1415 3145 Nam
1445 3089 1487 3142 si
1514 3088 1699 3143 eadem
1740 3094 1983 3152 suscepta
2024 3079 2234 3135 vivendi

656 3191 794 3245 ratio
822 3189 1082 3261 Lazarum
1126 3183 1353 3237 Abraha:
1399 3181 1635 3250 ignotum
1665 3177 1716 3230 in
1757 3179 1930 3228 sinum
1971 3173 2108 3227 illius
2136 3172 2230 3226 ad-

643 3282 804 3336 ‘duxit
849 3254 1145 3346 multosque
1187 3272 1415 3328 facit-ab
1445 3271 1661 3346 Oriente
1701 3257 1756 3322 ei
1781 3267 2067 3322 Occidente
2113 3254 2233 3318 cum

618 3363 624 3370 ’
658 3373 748 3425 illo
777 3345 1123 3432 recumbere,
1166 3363 1405 3434 profecto
1435 3373 1484 3415 te
1510 3345 1721 3431 quoque
1746 3374 1846 3410 una
1884 3371 2004 3410 cum
2033 3358 2234 3423 optimo

657 3460 912 3516 Therasio
936 3459 1082 3511 locus
1108 3455 1299 3526 quietis
1328 3453 1582 3520 excipiet,
1613 3451 1655 3503 si
1687 3448 1926 3502 eamdem
1958 3458 2118 3514 atque
2144 3445 2235 3499 ille

657 3557 834 3610 colere
877 3551 1106 3605 volueris
1142 3549 1334 3612 vitam,
1377 3554 1604 3613 tuncque
1646 3543 1818 3609 ipsum
1861 3555 1963 3593 non
2006 3554 2125 3592 cum
2171 3553 2233 3592 ea

657 3647 897 3714 corporis
940 3639 1330 3712 pulchritudine
1353 3680 1365 3701 ,
1395 3652 1496 3703 qua
1545 3625 1799 3703 prmditus
1846 3632 2011 3694 abiit,
2045 3631 2233 3684 iterum

660 3737 921 3804 recipies,
968 3733 1062 3786 sed
1098 3746 1217 3784 cum
1265 3729 1369 3782 alio
1411 3726 1638 3796 quodam
1680 3723 1996 3793 splendore,
2041 3737 2104 3775 ae
2148 3737 2236 3776 ve-

661 3837 888 3892 nustate,
917 3841 1035 3892 qua:
1065 3824 1206 3892 ipsos
1233 3821 1361 3874 solis
1385 3819 1564 3872 radios
1602 3811 1804 3885 fufgore
1837 3814 2028 3866 vincat.

737 3920 939 3984 Quanta
957 3915 1018 3966 sit
1037 3918 1209 3984 futura
1221 3911 1380 3980 gloria
1395 3923 1659 3977 corporum
1682 3908 1730 3958 in
1755 3906 1923 3957 beatis.
1942 3902 2233 3959 ——-__,Etcnim

661 4013 764 4066 hoc
803 4008 1015 4078 quidem
1059 4019 1284 4066 corpus,
1319 4002 1477 4055 etiam
1523 3999 1568 4052 si
1594 3997 1658 4051 ad
1698 4011 1965 4050 summum
2002 3995 2236 4062 pulchri-

664 4103 858 4156 tudinis
884 4099 1103 4169 gradum
1135 4094 1431 4165 pervenerit
1452 4133 1466 4156 ,
1497 4089 1721 4143 mortale
1763 4097 1938 4140 tamen
1970 4094 2087 4148 est;
2119 4098 2238 4136 cor-

637 4181 788 4262 pora
819 4201 993 4244 autent
1022 4203 1224 4250 eorum,
1257 4184 1346 4254 qui
1388 4184 1494 4236 Deo
1523 4176 1862 4250 placuerunt,
1907 4187 2106 4230 tantam
2153 4175 2236 4227 in-

663 4287 827 4340 duent
854 4284 1094 4353 gloriam,
1128 4289 1376 4349 quantam
1409 4292 1472 4329 nc
1499 4274 1689 4328 intueri
1720 4272 1930 4340 quidem
1960 4269 2042 4322 his
2071 4269 2234 4323 oculis

663 4379 804 4431 licet.
851 4379 1022 4443 Atque
1070 4371 1254 4424 harum
1307 4368 1516 4438 quidem
1573 4379 1749 4418 rerum
1800 4363 1947 4432 signa
1998 4360 2237 4429 qmedam

661 4481 820 4538 atque
841 4470 1064 4522 obscura
1098 4465 1315 4532 vestigia
1360 4463 1493 4514 etin
1535 4460 1723 4514 Vetete
1772 4467 1826 4512 et
1871 4459 1920 4510 in
1957 4457 2102 4510 Novo
2133 4456 2231 4509 Te-

663 4571 926 4617 statuente
953 4560 1103 4612 nobis
1134 4557 1363 4610 ostendit
1386 4555 1546 4607 Deus.
1571 4553 1700 4606 Nam
1720 4552 1823 4605 illic
1847 4551 2057 4618 quidem
2084 4550 2240 4603 Musis

665 4656 827 4709 facies
856 4663 996 4706 tanta
1028 4649 1260 4718 fulgebat
1289 4647 1476 4715 gloria,
1513 4656 1568 4696 ut
1593 4639 2237 4696 eatnoculilsraelitarum

665 4746 805 4801 ferre
855 4744 1069 4798 minime
1113 4745 1355 4810 possent;
1406 4737 1456 4789 in
1499 4734 1645 4788 Novo
1676 4742 1848 4786 autem
1880 4735 2035 4800 longe
2075 4731 2242 4798 magis

665 4839 809 4892 fulsit
839 4835 1031 4890 Christi
1072 4832 1250 4886 facies.
1278 4830 1469 4896 Quaero
1507 4827 1665 4896 igitur
1709 4842 1773 4878 ex
1817 4836 1866 4877 Ic
1887 4867 1900 4887 ,
1926 4825 1968 4876 si
1999 4824 2118 4891 quis
2149 4823 2240 4875 tibi

667 4927 931 4998 pollicitus
960 4931 1103 4978 esset
1131 4923 1178 4974 ci
1204 4936 1262 4975 se
1291 4920 1447 4974 totius
1476 4918 1620 4970 orbis
1651 4931 1871 4984 regnum
1899 4915 2238 4978 traditurum,

633 5017 764 5074 'sed
790 5018 859 5072 ob
892 5019 1025 5070 hanc
1056 5028 1267 5068 causam
1308 5010 1555 5082 jussissct
1595 5007 1775 5077 viginti
1809 5008 1952 5076 ipsos
1990 5023 2158 5059 annos
2194 5016 2243 5059 te

667 5108 952 5170 secedere,
987 5114 1143 5173 atque
1181 5104 1245 5158 its
1276 5102 1557 5155 transactis
1595 5097 1893 5153 diademate
1921 5112 1984 5150 ac
2012 5112 2242 5165 purpura

667 5212 912 5257 ornatum
951 5214 1071 5254 eum
1100 5197 1192 5250 tibi
1235 5194 1549 5250 traditurum
1594 5190 1959 5260 promisisset,
2003 5198 2161 5257 teque
2191 5191 2242 5241 in

667 5292 856 5367 eodem
904 5300 1063 5358 atque
1111 5287 1256 5347 illum
1311 5283 1528 5339 honoris
1581 5282 1747 5352 gradu
1795 5281 2174 5334 collocuturum
2226 5295 2240 5331 :

670 5397 848 5438 nonne
874 5378 1227 5434 secessionem
1248 5377 1401 5429 istam
1423 5388 1576 5442 aequo
1604 5373 1781 5426 animo
1806 5382 1859 5425 et
1879 5387 1938 5425 ea
1966 5386 2065 5438 qua
2093 5370 2248 5423 decet

669 5472 993 5530 continentia
1023 5469 1268 5524 tulisses?
1298 5482 1474 5522 nonne
1505 5480 1697 5519 munus
1724 5465 2070 5533 praeclarum,
2102 5477 2246 5515 rem-

669 5583 775 5635 que
821 5565 1067 5618 onmibus
1116 5562 1252 5616 votis
1298 5558 1580 5628 optandam
1634 5555 1928 5610 duxisses?
1979 5554 2247 5608 Patientcr

673 5658 817 5712 feras
846 5657 1002 5725 igitur
1036 5665 1091 5710 et
1117 5668 1254 5706 nunc
1295 5665 1400 5706 non
1443 5648 1593 5718 regni
1623 5646 1849 5712 terreni,
1894 5645 1987 5700 scd
2018 5645 2249 5700 etelestis

673 5761 860 5819 CeuSa;
895 5765 998 5805 nou
1047 5754 1101 5804 ut
1148 5754 1292 5802 veste
1344 5757 1537 5812 aurea,
1590 5740 1684 5799 sed
1713 5738 2112 5797 immortalitate
2161 5737 2244 5797 iu-

1402 337 1457 393 S.
1497 336 1774 393 JOANNIS
1811 330 2284 391 CHRYSOSTOMI
2311 331 2627 389 ARCHIEP.
2667 331 3194 390 CONSTANTINOP.

2342 447 2526 500 datum
2552 446 2777 517 recipias
2796 456 2850 501 et
2873 446 3040 517 gloria
3066 487 3081 515 ,
3108 457 3359 518 quantum
3389 463 3502 514 eos,
3536 451 3624 520 qui
3665 452 3718 506 in
3762 455 3908 508 caelis

2339 539 2554 609 degunt,
2582 539 2775 595 habere
2803 550 3220 596 consentaneum
3251 552 3353 618 est.
3384 542 3538 609 Quod
3565 543 3607 596 si
3635 544 3787 598 valde
3818 545 3912 598 tibi

2341 629 2668 683 intoleranda
2721 631 2930 686 videtur
2997 633 3252 702 temporis
3303 632 3659 701 diuturnitas,
3720 637 3910 689 verisi-

2340 721 2464 775 mile
2491 731 2574 776 est
2613 722 2759 776 illum
2791 724 2884 777 tibi
2931 724 3196 779 interdum
3233 725 3284 778 in
3310 714 3541 780 somniis
3581 704 3812 790 adstare,
3854 736 3910 782 et

2341 827 2460 882 qua:
2487 828 2836 872 consueverat
2863 827 3036 874 tecum
3075 820 3331 890 colloqui,
3361 829 3416 874 et
3454 830 3686 889 optatam
3717 822 3910 877 faciem

2342 905 2644 961 ostendere.
2664 906 2721 961 Id
2734 916 2784 963 te
2799 909 2916 964 loco
2937 910 3280 980 epistolarum
3307 911 3613 966 consoletur
3633 930 3646 966 :
3673 914 3914 982 quinimo

2341 996 2392 1050 id
2418 998 2658 1066 epistolis
2684 1000 2877 1055 clarius
2923 1011 3024 1056 est.
3073 1001 3128 1055 ln
3179 1002 3283 1056 illis
3311 1003 3451 1057 enim
3495 1004 3913 1058 literas'tantmn

2340 1102 2560 1143 cernere
2596 1090 2718 1144 licet
2749 1108 2761 1144 :
2795 1090 2881 1145 hic
2907 1106 3035 1146 vero
3074 1102 3127 1146 et
3150 1087 3618 1159 formam‘vultus,
3651 1104 3703 1147 et
3749 1097 3914 1147 risum

2343 1181 2705 1251 tranquillum,
2747 1193 2802 1236 et
2847 1183 3088 1252 ﬁguram,
3128 1194 3182 1239 et
3215 1185 3502 1252 incessum,
3532 1194 3584 1240 et
3609 1202 3917 1240 sonumaua

2342 1277 2477 1341 dire,
2504 1285 2559 1330 et
2584 1277 2808 1331 amicam
2841 1277 2984 1331 illam
3017 1293 3200 1332 vocem
3223 1293 3532 1347 agnoscere.

2409 1368 2463 1421 4.
2494 1365 2752 1436 Exemplis
2779 1370 2928 1422 variis
2972 1370 3288 1422 sweelarium
3324 1370 3621 1440 dignitatum
3666 1370 3916 1422 instabili-

2343 1465 2492 1510 tatem
2529 1460 2725 1526 probat.
2751 1458 3100 1513 —-C:eterum
3131 1457 3381 1527 quoniam
3432 1461 3728 1514 securitatis
3775 1477 3915 1528 pne-

2342 1555 2486 1602 terea
2517 1549 2671 1614 ratio,
2698 1564 2817 1618 quae
2846 1564 2911 1604 ex
2936 1550 3030 1603 illo
3062 1549 3152 1603 tibi
3192 1549 3409 1616 aderat,
3433 1558 3484 1604 te
3506 1550 3569 1603 ad
3598 1550 3777 1605 ﬂetum
3811 1553 3915 1604 ini-

2341 1638 2506 1705 pellit,
2532 1637 2757 1693 fortasse
2777 1640 2937 1692 etiam
2963 1653 3084 1708 Spes
3115 1638 3235 1704 illte,
3263 1655 3380 1708 qua:
3402 1655 3521 1694 sese
3539 1642 3913 1705 ostendebant,

2341 1726 2556 1796 majoris
2584 1727 2856 1796 dignitatis
2895 1738 2950 1782 et
2991 1729 3351 1797 amplitudinis
3373 1729 3585 1798 ,(audivi
3623 1732 3765 1785 enim
3806 1733 3918 1784 cito

2339 1816 2571 1871 futurum
2598 1817 2781 1885 fuisse,
2814 1827 2870 1872 ut
2899 1819 2988 1874 ille
3027 1819 3092 1873 ad
3129 1820 3497 1888 praefectorum
3538 1820 3785 1874 thronum
3828 1836 3918 1875 as-

2340 1908 2630 1976 ciinderet,
2660 1909 2816 1977 idque
2849 1910 3113 1978 praecipue
3139 1910 3374 1964 animum
3418 1920 3564 1964 tuum
3607 1912 3917 1966 excruciare

2339 1998 2489 2070 puto)
2511 2018 2523 2054 :
2548 2001 2665 2054 illos
2682 2000 2774 2053 tibi
2793 2010 2916 2054 ante
2940 2001 3121 2054 oculos
3143 2014 3295 2069 pone,
3321 2002 3409 2070 qui
3431 2016 3549 2055 cum
3571 2001 3635 2054 ad
3657 2002 3916 2069 majorem

2339 2106 2497 2161 quam
2519 2090 2606 2145 ille
2631 2090 2943 2160 dignitatem
2975 2092 3142 2144 evecti
3174 2100 3374 2156 essent,
3407 2091 3764 2145 miserrimum
3790 2092 3914 2145 vita:

2339 2181 2539 2236 exitum
2567 2180 2739 2234 sortiti
2780 2191 2923 2233 sunt.
2972 2179 3253 2234 Revocabo
3281 2188 3457 2234 autem
3496 2180 3588 2233 tibi
3631 2180 3682 2233 iu
3711 2196 3920 2235 memo-

2347 2274 2479 2327 riam
2507 2288 2523 2330 :
2553 2271 2891 2328 Theodorum
2923 2273 3074 2326 illum
3106 2273 3123 2304 ¹
3146 2287 3176 2327 e
3206 2272 3383 2326 Sicilia
3430 2271 3651 2326 fortasse
3687 2272 3915 2337 audisti;

2342 2378 2456 2423 erat
2485 2368 2627 2424 enim
2658 2369 2710 2422 in
2741 2369 2923 2438 primis
2952 2370 3291 2438 conspicuus.
3321 2369 3417 2424 llic
3444 2377 3497 2424 et
3525 2369 3919 2438 pulchritudine

2340 2470 2394 2514 et
2446 2459 2813 2528 magnitudine
2848 2460 3186 2528 corporiset
3223 2461 3533 2514 auctoritate
3569 2461 3704 2528 apud
3743 2460 3920 2530 Impe-

2339 2559 2569 2604 ratorem
2599 2549 2851 2603 omnibus
2880 2560 3159 2618 prmsmns,
3196 2548 3286 2617 qui
3320 2565 3381 2603 ea
3410 2559 3616 2619 poterat
3644 2567 3761 2619 qua:
3794 2552 3922 2606 inti-

2339 2655 2546 2694 morum
2571 2639 2909 2694 familiarium
2930 2655 3110 2702 nemo,
3142 2655 3450 2709 prosperam
3485 2641 3625 2695 illam
3651 2642 3919 2698 fortunam

2341 2747 2446 2785 non
2477 2733 2752 2786 moderate
2783 2732 2922 2796 tulit,
2953 2731 3047 2786 sed
3076 2730 3354 2784 insidiatus
3391 2729 3698 2799 Imperatori
3727 2748 3791 2788 ac
3817 2733 3919 2789 de—

2339 2823 2651 2892 prehensus,
2669 2823 2779 2890 ipse
2793 2823 3004 2890 quidem
3021 2821 3171 2874 valde
3183 2822 3554 2876 miserabiliter
3565 2822 3918 2880 obtruncatus

2338 2921 2452 2976 est;
2479 2912 2643 2981 ipsius
2669 2923 2845 2965 autem
2876 2925 3027 2976 uxor,
3061 2926 3236 2982 neque
3260 2910 3594 2977 educatione,
3625 2928 3796 2982 neque
3819 2929 3920 2983 ge-

2339 3022 2495 3073 nere,
2537 3022 2708 3076 neque
2739 3006 2842 3060 ulla
2881 3007 2985 3059 alia
3023 3021 3081 3060 re
3124 3004 3386 3059 nobilitati
3429 3013 3533 3059 tuae
3570 3008 3872 3060 concedens
3895 3046 3918 3074 ,

2339 3098 2584 3151 omnibus
2604 3106 2822 3166 repente
2833 3098 2993 3151 rebus
3010 3097 3117 3150 suis
3130 3097 3351 3165 spoliata
3369 3111 3430 3150 ac
3443 3096 3682 3151 libertate
3695 3097 3892 3151 amissa
3905 3137 3926 3167 ,

2339 3189 2676 3243 cubiculariis
2702 3189 2908 3242 ancillis
2928 3196 3298 3253 annumerata,
3326 3202 3388 3240 ac
3413 3187 3555 3240 nulla
3585 3203 3690 3241 non
3722 3189 3922 3242 ancilla

2339 3280 2672 3333 miseriorem
2701 3279 2862 3331 vitam
2893 3293 3050 3348 agerc
3075 3286 3256 3330 coacta
3295 3285 3393 3342 est,
3425 3275 3526 3331 hoc
3562 3293 3665 3330 uno
3693 3286 3924 3332 caeteras

2340 3370 2687 3432 antecellens,
2733 3369 2872 3437 quod
2908 3377 3129 3437 propter
3160 3383 3266 3421 non
3296 3359 3719 3436 "comparabilem
3770 3367 3923 3420 cala-

2340 3461 2538 3513 mitatis
2567 3459 2980 3528 magnitudinem
3011 3458 3275 3526 laerymas
3312 3473 3496 3511 eorum
3526 3458 3760 3511 omnium
3785 3499 3798 3522 ,
3827 3459 3921 3527 qui

2343 3554 2512 3621 ipsam
2556 3553 2887 3620 aspicerent,
2914 3550 3178 3604 eliciebat.
3220 3549 3410 3602 Fertur
3443 3550 3599 3602 etiam
3631 3550 3924 3606 Artemisia

2339 3645 2453 3697 viro
2479 3642 2629 3696 valde
2649 3643 2795 3696 claro
2819 3652 3002 3710 nupta,
3028 3641 3276 3709 quoniatn
3299 3649 3353 3693 et
3373 3641 3460 3693 ille
3483 3640 3814 3710 tyrannidem
3837 3641 3923 3693 af-

2339 3734 2570 3797 fectavit,
2606 3734 2666 3786 'in
2693 3732 2931 3784 eamdem
2975 3731 3218 3785 incidisse
3257 3739 3618 3799 paupertatem
3643 3773 3656 3793 ,
3685 3747 3747 3785 ac
3782 3748 3924 3800 prte-

2343 3836 2483 3879 terca
2512 3826 2677 3879 oculis
2700 3840 2820 3878 csse
2845 3834 3018 3892 capta.
3047 3825 3181 3880 Nam
3250 3823 3560 3896 magnitudo
3595 3825 3927 3894 mgritudinis

2338 3926 2394 3969 et
2423 3916 2774 3983 lacrymarum
2801 3914 2880 3966 vis
2907 3913 3106 3966 lumina
3135 3911 3386 3966 exstinxit
3413 3930 3424 3963 :
3458 3921 3511 3966 at
3535 3929 3675 3967 nunc
3695 3915 3915 3983 quidem

2342 4006 2643 4060 hominibus
2666 4016 2784 4074 eget
2812 4005 2899 4074 qui
2926 4005 3209 4068 deducant,
3239 4014 3393 4072 atque
3423 4006 3486 4058 ad
3516 4007 3714 4060 alienas
3739 4018 3926 4076 portas

2343 4099 2625 4159 adducant,
2658 4108 2713 4149 ut
2732 4098 2832 4150 hoc
2857 4097 3016 4150 modo
3039 4097 3395 4150 necessarium
3420 4097 3517 4151 sibi
3544 4098 3738 4151 victum
3766 4115 3926 4154 com-

2344 4202 2532 4256 parare
2571 4195 2747 4255 queat.
2796 4186 2904 4239 Nec
2947 4202 3074 4240 vero
3113 4187 3228 4239 alite
3272 4185 3485 4240 familia:
3511 4187 3701 4241 desunt
3739 4189 3926 4245 itidem

2344 4281 2562 4347 dejeetze
2591 4269 2654 4330 ac
2679 4287 2956 4346 prostratm
2989 4292 3122 4345 (pias
3149 4292 3644 4342 commemorarem,
3677 4280 3775 4332 nisi
3802 4296 3930 4348 pro.

2341 4371 2561 4426 liitatcm
2617 4384 2678 4421 ac
2734 4368 3064 4435 prudentiam
3114 4377 3256 4419 tuam
3301 4367 3463 4435 probe
3505 4383 3751 4432 nessem,
3804 4387 3930 4438 qua:

2346 4461 2559 4514 minime
2581 4475 2644 4512 ex
2665 4458 2852 4511 alienis
2879 4458 3028 4510 malis
3055 4458 3339 4510 calamitati
3372 4467 3472 4511 tua:
3498 4459 3646 4526 cupis
3675 4459 3927 4514 solatium
3996 4515 4000 4520 ,

2346 4551 2617 4603 adhibere.
2647 4547 2827 4616 Neque
2854 4563 2982 4601 vero
3011 4548 3122 4600 lucc
3151 4547 3395 4615 CXClllpia
3426 4547 3582 4599 aliam
3611 4546 3680 4600 ob
3707 4563 3929 4604 causam

2347 4640 2779 4704 commemmavi,
2811 4655 2967 4706 quam
2999 4648 3054 4690 ut
3087 4638 3347 4705 intelligas
3384 4653 3467 4690 res
3513 4638 3768 4690 humanas
3793 4640 3930 4695 nihil

2348 4746 2484 4792 esse,
2517 4745 2743 4798 vereiue
2779 4744 2810 4781 a
2846 4728 3104 4796 propheta
3142 4744 3260 4782 esse
3297 4728 3525 4791 dictum,
3563 4725 3739 4781 Omnis
3762 4730 3934 4798 gloria

2349 4822 2597 4885 hominis,
2645 4832 2700 4872 ut
2729 4822 2826 4890 [los
2861 4820 2980 4888 [mni
3007 4817 3156 4887 (Isai.
3200 4818 3287 4871 40.
3337 4818 3412 4886 (i).
3451 4818 3566 4884 Quo
3593 4820 3733 4872 enim
3770 4822 3934 4876 altius

2349 4914 2590 4967 evehitur
2627 4923 2786 4980 atque
2827 4911 3040 4974 enncat,
3090 4925 3154 4962 eu
3201 4909 3455 4975 majorem
3506 4909 3643 4977 parit
3693 4910 3931 4975 ruinam,

2351 5022 2522 5075 neque
2568 5007 2630 5058 iis
2669 5005 2862 5062 solum,
2899 5003 2986 5070 qui
3014 5003 3110 5054 sub
3137 5002 3310 5055 alieno
3341 5001 3562 5069 imperio
3597 5002 3810 5068 vivunt,
3835 5005 3934 5058 sed

2353 5101 2509 5153 etiam
2541 5097 2953 5166 Imperatoribus
2982 5094 3130 5162 ipsis.
3155 5093 3335 5161 Neque
3363 5093 3503 5146 enim
3530 5092 3682 5146 facile
3707 5093 3824 5162 quis
3854 5094 3938 5147 iu-

2415 5217 2430 5246 ¹
2469 5215 2615 5275 ttujus
2640 5212 2894 5275 Theodori,
2919 5212 3001 5273 qui
3037 5210 3271 5275 allectataz
3295 5207 3558 5275 tyrannidis
3585 5219 3751 5268 pmnas
3774 5206 3938 5275 dedit,

2353 5269 2700 5329 \‘atentiiiiano,
2726 5269 2950 5329 \alente,
2965 5281 3015 5320 et
3031 5273 3247 5319 Gratiano
3270 5269 3660 5330 ttiiperatoribus,
3674 5282 3798 5316 anno
3820 5269 3938 5328 57L.

2352 5337 2596 5386 historiam
2637 5328 2787 5384 habes
2809 5335 2931 5395 apud
2967 5335 3256 5395 Ammianum
3286 5328 3625 5395 Marcellinum,
3651 5329 3740 5395 lib.
3775 5336 3937 5388 XXIx,

2354 5401 2432 5446 ubi
2459 5397 2591 5446 illum
2614 5390 2868 5458 antiquitus
2891 5395 3023 5445 claro
3044 5392 3278 5458 generein
3295 5390 3455 5441 Galliis
3479 5392 3782 5458 natamdieit.
3803 5395 3938 5458 Quo!

2354 5463 2394 5509 si
2420 5459 2550 5508 illum
2576 5474 2603 5508 e
2627 5451 2737 5506 sicil'
2752 5472 2777 5505 a
2801 5459 2915 5505 dicit
2939 5451 3064 5505 esse"
3085 5456 3476 5517 Chrysostomus,
3498 5453 3543 5500 id
3567 5451 3829 5517 intelligas,
3859 5453 3939 5500 vel

2354 5523 2480 5583 quod
2516 5525 2564 5569 in
2588 5520 2739 5583 sicilia
2773 5521 2920 5583 sedes
2952 5512 3194 5583 habuerit,
3240 5515 3338 5583 vel
3359 5515 3688 5583 praefecturam
3716 5512 3942 5583 aliquam

2355 5573 2585 5644 gesserit,
2612 5581 2688 5644 vel
2713 5582 2857 5642 quod,
2885 5587 2936 5644 ut
2959 5582 3180 5644 opinatur
3200 5573 3431 5644 Henricus
3455 5575 3688 5644 )‘alesius,
3715 5576 3766 5642 in
3786 5573 3942 5644 sicilia

2357 5637 2495 5692 natus
2521 5637 2581 5692 ες
2608 5637 2764 5690 Galliis
2786 5637 3021 5702 erigiueiii
3047 5641 3284 5687 habuerit.
3315 5639 3429 5687 \‘itle
3454 5637 3609 5702 locum
3626 5637 3874 5702 Anuniani,
3893 5645 3943 5702 et

2358 5715 2514 5753 notam
2538 5704 2726 5752 \‘alesii.
2773 5700 3016 5750 Ai'teniisia
3042 5713 3158 5747 vero
3191 5713 3406 5760 sequens
3441 5701 3575 5762 cujus
3612 5711 3731 5747 uxor
3775 5700 3943 5756 tuerit,

2356 5769 2568 5820 nendum
2591 5767 2703 5818 satis
2728 5774 3036 5833 [erapcctmu
3059 5763 3309 5813 habemus.
