4206 6324
108 351 209 407 603

107 471 313 533 ἐκεῖνος
337 465 429 540 ἦν,
460 469 567 524 εδει
603 473 892 528 κόπτεσθαι
924 477 1016 529 καὶ
1050 479 1292 549 θρηνεῖν,
1341 481 1440 535 οὐκ
1473 484 1780 540 ἀπελθόντα

110 557 264 626 μόνον
284 597 300 619 ,
329 557 466 610 ἀλλά
489 559 586 612 καὶ
626 559 803 622 ζῶντα
825 562 1051 615 ἐκεῖνον’
1077 565 1266 637 ἐπειδὴ
1299 567 1355 620 δὲ
1384 569 1492 622 τῶν
1515 570 1666 641 αὐτῷ
1697 573 1786 640 φί-

106 643 208 697 λων
227 641 508 723 καὶιοῦτος
535 640 617 709 εἷς
669 647 959 718 ἐτύγχανεν
987 649 1082 715 ὣν,
1117 653 1180 704 οὐ
1208 653 1370 716 ζῶντι
1422 657 1604 725 μόνον,
1641 640 1784 711 ἀλλά

110 730 196 781 καί
213 718 534 800 κοιμηθέντι
558 733 876 803 συνήδεσθαι
910 738 1033 807 χρή.
1071 739 1181 791 Καὶ
1202 718 1458 793 ὄτιτοῦτό
1485 718 1658 796 ποιεῖν
1680 744 1779 807 δεῖ,
1866 766 1870 769 λ

108 815 193 868 τοῦ
237 816 516 885 μακαρίου
565 817 782 872 Παύλου
835 821 1054 886 πάντως
1100 823 1342 893 ἤκουσας
1397 827 1672 896 λέγοντοςο
1712 831 1781 884 Τὸ

107 902 407 957 ἀνανεῦσαι
427 903 527 956 καὶ
541 905 663 958 σὺν
687 906 917 974 Χριστῷ
928 905 1084 962 εἶναι
1108 910 1318 975 πολλῷ
1327 912 1572 981 μᾶλλον
1590 915 1783 982 κρεῖσ-

109 1002 234 1044 σον.
256 989 425 1043 Ἀλλά
457 990 720 1061 ρημάτών
747 994 877 1057 ἴσως
916 995 1103 1060 ποθεῖς
1132 997 1361 1051 ἀκοῦσαι
1400 999 1512 1055 τῶν
1542 1002 1776 1067 ἐκείνου,

110 1071 250 1147 [512]
290 1078 387 1130 καὶ
415 1078 596 1145 φιλίας
626 1079 932 1134 ἀπολαῦσαι
971 1083 1074 1151 τῆς
1100 1085 1237 1153 πρὸς
1276 1087 1463 1152 αὐτὸν,
1523 1090 1618 1141 καί
1648 1106 1777 1142 συν-

107 1161 290 1230 ήθειαν
319 1164 618 1236 ἐπιζητεῖς,
659 1167 754 1219 καὶ
782 1167 941 1232 δόξαν
964 1169 1062 1239 τὴν
1098 1170 1165 1223 δι’
1189 1173 1370 1236 αὐτὸν,
1408 1177 1501 1229 καί
1525 1177 1777 1248 λαμπρό-

104 1263 235 1317 τητα
262 1251 361 1302 καὶ
408 1252 576 1323 τιμὴν
619 1254 713 1305 καί
756 1255 1078 1323 ἀσφάλειαν,
1125 1258 1221 1311 καί⁸
1263 1261 1438 1316 ταῦτά
1491 1281 1551 1316 τε
1599 1267 1778 1318 πάντα

104 1335 304 1404 φροῦδα
330 1338 598 1408 γενόμενα
623 1339 853 1410 θορυϐεῖ,
869 1343 962 1394 καὶ
986 1347 1186 1398 σκοτοῖ.
1207 1347 1318 1418 Τὴν
1346 1349 1445 1418 μὲν
1472 1346 1565 1403 οὖν
1593 1351 1776 1421 φιλίαν

100 1424 190 1490 τήν
215 1424 354 1493 πρὸς
399 1427 604 1480 ἐκεῖνον
640 1426 818 1491 ἔξεστί
846 1444 928 1481 σοι
961 1430 1256 1505 φυλάττειν
1294 1435 1391 1488 καὶ
1424 1435 1520 1490 νῦν
1550 1437 1772 1509 ὁμοίως,

99 1507 282 1578 ὥσπερ
316 1511 410 1562 καὶ
442 1512 726 1585 πρότερον.

164 1605 404 1676 Τοιαύτη
445 1607 555 1678 γάρ
586 1611 619 1680 ή
662 1610 765 1680 τῆς
794 1612 1016 1683 ἀγάπης
1042 1613 1288 1685 δύναμις·
1321 1618 1380 1669 οὐ
1414 1619 1541 1680 τοὺς
1575 1619 1776 1690 παρόν-

99 1709 191 1755 τας
239 1694 402 1764 μόνον
447 1697 544 1751 καὶ
590 1697 816 1769 πλησίον
858 1701 1020 1764 ὄντας
1058 1702 1215 1771 ἡμῶν
1240 1716 1266 1745 ει
1301 1705 1396 1758 καὶ
1441 1706 1770 1776 ὁρωμένους,

99 1781 231 1833 ἀλλά
265 1783 364 1834 καὶ
414 1785 540 1847 τοὺς
594 1786 812 1856 μακράν
865 1789 1185 1856 ἀφεστῶτας
1232 1791 1641 1863 περιλαμϐάνει
1677 1793 1772 1848 καί

99 1869 366 1940 συγκολλᾷ
414 1871 508 1924 καὶ
563 1873 773 1926 συνδεῖ·
806 1876 900 1928 καὶ
949 1869 1075 1929 οὔτε
1124 1879 1314 1949 χρόνου
1374 1880 1595 1949 πλῆθος,
1648 1881 1771 1934 οὔτε

93 1958 222 2010 ὁδῶν
265 1959 559 2030 διάστημα,
605 1959 729 2015 οὔτε
782 1963 910 2017 ἄλλο
943 1964 1052 2019 τῶν
1098 1965 1353 2022 τοιούτων
1395 1969 1545 2023 οὐδὲν
1592 1969 1772 2050 ψυχῆς

94 2046 271 2113 φιλίαν
303 2043 557 2117 διακόψαι
605 2049 809 2104 δύναιτ’
864 2051 932 2106 ἂν
981 2055 1077 2107 καὶ
1107 2054 1402 2125 διατεμεῖν.
1461 2058 1626 2110 Εἰδὲ
1675 2045 1769 2112 καὶ

93 2135 382 2204 πρόσωπον
428 2137 590 2190 αὐτὸν
639 2137 818 2206 βούλει
865 2142 1003 2212 πρὸς
1053 2143 1344 2214 πρόσωπον
1396 2146 1522 2198 ἰδεῖν
1578 2146 1770 2216 (τοῦτο

90 2223 195 2292 γάρ
243 2218 361 2275 οἶδα
414 2223 495 2276 ὅτι
554 2225 791 2294 μάλιστα
825 2228 1052 2298 ποθεῖς),
1100 2225 1422 2300 διαφύλαξον
1475 2233 1623 2304 αὐτῷ
1671 2233 1769 2305 τὴν

89 2307 244 2377 εὐνὴν
269 2308 550 2377 ἀνέπαφον
575 2309 767 2380 ἀνδρὸς
813 2313 999 2382 ἐτέρου
1024 2352 1039 2376 ,
1080 2315 1176 2368 καὶ
1230 2315 1346 2386 βίον
1394 2320 1766 2386 ἐπιδείξασθαι

92 2394 387 2447 σπούδασον
419 2396 532 2447 ἰσον
556 2397 775 2467 ἐκείνῳ,
815 2400 912 2452 καί
935 2401 1152 2470 πάντως
1182 2405 1263 2466 εἰς
1305 2403 1396 2458 τὸν
1437 2406 1601 2459 αὐτὸν
1657 2408 1761 2460 ἀπ-

87 2480 278 2552 ιλεύσῃ
298 2481 462 2552 χορὸν
490 2483 518 2523 δ
546 2483 718 2554 αὐτῷ,
742 2486 803 2538 οὐ
825 2486 985 2539 πέντε
1013 2487 1107 2560 ἐτη
1138 2490 1390 2562 καθάπερ
1411 2491 1617 2555 ἐνθάδε,
1645 2493 1750 2546 οὐδί

86 2569 254 2620 εῖκοσι
284 2569 381 2620 καὶ
419 2570 632 2636 ἑκατὸν,
666 2571 789 2624 οὐδέ
815 2571 962 2641 χίλια
989 2575 1084 2628 καὶ¹
1113 2575 1195 2639 δὶς
1230 2578 1490 2644 τοσαῦτα,
1517 2579 1638 2632 οὐδέ
1673 2579 1754 2649 μύ-

89 2670 175 2721 ρια
202 2655 299 2708 καὶ
322 2655 583 2718 πολλάκις
621 2658 878 2724 τοσαῦτα,
902 2659 1038 2713 ἀλλά
1060 2662 1186 2725 τοὺς
1222 2664 1486 2735 ἀπείρους
1518 2667 1611 2719 καί
1639 2666 1766 2719 ἀτε-

85 2741 372 2813 λευτήτους
387 2737 592 2806 αἰῶνας
621 2743 770 2815 αὐτῷ
795 2743 1357 2818 συνοικήσουσα.Τοὺς
1381 2751 1489 2822 γάρ
1511 2753 1610 2823 τῆς
1632 2753 1764 2806 ἀνα-

85 2827 335 2891 παύσεως
363 2828 564 2892 τόπους
584 2831 824 2894 ἐκείνους
853 2842 876 2872 ο
905 2833 1005 2904 οὐχ
1050 2837 1107 2888 αἰ
1143 2838 1456 2906 συγγένειαι
1486 2841 1543 2892 αἰ
1578 2856 1764 2909 σωμα-

83 2916 248 2982 τικαὶ,
281 2916 398 2970 ἀλλ’
421 2920 453 2987 ή
476 2918 586 2971 τῶν
615 2917 746 2988 βίων
779 2919 961 2990 ἰσότης
1015 2921 1372 2994 κληρονομεῖν
1402 2926 1667 2994 πέφυκεν.
1697 2928 1764 2982 Et

83 3003 187 3074 γαρ
209 3006 303 3064 καὶ
332 3006 424 3056 τὸν
453 3006 702 3076 Λάζαρον
741 3007 960 3075 ἀγνῶτα
987 3007 1118 3061 ὄντα
1147 3008 1226 3080 τῷ
1256 3005 1514 3082 Ἀϐραὰμ
1536 3015 1615 3077 εἰς
1636 3015 1765 3077 τοὺς

81 3094 273 3155 αὐτοὺς
291 3093 442 3164 αὐτῷ
470 3095 704 3157 κόλπους
731 3094 925 3165 ῆγαγε,
965 3088 1060 3150 καὶ
1087 3096 1320 3161 πολλοὺς
1350 3100 1458 3152 ἀπὸ
1488 3101 1763 3156 ἀνατολῶν

80 3180 171 3232 καὶ
195 3181 421 3251 δυσμῶν
454 3180 571 3251 μετ’
594 3181 802 3234 ἐκείνου
854 3183 1210 3253 ἀνακλιθῆναι
1246 3188 1662 3255 παρασκευάζει
1701 3190 1762 3242 τὸ

76 3267 175 3337 τῆς
206 3268 484 3331 πολιτείας
504 3269 942 3338 ἀπαράλλακτον,
969 3272 1064 3322 καὶ
1100 3271 1157 3323 σὲ
1187 3271 1324 3341 μετά
1345 3272 1438 3326 τοῦ
1463 3276 1628 3328 καλοῦ
1659 3278 1761 3346 Θη·

81 3355 264 3424 ρασίου
322 3357 351 3406 ό
392 3356 490 3424 τῆς
523 3355 758 3419 ἀνέσεως
790 3357 1068 3422 ἐκδέξεται
1099 3358 1285 3423 τόπος,
1340 3360 1406 3413 ἂν
1432 3363 1626 3433 ἐκείνῳ
1667 3366 1759 3419 τὸν

80 3442 189 3510 βίον
224 3442 386 3514 θέλῃς
433 3443 804 3506 ἐπιδείξασθαι
833 3445 925 3499 τὸν
962 3447 1145 3498 αὐτόν·
1175 3448 1269 3498 καὶ
1297 3448 1421 3500 τότε
1444 3451 1606 3504 αὐτὸν
1659 3453 1758 3505 οὐκ

77 3532 134 3581 ἐν
180 3529 357 3598 τούτῳ
405 3529 486 3599 τῷ
545 3530 730 3583 κάλλει
767 3531 860 3591 τοῦ
909 3531 1181 3602 σώματος,
1220 3536 1357 3606 ὅπερ
1412 3535 1550 3606 έχων
1579 3539 1759 3609 ἀπῆλ-

79 3619 186 3680 θεν,
245 3617 503 3689 ἀπολήψῃ
547 3617 730 3682 πάλιν,
784 3617 896 3671 ἀλλ’
948 3621 1006 3672 ἐν
1047 3620 1209 3692 ἑτέρᾳ
1259 3624 1364 3675 τινί¹
1421 3629 1755 3697 μαρμαρυγῇ

78 3706 168 3756 καὶ
215 3704 537 3776 φαιδρότητι
578 3705 775 3775 μᾶλλον
823 3707 932 3760 τῶν
963 3705 1202 3782 ἡλιακῶν
1234 3711 1472 3788 ἀκτίνων
1504 3713 1757 3784 ἀπολαμ-

599 3794 601 3796 ’
1362 3843 1365 3846 -

148 3891 320 3943 Τοῦτο
338 3891 445 3960 γάρ
469 3889 529 3942 τὸ
553 3890 732 3960 σῶμα,
761 3890 862 3944 κᾶν
888 3891 944 3943 ἐν
963 3889 1088 3962 ὕψει
1104 3892 1274 3965 τρέχῃ
1296 3891 1496 3964 πολλῷ,
1516 3895 1756 3967 φθαρτὸν

77 3977 219 4044 ὅμως
261 3977 398 4028 ἐστί’
442 3975 511 4028 τά
542 3975 599 4028 δὲ
627 3974 854 4046 σώματα
879 3976 988 4029 τῶν
1036 3978 1489 4050 εὐηρεστηκότων
1522 3981 1600 4050 τῷ
1633 3982 1754 4052 Θεῷ

76 4063 339 4133 τοσαύτην
359 4063 632 4115 ἐνδύσεται
653 4063 830 4128 δόξαν,
861 4064 993 4134 ὅσην
1008 4062 1127 4117 οὐδὲ
1153 4065 1280 4118 ἰδεῖν
1310 4066 1388 4118 ἔνι
1414 4068 1625 4132 τούτοις
1641 4074 1753 4133 τοῖς

77 4149 390 4218 ὀφθαλμοῖς.
428 4151 537 4202 Καὶ
557 4149 762 4202 τούτων
792 4152 921 4221 ἡμῖν
953 4153 1158 4222 σημεῖά
1179 4170 1299 4206 τινα
1333 4156 1428 4206 καὶ
1457 4155 1577 4228 ἴχνη
1607 4158 1753 4227 ἀμυ-

77 4237 170 4307 δρά
199 4239 294 4290 καί
323 4238 382 4289 ἐν
427 4240 491 4306 τῇ
534 4237 747 4308 Παλαιᾷ
793 4241 888 4290 καὶ
929 4241 986 4292 ἐν
1018 4243 1083 4309 τῇ
1127 4241 1304 4311 Καινῇ
1345 4242 1564 4312 δοθῆναι
1611 4262 1752 4314 παρέ

81 4323 368 4375 εσκεύασεν
391 4323 420 4373 ό
446 4323 597 4386 Θεός.
617 4324 766 4375 Ἐκεῖ
793 4324 890 4393 μὲν
916 4326 1025 4394 γάρ
1050 4324 1110 4376 τὸ
1138 4327 1428 4395 πρόσωπον
1462 4329 1557 4381 τοῦ
1593 4331 1752 4384 Μωύ-

82 4408 211 4471 σὲως
236 4410 475 4479 τοσαύτῃ
516 4410 897 4480 κατελάμπετο
946 4410 1071 4482 δόξῃ
1127 4413 1281 4477 τότε,
1321 4414 1412 4487 ,ὡς
1457 4416 1750 4486 ἀπρόσιτον

81 4492 212 4548 εἶναι
254 4499 368 4559 τοῖς
399 4497 507 4548 τῶν
532 4497 880 4566 Ἰσραηλιτῶν
914 4497 1230 4567 ὀφθαλμοῖς·
1270 4502 1327 4553 ἐν
1376 4502 1434 4554 δέ
1462 4506 1528 4573 τῇ
1568 4505 1745 4576 Καινῇ

85 4584 261 4638 τούτου
293 4583 473 4653 πολλῷ
528 4584 690 4636 πλέον
746 4583 1018 4654 ἐξέλαμψε
1064 4585 1126 4637 τὸ
1162 4585 1255 4638 τοῦ
1312 4588 1571 4658 Χριστοῦ.
1610 4592 1748 4646 Εἰπέ

82 4672 185 4740 γάρ
220 4689 328 4740 μοι,
355 4674 404 4723 εἰ
429 4672 653 4740 βασιλέα
678 4689 763 4734 τις
780 4672 947 4724 αὐτὸν
980 4673 1346 4741 ἐπηγγέλλετο
1376 4676 1557 4746 πάσης
1590 4682 1749 4750 ποιῆ-

85 4772 167 4808 σαι
189 4757 286 4827 τῆς
321 4759 445 4826 γῆς,
479 4754 597 4811 εἷτα
627 4758 762 4812 ἐτῶν
791 4759 962 4811 εἰκοσι
990 4759 1180 4829 χρόνον
1209 4761 1513 4832 ἀποστῆναί
1541 4781 1600 4816 σε
1628 4767 1749 4819 ἐκέ-

84 4842 259 4896 λευσεν
290 4846 430 4915 ὑπὲρ
459 4844 671 4909 τούτου,
702 4847 796 4898 καὶ
829 4847 964 4915 μετὰ
993 4845 1167 4897 ταύτά
1209 4863 1291 4898 σοι
1335 4847 1474 4916 μετά
1502 4849 1595 4903 τοῦ
1625 4851 1745 4905 δια-

83 4931 308 5000 δῆματος
331 4933 427 4985 καὶ
453 4932 554 5002 τῆς
580 4932 893 5002 ἀλουργίδος
939 4931 1240 4985 ἀποδώσειν
1281 4933 1446 4986 αὐτὸν
1471 4937 1748 5014 ἐπηγγέλτ

84 5014 213 5076 λετο,
247 5020 339 5069 καὶ
369 5018 535 5071 πάλιν
566 5019 646 5081 εἰς
699 5017 797 5088 τήν
827 5017 855 5056 d
897 5017 1066 5087 αὐτὴν
1108 5017 1292 5080 τάξειν
1331 5020 1525 5091 ἐκείνῳ
1552 5023 1739 5095 τιμήν,

83 5098 184 5172 ἆρα
211 5105 308 5157 οὐκ
334 5104 402 5157 ἂν
428 5105 519 5157 τὸν
555 5105 834 5176 χωρισμὸν
868 5105 1060 5180 πράως
1085 5104 1316 5176 ἐνέγκῃς
1346 5108 1440 5160 καὶ
1473 5111 1610 5178 μετά
1635 5129 1743 5182 σω·-

81 5202 342 5273 (φρςσύνης
366 5204 466 5273 τῆς
491 5203 907 5275 προσηκούσης;
943 5200 1054 5275 ἆρα
1093 5202 1196 5256 οὐκ
1237 5201 1304 5256 ἂν
1331 5204 1637 5275 ήσμένισας
1667 5212 1744 5283 τῷ

133 5425 159 5514 ἓ
337 5425 625 5514 ήμῖινὲυῐοίτα
649 5425 800 5475 Savil.
840 5431 894 5475 et
918 5425 1057 5478 Colb.
1082 5427 1264 5490 χρόνων
1286 5430 1482 5489 πλῆθος.

175 5488 318 5536 Savil.
339 5491 518 5536 γῶοον.

135 5552 154 5576 π
590 5549 638 5596 in
667 5553 808 5597 textu
831 5547 1003 5605 τόπους
1022 5549 1406 5610 ἐκείνης,Μοι·ει.
1437 5562 1491 5603 ει
1513 5555 1663 5606 Savil.
1691 5556 1743 5603 in

75 5619 212 5669 marg.
233 5612 407 5665 τόπους
430 5611 650 5664 ἐκείνους.

129 5670 152 5706 δ
189 5671 336 5718 Savil.
360 5680 414 5718 Pl
436 5671 571 5718 liolb.
599 5672 744 5718 αὐτὸν
772 5670 1102 5733 ἐπηγγέλλετο,
1126 5673 1208 5719 καὶ
1241 5674 1380 5720 πάλιν
1412 5678 1481 5731 εἰς
1513 5675 1616 5733 τήν,
1643 5679 1741 5726 Mo-

72 5732 318 5778 ιρ1.αύτον
352 5735 500 5790 ἔλεγε,
526 5734 606 5777 καὶ
641 5733 781 5778 πάλιν
809 5732 976 5778 τοῦτον
1002 5734 1064 5786 εἷς
1083 5734 1184 5788 τῆνο
1215 5733 1337 5781 “ir”
1370 5737 1543 5789 κοῖαι·
1571 5732 1623 5790 εἰ·
1649 5742 1738 5790 53‘

69 5797 126 5839 v1!
170 5794 421 5854 ἠςμὶνιςας
447 5796 516 5856 τίξι
541 5795 700 5858 δώρῳ»
723 5791 858 5844 Con"
879 5794 1136 5855 ἠσμένισας
1150 5795 1205 5843 τὸ
1228 5796 1395 5859 δῶρθν“

1437 372 1530 425 AD
1571 371 1842 429 VIDUAM
1879 375 2245 434 JUNIOREM.
2317 396 2331 410 τ

3453 395 3560 451 6οδ

1886 486 2065 558 δώρῳ,
2099 492 2192 543 καὶ
2225 495 2457 565 πρᾶγμα
2508 497 2674 568 εὐχῆς
2698 500 2848 572 ἀξιον
2895 500 3035 557 εἶναι
3064 505 3355 576 ἐνόμισαςξ
3388 509 3559 565 Τοῦτο

1884 584 2062 637 τοίνυν
2096 587 2329 658 ἀνάσχου
2361 592 2453 644 καὶ
2489 591 2604 656 νῦν,
2637 595 2734 666 οὐχ
2771 597 2911 670 ὐπέρ
2943 599 3222 670 βασιλείας
3253 603 3357 674 τῆς
3401 606 3459 657 ἐν
3487 610 3556 676 τῇ

1885 682 1975 749 γῇ,
2012 680 2125 734 ἀλλ’
2152 683 2292 755 ὑπὲρ
2311 686 2411 755 τῆς
2440 688 2498 740 ἐν
2543 689 2810 759 οὐρανοῖςο
2840 694 2940 764 οὐχ
2963 695 3048 747 ἵνα
3083 697 3295 766 ἱμάτιον
3321 700 3557 769 χρυσοῦν

1884 773 2150 845 φοροῦντα
2183 779 2477 852 άπολάὸῃς,
2541 782 2653 836 ἀλλ’
2705 785 2791 838 ἵνα
2845 787 3143 844 ἀθανασίαν
3177 803 3200 830 ο
3233 795 3329 846 καὶ
3377 792 3554 859 δόξαν,

1882 867 2013 935 ὅσην
2055 870 2181 932 τοὺς
2209 872 2267 922 ἐν
2299 872 2548 942 οὐρανοῖς
2592 875 2879 944 διάγοντας
2915 880 3061 951 ἔχειν
3106 885 3254 947 εἰκός
3284 885 3455 958 [545].
3491 884 3556 940 Εἰ

1880 958 1937 1010 δέ
1969 961 2171 1032 σφόδρα
2201 965 2489 1036 ἀφορήτως
2539 968 2682 1039 ἔχεις
2715 973 2855 1044 πρὸς
2878 975 3051 1030 τὸτοῦ
3086 979 3280 1048 χρόνου
3323 980 3554 1051 μακρὸν,

1881 1055 2026 1118 εἰκὸς
2051 1058 2211 1110 αὐτὸν
2241 1062 2333 1114 καὶ
2383 1063 2451 1114 δι’
2475 1064 2767 1137 ὀνειράτων
2797 1071 3085 1143 ἐπιστῆναί
3145 1075 3228 1127 σοί
3257 1093 3411 1141 ποτε,
3460 1075 3556 1129 καὶ

1878 1149 2219 1236 διαλέγεσθαι
2242 1157 2308 1210 τά
2343 1159 2400 1211 ἐν
2435 1163 2712 1234 συνηθείᾳ,
2748 1167 2841 1219 καὶ
2861 1165 3053 1234 δείξειν
3086 1169 3208 1240 ὄψιν
3241 1172 3339 1243 τὴν
3360 1171 3558 1224 ποθου-

1882 1247 2066 1318 μένην·
2097 1250 2255 1305 τοῦτό
2284 1271 2364 1307 σοι
2390 1256 2509 1311 ἀντὶ
2527 1261 2634 1312 τῶν
2678 1263 2977 1318 ἐπιστολῶν
3005 1265 3146 1320 ἔστω
3183 1267 3554 1339 παραμύθιον,

1881 1343 2079 1414 μᾶλλον
2104 1345 2161 1398 δὲ
2181 1347 2341 1401 τοῦτο
2386 1353 2481 1404 καὶ
2525 1355 2823 1411 ἐπιστολῶν
2863 1361 3204 1434 τρανότερον.
3257 1364 3405 1416 Ἐκεῖ
3455 1363 3555 1433 μὲν

1875 1437 1984 1508 γὰρ
2007 1441 2309 1511 γράμματα
2353 1448 2510 1516 μόνον
2534 1449 2682 1505 ἐστιν
2714 1453 2862 1519 ἰδεῖν,
2905 1457 3142 1511 ἐνταῦθα
3171 1459 3228 1513 δὲ
3259 1460 3355 1513 καὶ
3381 1459 3553 1512 τύπον

1875 1534 2050 1604 ὅψεως
2074 1539 2168 1590 καὶ
2200 1540 2410 1607 γέλωτα
2432 1547 2680 1618 προσηνῆ
2716 1549 2810 1603 καὶ
2845 1553 3030 1623 σχῆμα
3063 1554 3163 1614 καὶ
3199 1553 3428 1623 βάδισιν,
3459 1554 3556 1608 καὶ

1875 1633 2014 1702 ὴχῆς
2036 1628 2287 1703 ἀκοῦσαι,
2320 1640 2414 1692 καὶ
2445 1642 2628 1714 φωνὴν
2655 1647 2956 1720 ἐπιγνῶναι
2987 1648 3088 1720 τὴν
3123 1650 3410 1720 φιλτάτην.

1945 1779 2006 1832 δ’.
2050 1781 2265 1855 Ἐπειδὴ
2295 1785 2350 1838 δὲ
2373 1789 2466 1839 καὶ
2490 1789 2629 1861 ὐπέρ
2655 1792 2955 1860 ἀσφαλείας
2971 1795 3210 1866 θρηνεῖς,
3237 1797 3304 1869 ἢν
3323 1796 3390 1850 δι’
3406 1797 3553 1851 ἐκεῖ·

1872 1891 1960 1927 νον
1993 1876 2158 1930 πάλαι
2184 1879 2470 1952 ἐκέκτησο,
2505 1885 2635 1948 ἴσως
2661 1887 2719 1940 δέ
2744 1889 2839 1942 καί
2873 1889 2959 1944 διά
2991 1891 3051 1944 τὸ
3090 1891 3311 1962 μείζους
3351 1894 3554 1963 ἐμφαί-

1871 1987 1984 2025 νειν
2015 1972 2236 2038 ἐλπίδας
2271 1977 2674 2051 εὐδοκιμήσεως
2696 1984 2814 2052 (καὶ
2838 1984 2947 2057 γάρ
2976 1987 3174 2057 ήκουον
3215 1987 3419 2054 εὐθέως
3456 1991 3555 2044 ἐπὶ

1869 2065 1960 2120 τὸν
1990 2068 2099 2123 τῶν
2124 2070 2386 2143 ὑπάρχων
2426 2074 2614 2143 θρόνον
2655 2077 2809 2148 ἥξειν
2840 2082 3027 2146 αὐτὸν,
3061 2083 3090 2137 δ
3139 2084 3377 2155 μάλιστα
3410 2086 3553 2140 πάν-

1866 2177 1996 2230 των,
2027 2162 2203 2237 οἶμαι,
2255 2171 2550 2243 συστρέφει
2587 2192 2681 2227 σου
2710 2176 2811 2246 τὴν
2838 2176 3017 2249 ψυχὴν
3063 2180 3160 2233 καὶ
3191 2184 3429 2252 συγχεῖ),
3459 2183 3551 2235 ἐν·

1868 2260 2059 2331 νόησον
2086 2263 2214 2327 τοὺς
2244 2265 2336 2318 ἐπὶ.
2371 2265 2620 2336 μείζονος
2651 2270 2961 2343 ἀξιώματος
2998 2273 3159 2338 ὄντας
3192 2278 3426 2342 ἐκείνου,
3453 2279 3552 2332 καὶ

1864 2355 1957 2410 τὸν
1983 2357 2096 2427 βίον
2139 2360 2345 2434 σφόδρα
2378 2363 2628 2429 ἐλεεινῶς
2681 2369 3181 2441 καταστρέψαντας.
3222 2373 3552 2445 Ἀναμνήσω

1865 2452 1923 2505 δέ
1958 2469 2051 2506 σε·
2086 2454 2361 2528 Θεόδωρον
2405 2459 2535 2524 ῐσως
2587 2461 2804 2526 ἀκούεις
2845 2449 2938 2517 τόν
2984 2466 3092 2519 ἀπὸ
3134 2467 3416 2532 Σικελίαςο
3453 2472 3552 2525 καὶ

1865 2549 1974 2629 γάρ
1992 2549 2102 2603 τῶν
2115 2552 2337 2631 χσφόδρα
2368 2553 2654 2628 ἐπισήμων
2681 2558 2976 2631 ἐτύγχανεν
2995 2560 3091 2614 ὥν·
3118 2557 3272 2627 οὗτος
3296 2565 3388 2618 καὶ
3417 2565 3551 2619 κάλ·

1865 2617 1953 2699 λει
1967 2647 2059 2699 καὶ
2090 2617 2310 2717 μεγέθει
2334 2617 2586 2722 σώματος
2612 2654 2713 2733 καὶ-
2755 2617 3039 2728 παρρησίᾳ
3067 2661 3134 2730 τῇ
3159 2617 3312 2732 ⁷σιτρδς
3339 2661 3552 2733 τὸνβα-

1868 2742 2018 2798 σιλέα
2065 2745 2283 2808 πάντων
2331 2747 2572 2817 κρατῶν,
2602 2731 2713 2802 καῖ’
2750 2749 3048 2823 δυνάμενος
3084 2756 3188 2809 ὅσα.
3222 2731 3345 2815 τῶν
3399 2731 3550 2812 ἔνδον

1867 2841 2250 2911 στρεφομένων
2300 2843 2500 2910 οὐδεὶς,
2530 2846 2632 2900 οὐκ
2660 2847 2860 2918 ήνεγκε
2891 2850 2992 2922 τὴν
3013 2852 3323 2922 εὐπραγίαν
3355 2855 3549 2926 πράως

1864 2933 2112 3006 ἐκείνην,
2167 2938 2296 2992 ἀλλ’
2348 2941 2744 3007 ἐπιϐουλεύσας
2783 2943 2994 3015 βασιλεῖ
3026 2949 3122 3002 καὶ
3172 2949 3354 3016 ἀλούς,
3388 2952 3550 3015 αὐτὸς

1867 3029 1965 3099 μὲν
1990 3031 2283 3105 ἀπετμήθη
2324 3036 2529 3108 σφόδρα
2558 3039 2831 3106 ἐλεεινῶς,
2871 3045 2904 3113 ἡ
2938 3043 2996 3096 δὲ
3023 3044 3218 3098 τούτου
3241 3046 3402 3118 γυνὴ,
3454 3045 3550 3101 καῖ

1863 3123 2172 3197 ἀνατροφῆς
2201 3129 2295 3182 καί
2342 3129 2533 3197 γένους
2572 3134 2805 3189 καὶτῶν
2841 3134 3034 3191 ’ἀλλων
3058 3140 3331 3195 ,ἀπάντων
3394 3143 3548 3197 οὐδὲν

1861 3218 2079 3274 ἔλαττον
2112 3221 2311 3291 ἔχουσα
2344 3226 2445 3296 τῆς
2492 3229 2774 3295 εὐγενείας
2837 3235 2936 3303 τῆς
2964 3235 3084 3305 σῆς,
3106 3235 3336 3291 ’πάντων
3392 3240 3548 3308 ἄφνω

1862 3317 2209 3386 γυμνωθείσα
2233 3319 2342 3374 τῶν
2376 3323 2548 3393 αὐτῆς
2581 3325 2675 3377 καί
2709 3327 2810 3398 τῆς
2839 3329 3156 3403 ἐλευθερίας
3188 3333 3355 3404 αὐτῆς
3380 3335 3547 3387 ἐκπε-

1863 3411 2031 3466 σοῦσα
2060 3418 2178 3477 ταῖς
2205 3422 2506 3486 ταμιακαῖς
2554 3420 2759 3490 ἐρίθοις
2786 3424 3200 3507 ἐγκατελέγετο,
3239 3429 3334 3483 καί
3363 3431 3545 3500 πάσης

1861 3505 2239 3578 θεραπαινίδος
2262 3504 2606 3586 οἰκτρότερον
2638 3517 2739 3588 ζῇν
2766 3504 3117 3590 ¹ἡναγκάζετο¹
3139 3523 3273 3594 βίον,
3290 3524 3545 3580 τοσοῦτον

1860 3602 2058 3674 ἔχουσα
2085 3605 2195 3660 τῶν
2236 3608 2412 3662 ἄλλων
2461 3611 2643 3676 πλέον,
2675 3615 2799 3668 ὅσον
2827 3617 2914 3670 διὰ
2947 3618 3046 3690 τὴν
3097 3621 3402 3694 ὑπερϐολὴν
3441 3624 3543 3694 τῆς

1861 3714 1923 3750 συ
1933 3702 2145 3770 μφορᾶς
2171 3702 2466 3774 ἐδακρύετο
2490 3707 2641 3777 παρά
2659 3709 2767 3761 τῶν
2790 3711 3043 3782 ὁρώντων
3063 3703 3319 3771 ἁπάντων
3344 3721 3540 3790 αὐτήν.

1857 3794 2089 3862 Λέγεται
2119 3797 2176 3850 δὲ
2209 3801 2301 3853 καὶ
2326 3803 2643 3873 Ἀρτεμισία
2679 3807 2870 3879 ἀνδρὸς
2901 3812 3106 3888 σφόδρα
3134 3799 3434 3886 εὐδοκίμου
3449 3834 3544 3886 γε·

1857 3893 2054 3964 νομένη
2091 3895 2251 3966 γυνὴ,
2281 3898 2468 3970 ἐπειδὴ
2519 3902 2769 3966 κάκεῖνος
2817 3908 3132 3977 τυραννίδος
3165 3911 3537 3984 ἐπεθύμησεν,

1854 3987 2026 4052 οὕτως
2055 3992 2134 4054 εἰς
2155 3992 2361 4064 ταύτην
2385 3995 2483 4067 τὴν
2514 3999 2702 4052 πενίαν
2716 4000 2890 4056 ἐλθεῖν
2920 4005 3014 4057 καὶ
3042 4007 3140 4076 τὴν
3167 4010 3436 4080 πήρωσιν.
3464 4012 3539 4067 Τό

1854 4098 1914 4137 τε
1948 4086 2056 4158 γὰρ
2112 4089 2341 4158 μέγεθος
2389 4093 2500 4173 τῆςΔ
2523 4095 2785 4165 ἀθυμίας,
2835 4099 2896 4151 τό
2939 4118 2998 4153 τε
3059 4103 3264 4174 πλῆθος
3289 4102 3409 4161 ’τῶν
3443 4110 3538 4163 δα-

1855 4178 2038 4252 κρύων
2060 4181 2428 4258 ἐσϐεσεναύτῇ
2455 4190 2581 4253 τοὺς
2610 4192 2944 4264 ὀφθαλμούς·
2975 4198 3070 4250 καὶ
3099 4199 3195 4253 νῦν
3235 4203 3345 4256 τῶν
3375 4222 3537 4276 χειρ-

1854 4281 2250 4350 αγωγησόντων
2287 4263 2456 4338 δεῖται
2514 4291 2608 4340 καί¹
2655 4291 2792 4362 πρὸς
2821 4293 2920 4356 τάς
2951 4295 3154 4367 ἐτέρων
3183 4263 3422 4375 ἀξόντων
3442 4263 3536 4356 θύ-

1858 4393 1972 4445 ρας,
2011 4377 2096 4430 ἵνα
2121 4380 2219 4450 τῆς
2247 4381 2552 4451 ἀναγκαίας
2585 4386 2757 4451 οὕτως
2778 4389 3033 4459 εὐπορεῖν
3057 4392 3156 4464 ἔχῃ
3177 4396 3404 4467 τροφῆς.
3422 4399 3534 4452 Καὶ

1853 4472 2055 4536 πολλὰς
2082 4475 2147 4528 ἂν
2181 4478 2376 4548 ἐτέρας
2416 4475 2561 4551 εἶχον
2591 4483 2769 4546 οἰκίας
2788 4488 2966 4540 εἰπεῖν
3005 4488 3149 4541 οὕτω
3189 4495 3534 4565 κατενεχθεί-

1854 4585 1973 4632 σας,
2013 4572 2062 4622 εἰ
2095 4571 2169 4642 μὴ
2201 4573 2302 4643 τήν
2324 4591 2383 4626 τε
2416 4577 2702 4632 εὐλάϐειαν
2757 4583 2852 4634 καὶ
2888 4582 2987 4654 τὴν
3028 4585 3244 4639 σύνεσιν
3277 4589 3376 4658 τῆς
3430 4589 3532 4658 σῆς

1850 4667 2166 4738 ἠπιστάμην
2187 4669 2383 4742 ψυχῆς,
2431 4675 2531 4726 οὐκ
2557 4676 2620 4727 ἐκ
2650 4676 2757 4728 τῶν
2793 4677 3086 4750 ἀλλοτρίων
3110 4684 3295 4736 κακῶν
3317 4688 3416 4756 τῆς
3449 4691 3531 4739 οἰ·-

1851 4762 2005 4826 κείας
2057 4769 2340 4836 συμφορᾶς
2375 4771 2732 4841 παραμυθίαν
2787 4774 3122 4848 βουλομένην
3162 4779 3361 4851 εὑρεῖν.
3418 4784 3531 4836 Καὶ

1849 4859 2052 4913 τούτων
2084 4863 2159 4926 δὲ,
2179 4857 2252 4916 ὧν
2284 4866 2581 4938 ἐμνήσθην,
2616 4869 2682 4920 δι’
2706 4871 2857 4924 οὐδὲν
2886 4874 3072 4944 ἕτερον
3109 4877 3384 4950 ἐμνήσθην
3408 4879 3526 4944 νῦν,

1848 4956 1963 5010 ἀλλ’
1997 4958 2082 5011 ἵνα
2111 4959 2288 5031 μάθῃς
2329 4962 2410 5015 ὅτι
2445 4964 2513 5018 τά
2533 4965 2848 5036 ἀνθρώπινα
2887 4969 3038 5022 οὐδέν
3059 4961 3173 5026 ἐστι
3202 4974 3525 5044 πράγματα,

1848 5054 1968 5108 ἀλλ’
1993 5058 2225 5127 άληθῶς,
2256 5059 2331 5122 ὠς
2353 5061 2382 5111 ὁ
2411 5064 2696 5134 προφήτης
2727 5066 2882 5135 φησί,
2916 5067 3094 5122 Πᾶσα
3132 5069 3284 5135 δόξα
3312 5073 3531 5142 ἀνθρώ·

1847 5167 1965 5206 που
1983 5155 2061 5220 ὡς
2089 5156 2280 5242 ἄνθος¹
2297 5159 2536 5226 χόρτου.
2557 5162 2705 5231 ’Ὀσῳ
2730 5163 2840 5234 γὰρ
2869 5165 2935 5218 ἂν
2952 5167 3165 5238 ἐπαρθῇ
3190 5170 3283 5221 καὶ
3311 5169 3522 5244 λάμψῃ,

1844 5251 2081 5320 τοσούτῳ
2114 5252 2334 5321 μείζονα
2366 5256 2464 5324 τὴν
2502 5257 2712 5310 πτῶσιν
2740 5260 3054 5330 ἐργάζεται,
3082 5264 3142 5316 οὐ
3187 5265 3257 5318 τά
3286 5266 3396 5322 τῶν
3427 5269 3533 5339 ἀρ-

1844 5346 2088 5416 χομένων
2135 5349 2315 5417 μόνον,
2355 5349 2490 5404 ἀλλά
2525 5353 2617 5405 καὶ
2643 5354 2711 5407 τά
2737 5356 2846 5409 τῶν
2901 5359 3291 5428 βασιλευόντων
3320 5364 3522 5421 αὐτῶν.

1845 5440 1977 5493 Οὐδὲ
2009 5443 2117 5512 γάρ
2172 5444 2238 5497 ἂν
2264 5445 2415 5516 εὖροι
2460 5465 2545 5511 τις
2598 5451 2777 5504 οἰκίαν
2815 5454 3087 5528 ἰδιωτικήν
3113 5462 3383 5515 τοσούτων
3420 5465 3521 5533 ἐμω

1845 5535 2236 5608 πεπλησμένην
2268 5540 2583 5612 συμφορῶν,
2643 5545 2784 5600 ὅσων
2833 5548 2904 5603 τά
2945 5550 3193 5624 βασίλεια
3223 5554 3388 5626 γέμει
3413 5555 3526 5612 τῶν

1853 5740 1931 5846 .οε
1979 5740 2058 5811 εἰς·
2121 5743 2286 5805 (lu-HL;
2325 5745 2498 5798 Morel.
2555 5751 2846 5815 ἀφθαρσίαν,
2917 5757 3064 5808 Sani].
3125 5762 3385 5828 ἀφθαρσίαν
3440 5765 3523 5815 καὶ

1853 5816 2121 5846 κανασιαν.

1842 5816 2099 5849 αυανασιαν
2109 5832 2121 5847 0
