4158 6316
647 498 855 552 κακῶν.
879 498 1118 568 Καὶγάρ
1142 499 1392 568 ὀρφανίαι
1424 500 1612 570 ἄωροι,
1637 503 1729 552 καὶ
1760 502 1992 570 χηρεῖαι,
2023 497 2306 552 καίθάνα-

649 602 731 638 τοι
756 585 903 655 [544]
927 585 1109 654 βίαιοι,
1142 587 1362 639 καὶτῶν
1394 587 1454 638 ἐν
1481 587 1952 656 ταῖςτραγῳδίαις
1984 583 2306 656 παρανομώ-

648 685 796 741 τεροι
815 671 992 742 πολλῷ
1043 674 1136 725 καὶ
1169 674 1478 743 πικρότεροι
1515 673 1747 743 μάλιστα
1775 674 1855 733 είς
1880 672 2084 742 ταύτην
2133 687 2305 724 κατα-

651 758 950 826 σκήπτουσι
977 759 1074 828 τὴν
1102 761 1294 830 ἀρχήν.

569 958 578 964 _
659 963 664 964 ν
721 877 835 964 Καὶ
876 878 963 931 ἶνα
1011 879 1078 931 τά
1134 879 1337 932 παλαιά
1390 881 1614 950 ἀφῶμεν
1633 920 1648 943 ,
1711 883 1819 933 τῶν
1878 878 2306 948 βασιλευσάντων

650 963 746 1029 ἐπὶ
809 966 908 1032 τῆς
965 967 1156 1031 γενεᾶς
1200 966 1300 1035 τῆς
1346 968 1659 1037 ἡμετέρας,
1718 967 1871 1018 ἐννέα
1931 963 2307 1033 γεγενημένων

651 1049 922 1113 ἁπάντων,
943 1050 1045 1117 δύο
1082 1052 1229 1120 μόνοι
1258 1053 1419 1122 κοινῷ
1465 1053 1676 1122 θανάτῳ
1713 1054 1803 1106 τὸν
1834 1052 1947 1122 βίον
1986 1051 2303 1103 κατέλυσαν·

649 1133 760 1185 τῶν
787 1135 843 1187 δὲ
895 1136 1067 1190 ἄλλων
1107 1140 1134 1190 6
1181 1140 1278 1208 μὲν
1314 1139 1417 1191 ὑπὸ
1468 1139 1751 1210 τυράννου,
1777 1141 1805 1191 6
1853 1140 1909 1192 δὲ
1941 1140 1999 1190 ἐν
2051 1137 2304 1205 πολέμῳ,

649 1223 680 1273 6
723 1221 781 1272 δὲ
832 1222 936 1274 ὑπὸ
986 1223 1092 1275 τῶν
1144 1225 1291 1284 ἔνδον
1349 1227 1717 1294 φυλαττόντων
1772 1225 1932 1279 αὑτὸν
1993 1222 2306 1276 ἐπιϐουλευ-

650 1307 784 1370 θεὶς,
843 1310 872 1368 ὁ
917 1309 975 1362 δὲ
1039 1312 1130 1362 ὑπ’
1181 1312 1342 1365 αὑτοῦ
1400 1312 1494 1366 τοῦ
1542 1313 2030 1383 χειροτονήσαντος,
2076 1311 2170 1362 καὶ
2208 1309 2306 1377 τήν

650 1391 942 1464 ἁλουργίδα
977 1398 1286 1467 περιθέντος
1313 1401 1479 1469 αὐτῷ·
1514 1402 1570 1453 αἰ
1605 1401 1660 1453 δὲ
1693 1400 1899 1476 τούτοις
1923 1399 2306 1466 συνοικήσασαι

650 1485 924 1545 γυναῖκες,
949 1485 1003 1537 αἱ
1033 1486 1149 1554 μὲν,
1175 1486 1250 1548 ῶς
1273 1505 1424 1554 φασι,
1467 1489 1778 1559 φαρμάκοις
1810 1485 2110 1551 ἀπέθανον,
2137 1484 2193 1536 αἱ
2249 1483 2306 1534 δὲ

651 1565 759 1617 ὑπὸ
785 1567 884 1636 τῆς
916 1569 1151 1639 ἀθυμίας
1178 1573 1368 1643 αὐτῆς.
1411 1575 1531 1627 Τῶν
1567 1577 1622 1628 δὲ
1677 1575 1754 1627 ἔτι
1790 1572 2092 1643 περιουσῶν
2119 1575 2152 1640 ἡ
2211 1570 2306 1638 μὲν

651 1653 819 1705 παῖδα
848 1655 1045 1724 ἔχουσα
1071 1659 1304 1728 ὀρφανὸν
1350 1662 1540 1730 τρέμει
1567 1661 1661 1713 καὶ
1684 1661 1888 1713 δέδοικε
1917 1661 1991 1729 μή
2022 1675 2107 1721 τις
2145 1658 2308 1709 αὑτὸν

650 1738 759 1790 τῶν
793 1742 1135 1810 κρατούντων
1155 1747 1302 1815 φόϐῳ
1329 1747 1436 1798 τῶν
1472 1747 1769 1816 μελλόντων
1799 1746 1983 1815 ἀνέλῃ’
2018 1748 2052 1813 ὴ
2076 1744 2131 1797 δὲ
2156 1743 2307 1812 μόλις

649 1825 861 1878 πολλῶν
890 1829 1184 1896 δεηθέντων
1215 1834 1321 1887 άπὸ
1344 1835 1443 1904 τῆς
1464 1835 1756 1905 ὑπερορίας
1783 1833 2100 1903 ἐπανῆλθεν,
2135 1833 2307 1900 εῐςῆν

650 1913 820 1983 αὐτὴν
844 1915 880 1967 ’ὁ
907 1917 1121 1986 κρατῶν
1151 1920 1372 1983 ἐξέϐαλε
1403 1921 1683 1990 πρότερον.
1715 1921 1832 1973 Τῶν
1860 1921 1918 1972 δέ
1948 1921 2060 1980 τοῖς
2085 1917 2179 1973 νῦν
2210 1918 2306 1987 βα-

650 1999 922 2082 σιλςύουσι
955 2007 1335 2080 συνοικουσῶν
1359 2009 1392 2077 ἠ
1423 2008 1520 2077 μὲν
1573 2009 1682 2060 ἀπὸ
1708 2006 1818 2058 τῶν
1868 2008 2150 2076 προτέρων
2173 2007 2307 2058 ἀνα-

651 2087 933 2141 πνεύσασα
986 2093 1278 2162 συμφορῶν
1331 2094 1782 2164 ἀναμεμιγμένην
1839 2092 1950 2162 ἔχει
1991 2092 2190 2162 πολλὴν
2237 2093 2306 2161 τῇ

652 2173 812 2243 ἡδονῇ
846 2176 943 2244 τὴν
965 2178 1151 2247 ὀδύνην
1181 2181 1268 2233 διά
1295 2180 1356 2233 τὸ
1380 2181 1580 2251 σφόδρα
1609 2181 1690 2232 ἐτι
1715 2181 1834 2233 νέον
1862 2176 2001 2232 εἶναι
2039 2181 2132 2232 καὶ
2156 2178 2310 2232 ἀπει-

656 2275 749 2328 ρον
780 2263 872 2314 τὸν
903 2266 1222 2334 κρατοῦντα,
1263 2268 1356 2320 καὶ
1386 2266 1612 2329 πολλοὺς
1659 2267 1987 2336 πολλαχόθεν
2014 2265 2156 2334 ἔχειν
2185 2267 2309 2327 τοὺς

651 2348 1116 2415 ἐπιϐουλεύοντας
1149 2355 1182 2423 ή
1201 2354 1258 2406 δὲ
1290 2354 1626 2422 ἀποτέθνηκε
1651 2353 1729 2422 τῷ
1755 2354 1886 2415 δέει,
1945 2354 2042 2406 καὶ⁵
2071 2352 2180 2405 τῶν
2209 2369 2310 2404 κα-

651 2433 886 2488 ταδίκων
915 2437 1238 2512 ἀθλιώτερον
1275 2441 1340 2511 ζῇ
1371 2440 1458 2494 διὰ
1493 2441 1554 2493 τὸ
1589 2441 1678 2493 τὸν
1729 2441 1897 2510 ἄνδρα
1925 2440 2114 2508 αὐτῆς,
2159 2438 2218 2502 ἐξ
2247 2430 2310 2490 οὗ

651 2520 717 2572 τὸ
741 2520 972 2592 διάδημα
1006 2526 1295 2595 ἀνεδήσατο
1334 2528 1488 2597 μέχρι
1525 2528 1635 2598 τῆς,
1656 2529 1917 2597 σήμερον,
1969 2529 2027 2580 ἐν
2055 2526 2311 2596 πολέμοις

652 2607 944 2676 διατρίϐειν
970 2611 1062 2662 καὶ
1079 2613 1298 2680 μάχαις,
1336 2615 1552 2667 καὶτῶν
1579 2615 1870 2685 συμφορῶν
1895 2613 2057 2666 πλέον
2088 2614 2190 2666 ὑπὸ
2211 2612 2323 2683 τῆς

655 2693 915 2764 αἰσχύνης
942 2697 1321 2752 ἀναλίσκεσθαι
1351 2701 1445 2754 καὶ
1476 2702 1589 2763 τοῖς
1609 2701 1759 2770 παρά
1789 2701 2005 2753 πάντων
2030 2699 2308 2753 ὀνείδεσιν.

661 2780 729 2832 ’0
755 2780 864 2857 γὰρ
894 2784 1160 2851 μηδέποτε
1180 2782 1391 2853 γέγονε,
1423 2788 1619 2857 συνέϐη
1655 2786 1778 2852 νῦν,
1834 2789 1929 2840 καὶ
1979 2787 2076 2857 τὴν
2134 2787 2313 2839 αὐτῶν

656 2867 888 2934 ἀφέντες
914 2872 960 2922 οἱ
989 2871 1248 2943 βάρϐαροι
1275 2873 1456 2945 χώραν
1476 2887 1503 2915 ι
1527 2876 1753 2945 μυρίους
1783 2857 2153 2944 σταδίουςζῆς
2185 2877 2313 2943 ἠμε-

653 2952 820 3023 τέρας
841 2955 932 3006 καὶ
964 2957 1220 3022 πολλάκις
1240 2960 1522 3024 τοσούτους
1546 2961 1872 3030 ἐπέδραμον,
1899 2963 1991 3013 καὶ
2015 2961 2113 3022 τὰς
2133 2959 2315 3029 χώρας

655 3041 1115 3109 κατακαύσαντες,
1156 3047 1247 3098 καὶ
1273 3046 1370 3109 τὰς
1402 3047 1584 3110 πόλεις
1615 3049 1857 3111 ἑλόντες,
1916 3049 2015 3100 οὐκ
2042 3047 2313 3100 ἐθέλουσιν

658 3124 1017 3197 ὑποστρέφειν
1048 3130 1226 3184 οἴκαδε
1255 3133 1434 3197 πάλιν,
1458 3133 1570 3185 ἀλλ’
1621 3133 1809 3204 ὥσπερ
1835 3134 2148 3205 χορεύοντες
2179 3133 2314 3202 μᾶλ-

658 3210 802 3283 λονῆ
835 3216 1210 3285 πολεμοῦντες,
1255 3219 1396 3273 οὕτω
1449 3221 1788 3290 καταγελῶσι
1841 3222 1970 3282 τοὺς
2016 3220 2315 3290 ἡμετέρους

657 3297 921 3364 ἅπαντας·
951 3304 1044 3356 καί
1089 3323 1209 3358 τινα
1235 3306 1344 3360 τῶν
1371 3299 1748 3378 παρ”ἐκείνόις
1803 3307 2064 3376 βασιλέων
2089 3307 2250 3375 φασιν
2285 3307 2314 3346 h

656 3388 831 3440 εἰπεῖν
853 3391 933 3442 ὅτι
961 3390 1060 3460 τῆς
1083 3394 1460 3463 ἀναισχυντίας
1487 3396 1838 3466 ἐκπλήττοιτο
1867 3396 1992 3457 τοὺς
2015 3393 2316 3465 ἡμετέρους

659 3477 1028 3545 στρατιιὶηας,
1107 3481 1157 3532 οἳ
1211 3483 1407 3550 μᾶλλον
1458 3482 1744 3553 προϐάτων
1815 3483 2343 3552 κατασφαττόμενοι,,

659 3563 1031 3631 προσδοκῶσιν
1053 3567 1131 3620 ἔτι
1159 3572 1336 3639 νικᾷν,
1365 3570 1458 3622 καὶ
1494 3571 1592 3622 οὐκ
1627 3564 2185 3640 ἐθέλουσινὲκστῆναι
2215 3569 2315 3638 τῆς

661 3650 889 3701 ἑαυτῶνο
919 3653 1080 3715 αὐτὸς
1105 3655 1202 3724 μὲν
1227 3656 1334 3726 γὰρ
1353 3656 1557 3725 ἔφασκε
1587 3656 1680 3708 καὶ
1703 3656 1863 3726 κόρον
1889 3657 2165 3724 εἰληφέναι
2191 3656 2319 3707 πολ-

656 3735 816 3799 λάκις
836 3737 1191 3794 κατακόπτων
1227 3744 1440 3806 αὐτούς.
1468 3744 1633 3796 Ποίαν
1671 3741 1763 3795 οὖν
1795 3743 1896 3796 οἴει
1931 3744 2136 3796 καὶτὸν
2167 3743 2317 3812 βασι-

660 3821 778 3885 λέα,
805 3825 898 3876 καὶ
923 3827 1024 3896 τὴν
1053 3829 1238 3881 τούτου
1259 3833 1490 3898 γυναῖκα
1516 3832 1686 3884 ταὸτα
1718 3830 2019 3885 ἀκούουσαν
2044 3832 2113 3882 τά
2138 3833 2318 3901 ῥήμα-

657 3923 752 3975 τα,
783 3908 927 3979 ἔχειν
945 3910 1122 3982 ψυχήν
1137 3931 1153 3978 ;

732 4037 798 4084 ε’.
820 4032 1036 4102 Ἐπειδὴ
1058 4034 1114 4086 δὲ
1132 4036 1405 4107 ἐμνήσθην
1425 4037 1516 4090 τοῦ
1543 4039 1776 4109 πολέμου
1801 4038 2010 4105 τούτου,
2032 4039 2198 4109 ἐσμός
2226 4057 2316 4110 μοι

661 4118 830 4180 πολὺς
864 4120 1045 4189 χηρῶν
1091 4123 1411 4194 ἐπέδραμεν,
1443 4127 1498 4179 αί
1539 4127 1702 4180 πάλαι
1734 4139 1755 4164 α
1783 4128 1883 4194 μὲν
1915 4128 2118 4196 σφόδρα
2151 4127 2318 4198 ἐλαμ-

662 4222 766 4258 πον
789 4207 897 4258 ἀπὸ
927 4208 1026 4278 τῆς
1055 4209 1161 4262 τῶν
1187 4212 1392 4281 ἀνδρῶν
1427 4215 1612 4284 τιμῆς,
1665 4215 1761 4267 νῦν
1795 4215 1851 4268 δέ
1876 4216 2087 4286 ἀθρόως
2111 4215 2318 4269 ἅπασαι

663 4293 907 4396 ⁶ἕτενθήρη
929 4297 1300 4396 καλνμέλαιναν
1326 4303 1690 4396 περιθέμεναι·
1713 4305 1903 4375 στολὴν
1938 4306 2194 4376 θρηνοῦσι
2226 4307 2318 4357 τὸν

663 4384 881 4433 ᾶπαντα
916 4384 1123 4452 χρόνον.
1154 4387 1288 4438 Οὐδὲ
1308 4387 1417 4457 γὰρ
1451 4390 1608 4442 τοῦτο
1636 4391 1824 4453 αὐταῖς
1868 4393 2128 4462 ὑπῆρξεν,
2184 4393 2317 4462 ὅπερ

660 4470 730 4538 τῇ
758 4470 915 4540 τιμίᾳ
949 4489 1039 4524 σου
1069 4474 1298 4544 κεφαλῇ.
1355 4477 1426 4529 Σὺ
1459 4479 1558 4547 μὲν
1609 4479 1737 4549 γάρ,
1784 4473 1830 4530 ὦ
1880 4478 2175 4549 θαυμασία,
2225 4482 2320 4532 καὶ

665 4555 913 4624 κείμενον
940 4561 1032 4611 ἐπὶ
1076 4563 1174 4630 τῆς
1219 4562 1405 4633 κλίνης
1460 4560 1598 4626 εἶδες
1626 4566 1713 4617 τὸν
1751 4564 1913 4618 καλὸν
1936 4568 2178 4627 ἐκεῖνον,
2227 4568 2321 4619 καὶ

664 4643 898 4713 ἐσχάτης
918 4646 1155 4715 ῆκουσας
1183 4651 1384 4719 φωνῆς,
1413 4651 1509 4703 καὶ
1535 4654 1654 4704 τίνα
1679 4654 1783 4724 χρὴ
1814 4651 2016 4723 πρᾶξαι
2046 4654 2185 4723 ὑπὲρ
2212 4653 2321 4707 τῶν

665 4735 1132 4826 πραγμάτωνῌτῆς
1165 4738 1342 4800 οἰκίας
1373 4738 1572 4805 ἔμαθες
1603 4742 2047 4810 ἐπισκήπτοντος,
2092 4743 2185 4793 καὶ
2234 4741 2323 4794 διὰ

665 4818 777 4869 τῶν
803 4818 1072 4890 διαθηκῶν
1093 4822 1306 4876 ἀπασαν
1331 4827 1443 4887 τοῖς
1471 4826 1821 4889 πλεονέκταις
1840 4829 1935 4880 καὶ
1963 4829 2324 4895 συκοφάνταις

670 4904 1104 4975 ἀποτειχίζοντος
1140 4909 1343 4977 ἔφοδον.
1396 4913 1504 4964 Καὶ
1533 4914 1595 4966 οὐ
1627 4913 1784 4965 τοῦτο
1815 4913 1994 4984 μόνον,
2041 4915 2179 4967 ἀλλά
2231 4915 2325 4967 καὶ

670 4992 849 5062 νεκρῷ
871 4993 950 5046 ἐτι
979 4996 1212 5077 κειμένῳ
1244 4998 1500 5060 πολλάκις
1524 5000 1806 5064 ἐπέπεσες,
1841 5001 1933 5053 καὶ
1959 5000 2326 5071 κατεφίλησας

667 5080 998 5151 ὀφθαλμοὺς,
1017 5085 1483 5156 καὶπεριεχύθης,
1508 5088 1602 5138 καὶ
1632 5086 1932 5149 ἐκώκυσας,
1961 5089 2053 5141 καὶ
2074 5104 2325 5159 προπεμ-

670 5167 871 5247 φθέντα
903 5168 1039 5234 εἶδες
1067 5164 1204 5242 μετὰ
1231 5175 1429 5243 πολλῆς
1454 5174 1553 5242 τῆς
1587 5175 1751 5244 τιμῆς
1784 5173 1951 5244 [5451,
1987 5176 2081 5227 καὶ
2105 5176 2172 5229 τὰ
2190 5176 2327 5244 πρὸς

666 5257 770 5327 τὴν
795 5258 970 5329 ταφὴν
994 5261 1169 5312 πάντα
1219 5261 1478 5330 ἔπραξας,
1515 5261 1592 5323 ὡς
1624 5261 1894 5331 προσῆκον
1925 5257 2011 5330 ἦν,
2066 5262 2162 5314 καὶ
2190 5264 2328 5332 πρὸς

667 5345 765 5398 τὸν
788 5346 957 5414 τάφον
989 5348 1247 5412 πολλάκις
1283 5350 1551 5418 ἐρχομένη
1589 5351 1678 5402 τὸν
1733 5351 1941 5402 ἐκείνου
1976 5349 2327 5420 παραμυθίαν

724 5590 752 5665 ξ
781 5597 863 5665 §i_c
885 5599 1022 5665 (ἔθη).
1045 5601 1257 5665 ειξενὶι.
1281 5601 1335 5648 In
1362 5601 1532 5665 Morel.
1560 5606 1718 5665 χώραν
1736 5603 1896 5652 deest.

733 5657 764 5724 ᾗ
785 5657 1023 5724 ξίοβοιι).
1045 5663 1256 5711 elSavil.
1277 5666 1341 5711 At
1362 5662 1532 5711 Morel.
1561 5657 1714 5724 ᾦηὰίν.

727 5723 750 5752 ε
776 5720 922 5789 gon}.
945 5724 1002 5789 αῖ
1021 5724 1188 5789 ῄλαι,
1213 5735 1324 5789 guap
1350 5724 1494 5789 Ie_cli_9
1523 5717 1770 5789 _p_if;i:slare
1815 5717 2022 5777 videtur.
2072 5726 2243 5775 Morel.
2275 5732 2327 5776 et

674 5777 827 5834 Savil.
852 5783 904 5830 αἲ
925 5784 1114 5844 πολλαί,
1139 5777 1191 5834 εί
1213 5777 1276 5832 ila
1301 5784 1425 5847 legit
1448 5777 1685 5834 Noﬁilius.

1420 381 1479 437 S.
1517 378 1795 437 JOANNIS
1832 376 2316 434 CHRYSOSTOIH
2355 376 2675 432 ARCHIEP.
2716 365 3258 431 CONSTANTINOP.

3964 375 4068 429 606

2413 500 2556 570 ἔχεις
2592 502 2690 571 τῆς
2719 499 2909 570 ὀδύνης
2937 502 2998 552 οὐ
3054 495 3273 568 μικράν.
3313 485 3478 570 ᾼῦται
3503 491 3563 544 δὲ
3590 489 3790 543 τούτων
3812 489 4062 540 ἀπάντων

2412 587 2759 656 ἐστέρηνται,
2797 585 3146 655 ἐκπέμψασαι
3174 581 3272 650 μὲν
3314 583 3403 658 εἰς’
3422 577 3658 646 πόλεμον
3706 575 3917 627 ἅπασαι
3940 575 4062 633 τοὺς

2411 672 2618 725 ἐαυτῶν
2641 674 2857 743 ἄνδρας,
2885 672 2958 734 ὡς
2985 670 3148 724 πάλιν
3177 668 3369 729 αὐτοὺς
3396 663 3820 742 ἀποληψόμεναι.
3853 661 3975 712 ἀντὶ
3992 658 4064 714 ,δὲ

2411 760 2632 812 ἐκείνων
2775 733 2974 827 πικρὰν
3003 760 3102 828 τῆς
3128 747 3381 822 τελευτῆς
3412 749 3585 804 αὐτῶν
3599 733 3873 837 ᾁάγγελίαν
3909 744 4065 837 στρέ-

2411 861 2599 912 φονται
2619 844 2927 914 δεξάμεναι.
2951 843 3087 896 Οὐδέ
3113 841 3222 910 γὰρ
3245 841 3312 892 τὰ
3339 837 3565 908 σώματά
3582 829 3666 898 τις
3695 834 3871 887 αὐτῶν
3907 829 4066 898 κομί-

2412 930 2519 992 ζων
2547 931 2846 1000 ἐπανῆλθεν
2872 930 3080 991 αὐταῖς,
3124 928 3259 982 ἀλλά
3285 927 3504 996 ῥήματα
3548 925 3705 993 μόνον
3732 919 3826 972 τόν
3862 918 4066 987 τρόπον

2410 1016 2739 1085 διηγούμενα
2760 1018 2859 1087 τῆς
2880 1016 3155 1084 τελευτῆς.
3190 1014 3310 1066 Είσὶ⁵
3352 1013 3409 1065 δὲ
3436 1011 3493 1063 αἳ
3515 1010 3638 1063 οὐδὲ
3667 1007 3872 1086 ταύτης
3902 1000 4068 1071 ἠξιῶ-

2413 1083 2581 1171 ϐησαν
2605 1083 2706 1172 τῆς
2725 1083 3044 1172 διηγήσεως,
3076 1083 3194 1153 οὐδὲ
3222 1101 3368 1162 ὅπως
3393 1096 3689 1151 κατέπεσον
3723 1083 3914 1161 μαθεῖν
3945 1087 4068 1156 ἡδυ-

2411 1187 2671 1257 νήθησαν,
2699 1190 2758 1240 ἐν
2789 1189 2969 1260 πολλῷ
3007 1178 3084 1257 τῷ
3107 1187 3315 1257 ,πλήθει
3349 1185 3446 1252 τῆς
3495 1179 3767 1251 συμϐολῆς
3817 1191 4066 1242 καταχω-

2414 1273 2642 1327 σθέντων
2669 1274 2865 1328 αὐτῶν.

2482 1395 2591 1447 Καὶ
2634 1396 2687 1446 τί
2719 1395 3048 1465 θαυμαστὸν,
3094 1395 3143 1447 εί
3181 1393 3290 1446 τῶν
3323 1388 3641 1460 στρατηγῶν
3670 1385 3843 1445 οὕτως
3871 1379 4073 1434 ἀπέθα-

2414 1493 2500 1529 νον
2531 1479 2581 1530 οί
2605 1479 2808 1544 πολλοὶ,
2833 1481 2964 1533 ὅπου
3004 1497 3068 1548 γε
3098 1480 3190 1531 καὶ
3235 1478 3395 1538 αὐτὸς
3425 1477 3455 1527 6
3486 1472 3733 1544 βασιλεὺς
3761 1471 3842 1530 εἰς
3879 1465 4072 1535 κώμην

2411 1565 2532 1617 τινὰ
2583 1566 2932 1635 ἀπολειφθεὶς
2997 1568 3114 1636 μετ’
3165 1565 3361 1631 ὀλίγων
3421 1557 3763 1630 στρατιωτῶν
3837 1551 4072 1615 ἐξελθεῖν

2417 1653 2514 1720 μὲν
2568 1655 2662 1705 καὶ
2717 1655 3031 1723 ἀντιστῆναι
3077 1655 3187 1714 τοῖς
3241 1648 3556 1704 ἐπελθοῦσιν
3621 1646 3721 1698 οὐκ
3781 1641 4075 1708 ἐτόλμησε,

2417 1739 2593 1805 μένων
2621 1740 2678 1791 δὲ
2705 1740 2849 1792 ἔνδον
2888 1739 3000 1810 πῦρ
3037 1740 3347 1807 ἐξαψάντων
3374 1735 3596 1788 ἐκείνων
3625 1725 4067 1798 ωγκατεφλέχθη

2412 1828 2524 1888 τοῖς
2558 1825 2705 1878 ἔνδον
2733 1826 2934 1878 ἅπασιν
2973 1827 3072 1878 οὐκ
3118 1825 3340 1895 ἀνδράσι
3377 1823 3554 1892 μόνον,
3590 1817 3726 1871 ἀλλὰ
3752 1816 3850 1870 καὶ
3887 1815 4068 1873 ἵπποις

2415 1913 2506 1965 καὶ
2532 1913 2707 1975 δοκοῖς
2733 1915 2828 1966 καὶ
2866 1913 3086 1982 τοίχοις,
3121 1912 3216 1978 καῖ
3248 1911 3428 1962 πάντα
3475 1909 3572 1977 μία
3606 1905 3634 1944 ά
3661 1903 3852 1971 γέγονε
3889 1901 4071 1962 κόνις

2415 1999 2525 2052 Kal
2585 1983 2787 2071 ταύτην
2845 2000 2897 2052 οί
2957 1999 3094 2069 μετά
3161 1997 3255 2050 τοῦ
3303 1995 3564 2065 βασιλέως
3623 1989 3950 2046 ἀπελθόντες
3999 1987 4075 2046 είς

2415 2086 2645 2156 πόλεμον
2674 2088 2794 2140 ἀντὶ
2817 2087 2910 2139 τοῦ
2931 2085 3192 2155 βασιλέως
3219 2082 3518 2150 ἐπανῆλθον
3544 2081 3611 2148 τῇ
3639 2075 3859 2145 γυναικὶ
3889 2074 4076 2142 φέροψ

2413 2189 2506 2234 τες
2530 2173 2630 2243 τὴν
2670 2174 2875 2243 φωνήν.
2911 2172 3075 2225 Οὐδὲν
3116 2170 3247 2239 γὰρ,
3282 2168 3433 2220 οὐδὲν
3461 2165 3572 2217 τῶν)
3596 2165 3652 2215 ἐν
3687 2163 3755 2230 τῇ
3791 2161 3966 2227 σκηνῇ
3988 2174 4074 2243 τίς

2415 2240 2655 2329 νομένων
2700 2240 2820 2312 καὶ⁷
2845 2261 2944 2328 τῆς
2971 2259 3079 2310 τῶν
3117 2255 3352 2326 ἐαρινῶν
3394 2253 3604 2305 ἀνθέων
3635 2259 3660 2286 θ
3684 2247 3833 2317 ῶρας
3883 2243 3957 2294 τὰ
3983 2240 4075 2294 τοῦ

2417 2345 2619 2414 κόσμου
2653 2345 2879 2415 λαμπρὰ
2905 2345 3196 2414 διενήνοχε.
3247 2339 3472 2407 Πρῶτον
3497 2338 3596 2404 μὲν
3624 2335 3732 2403 γὰρ
3758 2331 3888 2401 πρὶν
3915 2330 3952 2398 ἦ
3979 2345 4078 2395 9"

2418 2438 2570 2506 νῆναι
2599 2437 2916 2504 ἅφίπταταισ
2945 2435 3134 2487 ἔπειτα
3162 2433 3241 2495 δὲ,
3280 2432 3384 2484 κᾶν
3417 2429 3608 2499 μικρὸν
3637 2427 3928 2494 ἀναμεῖναι
3953 2421 4079 2474 ἀνά-

2422 2539 2612 2592 σχηται
2652 2523 2861 2592 χρόνον,
2912 2521 3109 2583 εὐθέως
3161 2518 3440 2586 εὔφθαρτα
3471 2517 3701 2582 γίνεται.
3735 2511 3801 2562 Τί
3856 2509 3962 2579 γάρ
3984 2511 4077 2577 τῆς

2420 2609 2571 2680 παρά
2591 2609 2698 2661 τῶν
2731 2607 2940 2660 πολλῶν
2955 2607 3123 2677 τιμῆς
3145 2606 3238 2658 καὶ
3270 2603 3430 2673 δόξης
3456 2600 3805 2671 οὐδαμινέστε
3815 2615 3906 2666 ρον
3928 2613 3943 2660 ;
3963 2597 4079 2646 τίνα

2419 2697 2529 2768 ἔχει
2559 2697 2648 2749 τὸν
2677 2697 2908 2767 καρπὸν,
2940 2695 3101 2747 ποίαν
3124 2693 3220 2762 τὴν
3242 2692 3461 2760 δνησιν;
3492 2691 3573 2752 είς
3603 2691 3752 2740 ποῖον
3780 2685 3937 2745 τέλος
3958 2684 4082 2752 χρή·

2421 2802 2578 2853 σιμον
2616 2785 2868 2853 ἀπαντᾷς
2932 2783 3042 2834 Kal
3063 2779 3174 2833 ιῐθε
3196 2779 3353 2832 τοῦτο
3382 2779 3540 2847 μόνον
3569 2772 3635 2845 ἦν
3657 2774 3716 2826 τὸ
3744 2771 3940 2825 δεινόν’
3967 2773 4082 2820 νυνὶ

2419 2871 2496 2935 δὲ,
2513 2872 2650 2941 πρὸς
2669 2871 2746 2940 τῷ
2777 2871 2941 2940 μηδὲν
2957 2870 3099 2939 ἔχειν
3125 2868 3232 2921 ἀπὸ
3257 2865 3352 2918 τοῦ
3378 2863 3675 2935 κερδαίνειν
3703 2859 3889 2921 καλὸν,
3911 2857 4083 2909 πολλά

2419 2957 2636 3028 λυπηρά
2671 2959 2765 3012 καὶ
2818 2946 3082 3026 ἐπιϐλαϐἦ
3137 2954 3322 3025 φέρειν
3380 2948 3745 3017 ἀναγκάζεται
3789 2945 4032 3013 συνεχῶς
4057 2944 4082 2992 ό

2417 3046 2518 3114 τὴν
2555 3045 2944 3115 χαλεπωτάτην
2963 3043 3165 3113 ταύτην
3189 3041 3470 3092 δέσποιναν
3492 3036 3651 3106 ἔχων.
3685 3033 3956 3085 Δέσποινα
3979 3033 4082 3098 γάρ

2420 3133 2536 3185 ἐστι
2563 3132 2671 3184 τῶν
2704 3132 2937 3199 ἐχόντων
2967 3128 3154 3198 αὐτὴν,
3191 3127 3287 3179 καὶ
3342 3126 3562 3194 ὅσῳπερ
3592 3121 3658 3174 ἂν
3715 3117 4084 3185 κολακεύηται

2421 3218 2574 3289 παρά
2594 3218 2700 3270 τῶν
2729 3215 2947 3280 δούλων,
2961 3215 3196 3283 τοσούτῳ
3225 3212 3385 3264 πλέον
3405 3212 3616 3279 αἴρεται
3643 3205 3763 3259 κατ’
3787 3203 3974 3257 αὐτῶν
3996 3201 4086 3254 καὶ

2423 3301 2802 3371 σκληροτέροις
2829 3300 3023 3360 αὐτοὺς
3048 3297 3352 3351 κατατείνει
3387 3297 3498 3355 τοῖς
3539 3291 3902 3358 ἐπιτάγμασι⁶
3959 3288 4085 3346 τοὺς

2420 3375 2846 3447 δὲδιαπτύοντας
2879 3384 3045 3454 αὐτὴν
3090 3385 3184 3436 καὶ
3212 3381 3565 3452 παρορῶντας
3591 3377 3710 3430 οὺδέ
3731 3375 3873 3444 αὐτὴ
3901 3373 4086 3426 λοιπὸν

2423 3477 2732 3548 ἀμύνασθαι
2789 3475 2988 3527 δύναιτ’
3020 3473 3104 3524 ἄν·
3140 3470 3281 3523 οὕτω
3333 3469 3428 3521 καὶ
3455 3467 3716 3536 τυράννου
3743 3464 3839 3542 καὶ
3871 3462 4085 3531 θηρίου

2423 3547 2623 3625 παντὸς
2649 3566 2764 3615 ἐστι
2792 3560 3158 3630 χαλεπωτέρα.
3204 3558 3261 3610 Ὀ
3291 3558 3394 3625 ,μὲν
3446 3555 3554 3623 γὰρ
3582 3552 3843 3620 τύραννος
3884 3550 3983 3600 καὶ
4024 3547 4088 3596 τά

2422 3651 2584 3720 θηρία
2597 3648 3002 3701 τιθασσεύονται
3028 3646 3117 3697 διὰ
3136 3644 3373 3704 θωπείας
3401 3641 3658 3702 πολλάκις
3682 3637 3869 3706 ι’,αῦτη
3897 3635 3957 3687 δὲ
3969 3635 4085 3685 τότε

2427 3739 2661 3810 μάλιστα
2681 3726 2972 3806 ἀγριαίνει,
3001 3735 3127 3786 ὅταν
3175 3733 3310 3800 αὐτῇ
3343 3730 3574 3798 μάλιστα
3612 3723 3956 3794 πειθώμεθα,
3987 3720 4086 3773 κᾶν

2423 3828 2560 3897 εῦρῃ
2587 3827 2679 3877 τὸν
2700 3821 3172 3891 ἀκουσόμενονκαὶ
3196 3821 3275 3881 εἰς
3300 3817 3478 3883 πάντα
3490 3815 3724 3877 είξοντα,
3757 3811 3915 3863 οὐδέν
3943 3812 4086 3861 ἐστιν

2422 3917 2452 3969 δ
2482 3918 2824 3986 τωραιτεῖται
2877 3910 3126 3975 ἐπιτάξαι
3157 3906 3360 3960 λοιπόν.
3396 3906 3548 3972 Ἔχει
3585 3901 3641 3953 δὲ
3669 3900 3765 3953 καὶ¹
3795 3898 4084 3967 σύμμαχον

2423 4004 2637 4075 ἑτέραν,
2658 4005 2724 4075 ᾓν
2755 4001 2855 4054 οὐκ
2883 4001 2946 4054 ἀν
2987 4016 3069 4062 τις
3098 3996 3331 4066 ἁμάρτοι
3361 3991 3639 4059 θυγατέρα
3665 3986 3839 4055 αὐτῆς
3870 3999 4087 4053 προσει-

2424 4091 2563 4142 πών.
2599 4070 2766 4142 ’όταν
2811 4088 2920 4158 γὰρ
2941 4087 3035 4141 καὶ
3057 4083 3193 4152 αὕτη
3232 4082 3498 4153 τραφεῖσα
3526 4078 3622 4128 κα)⁸
3652 4073 3955 4141 αὐξηθεῖσα
3992 4086 4087 4121 κάη

2423 4178 2529 4241 λῶς
2568 4176 2765 4247 ριζωθῇ
2791 4175 2917 4246 παρ’
2942 4170 3224 4242 ήμῖν,τὸτε
3246 4169 3416 4220 τίκτει
3439 4165 3536 4235 τὴν
3561 4164 3836 4223 ἀπόνοιαν,
3853 4159 4085 4230 πρᾶγμα

2425 4266 2522 4334 οὐχ
2543 4244 2704 4335 ¹ῆττον
2724 4244 2890 4332 αὐτῆς
2908 4259 3199 4329 δυνάμενον
3227 4251 3669 4323 κατακρημνίσαι
3691 4248 3791 4318 τὴν
3817 4246 3932 4298 τῶν
3949 4244 4086 4312 ἐχόν-

2424 4370 2530 4404 των
2562 4353 2759 4421 ψυχήν.

2497 4481 2572 4539 ς’.
2590 4449 2774 4526 Ταῦτα
2797 4468 2889 4524 οὖν
2920 4470 3156 4541 θρηνεῖς,
3174 4464 3294 4519 εἰπέ
3312 4481 3422 4534 μοι,
3447 4463 3528 4514 ὅτι
3552 4477 3610 4512 σε
3631 4460 3660 4510 6
3674 4456 3803 4519 Θεὸς
3822 4455 3930 4523 τῆς
3951 4452 4086 4505 οὕτω

2427 4562 2814 4634 χαλεπωτάτης
2859 4558 3101 4619 δουλείας
3148 4552 3475 4624 ἀπήλλαξεν,
3521 4549 3602 4601 ὅτι
3641 4549 3762 4607 ταῖς
3809 4544 4086 4610 λοιμικαῖς

2426 4631 2649 4712 ταύταις
2671 4650 2846 4710 νόσοις
2877 4648 3056 4700 πᾶσαν
3089 4643 3427 4711 ἀπετείχισεν
3451 4638 3662 4706 ἐφοδον;
3881 4631 4089 4689 Ζῶντος

2433 4738 2528 4806 μὲν
2559 4738 2665 4806 γάρ
2693 4753 2776 4787 σοι
2795 4723 2888 4786 τοῦ
2916 4731 3109 4801 ἀνδρὸς
3155 4729 3306 4782 οῦπω
3351 4725 3660 4780 ἐπαύσαντο
3691 4720 3942 4787 συνεχῶς
3972 4721 4086 4770 ἐπι-

2431 4805 2675 4894 πηδῶσαι
2698 4822 2726 4859 ⁸
2759 4824 2871 4883 τοῖς
2914 4819 3014 4888 τῆς
3039 4817 3218 4888 ψυχῆς
3251 4816 3549 4883 λογισμοῖς,
3583 4810 4013 4879 τελευτήσαντος
4037 4805 4088 4856 δὲ

2429 4913 2529 4965 οὐκ
2555 4911 2737 4982 έχουσι
2783 4912 2946 4964 πόθεν
2999 4907 3364 4962 ἐπιλάϐωνται
3405 4907 3506 4974 τῆς
3544 4901 3780 4961 διανοίας
3834 4899 3942 4968 τῆς
3969 4897 4086 4966 σῆς.

2431 5000 2600 5052 Τοῦτο
2625 4995 2718 5053 οὖν
2736 5000 2818 5052 δεῖ
2845 4996 3254 5068 κατορθωθῆναι
3303 4992 3508 5055 λοιπὸν,
3538 4991 3598 5042 τὺ
3643 4988 3718 5058 μὴ
3741 4988 3967 5057 θρηνεῖν
3997 4985 4089 5036 αύ-

2428 5086 2538 5140 τῶν
2588 5085 2686 5156 τὴν
2716 5083 3078 5155 ἀναχώρησιν,
3122 5081 3256 5152 μηδὲ
3307 5079 3404 5148 τὴν
3441 5075 3752 5130 δεσποτείαν
3813 5073 4090 5140 ἐπιζητεῖν

2429 5173 2529 5242 τὴν
2575 5162 2798 5242 πικράν.
2839 5172 3011 5222 Ὅπου
3062 5168 3170 5237 γάρ
3221 5168 3288 5220 ἀν
3322 5159 3480 5218 αὗται
3524 5161 3797 5215 πνεύσωσι
3836 5158 4087 5227 σφοδρὸν,

2432 5266 2608 5318 πάντα
2639 5266 2703 5316 ἐκ
2730 5262 2940 5332 βάθρων
2963 5257 3262 5327 ἀνέτρεψαν
3290 5257 3383 5310 καὶ
3413 5253 3782 5308 κατέσπασαν
3802 5250 3901 5302 καὶ
3925 5246 4090 5301 καθά-

2492 5539 2519 5622 il
2543 5535 2876 5622 ἐξημεανίὲκοι
2897 5534 3030 5610 Colb.
3055 5530 3256 5595 optime,
3275 5533 3327 5580 in
3353 5529 3520 5579 Morel.
3556 5527 3639 5590 μία
3657 5527 3819 5576 deest.

2702 5599 2927 5711 ἔῖθὲθξῦϋ.
2951 5656 3028 5704 διὰ
3050 5653 3292 5719 θεραπείας
3321 5651 3564 5709 πολλάκις,
3587 5648 3757 5697 Morel.
3787 5647 3866 5696 διὰ
3889 5645 4086 5699 θωπείας

2433 5723 2675 5775 πολλάκις.

2501 5785 2526 5823 ⁸
2551 5780 2720 5844 Morel.
2745 5780 3048 5839 ἐπιπηδῆσαι,
3069 5777 3215 5828 Savil.
3241 5780 3291 5824 el
3309 5774 3442 5827 Colb.
3473 5773 3783 5831 ἐπιπηδῶσαι.
