4206 6324
191 374 298 429 605

194 489 375 544 veniat
402 485 664 554 privatam
690 480 909 536 domum
926 492 1080 548 teque
1098 474 1348 530 refertam
1374 468 1788 532 calamitatibus,

195 594 261 634 ac
290 578 452 648 regiae
499 575 660 630 malis
685 571 1004 628 redundant.
1045 568 1177 622 Nam
1213 573 1269 620 et
1294 563 1603 632 orphanire,
1634 570 1689 614 et
1717 561 1796 613 vi-

195 670 430 724 duitates
457 667 781 737 Immaturte,
811 673 866 717 et
891 675 1054 716 neces
1085 659 1334 712 violentae
1353 697 1368 719 ,
1398 665 1556 721 atque
1594 652 1660 705 iis
1681 650 1796 718 qui-

196 753 346 824 dem,
382 769 504 827 qua:
530 758 584 810 in
615 753 889 824 tragmdiis
921 759 1223 812 narrantur,
1251 747 1421 800 multo
1462 743 1798 797 scelestiores

194 858 255 905 ct
299 848 606 903 acerbiores
657 846 714 898 in
763 843 868 898 hoc
909 842 1101 911 ipsum
1133 838 1400 908 prazcipue
1446 834 1645 889 cadunt
1693 832 1796 885 im-

198 940 431 1010 perium.

273 1030 650 1097 Imperatorum
697 1025 838 1079 illius
875 1024 969 1078 arri
996 1023 1222 1076 uictima
1261 1035 1384 1088 pars
1419 1015 1637 1070 violenta
1678 1027 1800 1067 nece

196 1120 386 1175 sublati
411 1127 551 1172 sunt.
578 1145 650 1156 -—
672 1107 877 1184 Attjue,
909 1123 967 1167 ut
1013 1120 1194 1166 vetera
1224 1109 1534 1164 omittamus
1556 1147 1572 1170 ,
1621 1119 1688 1158 ex
1733 1102 1800 1158 iis

198 1211 470 1275 omnibus,
499 1209 591 1279 qui
611 1222 732 1262 aevo
754 1215 939 1261 nostro
961 1205 980 1236 ⁸
1002 1205 1334 1270 imperarunt
1363 1197 1600 1269 (fuerunt
1618 1203 1799 1248 autem

201 1301 420 1372 novem)
454 1301 563 1356 duo
587 1298 690 1354 soli
730 1295 1000 1352 communi
1040 1302 1213 1346 morte
1239 1291 1400 1343 vitam
1441 1287 1751 1342 clauserunt
1783 1301 1797 1336 :

201 1396 538 1465 reliquorum
563 1400 742 1445 autem
773 1388 861 1442 hic
887 1386 1103 1457 quidem
1130 1399 1158 1436 a
1188 1392 1436 1453 tyranno,
1465 1379 1554 1432 ille
1577 1389 1709 1431 vero
1747 1376 1802 1428 in

201 1485 368 1551 bello,
417 1483 559 1537 alius
595 1479 1017 1536 domesticorum
1059 1474 1340 1530 custodum
1390 1468 1617 1534 insidiis,
1665 1467 1804 1521 alius

199 1587 384 1630 autem
412 1574 484 1627 ab
515 1571 606 1627 iIIo
635 1572 770 1640 ipso,
803 1569 891 1638 qui
921 1581 1176 1623 coronam
1211 1578 1278 1618 ac
1307 1577 1594 1632 purpuram
1618 1560 1800 1628 impo-

201 1672 420 1730 suerat,
469 1661 783 1716 interfectus
827 1657 1113 1720 occubuit;
1167 1669 1369 1710 uxores
1417 1668 1544 1707 vero
1589 1651 1803 1706 illorum

198 1755 417 1824 partim,
446 1763 506 1807 ut
531 1752 725 1817 ferunt,
747 1763 955 1805 veneno
976 1747 1309 1811 interierunt,
1336 1745 1526 1814 partim
1549 1757 1802 1824 mmrore.

202 1818 570 1907 Iiarumvero,
593 1857 711 1911 qua:
727 1840 900 1894 adhuc
911 1837 1224 1908 superstites
1236 1844 1382 1900 sunt,
1403 1818 1569 1888 altera
1587 1832 1804 1901 quidem

201 1934 371 1988 filium
384 1932 595 1988 habens
615 1931 876 2002 pupillum
897 1927 1076 1983 tremit
1090 1941 1154 1981 ac
1172 1926 1380 1991 metuit,
1402 1938 1470 1979 ne
1481 1922 1601 1993 quis
1616 1936 1803 1977 eorum

202 2023 289 2092 qui
315 2037 498 2076 rerum
522 2023 829 2092 potiuntur,
860 2028 1009 2072 metu
1036 2015 1338 2070 futurorum
1379 2029 1500 2068 eum
1533 2012 1602 2068 de
1626 2011 1804 2066 medio

202 2113 376 2174 tollat.
394 2113 562 2166 altera
578 2124 709 2166 vero
735 2110 822 2163 vix
854 2109 1143 2162 multorum
1172 2104 1424 2176 precibus
1434 2105 1501 2159 ab
1516 2103 1706 2157 exsilio
1723 2098 1822 2156 re-V

201 2203 322 2263 diit,
346 2216 455 2270 quo
474 2211 631 2253 antea
647 2198 716 2253 ab
737 2214 823 2263 eo,
847 2198 935 2267 qui
953 2212 1130 2259 rerum
1149 2194 1471 2265 potiebatur,
1487 2194 1650 2246 missa
1665 2202 1804 2246 erat.

201 2285 354 2356 Quod
379 2289 447 2343 ad
459 2297 831 2344 corumautem
846 2285 1362 2356 quinuncimperant
1393 2296 1611 2347 uxores,
1639 2282 1807 2335 altera

201 2398 268 2436 ex
303 2381 546 2449 pristinis
567 2377 962 2436 calamitatibus
979 2376 1250 2445 respirans
1271 2373 1527 2442 voluptati
1555 2388 1806 2442 magnum

206 2473 372 2527 habet
393 2472 642 2525 dolorem
669 2469 957 2524 admistum
979 2509 994 2534 ,
1025 2482 1092 2522 eo
1115 2466 1256 2535 quod
1282 2467 1372 2536 qui
1403 2481 1584 2520 rerum
1606 2466 1809 2534 potitur

207 2565 370 2618 nimis
415 2563 628 2633 juvenis
662 2577 726 2616 ac
768 2563 1078 2629 inexpertus
1120 2559 1221 2624 sit,
1269 2558 1575 2626 multosque
1615 2557 1810 2611 habeat

204 2657 444 2726 undique
494 2655 842 2718 insidiantes;
893 2652 1064 2706 altera
1097 2665 1228 2704 vero
1269 2648 1463 2703 timore
1505 2649 1807 2703 exanimata

206 2753 298 2816 iis,
331 2752 424 2822 qui
450 2750 628 2817 capite
654 2747 888 2802 damnati
918 2755 1064 2810 sunt,
1092 2744 1428 2798 miseriorem
1455 2742 1616 2796 vitam
1638 2740 1804 2806 ducit,

205 2858 272 2897 co
298 2840 447 2911 quod
481 2841 565 2893 vir
589 2839 756 2908 ipsius
781 2838 851 2890 ab
875 2851 941 2890 eo
976 2845 1234 2904 tempore,
1264 2848 1374 2903 quo
1412 2831 1657 2887 diadema
1691 2845 1810 2885 sus-

204 2931 370 2999 cepit,
400 2944 572 2998 usque
608 2928 674 2982 ad
705 2925 1024 2980 hodiernu’m
1059 2923 1201 2977 diem
1243 2923 1299 2977 in
1327 2921 1468 2976 bello
1511 2929 1567 2976 et
1605 2919 1808 2989 praeliis

206 3030 494 3085 versetur,
525 3016 951 3086 verecundisque
988 3023 1044 3069 et
1069 3014 1311 3084 probris,
1333 3013 1544 3090 Iquibus
1573 3012 1809 3082 undique

207 3111 468 3175 afficitur,
495 3111 664 3178 magis
684 3121 841 3176 quam
866 3122 931 3160 ex
957 3105 1348 3159 calamitatibus
1373 3103 1631 3157 tabescat.
1651 3102 1807 3169 Quod

205 3205 354 3258 enim
397 3213 560 3257 antea
596 3215 907 3269 numquam,
937 3213 1081 3252 nunc
1104 3199 1301 3260 evenit,
1338 3205 1395 3250 ut
1436 3197 1648 3250 barbari
1681 3211 1808 3265 pro-

208 3295 384 3365 priam
416 3293 782 3361 relinquentes
810 3291 1105 3358 regionem,
1131 3289 1298 3342 multa
1325 3289 1620 3372 stadiorum
1645 3286 1808 3340 millia

206 3384 451 3454 regionis
499 3389 699 3435 nostra:
741 3379 1140 3448 pereurrcrint,
1165 3388 1221 3432 et
1249 3378 1392 3447 agris
1443 3377 1676 3431 incensis
1715 3391 1810 3429 ca-

207 3477 426 3544 ptisque
451 3471 673 3527 urbibus
692 3470 910 3526 domum
934 3468 1190 3524 redeundi
1212 3484 1422 3523 omnem
1436 3469 1808 3538 cogitationem

209 3565 548 3634 abjecerint;
574 3578 638 3616 ac
663 3561 885 3631 perinde
922 3561 1076 3630 quasi
1119 3559 1344 3614 choreas
1383 3559 1674 3624 ducerent,
1703 3574 1811 3612 non

212 3657 419 3710 bellum
441 3664 710 3724 gererent,
735 3654 806 3705 ita
832 3664 1048 3706 nostros
1067 3667 1254 3706 omnes
1275 3651 1528 3716 irrident;
1556 3660 1610 3706 et
1625 3666 1814 3721 quem-

210 3748 338 3802 dam
366 3740 441 3801 e'x
465 3746 677 3800 illorum
709 3745 925 3814 regibus
950 3744 1153 3800 dixisse
1185 3745 1381 3809 ferunt,
1411 3745 1593 3800 mirari
1621 3761 1682 3800 se
1703 3746 1810 3799 im-

215 3837 533 3908 pudentiam
564 3844 869 3890 nostrorum
897 3836 1147 3900 militum,
1165 3836 1256 3904 qui
1275 3849 1396 3889 cum
1421 3837 1626 3891 facilius
1653 3851 1813 3906 quam

212 3942 350 3983 oves
368 3928 582 3981 soleant
597 3927 849 3997 jugulari,
876 3922 1052 3981 adhuc
1069 3927 1347 3981 victoriam
1375 3936 1616 3996 sperent,
1640 3943 1814 3996 neque

213 4033 288 4074 ex
343 4033 444 4073 sua
474 4018 697 4095 regione
728 4018 892 4072 velint
931 4016 1214 4072 excedere.
1263 4017 1395 4072 Nam
1441 4017 1556 4086 ipse
1597 4018 1814 4087 quidem

208 4094 376 4172 dixit,
403 4094 527 4162 sese
559 4107 666 4161 illis
687 4107 958 4184 caedendis
978 4109 1225 4162 satietate
1249 4123 1393 4177 sazpe
1421 4117 1632 4178 captum
1671 4123 1812 4164 esse.

211 4199 342 4264 Quo
383 4198 546 4267 igitur
568 4198 749 4251 animo
775 4209 831 4252 et
868 4198 1250 4267 Imperatorem
1289 4184 1365 4252 et.
1387 4201 1554 4268 ipsius
1593 4214 1815 4254 uxorem

223 4290 332 4342 ista
363 4288 527 4342 verba
555 4287 858 4342 audientem
881 4289 1156 4344 existimas
1174 4289 1336 4344 esse?

293 4381 352 4435 5.
395 4379 465 4434 Et
482 4381 734 4450 quoniam
763 4381 922 4450 hujus
943 4382 1072 4436 belli
1100 4384 1303 4436 mentio
1329 4383 1535 4448 incidit,
1563 4399 1814 4454 magnum

219 4470 358 4526 mihi
388 4470 669 4524 viduarum
691 4485 882 4539 agmen
922 4471 1178 4536 occurrit,
1202 4487 1425 4541 quarum
1453 4473 1571 4527 alia:
1596 4475 1724 4528 olim
1751 4490 1818 4530 ex

219 4563 465 4615 virorum
494 4560 709 4629 quidem
735 4561 992 4629 dignitate
1017 4562 1304 4636 plurimum
1332 4563 1633 4632 splendoris
1661 4581 1815 4621 acce-

223 4663 445 4724 perunt,
499 4666 641 4705 nunc
693 4666 823 4705 vero
849 4661 1070 4720 repente
1094 4667 1284 4706 omnes
1309 4654 1458 4722 nigra
1487 4669 1550 4707 ac
1577 4655 1818 4710 luctuosa

220 4745 369 4797 stola
392 4740 603 4795 amicta:
623 4756 783 4795 omne
806 4749 1016 4810 tempus
1041 4742 1093 4795 in
1119 4743 1370 4814 lacrymis
1390 4744 1612 4799 ducunt.
1635 4746 1821 4817 Neque

217 4834 333 4886 illis
362 4830 466 4885 hoc
491 4831 672 4885 datum
697 4840 804 4898 est,
845 4831 988 4902 quod
1051 4823 1454 4891 honorato’tuo
1502 4840 1682 4907 capiti.
1727 4834 1821 4894 'I‘u

220 4923 395 4987 enim,
420 4937 454 4974 ο
475 4921 882 4986 admirabilis,et
911 4923 962 4975 in
986 4923 1180 4977 lectulo
1196 4923 1466 4993 jacentem
1497 4928 1674 4983 vidisti
1717 4931 1820 4985 ho-

220 5003 443 5069 n’estum
467 5012 636 5077 illum,
652 5021 707 5066 et
728 5027 1032 5082 supremam
1050 5014 1242 5068 audisti
1263 5030 1470 5084 vocem,
1489 5033 1608 5073 cum
1631 5021 1823 5089 quibus

221 5103 410 5158 modis
435 5117 522 5156 res
553 5103 860 5157 domestica:
890 5104 1327 5161 administranda:
1352 5118 1534 5162 essent
1562 5119 1615 5165 te
1662 5112 1822 5166 doce-

220 5201 334 5256 ret,
365 5201 420 5246 et
448 5200 770 5247 testamento
797 5209 1012 5247 omnem
1034 5195 1194 5249 alieni
1219 5200 1596 5266 appetentibus
1638 5217 1702 5256 ac
1727 5217 1821 5273 sy-

221 5282 517 5356 cophantis
543 5285 745 5338 aditum
768 5285 1092 5340 Obstrueret.
1111 5287 1261 5343 Adde
1287 5290 1438 5358 illud,
1461 5294 1601 5361 quod
1623 5294 1822 5363 jacenti

224 5386 454 5432 mortuo
479 5391 625 5445 saepe
655 5377 963 5442 incubuisti,
989 5387 1045 5432 et
1063 5379 1299 5433 suaviata
1329 5396 1390 5436 es
1419 5383 1603 5438 oculos
1631 5394 1686 5439 et
1704 5401 1823 5440 am-

219 5471 386 5538 plexa
418 5481 478 5521 es
497 5482 561 5522 ac
595 5467 798 5530 luxisti,
855 5467 1340 5541 honestissimoque
1385 5472 1574 5529 funere
1623 5477 1822 5531 elatum

225 5562 418 5615 vidisti
443 5579 457 5615 :
488 5561 740 5614 omnibus
779 5576 900 5629 qute
919 5559 1146 5616 decebat
1170 5578 1295 5632 erga
1321 5564 1466 5619 illum
1490 5566 1681 5622 ofﬁciis
1709 5569 1828 5624 fun-

222 5673 816 5788 ωοιεῇὲιρα-εωςὼω
837 5673 914 5724 hic
936 5677 1216 5726 memoratis
1238 5677 1349 5728 vide
1374 5691 1452 5742 ea,
1484 5683 1826 5744 quadiximus

1439 356 1530 410 AD
1569 350 1832 409 VIDUAI
1867 349 2229 409 IUNIORELI.

3379 345 3489 403 606

1900 476 1984 521 cta
2012 482 2094 533 es,
2109 476 2163 522 et
2178 467 2320 536 justa
2344 465 2669 538 persolvisti,
2696 473 2750 521 et
2774 465 2840 520 ad
2860 464 3204 534 sepulchrum
3230 477 3375 543 saepe
3397 478 3492 518 ae-

1901 556 2100 612 cedens
2123 573 2230 610 non
2259 557 2539 612 minimum
2561 556 2727 612 habes
2752 557 2828 610 ttti
2847 555 3053 611 doloris
3076 554 3349 610 solatium.
3382 551 3494 608 Ille

1899 661 2034 700 vero
2057 646 2309 701 omnibus
2326 645 2629 715 hujusmodi
2656 646 2864 701 solatiis
2893 654 3021 700 sunt
3039 645 3336 711 destitutae,
3367 658 3492 698 cum

1900 753 2090 793 omnes
2114 738 2328 808 quidem
2357 738 2424 792 ad
2449 738 2646 793 bellum
2674 737 2949 792 misissent
2986 737 3132 791 viros
3178 751 3307 791 suos
3356 744 3496 789 tam-

1901 843 2060 899 quam
2087 844 2275 883 rursus
2297 830 2442 898 ipsos
2459 839 2776 898 recepturae,
2805 837 2861 882 at
2885 843 2982 897 pro
3012 827 3118 882 iiiis
3146 828 3350 882 tristem
3375 825 3500 879 illo-

1901 935 2020 973 rum
2048 919 2239 974 mortis
2253 921 2557 989 acceperint
2585 917 2851 974 nuntium.
2877 918 2994 972 Non
3033 918 3176 972 enim
3211 918 3495 986 quisquam

1901 1025 2130 1080 corpora
2159 1011 2399 1081 ipsorum
2429 1011 2679 1076 afferens,
2706 1010 2801 1066 sed
2832 1010 2998 1066 verba
3043 1018 3248 1065 tantum
3299 1014 3497 1064 mortis

1901 1115 2072 1171 genus
2092 1103 2386 1168 narrantia,
2421 1102 2488 1156 ad
2518 1103 2660 1172 ipsas
2680 1102 2856 1157 rediit.
2887 1101 3085 1156 Verum
3112 1109 3237 1155 sunt
3258 1109 3379 1170 qua:
3404 1115 3500 1153 ne-

1903 1207 2010 1260 que
2041 1183 2144 1246 hac
2164 1193 2277 1261 ipsa
2302 1193 2609 1248 narratione
2633 1193 2811 1263 dignae
2837 1192 3038 1248 fuerint
3067 1193 3286 1258 habita),
3316 1207 3493 1261 neque

1903 1283 2174 1350 quomodo
2200 1283 2275 1338 illi
2294 1284 2586 1339 ceciderint
2612 1283 2794 1339 doceri
2825 1287 3118 1355 potuerint,
3146 1301 3266 1339 cum
3297 1286 3352 1338 in
3381 1301 3499 1338 ma-

1903 1387 2010 1442 gno
2039 1387 2303 1430 caesorum
2329 1391 2560 1430 numero
2579 1376 2801 1446 reliquis
2825 1385 3012 1430 essent
3033 1378 3356 1430 coacervati.

1909 1468 1912 1470 ⁷
1995 1464 2222 1518 Valentis
2244 1467 2501 1519 interitum
2524 1467 2690 1520 innuit
2723 1484 2756 1519 α
2796 1464 2977 1520 Gothis
3015 1467 3279 1520 combusti.
3302 1465 3500 1520 —Ec-

1905 1559 2033 1629 quid
2061 1575 2192 1613 vero
2230 1547 2446 1624 mirum,
2507 1559 2553 1613 si
2601 1559 2754 1612 multi
2804 1574 2872 1613 ex
2923 1559 3148 1614 ducibus
3199 1560 3302 1613 hoc
3343 1559 3505 1613 modo

1909 1649 2247 1712 interierunt,
2279 1649 2492 1717 quando
2516 1658 2570 1703 et
2597 1648 2896 1718 Imperator
2916 1649 3031 1718 ipse
3058 1651 3112 1702 in
3136 1650 3253 1702 vico
3268 1644 3499 1718 quodam

1911 1756 2034 1797 cum
2057 1741 2241 1809 paucis
2267 1739 2524 1794 militibus
2548 1739 2838 1794 conclusus
2863 1740 3013 1794 exire
3040 1739 3258 1811 quidem
3282 1748 3336 1794 et
3384 1753 3506 1793 sese

1911 1831 2289 1886 invadentibus
2326 1844 2602 1900 opponere
2629 1829 2849 1885 minime
2892 1845 3054 1884 ausus
3082 1839 3185 1896 est,
3235 1830 3329 1884 sed
3362 1831 3517 1884 intus'

1911 1937 2136 1977 manens
2159 1937 2388 1976 accenso
2413 1923 2480 1975 ab
2501 1907 2750 1992 illis'igne
2778 1938 2882 1976 una
2934 1938 3058 1977 cum
3113 1923 3178 1977 iis
3230 1925 3503 1989 omnibus,

1910 2026 2047 2082 quos
2079 2026 2260 2066 secum
2290 2012 2538 2078 habebat,
2561 2013 2877 2067 combustus
2897 2023 2978 2069 est
2997 2029 3013 2079 ;
3033 2029 3133 2068 nec
3152 2015 3276 2068 viris
3307 2015 3502 2076 solum.
3540 2003 3550 2014 ’

1912 2102 2010 2156 sed
2038 2104 2198 2157 etiam
2223 2104 2396 2172 equis,
2425 2112 2480 2156 et
2501 2103 2760 2170 trabibus,
2810 2114 2864 2158 et
2886 2105 3076 2170 muris,
3105 2113 3160 2160 et
3179 2107 3430 2160 omnibus
3455 2107 3508 2162 in

1908 2209 2077 2247 unum
2121 2203 2282 2263 atque
2334 2195 2583 2248 eumdem
2631 2196 2868 2250 cinerem
2922 2185 3282 2252 abeuntibus?
3350 2207 3510 2267 atque

1912 2282 2056 2338 hunc
2085 2285 2328 2338 nuntium
2356 2284 2412 2350 ii,
2468 2285 2559 2354 qui
2586 2301 2688 2340 una
2712 2300 2834 2340 cum
2861 2288 3188 2357 Imperatore
3209 2290 3276 2343 ad
3307 2291 3506 2346 bellum

1911 2373 2135 2452 profecti
2163 2373 2395 2439 fuerant,
2426 2375 2544 2430 loco
2577 2375 2921 2446 Imperatoris
2949 2379 3117 2448 ipsius
3159 2380 3225 2434 ad
3277 2396 3502 2435 uxorem

1911 2474 2255 2534 reportantes
2303 2465 2600 2521 redierunt.
2645 2467 2795 2523 Nihil
2835 2471 3001 2535 enim,
3050 2469 3182 2524 nihil
3230 2471 3388 2541 plane
3423 2486 3509 2537 ea,

1913 2573 2034 2627 quae
2057 2555 2110 2612 in
2137 2557 2337 2613 mundo
2358 2559 2636 2628 splendida
2663 2569 2809 2627 sunt,
2847 2561 2917 2615 ab
2947 2562 3034 2628 iis,
3077 2577 3199 2632 qua:
3248 2563 3300 2616 in
3341 2577 3510 2629 scena

1914 2657 2195 2718 geruntur,
2243 2658 2404 2718 atque
2427 2665 2459 2704 a
2491 2664 2779 2705 vernorum
2825 2651 3023 2707 florum
3052 2660 3332 2707 venustate
3355 2653 3510 2708 diﬂ'e-

1915 2746 2064 2792 rnnt.
2100 2738 2337 2792 Primum
2367 2738 2512 2793 enim
2536 2747 2824 2809 antequam
2845 2727 3509 2809 appareant'evanescunt,

1913 2828 2132 2894 deinde,
2181 2829 2346 2883 etiam
2390 2829 2437 2883 si
2481 2829 2754 2899 paululum
2797 2833 3055 2902 temporis
3093 2843 3366 2899 maneant,
3404 2821 3550 2888 cito

1914 2928 2094 2976 tamen
2122 2920 2188 2973 ad
2216 2921 2496 2976 interitum
2539 2931 2851 2992 properant.
2895 2923 3041 2990 Quid
3077 2924 3220 2977 enim
3262 2923 3509 2993 honore,

1916 3013 2009 3082 qui
2055 3028 2088 3067 a
2124 3013 2284 3082 vulgo
2314 3014 2626 3082 exhibetur,
2669 3023 2726 3069 et
2765 3015 2937 3085 gleria
2977 3017 3276 3072 exilius/ae
3316 3017 3513 3076 vilius?

1915 3119 2078 3174 quem
2115 3104 2382 3169 fructum,
2428 3121 2586 3175 quam
2635 3106 2919 3161 utilitatem
2965 3106 3236 3162 afferunt?
3277 3123 3512 3178 quonam

1913 3194 2058 3248 bono
2085 3195 2231 3248 exitu
2256 3195 2693 3249 concluduntur?
2861 3259 2864 3262 ,

1987 3282 2181 3338 Gloria:
2209 3287 2448 3339 humana
2469 3286 2812 3340 conditionem
2839 3288 3065 3356 exponit.
3096 3317 3170 3327 —
3193 3288 3370 3357 Atque
3405 3288 3511 3341 uti—

1919 3391 2042 3428 nam
2073 3375 2210 3429 nihil
2246 3375 2392 3429 aliud
2437 3376 2685 3431 subesset
2727 3378 2854 3432 mali
2885 3395 2899 3430 :
2943 3392 3087 3432 nunc
3124 3393 3253 3434 vero
3293 3387 3513 3448 praeter-

1916 3482 2078 3536 quam
2125 3467 2269 3536 quod
2316 3467 2453 3520 nihil
2501 3483 2630 3522 vere
2658 3468 2781 3522 boni
2832 3468 2960 3523 inde
2989 3469 3274 3538 provenit,
3319 3470 3513 3523 multas

1913 3558 2077 3612 etiam
2101 3558 2395 3620 molestias,
2416 3557 2582 3612 multa
2600 3559 2793 3612 damna
2811 3559 3027 3614 assidue
3050 3561 3096 3614 is
3120 3559 3266 3614 ferre
3281 3561 3512 3628 cogitur,

1917 3648 2089 3717 quise
2120 3649 2246 3702 huic
2295 3649 2659 3704 acerbissimae
2704 3649 2941 3704 dominre
2987 3651 3234 3718 subjecit.
3291 3647 3514 3703 Doiniua

1918 3741 2064 3795 enim
2084 3749 2168 3794 est
2186 3755 2395 3804 eorum,
2429 3740 2518 3809 qui
2545 3741 2715 3808 ipsam
2740 3721 3100 3804 admiserunt,
3127 3750 3183 3794 et
3207 3756 3314 3810 quo
3345 3739 3517 3809 majo-

1920 3833 2072 3889 ribus
2099 3832 2370 3887 blanditiis
2397 3841 2452 3887 et
2478 3833 2934 3887 assentationibus
2951 3834 3148 3887 colitur
3171 3847 3202 3886 a
3232 3833 3421 3896 servis,
3449 3848 3540 3886 eo.

1920 3926 2093 3994 magis
2119 3939 2242 3980 sese
2261 3935 2448 3980 contra
2473 3926 2622 4000 ipsos
2645 3925 2825 3996 erigit,
2856 3934 2912 3980 et
2930 3925 3236 3980 durioribus
3258 3927 3403 3995 ipsos
3425 3943 3516 3979 ur-

1919 4027 2011 4087 get
2029 4017 2292 4071 mandatis
2319 4036 2334 4084 ;
2361 4033 2456 4072 eos
2474 4033 2624 4081 vero,
2684 4021 2773 4087 qui
2805 4019 2980 4087 ipsam
3010 4019 3264 4087 rejiciunt
3311 4033 3375 4072 ac
3421 4019 3516 4072 de-

1928 4111 2185 4178 spiciunt,
2238 4111 2540 4164 nullatenus
2563 4111 2746 4166 ulcisci
2778 4121 2956 4180 potest
2987 4130 3001 4166 :
3030 4114 3100 4165 ita
3127 4121 3182 4166 ct
3207 4123 3434 4182 tyranno
3463 4121 3518 4166 et

1922 4199 2038 4255 fera
2060 4201 2298 4269 qualibet
2319 4202 2575 4254 itnmitiOr
2600 4211 2702 4255 est.
2731 4200 2866 4255 Nam
2903 4210 3164 4272 tyrannus
3201 4203 3416 4272 quidem
3463 4211 3519 4257 et

1922 4291 2052 4346 ferae
2081 4292 2351 4346 blanditiis
2390 4307 2534 4362 sarpe
2560 4294 2882 4359 mitescunt;
2916 4293 3229 4370 hmcautem
3257 4305 3382 4350 tunc
3405 4312 3518 4348 ma-

1921 4385 2068 4438 xime
2087 4383 2367 4449 efferatur,
2397 4385 2613 4452 quando
2641 4386 2691 4440 ei
2721 4386 2955 4439 maxime
2999 4387 3514 4453 auseultaverimus,

1923 4489 1990 4528 ac
2011 4475 2059 4528 si
2085 4474 2230 4556 dicto
2256 4475 2562 4530 audientem
2586 4477 2823 4530 inveniat
2850 4485 3014 4545 atque
3034 4478 3099 4529 ad
3125 4479 3305 4530 omnia
3355 4478 3518 4533 obse-

1924 4575 2201 4630 quentem.
2227 4566 2356 4618 nihil
2389 4575 2472 4619 est
2502 4577 2759 4633 praeterea
2789 4566 2931 4636 quod
2954 4569 3231 4642 imperare
3281 4571 3515 4642 omittat.

1927 4655 2099 4711 liabet
2136 4673 2264 4712 vero
2303 4667 2358 4712 et
2399 4659 2621 4712 alteram
2651 4659 2773 4712 belli
2805 4660 3030 4725 sociam,
3057 4676 3217 4729 quam
3246 4677 3351 4714 non
3379 4664 3520 4716 male

1929 4744 2159 4800 fortasse
2203 4748 2322 4816 quis
2348 4749 2516 4816 ipsius
2555 4750 2713 4802 tiliam
2761 4750 3061 4818 appellarit.
3099 4747 3324 4816 Quando
3375 4753 3528 4813 οιιίιιι

1929 4838 2041 4907 ipsa
2072 4840 2236 4907 probe
2263 4855 2293 4892 a
2338 4841 2492 4894 nobis
2535 4840 2759 4895 educata
2798 4850 2852 4894 et
2895 4850 3049 4896 aucta
3071 4842 3282 4897 radices
3327 4846 3515 4912 egerit,

1929 4938 2056 4984 tunc
2074 4931 2432 4999 arrogantiam
2461 4932 2618 5000 parit,
2642 4947 2754 4985 rem
2781 4947 2905 5001 qua:
2947 4933 3120 4986 nihilo’
3154 4936 3330 4986 minus
3359 4950 3518 5002 quant

1927 5031 2102 5076 mater
2119 5023 2378 5088 animum,
2424 5037 2583 5092 quem
2611 5024 2836 5092 ceperit,
2875 5025 3204 5093 pnecipitem
3235 5040 3396 5094 agere
3429 5041 3521 5093 po-

1927 5123 2055 5170 test.
3141 5126 3151 5130 “

1902 5253 1906 5258 .
2003 5205 2058 5261 6.
2098 5205 2212 5260 Hoc
2231 5205 2510 5276 igitur,dic
2533 5207 2684 5272 mihi,
2715 5207 2887 5277 luges,
2919 5209 3063 5277 qvod
3090 5211 3160 5265 ab
3188 5210 3290 5266 hac
3340 5211 3522 5265 duris-

1837 5357 1842 5365 .
1930 5297 2066 5350 sima
2089 5296 2304 5350 domina
2335 5297 2478 5351 Deus
2527 5307 2581 5351 te
2625 5298 2911 5352 liberavit?
2953 5300 3097 5369 quod
3136 5299 3390 5355 omnibus
3440 5303 3523 5355 his

1931 5385 2202 5455 pestiferis
2255 5385 2455 5440 morbis
2502 5401 2716 5440 omnem
2761 5389 3005 5464 obsepsit
3056 5391 3242 5444 viam?
3298 5390 3524 5447 Viveute

1937 5475 2082 5528 enim
2103 5475 2280 5529 adhuc
2306 5475 2398 5530 tibi
2426 5477 2542 5530 viro
2562 5478 2765 5532 nullum
2787 5479 2839 5532 iu
2869 5468 3118 5535 dmentem
3165 5490 3308 5535 tuam
3361 5483 3523 5536 insul-

1935 5566 2079 5621 tandi
2104 5567 2262 5619 linem
2286 5565 2536 5622 fecissent
2557 5585 2571 5629 ;
2598 5577 2807 5623 mortuo
2826 5579 3004 5624 autem
3031 5586 3138 5625 non
3167 5573 3363 5627 habent
3383 5572 3525 5628 unde

1933 5656 1988 5710 iu
2016 5656 2368 5724 cogitationes
2403 5666 2518 5710 tuas
2547 5657 2801 5728 impetum
2852 5659 3066 5715 faciant.
3109 5662 3220 5717 IIoc
3245 5663 3405 5731 igitur
3429 5663 3522 5721 tibi

1938 5745 2162 5816 posmac
2189 5744 2482 5803 curandum
2509 5762 2571 5803 ac
2599 5750 2960 5819 praestandum
2994 5761 3095 5821 cst,
3127 5763 3182 5808 ut
3210 5735 3280 5809 ne
3308 5752 3522 5810 illarum
