4206 6324
691 387 799 444 607

693 503 988 556 discessum
1013 497 1219 568 lugeas,
1244 508 1416 563 neque
1441 493 1717 549 acerbumâ€˜
1749 492 1895 546 illum
1941 489 2272 544 dominatum

693 598 932 658 expetas.
960 585 1093 641 Nam
1116 584 1206 640 ubi
1251 585 1378 640 illa),
1405 582 1771 639 vehementius
1815 582 2040 650 spirant,
2093 581 2272 634 omnia

695 679 928 733 funditus
954 687 1202 732 evertunt
1230 689 1294 729 ac
1324 681 1669 743 prosternunt
1695 689 1709 725 :
1741 682 1796 727 et
1823 670 2271 742 quemadmodum

692 772 1028 836 meretrices,
1055 783 1177 823 cum
1216 767 1532 837 plerumque
1565 773 1752 834 suapte
1777 773 1964 817 natura
2007 762 2275 816 deformes

692 865 802 917 sint
823 877 887 917 ac
907 860 1184 932 squalidae,
1217 858 1551 914 frictionibus
1579 865 1633 910 et
1660 855 1790 909 fucis
1816 854 2057 908 incautos
2072 854 2274 907 etsim-

692 951 1131 1022 plicesjnvenum
1157 949 1368 1002 animos
1404 947 1729 1016 illaqueant,
1785 953 1838 998 et
1892 951 2172 1012 postquam
2222 942 2275 996 in

691 1057 843 1096 suam
873 1041 1129 1094 ditionem
1159 1038 1480 1108 receperint,
1513 1036 1683 1089 servis
1709 1034 1957 1088 omnibus
1995 1044 2275 1088 contume~

693 1133 881 1188 liosius
902 1139 1129 1185 tractant
1156 1146 1170 1183 :
1206 1131 1277 1184 ita
1302 1126 1677 1196 ethujusmodi
1701 1125 2029 1188 affectiones,
2057 1124 2278 1178 ambitio

695 1231 752 1276 et
774 1222 1099 1291 arrogantia,
1130 1219 1316 1291 quavis
1337 1218 1423 1273 lue
1448 1218 1730 1272 hominum
1753 1217 1961 1274 animos
1995 1215 2163 1286 magis
2197 1213 2280 1268 in-

692 1311 934 1380 quinant.

765 1399 985 1453 Gentiles
1010 1399 1747 1469 quidivitiascontempserunt.
1781 1426 1852 1438 --
1884 1395 2018 1451 Hinc
2046 1404 2100 1450 et
2127 1395 2277 1448 multi

690 1491 904 1545 divitias
933 1507 1181 1562 magnum
1218 1491 1416 1545 bonum
1453 1490 1759 1544 duxerunt:
1789 1503 1953 1558 quare
1981 1487 2068 1556 qui
2109 1485 2280 1540 ambi-

692 1583 892 1637 tionem
923 1582 1174 1651 ejecerit,
1195 1597 1368 1652 neque
1393 1598 1422 1635 a
1448 1581 1647 1636 divitiis
1675 1581 2114 1648 etiamcapictur.
2144 1577 2277 1632 Nam

690 1675 885 1744 quibus
908 1674 1057 1729 licuit
1082 1674 1150 1728 ob
1181 1681 1544 1743 paupertatem
1587 1671 1844 1739 consequi
1874 1685 2119 1739 magnam
2161 1670 2279 1738 glo-

696 1765 864 1830 riam,
902 1765 936 1818 ii
961 1765 1220 1818 ditescere
1267 1763 1486 1817 minime
1530 1761 1841 1826 voluerunt,
1892 1761 1986 1816 sed
2034 1776 2278 1830 magnam

689 1856 809 1910 auri
833 1856 938 1909 vim
955 1855 1054 1910 sibi
1083 1854 1320 1909 oblatam
1341 1863 1800 1922 contempserunt.
1823 1855 1993 1922 Atque
2007 1852 2105 1906 bos
2124 1853 2279 1905 mini-

691 1962 778 2002 me
803 1962 866 2002 ex
891 1963 978 2002 me
1002 1962 1327 2016 cognoscere
1353 1961 1572 2000 necesse
1594 1946 1754 2000 habes
1779 1962 1792 1997 :
1822 1945 1932 2013 ipsa
1955 1946 2094 1998 enim
2126 1945 2279 2014 longe

690 2038 885 2092 melius
903 2053 1063 2107 quam
1084 2053 1182 2108 ego
1199 2038 1337 2091 noSti
1360 2035 1802 2103 Epaminondam,
1833 2035 2129 2100 Socratem,
2151 2036 2278 2088 Ari-

689 2129 908 2196 stidem,
943 2130 1250 2198 Diogenem,
1289 2128 1500 2182 Cratem
1521 2167 1536 2190 ,
1566 2128 1655 2196 qui
1702 2142 1829 2181 suos
1856 2142 2012 2196 agros
2041 2127 2092 2180 in
2117 2142 2274 2194 peco-

688 2234 810 2275 rum
842 2229 1048 2289 pastum
1071 2219 1299 2288 reliquit.
1328 2218 1459 2272 Nam
1482 2218 1568 2271 alii
1590 2217 1803 2287 quidem
1825 2256 1840 2280 ,
1865 2232 1983 2271 cum
2005 2233 2108 2270 non
2135 2225 2278 2271 esset

689 2310 743 2364 in
782 2321 1030 2379 promptu
1061 2310 1348 2375 ditescere,
1371 2309 1698 2362 exorientem
1729 2306 1829 2361 sibi
1866 2320 1932 2360 ex
1969 2317 2278 2375 paupertate

688 2401 912 2469 gloriam
956 2401 1476 2463 animadvertentcs,
1509 2398 1663 2451 facile
1704 2399 1755 2451 in
1803 2413 1921 2451 eam
1967 2413 2025 2450 se
2072 2406 2274 2466 partem

682 2492 987 2558 dederunt;
1017 2493 1101 2547 hic
1143 2501 1319 2545 autem
1361 2501 1414 2544 et
1437 2505 1534 2554 ea,
1568 2506 1686 2560 quae
1728 2488 1990 2553 habebat,
2022 2490 2278 2557 projecit:

688 2584 824 2639 adeo
850 2599 1035 2638 omnes
1058 2583 1214 2653 hujus
1245 2584 1373 2636 fera:
1403 2582 1594 2636 bellua:
1620 2581 1720 2635 sibi
1747 2580 2086 2650 acquirenda:
2125 2580 2279 2648 cupio

688 2675 856 2732 ditate
881 2676 1232 2730 insaniebant.
1259 2675 1336 2729 Ne
1375 2674 1535 2744 igitur
1579 2689 1867 2744 queramur
1890 2673 2055 2727 Deum
2081 2688 2148 2727 ex
2178 2672 2279 2727 hac

688 2758 828 2837 turpi
872 2784 971 2822 nos
997 2767 1277 2838 tyrannide
1302 2775 1356 2820 et
1384 2766 1602 2820 ridicula
1632 2773 1686 2819 et
1715 2765 1999 2817 multorum
2050 2763 2279 2832 probro-

687 2874 808 2912 rum
837 2859 998 2928 plena
1024 2859 1309 2912 exemisse.
1334 2857 1538 2911 Nomen
1569 2856 1712 2910 enim
1733 2855 1906 2909 solum
1937 2855 2275 2923 Splendidum

688 2957 803 3013 est,
837 2964 924 3002 res
965 2961 1142 3003 autem
1175 2951 1286 3018 ipsa
1315 2949 1470 3017 longe
1493 2949 1626 3000 alios
1656 2957 1814 3017 atque
1836 2948 2123 3016 appellatio
2161 2949 2277 3016 ipsa

687 3038 1023 3107 polliceatur,
1071 3048 1337 3092 amatores
1377 3053 1502 3092 suos
1543 3037 1756 3103 reddit,
1797 3052 1860 3089 ac
1886 3052 2043 3090 nemo
2078 3045 2162 3090 est
2189 3037 2278 3105 qui

686 3129 872 3198 gloriae
916 3144 1074 3184 causa
1125 3129 1394 3199 quidpiam
1441 3133 1688 3198 agente'm
1737 3144 1844 3182 non
1887 3128 2122 3183 irrideat.
2185 3129 2278 3184 Ille

687 3220 829 3274 enim
873 3221 1017 3274 solus
1065 3221 1458 3289 suspiciendum
1490 3235 1549 3275 se
1583 3219 1850 3290 praebere,
1878 3231 1930 3274 et
1958 3221 2124 3290 gloria
2172 3221 2278 3275 cir-

687 3311 978 3366 cumfluere
1003 3314 1216 3381 poterit,
1250 3313 1340 3381 qui
1365 3327 1430 3366 eo
1456 3314 1673 3367 minime
1698 3321 1904 3381 spectat
1939 3329 1950 3364 :
1979 3313 2070 3382 qui
2097 3324 2275 3368 autem

688 3416 938 3470 magnum
977 3401 1228 3471 quiddam
1259 3412 1409 3471 putat
1444 3403 1666 3472 gloriam
1696 3419 1727 3457 a
1774 3403 1954 3457 multis
2003 3405 2270 3471 delatam,

686 3500 849 3560 atque
877 3491 1019 3546 illius
1040 3493 1432 3560 consequeudm
1457 3508 1614 3547 causa
1638 3493 1813 3546 omnia
1837 3492 1961 3546 facit
1982 3503 2035 3547 et
2056 3495 2271 3562 patitur,

688 3583 736 3637 is
782 3584 1115 3650 potissimum
1156 3584 1222 3638 ab
1259 3598 1319 3637 ea
1365 3585 1525 3653 longe
1573 3584 1769 3647 aberit,
1813 3585 2033 3653 ejusque
2081 3601 2274 3654 expers

685 3673 788 3728 erit
813 3690 826 3738 ;
855 3689 1030 3728 rerum
1053 3690 1179 3728 vero
1203 3675 1388 3744 gloriae
1416 3676 1810 3729 adversantium
1841 3677 2070 3730 maxime
2101 3678 2268 3745 parti-

683 3779 829 3832 ceps,
857 3766 1117 3819 irrisionis
1135 3807 1149 3829 ,
1181 3767 1597 3828 criminationis,
1635 3766 2038 3820 maledictorum
2060 3808 2072 3830 ,
2097 3768 2266 3820 offen-

687 3857 882 3920 sionis,
919 3858 1049 3910 odii.
1083 3858 1264 3927 Neque
1295 3860 1346 3912 in
1375 3860 1506 3913 viris
1537 3861 1738 3912 tantulu
1769 3860 1818 3913 id
1845 3876 1938 3913 usu
1970 3863 2145 3922 venit,
2177 3863 2272 3916 sed

683 3951 844 4003 etiam
876 3951 926 4003 in
958 3953 1109 4006 vobis
1135 3953 1444 4007 mulieribus
1465 3995 1479 4018 ,
1503 3966 1662 4023 atque
1688 3955 1855 4009 multo
1884 3957 2070 4025 magis.

749 4041 912 4123 â€˜Vana
937 4045 1100 4114 gloria
1129 4062 1206 4098 res
1235 4045 1429 4099 odiosa.
1469 4067 1542 4086 -Î¹-
1579 4047 1708 4100 Nam
1745 4064 1862 4116 qua:
1909 4058 1962 4101 et
2008 4050 2171 4118 figura
2219 4060 2272 4104 et

687 4133 899 4187 incessu
945 4144 998 4189 et
1045 4136 1242 4189 vestitu
1286 4137 1580 4205 simplicem
1637 4139 1919 4206 quamdam
1976 4139 2266 4193 bonitatem

685 4240 797 4293 pra:
837 4241 895 4279 se
936 4225 1072 4292 fert,
1104 4237 1158 4281 et
1198 4243 1227 4279 a
1255 4231 1467 4281 nemine
1516 4229 1770 4283 honorem
1813 4240 2122 4298 aucupatur,
2151 4247 2268 4285 eam

685 4331 872 4370 omnes
899 4317 1250 4382 admirantur,
1294 4319 1620 4388 suspiciunt,
1665 4321 1988 4389 prazdicant,
2023 4323 2268 4376 onmibus

682 4406 838 4460 benis
881 4407 1148 4462 ominibus
1195 4420 1585 4479 prosequuntur
1621 4428 1634 4463 :
1680 4426 1828 4464 vanre
1868 4421 2043 4465 autem
2085 4414 2263 4481 gloriae

683 4498 929 4566 cupidam
993 4507 1323 4564 aversantur,
1377 4501 1640 4567 oderunt,
1688 4510 1744 4556 et
1805 4503 1965 4556 veluti
2036 4502 2267 4557 belluam

683 4590 966 4658 quamdam
989 4599 1253 4659 agrestem
1294 4592 1529 4661 fugiunt,
1555 4602 1836 4647 sexcentas
1866 4593 1918 4661 in
1945 4594 2089 4648 illam
2111 4610 2266 4649 exse-

680 4683 950 4737 crationes
987 4695 1041 4738 et
1082 4683 1432 4738 contumelias
1471 4686 1835 4754 conjicientes.
1869 4685 1980 4742 Nec
2005 4702 2132 4741 vero
2181 4688 2264 4742 his

681 4773 960 4829 dumtaxat
986 4776 1142 4831 malis
1173 4791 1269 4830 nos
1302 4778 1558 4845 eripimus
1594 4778 1861 4846 vulgarem
1889 4779 2110 4848 gloriam
2133 4797 2263 4835 con-

680 4874 1014 4934 temnentes,
1041 4867 1136 4922 sed
1172 4877 1225 4922 et
1259 4883 1357 4933 ea,
1381 4884 1500 4937 qua:
1538 4868 1774 4922 omnium
1820 4870 2049 4924 maxima
2105 4880 2261 4940 sunt,

679 4955 969 5022 lucramur,
999 4958 1126 5011 dum
1159 4969 1355 5028 prmter
1392 4975 1452 5014 ea
1498 4976 1615 5029 qua:
1653 4960 1793 5015 dicta
1844 4970 1967 5016 sunt
2009 4964 2264 5031 paulatim

677 5047 954 5102 erudimur
973 5050 1256 5118 respirare,
1290 5058 1344 5105 et
1363 5052 1600 5120 aspirare
1625 5051 1690 5105 ad
1721 5053 1929 5115 caelum,
1961 5062 2016 5108 et
2049 5062 2263 5110 terrena

678 5139 856 5191 omnia
901 5138 1184 5207 dispicere.
1215 5140 1345 5196 Nam
1381 5142 1469 5210 qui
1492 5142 1670 5196 delato
1717 5142 1784 5196 ab
1827 5125 2133 5199 hominibus
2168 5147 2265 5200 bo-

679 5244 810 5284 nore
835 5231 1053 5286 minime
1081 5248 1238 5302 egere
1278 5249 1340 5289 se
1383 5242 1563 5304 putat,
1596 5234 1849 5304 quidquid
1893 5235 2018 5290 boni
2063 5236 2258 5307 faciet,

676 5337 869 5399 magna
913 5339 1034 5378 cum
1089 5325 1374 5379 securitate
1416 5325 1608 5390 faciet,
1637 5343 1810 5395 neque
1843 5339 1935 5382 aut
1979 5329 2256 5394 adversis,

675 5422 770 5467 aut
794 5415 1041 5470 secundis
1071 5415 1230 5486 hujus
1273 5417 1394 5470 vita:
1421 5417 1581 5471 rebus
1619 5417 1908 5488 quidquam
1938 5419 2260 5476 incommodi

673 5505 888 5559 sentiet.
913 5505 1092 5576 Neque
1116 5507 1259 5562 enim
1287 5515 1382 5561 aut
1405 5507 1648 5562 adversa:
1675 5508 1822 5562 illum
1844 5508 2076 5578 dejicere
2101 5520 2261 5580 atque

673 5595 902 5652 obruere
949 5607 1204 5666 possunt,
1253 5608 1346 5652 aut
1393 5599 1642 5653 secundas
1677 5599 1863 5654 inflare
1905 5614 1968 5653 ac
1999 5601 2258 5656 tumidum

672 5687 927 5756 reddere,
958 5688 1052 5743 sed
1091 5689 1142 5742 in
1178 5689 1336 5744 rebus
1363 5691 1595 5744 maxime
1623 5689 1835 5744 caducis
1861 5706 1924 5744 ac
1953 5690 2110 5746 flnixis
2145 5692 2258 5761 ipsc

669 5782 844 5838 omnis
867 5782 1174 5839 mutationis
1202 5798 1394 5853 expers
1419 5793 1618 5841 manet.
1649 5783 1801 5852 Quod
1829 5784 2077 5842 celeriter
2118 5795 2172 5842 ct
2203 5787 2254 5841 in

1399 381 1458 438 S.
1494 373 1773 437 JOANNIS
1807 375 2283 434 CIIRYSOSTOMI
2319 375 2638 434 ARCHIEP.
2680 377 3214 436 CONSTANTINOP.

3862 382 3966 439 608
4023 411 4028 413 -

2383 497 2476 542 tuo
2525 490 2690 559 ipsius
2735 492 2915 545 animo
2966 502 3280 546 eventurum
3337 505 3530 560 spero,
3579 491 3966 562 confestimque

2385 585 2610 634 terrenis
2639 583 2885 636 omnibus
2909 583 3164 652 abjectis,
3188 583 3456 637 caelestem
3487 592 3538 637 te
3573 583 3728 637 nobis
3755 585 3964 637 vivendi

2378 673 2637 727 rationem
2703 684 3236 744 repraasentaturam,
3301 675 3523 744 gloriam
3590 689 3754 740 vero,
3809 691 3998 744 quam-

2378 777 2517 815 nunc
2541 761 2705 818 deï¬‚es
2725 805 2739 831 ,
2769 765 2924 833 paulo
2959 775 3078 834 post
3108 765 3380 819 irrisuram
3402 804 3418 831 ,
3449 774 3501 819 et
3543 780 3730 818 vanam
3759 780 3820 819 ac
3849 764 3968 819 futi-

2379 851 2482 906 lem
2533 852 2676 908 iliius
2707 870 2990 923 personam
3035 857 3328 910 illusuram.
3364 855 3516 922 Quod
3567 857 3610 909 si
3654 856 3964 925 pristinam,

2379 960 2481 1013 qua
2509 961 2604 1014 per
2631 947 2778 1001 illum
2823 948 3137 1016 potiebaris,
3184 949 3526 1003 securitatem
3565 947 3871 1009 desideres,
3914 957 3964 1001 et

2379 1034 2638 1089 bonorum
2667 1035 2993 1102 custodiam,
3021 1053 3120 1090 nec
3150 1046 3332 1106 patere
3362 1038 3496 1092 velis
3523 1052 3706 1091 eorum
3733 1037 3963 1100 insidiis,

2379 1124 2471 1193 qui
2505 1121 2697 1180 alienis
2732 1127 3119 1181 calamitatibus
3163 1129 3455 1193 insultant,
3491 1127 3643 1180 Jacta
3687 1144 3837 1196 super
3866 1126 3968 1180 Do-

2381 1216 2571 1268 minum
2590 1233 2765 1269 curam
2795 1228 2969 1284 tuam,
3001 1227 3048 1272 et
3068 1218 3176 1288 ipse
3205 1229 3251 1272 te
3279 1219 3492 1271 enutriet
3525 1217 3697 1288 (Psal.
3732 1218 3823 1270 54.
3851 1217 3965 1285 23).

2381 1302 2626 1374 Inspicite
2675 1309 2854 1371 enim,
2897 1308 3099 1377 inquit,
3137 1309 3191 1361 in
3238 1310 3471 1379 antiquas
3511 1310 3891 1379 generationes,
3926 1318 3969 1360 et

2380 1396 2539 1448 videte
2564 1398 2610 1450 si
2632 1399 2743 1462 quis
2783 1402 3000 1465 speravit
3042 1401 3094 1453 in
3134 1400 3354 1454 Domino
3374 1443 3387 1466 ,
3417 1411 3463 1453 et
3491 1401 3734 1468 confusus
3761 1411 3832 1454 est
3855 1442 3867 1464 ,
3894 1401 3968 1452 vel

2381 1488 2424 1539 si
2448 1489 2557 1556 quis
2586 1490 2829 1551 invocavit
2854 1491 3028 1556 illum,
3058 1502 3104 1545 et
3130 1493 3390 1561 despectus
3411 1503 3482 1546 est
3507 1534 3522 1557 ,
3556 1493 3633 1545 vel
3652 1496 3696 1544 si
3727 1493 3840 1561 quis
3873 1501 3970 1544 ste-

2382 1578 2442 1630 tit
2493 1579 2545 1631 in
2591 1580 2842 1633 mandatis
2887 1583 2997 1651 ejus
3021 1623 3036 1646 ,
3065 1592 3109 1634 et
3139 1583 3406 1634 derelictus
3453 1592 3522 1636 est
3550 1580 3738 1642 (Eccli.
3766 1581 3819 1634 2.
3857 1581 3966 1650 10).

2380 1668 2510 1721 Nam
2542 1670 2628 1738 qui
2651 1685 2784 1724 onus
2813 1680 2918 1724 tam
2939 1672 3288 1726 intolerabilis
3314 1673 3630 1727 calamitatis
3658 1673 3823 1726 levius
3850 1672 3971 1726 red-

2380 1757 2546 1824 didit,
2569 1769 2623 1814 et
2653 1760 2704 1813 in
2737 1763 2987 1828 prmscnti
3019 1764 3400 1831 tranquillitate
3423 1772 3474 1817 te
3503 1763 3816 1828 collocavit,
3850 1764 3893 1816 is
3918 1772 3972 1816 et

2379 1866 2499 1920 qua:
2545 1852 2824 1907 imminent
2870 1854 3217 1922 propulsabit.
3260 1853 3390 1907 Nam
3441 1853 3541 1908 bac
3580 1854 3793 1922 quidem
3822 1854 3969 1922 plaga

2380 1945 2577 1997 nullam
2606 1954 2659 1999 te
2685 1960 2930 2014 umquam
2954 1946 3248 2014 graviorem
3271 1959 3426 2012 posse
3450 1945 3694 2013 accipere
3725 1945 3968 2013 profectu

2380 2035 2533 2088 nobis
2561 2036 2886 2090 asseuticris.
2915 2034 3137 2102 Quando
3164 2036 3322 2103 igitur
3347 2051 3581 2104 praesens
3603 2037 3801 2089 malum
3833 2036 3972 2089 adeo

2378 2126 2588 2181 fortiter
2616 2143 2679 2182 ac
2707 2143 2966 2197 generose
2991 2128 3191 2195 tulisti,
3225 2128 3386 2206 idque
3415 2143 3539 2182 cum
3575 2138 3627 2183 te
3671 2145 3798 2183 usus
3839 2145 3974 2183 non-

2378 2218 2504 2271 dum
2555 2218 2856 2287 docuisset,
2900 2221 3068 2274 multo
3098 2221 3264 2289 magis
3318 2237 3382 2275 ex
3429 2221 3522 2287 iis,
3569 2237 3689 2291 quae
3727 2223 3972 2277 accidere

2380 2317 2634 2375 possunt,
2679 2311 2722 2364 si
2751 2310 2877 2380 quid
2907 2320 3098 2378 pra-ter
3125 2313 3449 2365 voluntatem
3478 2323 3730 2383 nostram
3762 2313 3972 2367 accide-

2380 2397 2483 2462 rit,
2513 2398 2653 2467 quod
2704 2400 2845 2454 Deus
2893 2416 3048 2454 omen
3091 2411 3329 2465 avertat,
3379 2401 3533 2456 facile
3575 2403 3735 2457 feres.
3768 2403 3970 2458 (leum

2380 2505 2581 2557 quaere,
2601 2500 2655 2544 et
2683 2492 2860 2544 omnia
2893 2507 3242 2561 quaecumque
3263 2494 3328 2546 ad
3357 2495 3515 2547 vitam
3545 2495 3652 2549 illic
3676 2495 3969 2563 degendam

2379 2582 2716 2650 conducunt,
2758 2599 2821 2638 ac
2863 2586 2993 2638 nihil
3025 2598 3209 2639 eorum
3257 2602 3373 2654 quae
3419 2586 3504 2641 hic
3537 2588 3665 2640 ï¬ant
3696 2587 3893 2640 laedere
3921 2597 3972 2642 te

2382 2674 2612 2741 poterit,
2643 2690 2710 2730 ne
2737 2675 2850 2744 ipse
2873 2675 3082 2744 quidem
3109 2677 3448 2730 tenebrarum
3476 2677 3784 2747 imperator,
3818 2677 3972 2732 dum-

2381 2765 2541 2818 modo
2587 2781 2655 2820 ne
2703 2767 2856 2820 nobis
2896 2768 2994 2836 ipsi
3025 2783 3330 2821 noceamus.
3361 2768 3490 2821 Nam
3518 2779 3572 2821 et
3592 2769 3637 2821 si
3665 2769 3784 2837 quis
3817 2768 3973 2822 bonis

2379 2857 2603 2923 spoliet,
2636 2866 2689 2911 et
2712 2861 2756 2912 si
2787 2873 2980 2927 corpus
3020 2860 3263 2914 concidat
3284 2902 3298 2922 .
3344 2860 3474 2913 nihil
3505 2860 3694 2915 borum
3740 2861 3808 2916 ad
3835 2876 3970 2928 nos,

2380 2945 2540 2998 modo
2567 2947 2775 3001 animus
2805 2948 2957 3002 nobis
2976 2949 3254 3002 incolumis
3282 2959 3512 3003 maneat.

2452 3035 2503 3088 7.
2547 3035 2788 3090 Pecunia:
2829 3038 2883 3090 in
2921 3039 3100 3092 cwlum
3129 3040 3383 3092 mittenda:
3408 3042 3677 3108 quomodo.
3716 3071 3792 3081 â€”
3843 3044 3967 3096 Om-

2382 3127 2508 3181 nino
2529 3139 2704 3182 autem
2751 3131 2793 3184 si
2834 3130 2913 3184 vis
2945 3133 3196 3199 pecunias
3240 3131 3306 3185 ab
3356 3131 3502 3185 omni
3548 3134 3782 3200 periculo
3831 3144 3971 3189 tutas

2378 3219 2647 3274 custodire
2673 3233 2727 3275 et
2751 3221 3094 3290 amplificare,
3119 3237 3217 3290 ego
3240 3237 3367 3275 sane
3394 3231 3446 3275 et
3467 3223 3681 3276 modmn
3711 3233 3763 3276 ct
3794 3224 3969 3278 locum

2377 3313 2788 3379 demonstrabo,
2821 3329 2925 3383 quo
2969 3314 3096 3366 nulli
3129 3329 3334 3378 eorum,
3369 3315 3456 3383 qui
3489 3314 3726 3368 insidiari
3763 3315 3967 3380 solent,

2377 3401 2455 3456 fas
2485 3411 2567 3458 est
2598 3405 2820 3458 irruere.
2848 3405 2979 3470 Quis
3011 3405 3169 3473 igitur
3210 3405 3358 3458 locus
3384 3406 3502 3458 est?
3533 3405 3733 3457 Caelum
3771 3422 3784 3458 :
3819 3407 3969 3460 mitte

2378 3493 2497 3546 illas
2541 3493 2607 3547 ad
2637 3496 2890 3562 optimum
2922 3495 3066 3547 illum
3113 3496 3314 3557 virum,
3342 3510 3404 3548 ac
3435 3511 3612 3565 neque
3656 3496 3759 3559 fur,
3794 3511 3970 3567 neque

2378 3583 2674 3649 insidiator,
2704 3601 2879 3652 neque
2922 3586 3024 3636 ulla
3051 3586 3153 3638 alia
3186 3586 3351 3652 pestis
3384 3586 3639 3652 impetum
3684 3585 3864 3641 facere
3911 3587 3964 3640 in

2377 3673 2496 3725 illas
2544 3675 2754 3741 poterit.
2789 3673 2842 3727 Si
2903 3674 2972 3728 ibi
3018 3675 3112 3730 has
3162 3675 3303 3743 ipsas
3359 3653 3611 3744 pecunias
3658 3675 3967 3743 defodcris,

2377 3781 2624 3835 magnum
2652 3782 2716 3818 ex
2744 3766 2824 3818 his
2853 3767 3052 3818 lucrum
3086 3762 3402 3835 reportabis.
3433 3750 3623 3821 Omnia
3653 3770 3791 3822 enim
3817 3785 3965 3838 qua:-

2373 3873 2603 3926 cumqne
2628 3873 2656 3909 a
2685 3858 2838 3911 nobis
2869 3858 2918 3908 in
2959 3857 3102 3910 caelis
3139 3869 3410 3920 seruntur,
3443 3857 3598 3927 longe
3618 3858 3874 3926 majorem
3904 3875 3967 3913 ac

2375 3948 2648 4002 meliorem
2696 3955 3015 4016 proventum
3070 3934 3300 4011 habent,
3327 3963 3387 4001 ac
3419 3948 3573 4016 plane
3614 3948 3801 4016 talem,
3837 3965 3969 4018 qua-

2375 4038 2478 4090 lem
2529 4048 2946 4092 consentanemn
2994 4046 3166 4091 estex
3206 4039 3301 4104 iis,
3334 4055 3451 4106 qua:
3481 4039 3533 4092 in
3561 4039 3705 4092 caelis
3752 4041 3965 4095 radices

2373 4137 2615 4197 egerunt.
2648 4129 2798 4193 Quod
2827 4131 2869 4181 si
2912 4129 3012 4182 hoc
3042 4128 3232 4182 feceris
3257 4169 3273 4193 ,
3308 4129 3429 4184 vide
3472 4130 3717 4199 qualibus
3773 4132 3966 4185 frueris

2373 4221 2564 4274 bonis:
2601 4220 2826 4288 primum
2875 4219 3087 4288 quidem
3127 4221 3451 4288 sempiterna
3482 4223 3585 4273 vita
3634 4230 3688 4274 et
3734 4221 3797 4275 iis
3844 4238 3965 4291 qua:

2374 4310 2634 4380 promissa
2661 4321 2785 4365 sunt
2809 4311 3150 4380 diligentibus
3175 4311 3339 4365 Deum
3360 4353 3374 4376 ,
3407 4327 3523 4379 quae
3561 4327 3735 4380 neque
3775 4312 3964 4366 oculus

2371 4403 2534 4466 vidit,
2585 4417 2757 4470 neque
2802 4402 2946 4455 auris
2990 4401 3224 4466 audivit,
3276 4403 3461 4470 neque
3496 4401 3547 4454 in
3595 4416 3689 4455 cor
3727 4402 3962 4457 hominis

2371 4494 2757 4548 ascenderunt:
2788 4492 2981 4549 deinde
3010 4493 3396 4559 consuetudine
3417 4492 3603 4561 optimi
3637 4493 3739 4547 viri
3787 4495 3862 4547 tui
3911 4495 3960 4548 in

2369 4600 2527 4640 omne
2555 4600 2725 4639 aevum
2753 4600 2768 4637 :
2802 4593 3071 4652 postremo
3097 4597 3126 4635 a
3153 4584 3322 4642 curis,
3350 4583 3649 4644 timoribus,
3685 4584 3960 4651 periculis,

2369 4677 2594 4740 insidiis,
2675 4675 2982 4736 simultate,
3037 4673 3178 4736 odio,
3235 4689 3352 4741 quae
3405 4673 3542 4726 hanc
3590 4683 3862 4738 exercent,
3911 4683 3964 4729 te

2369 4769 2538 4837 ipsam
2581 4767 2853 4821 liberabis.
2908 4765 3173 4834 Quamdiu
3221 4765 3361 4818 enim
3412 4765 3663 4832 pecunias
3711 4765 3851 4832 apud
3908 4774 3960 4819 te

2368 4860 2644 4925 retinebis,
2690 4867 2848 4913 erunt
2892 4858 3116 4911 fortasse
3143 4855 3324 4924 aliqui,
3360 4854 3446 4923 qui
3480 4853 3752 4908 fraudibus
3793 4854 3960 4908 inter-

2371 4963 2614 5009 vertant:
2643 4954 2724 5008 sin
2755 4962 2932 5006 autem
2962 4950 3028 5003 ad
3060 4950 3248 5004 caelum
3280 4947 3640 5002 transmiseris
3667 4987 3680 5009 ,
3710 4946 3962 5015 periculis

2370 5061 2627 5110 vacuam,
2653 5053 2818 5098 tutam
2842 5083 2856 5108 ,
2879 5057 2943 5096 ae
2968 5039 3361 5108 tranquillitatis
3391 5038 3755 5109 plenissimam
3801 5037 3959 5091 vitam

2370 5142 2515 5195 vives
2539 5181 2553 5202 ,
2585 5140 2781 5208 quippe
2805 5153 2923 5208 quae
2946 5134 3265 5191 sufficientia
3299 5149 3400 5186 una
3426 5133 3769 5201 cum-pietate
3817 5133 3962 5185 frue-

2368 5234 2462 5288 ris.
2495 5234 2697 5302 Magna:
2723 5232 2864 5285 enim
2892 5228 3176 5284 dementiae
3200 5235 3302 5290 est,
3325 5227 3370 5280 si
3396 5226 3508 5294 agri
3533 5224 3748 5294 quidem
3771 5239 3959 5278 einen-

2364 5326 2416 5378 di
2441 5325 2545 5379 sint
2566 5365 2580 5390 ,
2609 5322 2919 5402 feraciorem
2976 5330 3171 5374 terram
3207 5307 3436 5381 sectari;
3463 5331 3584 5370 cum
3613 5330 3742 5369 vero
3772 5315 3960 5368 cwlum

2363 5427 2522 5472 terra:
2567 5417 2687 5470 loco
2764 5417 2834 5471 sit
2880 5412 3245 5484 propositum,
3302 5425 3423 5464 cum
3481 5409 3551 5463 ibi
3607 5407 3763 5462 liceat
3809 5423 3954 5476 pra:-

2363 5507 2508 5562 dium
2559 5506 2660 5560 sibi
2705 5519 3049 5574 comparare,
3103 5512 3261 5557 terra;
3315 5501 3490 5570 potius
3531 5497 3839 5563 inhaerere,
3869 5512 3959 5552 se-

2363 5615 2468 5670 que
2495 5597 2787 5663 molestiis,
2815 5612 2936 5665 qua:
2958 5611 3025 5650 ex
3051 5595 3150 5648 hac
3179 5607 3322 5661 Saepe
3345 5589 3610 5653 incidunt,
3641 5602 3912 5658 exponere
3938 5604 3952 5642 :

2367 5707 2509 5760 smpe
2545 5689 2686 5745 enim
2719 5700 2958 5743 nostram
3008 5685 3296 5740 frustratur
3320 5699 3490 5751 spem.
3523 5681 3782 5747 Quoniam
3828 5695 3960 5734 vero

2361 5783 2487 5840 illud
2542 5784 2773 5856 graviter
2818 5780 3056 5854 percellit
3101 5778 3441 5849 concutitque
3491 5777 3725 5832 animum
3779 5784 3954 5840 tuum,
