4158 6316
88 402 164 459 607

87 536 173 590 περ
210 515 403 571 πολλαὶ
474 515 591 570 τῶν
649 515 1060 587 πορνευομένων
1136 518 1431 586 γυναικῶν,
1478 518 1741 581 δυσειδεῖς

88 604 219 659 οὖσαι
239 605 382 659 κατά
428 604 716 673 φύσινκαὶ
750 604 1031 675 εἰδεχθεῖς,
1076 608 1189 669 τοῖς
1230 606 1597 677 ἐπιτρίμμασι
1649 607 1744 659 καὶ

88 696 185 755 ταῖς
205 692 553 762 ὐπογραφαῖς
565 690 780 754 ἀπαλάς
802 690 968 755 οὔσας
987 690 1067 744 ἐτι
1098 690 1198 755 τὰς
1225 690 1334 744 τῶν
1357 691 1491 744 νέων
1512 692 1717 766 ἀναπτε

90 779 223 851 ροῦσι
252 779 457 849 ψυχάς,
492 779 589 832 καὶ
624 777 844 832 ἐπειδὰν
895 778 1001 831 ὑπὸ
1030 778 1128 850 τὴν
1172 779 1348 850 ἀρχὴν
1391 779 1597 832 λάϐωσι
1646 778 1743 847 τὴν

90 866 295 930 ἑαυτῶν,
319 866 524 929 παντὸς
551 866 886 938 ἀνδραπόδου
914 864 1121 938 τούτοις
1157 865 1619 937 ὑϐριστικώτερον
1649 864 1743 919 κέ-

91 968 315 1023 χρηνται·
348 953 493 1007 οὕτω
515 954 610 1007 καὶ
635 936 807 1007 ταῦτα
832 952 902 1006 τά
922 936 1093 1023 πάθη,
1135 954 1170 1024 ἦ
1202 936 1261 1005 τε
1294 953 1569 1019 κενοδοξία
1591 954 1684 1007 καὶ
1709 953 1743 1023 ή

90 1040 316 1105 ἀπόνοια,
360 1040 565 1104 παντὸς
598 1040 767 1109 ἀγους
799 1040 997 1110 μᾶλλον
1038 1039 1139 1104 τὰς
1167 1039 1275 1093 τῶν
1304 1039 1401 1093 ἀνθ
1411 1037 1607 1110 ρώπων
1650 1057 1745 1111 μο-

90 1126 284 1181 λύνουσι
314 1127 515 1197 ψυχάς.
1709 1161 1715 1168 ·

145 1222 236 1286 Διά
263 1234 423 1287 τοῦτο
478 1234 573 1289 καὶ
616 1235 646 1288 ὁ
680 1212 910 1299 πλοῦτος
957 1237 1070 1298 τοῖς
1120 1234 1338 1300 πολλοῖς
1378 1215 1553 1298 ἔδοξεν
1605 1229 1744 1287 εἶναι

89 1322 231 1374 καλόν
254 1338 272 1355 ο
339 1322 546 1396 ταύτης
614 1323 747 1392 γοῦν
802 1322 1117 1393 γυμνωθεὶς
1178 1322 1298 1376 οὐδὲ
1359 1322 1524 1384 αὐτὸς
1592 1321 1744 1373 ἔσται

90 1406 253 1461 λοιπὸν
299 1409 621 1480 ἐπέραστος.
688 1405 784 1473 Οἷς
836 1401 980 1478 θγοῦν
1036 1408 1164 1478 ἐξῆν
1228 1408 1318 1461 διὰ
1374 1408 1565 1470 πενίας
1623 1409 1745 1460 ἐπι-

89 1498 249 1565 τυχεῖν
276 1497 379 1567 τῆς
408 1496 566 1568 δόξης
585 1498 685 1568 τῆς
712 1496 865 1567 παρά
894 1497 1003 1551 τῶν
1036 1495 1267 1561 πολλῶν,
1297 1496 1400 1549 οὐκ
1430 1495 1510 1548 ἔτι
1541 1495 1746 1548 εἴλοντο

92 1584 340 1648 πλουτεῖν,
377 1585 512 1638 ἀλλά
544 1585 678 1642 πολύ
704 1584 979 1654 διδόμενον
1028 1583 1252 1656 χρυσίον
1287 1583 1602 1637 διέπτυσαν.
1636 1584 1746 1636 Καὶ

88 1671 289 1734 τούτους
313 1672 376 1725 οὐ
401 1672 531 1743 παρ’
558 1673 693 1743 ἐμοῦ
718 1673 888 1745 δεήσῃ
937 1672 1151 1742 μαθεῖν,
1207 1670 1322 1725 ἀλλτ
1352 1669 1745 1742 ἀκριϐέστερον

90 1757 223 1825 ἡμῶν
276 1758 425 1822 οἶδας
460 1761 596 1831 αὐτὴ
634 1762 727 1814 τὸν
771 1755 1211 1830 Ἐπαμεινώνδαν
1236 1797 1251 1822 ,
1296 1758 1388 1811 τὸν
1424 1758 1742 1829 Σωκράτην,

88 1845 165 1895 τὸν
211 1847 573 1918 Ἀριστείδην,
612 1848 700 1901 τὸν
744 1849 1023 1916 Διογένην,
1071 1848 1161 1901 τὸν
1194 1846 1478 1917 Κράτητα,
1519 1846 1609 1898 τὸν
1644 1861 1747 1915 μη-

90 1930 284 1985 λόϐοτον
310 1934 509 1988 ἀνέντα
523 1935 621 2005 τὴν
652 1934 836 2007 χώραν
864 1936 965 2006 τὴν
989 1924 1206 1988 ἑαυτοῦ.
1240 1936 1303 1987 Οἱ
1332 1934 1430 2003 μὲν
1462 1932 1572 2004 γάρ
1598 1932 1743 1985 ἄλλοι

92 2019 201 2089 παρ’
232 2012 306 2073 ὧν
348 2021 651 2093 πλουτῆσαι
673 2024 774 2077 οὐκ
799 2019 887 2092 ἦν,
916 2023 1004 2075 διὰ
1024 2022 1123 2091 τῆς
1154 2022 1343 2083 πενίας
1371 2016 1509 2075 εἶδον
1540 2019 1638 2090 τὴν
1668 2019 1745 2071 δό-

90 2106 170 2170 ξαν
196 2111 644 2180 παραγενομένην
675 2112 985 2173 αὐτοῖς,κα“ι
1013 2112 1103 2163 ἐπὶ
1135 2108 1292 2162 τοῦτο
1326 2104 1490 2180 ἦλθον
1518 2108 1743 2171 εὐθέως·

88 2190 221 2259 οὗτος
252 2197 310 2249 δὲ
347 2198 443 2250 καὶ
503 2198 647 2269 άπερ
684 2194 829 2269 εἶχεν
864 2198 1107 2270 ἔρριψεν
1134 2197 1307 2260 οὓτως
1332 2197 1569 2259 ἅπαντες
1603 2190 1744 2265 ἦσαν

88 2283 335 2352 ἐμμανεῖς
373 2285 510 2355 πρὸς
538 2287 638 2357 τὴν
688 2288 781 2339 τοῦ
815 2285 1049 2357 χαλεποῦ
1092 2285 1282 2339 τούτου
1313 2284 1505 2351 κτῆσιν
1530 2282 1739 2354 θηρίου.

87 2371 165 2440 Μὴ
182 2371 243 2441 δὴ
273 2371 597 2449 δακρύωμεν
627 2374 707 2427 ὅτι
736 2375 884 2444 ἡμᾶς
924 2376 952 2427 ὁ
989 2372 1120 2435 Θεὸς
1146 2372 1351 2443 ταύτης
1375 2374 1474 2443 τῆς
1502 2372 1746 2441 τυραννί-

86 2456 162 2519 δος
186 2459 460 2528 ἀπήλλαξε
503 2461 602 2530 τῆς
624 2462 854 2531 αἰσχρᾶς
889 2461 981 2513 καὶ
1007 2459 1414 2527 καταγελάστου
1455 2460 1548 2512 καὶ
1574 2457 1745 2511 πολλὰ

87 2543 300 2615 ἐχούσης
335 2545 534 2616 ὀνείδη·
577 2547 745 2617 ὄνομα
769 2548 876 2617 γὰρ
906 2548 1017 2619 ἔχει
1064 2548 1223 2618 μόνον
1277 2545 1551 2617 λαμπρὸν,
1598 2546 1655 2598 ἐν
1688 2545 1746 2598 δὲ

85 2633 185 2694 τοῖς
210 2631 390 2703 ἔργοις
421 2634 680 2686 τάναντία
703 2636 768 2704 τῇ
817 2636 1157 2706 προσηγορίᾳ
1186 2636 1312 2697 τοὺς
1330 2634 1550 2704 ἔχοντας
1576 2633 1743 2703 αὐτὴν

86 2718 356 2789 διατίθησι,
390 2721 484 2773 καὶ
510 2722 609 2774 οὐκ
630 2720 777 2775 ἐστιν
801 2721 977 2785 οὐδεὶς
998 2725 1025 2777 ὁ
1058 2723 1132 2793 μὴ
1154 2721 1470 2791 καταγελῶν
1490 2721 1584 2774 τοῦ
1609 2722 1746 2790 πρὸς

86 2803 227 2869 δόξαν
242 2824 295 2859 τι
323 2808 677 2877 πράττοντος.
695 2808 871 2872 Μόνος
892 2809 999 2881 γὰρ
1034 2812 1239 2873 ἐκεῖνος
1273 2808 1632 2880 περίϐλεπτος
1649 2809 1745 2862 καὶ

88 2892 307 2957 ἐπίδοξος
330 2894 587 2961 γενέσθαι
618 2896 906 2967 δυνήσεται
929 2899 957 2949 ὁ
989 2898 1063 2969 μὴ
1100 2898 1238 2967 πρὸς
1260 2896 1417 2949 τοῦτο
1445 2895 1606 2966 ὁρῶν·
1641 2896 1671 2947 ό
1688 2894 1745 2948 δὲ

90 2981 313 3051 μεγάλην
334 2982 491 3048 δόξαν
542 2982 824 3054 τιθέμενος
861 2983 957 3054 τὴν
1007 2987 1160 3056 παρά
1208 2984 1316 3037 τῶν
1367 2983 1595 3042 πολλῶν,
1648 2983 1745 3037 καὶ

87 3069 248 3121 πάντα
267 3070 406 3141 ὑπὲρ
433 3070 527 3124 τοῦ
558 3072 761 3141 ταύτης
786 3075 967 3141 τυχεῖν
1000 3072 1285 3142 ὑπομένων
1315 3072 1409 3124 καὶ
1440 3070 1628 3133 ποιῶν,
1650 3062 1745 3123 οῦ-

85 3170 166 3218 τος
196 3156 427 3225 μάλιστα
478 3157 646 3227 αὐτῆς
678 3158 1034 3222 ἀποτεύξεται
1068 3159 1161 3212 κάὶ
1216 3160 1593 3221 ἀποπεσεῖται,
1652 3158 1744 3212 καὶ

84 3244 181 3295 τῶν
209 3246 464 3299 ἐναντίων
497 3245 880 3300 ,ἀπολαύσεται
917 3247 1154 3312 πάντων,
1186 3246 1419 3314 γέλωτος
1466 3246 1560 3300 καὶ
1611 3263 1746 3299 κατ-

86 3329 318 3396 ηγορίας,
360 3330 731 3400 σκωμμάτων,
761 3330 1054 3400 ἀπεχθείας
1093 3331 1187 3383 καὶ
1233 3329 1443 3400 μίσους.
1496 3329 1611 3382 Οὐκ
1655 3330 1747 3382 ἐπὶ

86 3414 182 3467 τῶν
210 3417 417 3487 ἀνδρῶν
449 3418 507 3471 δὲ
541 3418 699 3490 μόνον
723 3418 885 3470 τοῦτο
922 3417 1237 3487 συμϐαίνειν
1262 3418 1471 3481 εἴωθεν,
1500 3417 1746 3470 ἀλλὰκαὶ

88 3501 169 3552 ἐπὶ
194 3503 344 3573 ὑμῶν
380 3504 490 3557 τῶν
520 3503 817 3572 γυναικῶν,
845 3505 938 3557 καὶ
978 3504 1215 3574 μάλιστά
1231 3521 1295 3572 γε
1328 3505 1413 3572 ἐφ’
1436 3505 1608 3574 ὐμῶν.
1633 3504 1745 3574 Τὴν

92 3590 177 3657 μὲν
204 3590 311 3660 γάρ
334 3592 609 3644 ἄπλαστον
658 3594 751 3645 καὶ
784 3594 842 3645 ἐν
875 3593 1135 3662 σχήματι,
1171 3592 1265 3644 καὶ
1303 3592 1360 3644 ἐν
1399 3590 1625 3660 βαδίσει.
1650 3592 1746 3645 καὶ

90 3678 138 3727 ὲν
170 3678 419 3744 ἱματίοις,
456 3680 549 3731 καὶ
581 3678 732 3747 παρά
767 3676 990 3747 μηδενὸς
1022 3676 1388 3749 ἐπιζητοῦσαν
1424 3677 1589 3748 τιμὴν
1616 3678 1746 3730 θαυ-

92 3763 334 3832 μάζουσιν
368 3767 575 3820 ἅπασαι
607 3768 700 3819 καὶ
722 3766 1113 3836 ἐκπλήττονται
1142 3766 1235 3818 καὶ
1267 3767 1631 3835 μακαρίζουσι
1652 3768 1745 3819 καὶ

88 3852 251 3905 πάντα
285 3855 420 3924 αὐτῇ
456 3854 801 3923 συνεύχονται
828 3853 896 3906 τὰ
923 3852 1084 3905 καλά·
1107 3852 1207 3923 τὴν
1231 3853 1289 3905 δὲ
1313 3851 1590 3916 κενόδοξον
1612 3853 1747 3905 ἀπο-

91 3938 397 4005 στρέφονται
430 3939 528 3990 καὶ
562 3936 816 4007 μισοῦσι,
864 3938 958 3989 καὶ
1006 3935 1195 4005 ὥσπερ
1228 3953 1279 3988 τι
1330 3934 1518 4005 θηρίον
1556 3935 1746 4004 ἀγριον

88 4022 353 4091 φεύγουσι,
385 4026 479 4077 καὶ
510 4025 733 4094 μυρίαις
774 4024 936 4093 ἀραῖς
979 4039 1038 4075 τε
1082 4023 1176 4075 καὶ
1196 4022 1486 4092 λοιδορίαις
1526 4021 1747 4090 βάλλου-

91 4108 181 4161 σιν.
200 4111 273 4162 Οὐ
293 4111 466 4163 ταῦτα
486 4110 542 4163 δὲ
569 4111 727 4180 μόνον
757 4110 865 4162 ἀπὸ
893 4106 990 4161 τοῦ
1021 4107 1095 4178 μὴ
1125 4108 1448 4177 προσίεσθαι
1469 4109 1568 4179 τὴν
1594 4109 1745 4179 παρά

88 4196 184 4247 τῶν
225 4197 433 4251 πολλῶν
466 4197 622 4263 δόξαν
651 4196 1017 4264 διαφεύγομεν
1059 4194 1129 4247 τὰ
1158 4194 1326 4258 κακὰ,
1360 4193 1520 4257 ⁵ἀλλά
1551 4196 1645 4249 καὶ
1677 4194 1746 4248 τὰ

92 4282 309 4349 μέγιστα
330 4284 547 4337 πάντων
572 4282 940 4354 κερδανοῦμεν
958 4281 1095 4352 πρὸς
1116 4282 1230 4344 τοῖς
1258 4280 1587 4352 εἰρημένοις,
1625 4299 1748 4334 παις-

87 4370 349 4441 δευόμενοι
408 4372 550 4426 κατά
588 4370 781 4441 μικρὸν
824 4370 1031 4423 ἀνιέναι
1084 4370 1178 4423 καὶ
1216 4370 1551 4440 μεταστῆναι
1610 4366 1758 4441 πρὸξ

88 4456 169 4508 τὸν
194 4470 220 4498 ι
250 4459 499 4529 οὐρανὸν,
529 4457 681 4531 [547]
716 4459 811 4512 καὶ
846 4458 1064 4512 πάντων
1102 4460 1467 4528 καταφρονεῖν
1506 4456 1614 4510 τῶν
1649 4458 1771 4510 ἐπὶη

90 4543 175 4613 τῆς
192 4545 311 4615 γῆς.
352 4546 410 4599 '0
461 4546 571 4617 γὰρ
599 4547 672 4615 μὴ
698 4545 951 4614 δεόμενος
976 4545 1073 4614 τῆς
1121 4541 1275 4614 παρά
1302 4542 1413 4596 τῶν
1440 4542 1743 4614 ἀνθρώπων

90 4632 260 4701 τιμῆς,
296 4632 437 4705 ἅπερ
462 4632 529 4687 ἂν
579 4633 807 4704 πράττοι
851 4631 1014 4695 καλά,
1061 4630 1235 4701 ταῦτα
1278 4630 1416 4701 μετά
1447 4631 1743 4700 ἀσφαλείας

91 4715 292 4775 ἅπαντα
342 4721 574 4794 πράξει,
604 4722 699 4774 καὶ
730 4721 854 4774 οὔτε
902 4721 996 4773 ἐπὶ
1023 4719 1131 4773 τῶν
1165 4708 1447 4791 λυπηρῶν,
1496 4718 1618 4773 οὔτε
1652 4721 1743 4774 ἐπὶ

91 4805 189 4858 τῶν
226 4809 475 4880 χρηστῶν
520 4809 615 4861 τοῦ
646 4808 760 4879 βίου
799 4808 988 4867 τούτου
1021 4806 1269 4862 πείσεταί
1296 4824 1367 4859 τιν
1387 4807 1579 4860 δεινόν.
1606 4807 1742 4863 Οὔτε

90 4896 187 4968 γὰρ
209 4897 380 4952 ταῦτα
406 4896 567 4950 αὐτὸν
590 4895 931 4967 καταπτῆξαι
954 4895 984 4934 δ
1001 4894 1093 4948 καὶ
1121 4893 1388 4955 καθελεῖν,
1418 4893 1541 4947 οὐτε
1562 4895 1745 4949 ἐκεῖνα

93 4984 376 5052 ἐξογκῶσαι
405 4985 498 5039 καὶ
534 4986 771 5055 φυσῆσαι
806 4982 1050 5045 δύναται,
1091 4981 1203 5035 ἀλλ’
1232 4984 1288 5034 ἐν
1316 4982 1634 5053 πράγμασιν
1662 4984 1746 5036 εὐ-

96 5073 447 5140 μεταπτὼτοις
476 5075 571 5127 καὶ
602 5072 1027 5143 τεταραγμένοις
1056 5069 1217 5133 αὐτὸς
1253 5070 1403 5139 μένει
1432 5072 1616 5141 πάσης
1651 5073 1743 5126 ἐκ·

92 5160 171 5221 τὸς
198 5160 269 5213 ῶν
306 5158 627 5230 μεταϐολῆςο
649 5161 784 5231 ὅπερ
809 5157 1020 5228 ταχέως
1044 5159 1139 5211 καὶ
1169 5158 1260 5210 ἐπὶ
1287 5157 1387 5227 τῆς
1405 5158 1504 5229 σῆς
1522 5159 1740 5215 ἔσεσθαι

95 5248 355 5316 προσδοκῶ
381 5249 577 5318 ψυχῆς,
623 5249 717 5299 καὶ⁸
749 5246 962 5317 ἀθρόως
1013 5244 1266 5297 ἁπάντων
1294 5246 1742 5301 ἀποσπασθεῖσαν

93 5334 186 5385 τῶν
213 5332 521 5403 βιωτικῶν(
544 5336 643 5403 τὴν
667 5336 725 5386 ὲν
767 5337 881 5397 τοῖς
910 5335 1161 5405 οὐρανοῖς
1200 5335 1329 5404 ἡμῖν
1378 5334 1740 5397 ἐπιδείξεσθαι

94 5422 366 5489 πολιτείαν,
418 5424 515 5477 καὶ
559 5421 659 5491 τῆς
685 5422 881 5491 δόξης,
923 5416 991 5493 ἧς
1034 5421 1248 5492 θρηνεῖς
1296 5431 1319 5459 ο
1352 5419 1447 5475 νῦν
1544 5424 1741 5494 μικρὸν

148 5638 169 5665 ⁸
188 5636 429 5705 (ᾉιδηκαὶ
449 5636 677 5687 πέτεσθαι
713 5638 829 5705 πρὸς
847 5640 948 5705 τόν,
976 5641 1127 5692 εινὶι.
1154 5643 1233 5691 καῖ
1252 5641 1484 5691 πέτασθαι
1504 5642 1619 5705 πρὸς
1640 5643 1739 5705 τόν,

98 5695 248 5763 ἋοΓΘΙ.
272 5702 353 5748 καὶ
374 5706 665 5763 μεταστῆναι
682 5695 797 5763 πρὸς
817 5702 916 5752 τόν.

146 5761 331 5828 ξξξαινξί.
360 5760 412 5811 él
602 5760 743 5828 αὐτρν
764 5762 1002 5828 βαπτίσω,
1028 5765 1201 5827 Morel,
1229 5763 1375 5813 αὐτὸν
1397 5764 1719 5823 καταπτῆξαι.

149 5824 169 5852 ε
193 5824 336 5878 Sam.
357 5831 408 5873 et
432 5822 575 5873 Colb.
599 5823 657 5881 ῆν
682 5822 871 5884 θρηνεῖς.

1352 404 1440 460 AD
1476 406 1731 463 VIDUAM
1769 403 2129 463 JUNIOBEH.

1858 519 1984 573 ὕστε
1993 536 2083 592 ρον
2123 518 2461 589 καταγελάσε
2470 518 2612 585 σθαι,
2663 517 2759 573 καὶ
2785 517 2846 573 τὸ
2873 516 3118 574 διάκενον
3144 508 3241 574 καὶ
3294 519 3529 591 μάταιον

1848 606 2253 686 κατοπτεύσεινί
2277 610 2619 679 προσωπεῖον
2645 608 2836 679 αὐτῆς.
2856 606 2991 662 Εἱδέ
3019 608 3315 676 ἀσφάλειαν
3336 608 3523 672 ποθεῖς

1846 694 1944 766 τὴν
1963 695 2029 747 δι’
2056 695 2263 750 ἐκεῖνόν
2292 712 2372 749 σοι
2409 694 2808 768 γεγενημένην,
2842 695 2937 750 καὶ
2989 696 3088 766 τὴν
3116 690 3225 750 τῶν
3263 686 3525 766 πραγμά-

1846 798 1953 836 των
1986 782 2255 855 φυλακὴν,
2285 785 2379 838 καὶ
2408 784 2470 837 τὸ
2498 782 2651 854 παρά
2684 782 2911 855 μηδενὸς
2934 782 3382 837 ἐπιϐουλεύεσθαι
3412 782 3525 836 τῶν
3562 820 3567 831 .

1844 872 1964 933 ταῖς
1990 870 2299 941 ἀλλοτρίαις
2349 869 2739 941 ἐπιπηδῶντων
2791 871 3119 940 συμφοραῖς,
3167 868 3524 938 Ἐπίρριψον

1845 957 1943 1010 ἐπὶ
1966 958 2186 1025 Κύριον
2222 956 2338 1024 τὴν
2356 956 2654 1026 μέριμνάν
2685 972 2826 1020 σου,
2855 955 2952 1009 καὶ
2978 956 3160 1022 αὐτός
3188 972 3262 1010 σε
3286 955 3523 1024 διαθρέ-

1846 1046 1971 1112 ψει.
2018 1044 2386 1113 Ἐμϐλέψ-ατε
2411 1047 2543 1115 γὰρ,
2571 1043 2757 1113 φησὶν,
2783 1045 2872 1109 εις
2889 1044 3144 1111 ἀρχαίας
3177 1042 3524 1113 γενεὰς-,και

1848 1129 2003 1184 ἴδετε
2028 1132 2120 1197 τις
2150 1130 2417 1199 ἤλπισεν
2444 1130 2541 1185 ἐπὶ
2583 1131 2802 1199 Κύριον
2822 1129 2873 1197 δ,
2905 1132 3003 1184 καὶ
3037 1131 3449 1198 κατῃσχύνθη,
3480 1128 3522 1198 ἢ

1846 1218 1939 1282 τίς
1963 1217 2375 1273 ἐπεκαλέσατο
2402 1219 2612 1282 αὐτὸν,
2670 1216 2768 1271 καὶ
2792 1217 3102 1301 ῥπερεῐδεν
3133 1217 3342 1285 αὐτὸν,
3364 1216 3403 1287 ἢ
3428 1217 3525 1284 τίς

1845 1305 2110 1375 ἐνέμεινε
2134 1308 2264 1374 ταῖς
2289 1306 2568 1374 ἐντολαῖς
2598 1306 2808 1371 αὐτοῦ,
2836 1307 2934 1362 καὶ
2970 1306 3365 1378 ἐγκατέλιπεν
3410 1308 3524 1361 αὑ-

1844 1394 1970 1449 τόν.
2018 1395 2075 1449 Ὀ
2098 1396 2205 1467 γὰρ
2230 1395 2333 1467 τὴν
2359 1393 2644 1466 συμφορὰν
2702 1395 2802 1466 τὴν
2835 1395 3008 1458 οὕτως
3063 1382 3336 1465 ἀφόρητον
3378 1411 3523 1468 παρ-

1843 1481 2102 1549 ενεγκὼν,
2132 1482 2225 1536 καὶ
2251 1484 2483 1556 ποιήσας
2503 1477 2642 1536 εἶναι
2674 1483 2732 1535 ἐν
2761 1480 2969 1553 γαλήνῃ
3002 1481 3120 1546 νῦν,
3149 1476 3303 1545 οὗτος
3332 1482 3427 1535 καὶ
3450 1480 3524 1536 τά

1845 1570 2186 1639 ἐπερχόμενα
2226 1568 2755 1641 ἀποκρούσεται·δτι
2793 1568 2902 1639 γὰρ
2942 1568 3150 1639 ταύτης
3175 1566 3275 1639 τῆς
3306 1566 3523 1639 πληγῆς

1846 1655 2099 1725 οὐδεμίαν
2131 1656 2323 1727 ἑτέραν
2355 1655 2744 1727 χαλεπωτέραν
2785 1656 2933 1728 λήψῃ
2988 1654 3204 1718 λοιπὸν,
3262 1655 3355 1708 καὶ
3379 1655 3520 1727 αὐτῆ

1848 1744 2307 1815 συνομολογήσαις
2337 1745 2485 1815 ήμῖν.
2502 1744 2567 1797 Ἦ
2587 1743 2763 1797 τοίνυν
2778 1742 2920 1795 οὓτω
2942 1743 3201 1811 γενναίως
3217 1740 3521 1810 ἐνεγκοῦσα

1844 1829 1913 1883 τὰ
1948 1832 2004 1883 ἐν
2032 1833 2205 1903 χερσὶ,
2239 1831 2522 1885 καὶταῦτα
2550 1830 2777 1901 ἄπειρος
2810 1826 2963 1895 οὖσα,
2996 1828 3175 1899 πολλῷ
3200 1829 3400 1901 μᾶλλον
3446 1829 3520 1883 τά

1846 1920 2203 1990 ἐπερχόμενα,
2233 1921 2435 1983 εῐποτε,
2485 1919 2512 1971 δ
2540 1919 2613 1989 μὴ
2644 1918 2851 1986 γένοιτο
2872 1957 2887 1981 ,
2916 1917 3098 1987 συμϐῇ
3126 1934 3180 1969 τι
3222 1917 3332 1970 τῶν
3355 1916 3521 1980 ἀϐου-

1844 2006 2020 2075 λήτων
2041 2009 2192 2077 ήμῖν,
2221 2006 2388 2068 οἴσεις
2407 2006 2660 2069 εὐκόλως.
2692 2004 2902 2059 Οὐκοῦν
2926 2005 3016 2058 τὸν
3038 2002 3265 2075 οὐρανὸν
3296 2002 3448 2073 ζήτει
3468 2012 3519 2067 ο,

1829 2095 1940 2160 ,καὶ
1981 2094 2160 2146 πάντα
2186 2094 2253 2146 τὰ
2300 2092 2435 2162 πρὸς
2457 2093 2556 2164 τὴν
2584 2093 2701 2145 ἐκεῖ
2744 2091 2976 2163 φέροντα
3004 2091 3150 2162 ζωὴν
3170 2129 3185 2155 ,
3228 2090 3323 2143 καὶ
3367 2088 3520 2146 οὐδὲν

1844 2180 1952 2233 τῶν
1982 2179 2215 2233 ἐνταῦθα
2247 2178 2445 2249 βλάψαι
2477 2180 2763 2249 δυνήσεταί
2823 2195 2905 2242 σε,
2945 2177 3066 2231 οὐδὲ
3094 2180 3122 2231 ὁ
3152 2177 3247 2230 τοῦ
3292 2178 3521 2241 σκότους

1846 2267 2244 2337 κοσμοκράτωρ
2275 2265 2465 2330 αὐτὸς,
2502 2257 2661 2337 μόνον
2712 2266 2786 2337 μὴ
2818 2267 3047 2335 ἑαυτοὺς
3076 2265 3520 2335 καταϐλάψωμεν

1844 2346 2023 2425 ήμεῖς.
2051 2353 2168 2408 Κάν
2188 2353 2297 2425 γὰρ
2328 2354 2426 2425 τὴν
2450 2354 2637 2406 οὐσίαν
2668 2371 2750 2417 τις
2782 2353 3071 2423 ἀφέληται,
3108 2353 3208 2406 κᾶν
3233 2354 3519 2424 κατατέμῃ

1842 2444 1905 2496 τὸ
1935 2439 2124 2512 σῶμα,
2162 2442 2366 2495 τούτων
2417 2442 2567 2495 οὐδὲν
2614 2442 2752 2514 πρὸς
2806 2444 2973 2513 ἡμᾶς,
3023 2442 3210 2510 ὑγιοῦς
3248 2441 3521 2514 μενούσης

1844 2531 1974 2600 ἡμῖν
2011 2530 2110 2599 τῆς
2138 2529 2335 2599 ψυχῆς·

1916 2633 1984 2699 ζ’.
2012 2634 2189 2698 ’Ὀλως
2228 2634 2285 2687 δὲ
2310 2634 2358 2686 εἰ
2392 2631 2569 2703 βούλει
2600 2631 2694 2686 καὶ
2720 2631 2792 2689 τὰ
2819 2631 3081 2702 χρήματά
3118 2649 3201 2685 σοι
3236 2631 3421 2701 μένειν
3459 2632 3522 2686 ἐν

1844 2720 2133 2791 ἀσφαλείᾳ,
2168 2721 2261 2773 καὶ
2289 2718 2546 2784 αὔξεσθαι
2587 2718 2770 2780 πάλιν,
2798 2717 2912 2785 ἐγώ
2940 2734 3022 2772 σοι
3052 2718 3147 2771 καὶ
3175 2717 3265 2770 τὸν
3314 2718 3518 2787 τρόπον

1846 2808 2109 2873 ὑποδείξω
2147 2807 2242 2861 καὶ
2270 2806 2360 2860 τὸν
2388 2806 2574 2870 τόπον,
2611 2804 2742 2859 ἔνθα
2782 2806 2960 2858 οὐδενὶ
2993 2805 3101 2858 τῶν
3129 2804 3519 2860 ἐπιϐουλευόν-

1844 2906 1953 2943 των
1977 2889 2134 2959 θέμις
2164 2888 2441 2942 εἰσελθεῖν.
2469 2888 2565 2951 Τίς
2586 2885 2681 2941 οὖν
2706 2891 2854 2941 ἐστιν
2874 2888 3128 2952 δτόποςς
3176 2889 3232 2941 '0
3265 2889 3324 2941 οὐ
3336 2889 3516 2958 ρανὸς.

1859 2975 2200 3030 Ἀπόστειλον
2230 2976 2369 3029 αὐτά
2413 2975 2551 3045 πρὸς
2588 2974 2682 3027 τὸν
2717 2974 2882 3027 καλὸν
2931 2977 3138 3028 ἐκεῖνον
3178 2976 3347 3045 ἄνδρα
3371 3015 3386 3039 ,
3422 2977 3521 3030 καὶ

1844 3063 1975 3118 οῦτεο
1997 3064 2254 3134 κλέπτης,
2290 3062 2415 3116 οὐτε
2453 3062 2759 3125 ἐπίϐουλος,
2796 3061 2921 3114 οὔτε
2950 3062 3076 3116 ἄλλο
3101 3080 3153 3117 τι
3178 3064 3286 3116 τῶν
3318 3063 3519 3132 λυμαι-

1843 3151 2082 3220 νομένων
2124 3152 2307 3213 αὐτοῖς
2338 3150 2669 3220 ὲπιπηδῆσαι
2703 3150 3012 3219 δυνήσεται.
3052 3152 3151 3203 Ἂν
3205 3151 3323 3203 ἐκεῖ
3388 3167 3521 3204 κατ-

1841 3237 2041 3312 ορύξης
2070 3238 2242 3291 ταῦτα
2269 3237 2335 3291 τὰ
2364 3239 2647 3308 χρήματα,
2684 3236 2851 3290 πολὺν
2877 3237 3130 3309 εὑρήσεις
3155 3238 3246 3291 τὸν
3269 3239 3377 3291 ἀπὸ
3394 3237 3519 3291 τού-

1841 3344 1949 3381 των
1979 3325 2208 3396 καρπόν.
2239 3324 2320 3377 Τά
2348 3325 2456 3394 γὰρ
2478 3326 2533 3376 ἐν
2561 3325 2675 3386 τοῖς
2697 3324 2947 3394 οὐρανοῖς
2964 3324 3321 3395 φυτευόμενα
3339 3327 3519 3379 πάντα

1844 3415 1972 3484 παρ’
2012 3410 2167 3484 ἡμῶν
2194 3412 2289 3463 καὶ
2322 3411 2542 3463 πλείονα
2585 3412 2681 3464 καὶ
2714 3411 3001 3482 κρείττονα
3031 3411 3145 3481 ἔχει
3184 3413 3283 3483 τὴν
3316 3414 3514 3483 φορὰν,

1844 3503 1937 3555 καὶ
1961 3498 2215 3570 τοιαύτην
2234 3498 2351 3553 οἵαν
2373 3498 2519 3561 εἰκὸς
2541 3499 2599 3550 ἐν
2622 3499 2871 3569 οὐρανοῖς
2898 3498 3289 3569 ἐρριζωμένων
3311 3500 3513 3554 αὐτῶν.

1843 3588 1960 3641 Κᾶν
1992 3587 2148 3640 τοῦτο
2188 3586 2430 3657 πράξῃς,
2465 3587 2568 3657 ὅρα
2601 3586 2768 3638 ποίων
2797 3585 3081 3656 ἀπολαύσῃ
3115 3586 3317 3639 καλῶνο
3364 3586 3517 3657 πρῶ-

1809 3672 1812 3675 ’
1842 3693 1933 3728 τον
1977 3676 2075 3744 μὲν
2104 3674 2204 3744 τῆς
2243 3676 2460 3727 αἰωνίού
2498 3674 2645 3743 ζωῆς
2674 3674 2769 3727 καὶ
2809 3674 2918 3726 τῶν
2945 3673 3373 3744 ἐπηγγελμένων
3400 3677 3518 3738 τοῖς

1844 3762 2098 3831 ἀγαπῶσι
2141 3761 2233 3815 τὸν
2263 3761 2395 3814 Θεὸν
2426 3760 2470 3826 ί,
2519 3760 2554 3816 ἀ
2590 3760 2713 3815 οὐτε
2748 3761 3026 3831 ὀφθαλμὸς
3053 3757 3215 3824 εἶδεν,
3261 3761 3387 3815 οὐτε
3420 3758 3515 3826 οὖς

1826 3852 2099 3921 ἤκουσεν,
2127 3848 2250 3901 οὔτε
2279 3849 2371 3901 ἐπὶ
2394 3848 2623 3918 καρδίαν
2652 3847 2941 3919 ἀνθρώπου
2973 3848 3163 3919 ἀνέϐη,
3203 3848 3395 3902 ἔπειτα
3420 3849 3517 3903 τοῦ

1846 3937 2024 3991 πάντα
2058 3937 2375 4006 συνοικῆσαι
2410 3935 2489 4006 τῷ
2522 3934 2674 4005 καλῷ
2712 3935 2890 4006 τούτῳ
2914 3936 3005 3988 τὸν
3039 3935 3245 4001 αίῶνα,
3282 3936 3378 3990 καὶ
3406 3937 3518 3990 τῶν

1844 4022 2076 4076 ἐνταῦθα
2114 4022 2171 4076 δὲ
2220 4022 2515 4092 φροντίδων
2558 4022 2652 4075 καὶ
2700 4022 2881 4092 φόϐων
2913 4021 3063 4094 [548]
3112 4024 3208 4076 καὶ
3254 4023 3517 4080 κινδύνων

1844 4111 1939 4164 καὶ
1974 4110 2273 4164 ἐπιϐουλῶν
2295 4110 2389 4163 καὶ
2419 4108 2621 4181 ἔχθρας
2657 4110 2752 4162 καὶ
2784 4110 2977 4180 μίσους
3009 4110 3343 4176 ἀπαλλάξεις
3376 4128 3513 4164 σαυ-

1843 4200 1962 4269 τήν.
1991 4198 2136 4261 Ἕως
2168 4197 2268 4267 μὲν
2309 4196 2417 4267 γὰρ
2451 4196 2977 4268 αὐτάπερικειμένη
3012 4193 3100 4269 ᾖς,
3138 4199 3270 4261 ἴσως
3302 4197 3517 4251 ἔσονταί

1842 4284 1986 4348 τινες
2016 4284 2064 4337 οἱ
2098 4282 2545 4353 ἐπιτεθησόμενοι
2571 4298 2583 4311 ·
2622 4282 2688 4336 ἂν
2720 4283 2777 4335 δὲ
2807 4284 2945 4355 πρὸς
2971 4285 3064 4337 τὸν
3096 4285 3328 4357 οὐρανὸν
3375 4287 3518 4340 αὐτά

1849 4371 2120 4443 μεταθῇς,
2154 4369 2433 4424 ἀκίνδυνον
2473 4369 2567 4423 καὶ
2622 4370 2843 4441 ἀσφαλῆ
2880 4372 2975 4425 καὶ
3024 4372 3229 4442 πολλῆς
3278 4373 3516 4443 ήσυχίας

1844 4462 2080 4531 γέμοντα
2115 4458 2285 4530 βιώσῃ
2331 4456 2464 4527 βίον,
2499 4458 2835 4528 αὐταρκείας
2877 4459 3017 4529 μετά
3055 4460 3337 4523 εὐσεϐείας
3374 4462 3525 4515 ἀπο-κ

1843 4546 2080 4600 λαύουσα
2105 4548 2151 4600 ³.
2189 4545 2297 4597 Καὶ
2331 4544 2440 4615 γὰρ
2470 4544 2672 4614 πολλῆς
2712 4544 2956 4613 ἀλογίας,
2988 4545 3160 4616 ἀγρὸν
3195 4547 3293 4616 μὲν
3325 4546 3516 4615 βουλό-

1849 4650 2009 4706 μενον
2035 4631 2349 4703 ὠνήσασθαι
2374 4632 2474 4701 τὴν
2501 4630 2840 4703 εὐφοροῦσαν
2869 4634 2973 4705 γῆν
3011 4634 3312 4704 ἐπιζητεῖν,
3344 4634 3513 4704 οὐρα-

1845 4721 1937 4775 νοῦ
1983 4719 2040 4773 δὲ
2082 4720 2203 4773 ἀντὶ
2234 4721 2338 4791 γῆς
2375 4719 2761 4791 προκειμένου,
2810 4722 2989 4793 παρὸν
3037 4723 3155 4774 ἐκεῖ
3209 4722 3512 4791 κτήσασθαι

1840 4807 2064 4879 χωρίον,
2107 4807 2286 4878 μένειν
2332 4806 2424 4860 ἐπὶ
2471 4808 2570 4878 τῆς
2608 4808 2733 4878 γῆς,
2770 4808 2866 4861 καὶ
2921 4808 3031 4862 τῶν
3060 4808 3127 4860 ἐκ
3173 4807 3377 4879 ταύτης
3411 4810 3510 4863 ἀνο

1844 4894 2063 4967 έχεσθαι
2095 4895 2270 4949 πόνων
2301 4895 2420 4967 Ικαὶ
2455 4894 2562 4948 τῶν
2583 4895 2648 4949 δι’
2687 4896 2970 4967 ἁμαρτιῶν
2992 4896 3065 4968 h]°
3088 4896 3349 4960 πολλάκις
3398 4898 3511 4967 γὰρ

1844 4982 2196 5052 σφάλλει“τῆς
2223 4981 2434 5046 ἐλπίδος
2463 4985 2630 5054 ἡμᾶς.
2678 4983 2895 5055 Ἐπειδὴ
2926 4985 2983 5037 δέ
3010 5002 3103 5038 σου
3133 4983 3322 5048 δεινῶς
3355 4987 3511 5057 στρέ-

1842 5087 1931 5140 φει
1981 5070 2078 5141 τὴν
2122 5070 2298 5141 ψυχὴν
2331 5070 2425 5124 καὶ
2467 5071 2686 5142 θορυϐεῖ
2724 5072 2786 5125 τὸ
2817 5072 3217 5143 προσὼκηθέν,’
3252 5072 3511 5138 πολλάκις

1842 5159 2003 5212 αὐτὴν
2024 5158 2116 5211 ἐπὶ
2138 5159 2200 5211 τὸ
2229 5157 2338 5211 τῶν
2371 5159 2633 5227 ὐπάρχων
2667 5159 2817 5230 ἥξειν
2846 5159 3084 5229 ἀξίωμα,
3112 5159 3207 5212 καὶ
3235 5176 3512 5232 προανηρ-

1854 5246 2045 5300 κτάσθαι
2083 5245 2183 5317 τῆς
2222 5245 2433 5317 ἀρχῆς,
2472 5245 2688 5316 πρῶτον
2724 5245 2823 5317 μὲν
2863 5249 3040 5301 ἐκεῖνο
3080 5248 3308 5315 σκόπει,
3342 5249 3426 5303 ὃτι
3457 5250 3508 5303 εί

1902 5402 1929 5481 ξ
1950 5402 2088 5481 Eglb.
2102 5403 2181 5477 ‘ch
2211 5402 2510 5481 ἐνεπίστευσε
2531 5403 2600 5481 τῶ
2620 5403 2800 5481 Ῑξὲδρίω.

1905 5464 2152 5529 ⁸ῌξΙ⁷ὁνΑγάρ
2176 5464 2371 5526 οὐρανὸν
2397 5465 2542 5521 ζήτει,
2566 5463 2707 5515 Εοΐὺξ
2729 5463 2783 5513 εὶ
2802 5463 2917 5515 Sav.
2937 5464 3065 5515 Infra
3090 5466 3223 5515 idem
3242 5465 3377 5519 Colb.
3410 5470 3508 5517 τῶν

1841 5526 1998 5598 ἐνθάδε
2022 5526 2095 5632 ρλζ
2131 5526 2139 5528 ’

1906 5583 1926 5624 ί
1953 5591 2019 5635 L0
2042 5585 2363 5649 b.7et_M0rel,
2386 5585 2469 5649 τὸν
2486 5586 2677 5649 Κύριον.
2766 5648 2771 5649 γ
2940 5634 2943 5636 ,

1905 5649 1930 5686 8
1960 5649 2048 5724 ‘Sic
2079 5647 2219 5724 Folb.
2263 5647 2495 5700 eLSavil.
2527 5647 2590 5697 A'l
2624 5648 2801 5698 Morel.
2844 5648 3164 5699 ἀπολαύοντα.
3209 5649 3319 5699 Mox
3362 5649 3506 5701 Colb.

1839 5709 2199 5841 έγῖθῖιςωῗνέιᾳι
2234 5770 2330 5841 τῶν
2352 5769 2411 5815 δι’
2451 5768 2784 5841 ἁμαρτιῶνκξη
2799 5837 2808 5841 _
2826 5771 2977 5821 Savil.
3002 5748 3111 5821 dum
3135 5773 3370 5824 asterisco
3395 5778 3506 5824 tan-

1847 5836 1949 5881 tum
1978 5837 2243 5887 ponuntur,
2277 5836 2331 5878 et
2362 5832 2621 5892 peregrina
2646 5832 2896 5884 \‘idénlur.
