4206 6324
239 417 346 470 609

237 510 385 576 quad
413 525 558 580 sirpe
587 512 814 580 sperasti
842 508 954 564 fore
994 518 1052 563 ιιι
1094 509 1139 563 is
1167 509 1232 563 ad
1258 509 1630 578 prmfeetorum
1659 510 1833 578 digni-

241 611 406 655 tatem
437 600 775 662 eveheretur,
809 600 1032 670 ideoque
1059 598 1422 668 magistratum
1446 586 1532 652 illi
1562 598 1828 668 quodam-

243 690 406 743 modo
431 700 676 761 ereptum
697 688 866 751 doles,
889 691 1117 758 primum
1145 689 1272 743 illud
1297 690 1510 759 quidem
1543 691 1623 743 lac
1652 699 1826 744 tecum

244 780 480 847 cogites,
507 779 632 832 licet
669 779 825 833 valde
863 780 1139 848 explorata
1188 791 1335 834 esset
1374 779 1489 835 hare
1516 793 1674 846 Spes,
1702 789 1840 832 atta-

244 883 369 921 tnen
420 870 704 920 humanam
755 867 919 922 fuisse
960 884 1109 936 spem
1135 909 1150 930 ,
1181 884 1301 936 qua:
1346 884 1491 937 smpe
1543 869 1730 923 fallere
1770 869 1840 921 sit

243 957 405 1010 solita
437 974 453 1011 :
485 972 549 1010 ac
575 957 742 1010 multa
776 957 1074 1027 hujusmodi
1107 958 1158 1010 in
1186 957 1289 1010 bac
1316 957 1417 1009 vita
1449 958 1685 1025 quotidie
1715 971 1840 1011 eve-

247 1047 366 1099 nire
405 1047 706 1100 cernimus:
763 1058 851 1110 ut,
893 1062 1012 1100 cum
1057 1063 1156 1108 ea,
1187 1063 1307 1116 qua:
1337 1047 1493 1102 valde
1535 1061 1836 1115 sperantur,
1866 1071 1910 1079 ~-

247 1138 473 1191 minime
489 1131 696 1192 exitum
725 1139 1025 1204 inveniant,
1058 1154 1120 1192 ea
1143 1179 1158 1202 ,
1185 1154 1306 1208 qua:
1333 1154 1506 1207 neque
1527 1141 1578 1192 in
1607 1149 1840 1194 mentem

248 1238 549 1291 venerunt,
580 1230 649 1283 ad
701 1230 860 1284 tinem
915 1245 1282 1299 smpentunero
1312 1232 1702 1299 perducantur:
1729 1232 1842 1286 sive

247 1318 320 1374 ad
342 1321 564 1389 imperia
589 1361 604 1385 ,
639 1321 752 1375 sive
777 1321 844 1375 ad
874 1337 1033 1390 regna
1053 1365 1067 1388 ,
1100 1325 1214 1377 sive
1237 1322 1305 1376 ad
1326 1322 1668 1380 itarreditates
1684 1364 1701 1389 ,
1726 1326 1840 1380 sive

248 1408 322 1462 ad
347 1411 708 1474 matrimonia,
731 1411 845 1464 sive
887 1411 993 1464 alio
1019 1413 1255 1466 animum
1306 1413 1664 1468 intendamus.
1697 1414 1844 1481 Quo-

251 1501 395 1553 circa
443 1500 691 1569 quamvis
718 1517 883 1570 prope
906 1502 1121 1556 adesset
1148 1512 1359 1570 tempus
1384 1545 1400 1570 ,
1433 1512 1630 1570 tamen,
1690 1514 1748 1559 ut
1789 1507 1842 1559 in

251 1592 545 1660 proverbio
581 1606 687 1659 eat,
737 1592 906 1647 Multa
942 1604 1062 1647 sunt
1089 1594 1234 1647 inter
1263 1595 1474 1647 calicem
1509 1605 1557 1647 et
1591 1613 1848 1650 summum

254 1683 448 1735 labium
473 1681 572 1753 ta).
607 1685 685 1736 Ae
725 1697 855 1737 sane
905 1683 1176 1752 Scriptura
1219 1686 1332 1753 ipsa
1378 1685 1583 1754 inquit:
1611 1686 1656 1738 Α
1701 1703 1848 1741 mam

253 1789 417 1852 usque
441 1774 511 1825 ad
535 1789 793 1844 vesperam
831 1775 1126 1827 ἐπιπίπτοιεν
1149 1784 1345 1844 tempus
1374 1774 1560 1846 (Ec-cli.
1591 1774 1678 1829 18.
1708 1774 1801 1843 26)
1830 1793 1845 1829 :

255 1864 340 1918 sic
387 1872 444 1918 et
481 1880 611 1927 rex,
640 1865 731 1934 qui
762 1865 921 1919 hodie
973 1873 1073 1930 est,
1103 1879 1223 1920 cras
1262 1866 1510 1920 moritur.
1535 1870 1615 1920 Ae
1658 1882 1845 1920 rursus

256 1969 419 2022 quam
454 1955 642 2008 incerti
672 1971 854 2010 rerum
883 1956 1058 2009 exitus
1083 1956 1210 2020 sint,
1240 1955 1395 2010 nobis
1434 1955 1713 2011 declarans
1762 1956 1858 2028 hic

258 2044 380 2113 ipse
398 2045 622 2112 Sapiens
645 2046 852 2113 inquit,
881 2045 1036 2112 Multi
1056 2047 1262 2116 tyranni
1286 2046 1519 2101 sederunt
1542 2047 1597 2100 in
1622 2047 1780 2108 solio,
1802 2024 1870 2101 et“

260 2135 639 2205 iususpiccbilis
689 2137 907 2206 portauit
958 2137 1194 2190 diadema
1237 2135 1434 2209 (Eccli.
1467 2138 1555 2191 11.
1581 2135 1684 2208 5).
1732 2137 1848 2192 Non

264 2226 430 2294 igitur
456 2225 946 2295 exploratissimum
987 2235 1126 2290 erat,
1148 2227 1194 2280 si
1215 2228 1456 2291 vixisset,
1482 2227 1566 2280 ad‘
1599 2242 1721 2280 eum
1774 2228 1856 2281 di~

264 2316 488 2386 gnitatis
531 2307 758 2386 εηιιιιιιι
775 2327 1190 2386 perventurum.
1221 2318 1355 2373 Nam
1401 2320 1636 2375 incertus
1687 2316 1854 2374 futuri

263 2416 516 2468 eventus,
543 2417 704 2474 atque
731 2409 837 2460 alia
866 2410 1026 2461 etiam
1053 2418 1229 2474 erant,
1257 2424 1376 2478 quae
1400 2410 1555 2463 nobis
1583 2410 1851 2480 suspicio-

269 2510 396 2549 nem
460 2496 763 2563 injicerent.
821 2497 973 2554 Unde
1021 2500 1166 2552 enim
1217 2500 1558 2554 manifestum
1602 2511 1756 2569 erat,
1806 2502 1854 2556 si

266 2587 530 2648 vixisset,
576 2587 646 2641 ad
697 2589 1064 2658 magistratum
1116 2591 1266 2644 illum
1311 2600 1553 2646 evectum
1583 2595 1682 2659 iri,
1738 2595 1856 2647 nul.

264 2674 431 2743 laque
455 2676 681 2731 adversa
707 2689 960 2733 eventura
997 2695 1117 2735 esse
1141 2697 1157 2735 :
1178 2681 1326 2734 verbi
1353 2676 1522 2750 gratia
1541 2721 1558 2746 ,
1592 2692 1650 2736 ut
1671 2685 1860 2740 morbo

265 2775 550 2835 correptus
573 2808 590 2831 ,
617 2775 706 2819 aut
754 2767 948 2822 invidia
987 2784 1052 2822 ac
1100 2769 1468 2823 malevolentia
1513 2786 1698 2825 eorum
1724 2813 1739 2836 ,
1768 2774 1858 2841 qui

223 2880 226 2883 λ
266 2857 684 2926 prosperitatem
713 2857 854 2911 illius
903 2873 1010 2912 non
1040 2859 1243 2913 ferrent
1265 2901 1280 2925 ,
1312 2862 1711 2916 circumventus
1737 2902 1753 2925 ,
1775 2862 1859 2914 vel

267 2951 447 3017 aliqua
475 2951 578 3002 alia
618 2950 923 3004 calamitate
946 2950 1189 3018 allectus,
1222 2955 1470 3022 pmsenti
1496 2957 1655 3010 etiam
1683 2957 1859 3026 digni-

273 3050 382 3091 tate
407 3040 747 3106 privaretur?
775 3041 882 3094 Sed
933 3058 1193 3109 ponamus
1212 3044 1546 3113 exploratum
1597 3045 1783 3112 fuisse,
1816 3048 1861 3100 si

271 3129 476 3182 diutius
503 3130 762 3196 vixisset,
785 3131 849 3184 ad
881 3132 1010 3185 illud
1060 3132 1327 3202 fastigium
1361 3146 1766 3203 perventurum:
1797 3146 1854 3191 at

273 3231 459 3284 certe,
490 3232 690 3290 quanto
742 3223 913 3291 major
932 3224 1182 3292 dignitas,
1214 3210 1360 3280 tanto
1384 3227 1676 3295 majoribus
1724 3231 1867 3296 peri-

277 3315 438 3380 eulis,
494 3320 661 3384 curis,
707 3319 912 3373 insidiis
964 3324 1270 3376 necessario
1316 3323 1552 3378 suberat.
1597 3324 1862 3379 Caeterum

345 3516 422 3578 (α)
455 3515 704 3579 Adagium.

1376 416 1464 472 ne
1489 415 1634 471 NON
1665 373 2010 473 immune
2046 415 2395 474 CONJUGIO.

3428 420 3533 475 610

1941 509 2117 563 absint
2143 518 2198 563 et
2244 511 2364 575 ista,
2391 523 2455 564 ac
2473 510 2592 566 sine
2620 509 2861 580 periculo
2902 525 3215 587 summaque
3239 525 3363 566 cum
3389 522 3533 565 tran—

1940 599 2202 668 quillitate
2253 599 2379 652 illud
2432 600 2690 671 navigarit
2741 600 2990 670 pelagus:
3022 601 3206 669 ecquis
3250 601 3391 664 linis,
3445 601 3535 654 dic

1943 690 2093 756 mihi,
2126 691 2373 745 manebat
2393 692 2416 743 ?
2440 707 2519 745 an.
2553 706 2658 745 non
2713 691 2852 746 idem
2878 691 2968 761 qui
3001 690 3185 744 nunc?
3209 699 3301 743 aut
3355 692 3535 758 potius

1945 798 2050 835 non
2100 781 2264 846 idem,
2297 782 2392 836 sed
2446 782 2583 836 alius
2612 783 2858 844 fortasse,
2915 784 3080 836 tristis
3137 782 3415 847 nimirum,
3472 797 3535 835 ac

1945 873 2084 926 votis
2139 873 2387 927 onmibns
2434 872 2758 941 fugiendus?
2785 873 3020 926 Primum
3072 871 3284 940 quidem
3331 871 3554 925 tardius'

1943 962 2167 1015 vidisset
2193 962 2384 1016 caelum
2405 971 2460 1016 et
2483 977 2545 1016 ea
2573 978 2694 1032 qua:
2726 964 2778 1016 in
2817 962 2962 1016 caelis
2989 969 3133 1028 sunt,
3164 961 3304 1030 quod
3339 961 3405 1015 iis
3445 960 3535 1030 qui

1945 1067 2032 1105 res
2063 1050 2271 1108 futuras
2303 1052 2404 1107 [ide
2441 1061 2496 1105 et.
2529 1066 2625 1121 spe
2662 1060 3053 1122 prmeeperunt,
3101 1067 3207 1105 non
3257 1051 3536 1104 minimum

1946 1140 2198 1195 damnum
2224 1150 2326 1195 est.
2357 1142 2580 1208 Deinde,
2611 1142 2950 1211 quantumvis
2999 1156 3133 1211 pure
3185 1141 3427 1202 vixisset,
3455 1147 3538 1194 atu-

1949 1243 2125 1288 tamen
2156 1235 2276 1288 vita:
2313 1229 2584 1304 longitudo
2609 1249 2672 1287 ac
2700 1233 2993 1288 necessitas
3019 1231 3260 1302 qum-dam
3291 1233 3345 1284 in
3388 1231 3536 1284 illum

1946 1324 2312 1392 magistratum
2341 1324 2623 1378 incurrens
2649 1338 2754 1377 non
2779 1338 2932 1392 :eque
2952 1313 3223 1390 integrum
3252 1331 3306 1374 et
3335 1336 3533 1390 purum

1947 1413 2095 1468 abire
2119 1413 2243 1467 hinc
2271 1413 2658 1482 permisissent,
2685 1422 2845 1483 atque
2865 1414 2964 1467 hoc
2987 1424 3244 1480 tempore.
3271 1412 3539 1466 Incertum

1949 1519 2162 1574 quoque
2180 1513 2234 1558 et
2259 1503 2388 1558 illud
2410 1545 2424 1568 ,
2446 1519 2512 1557 an
2542 1503 2679 1558 forte
2700 1503 2880 1558 multis
2905 1503 3079 1581 modis
3109 1502 3448 1565 immutatus,
3476 1514 3542 1553 ac

1951 1596 2288 1666 negligentia:
2334 1597 2548 1651 deditus
2590 1604 2889 1651 extremum
2955 1593 3224 1649 emisisset
3291 1583 3540 1665 halitum.

1950 1686 2084 1741 Nam
2105 1687 2248 1740 nunc
2272 1686 2486 1756 quidem
2517 1685 2837 1740 conﬁdimus
2871 1683 2960 1738 Dei
2988 1683 3159 1753 gratia
3207 1682 3356 1736 illum
3412 1688 3544 1734 evo-‘

1953 1779 2092 1833 lasse
2119 1777 2187 1830 ad
2220 1768 2393 1831 locum
2432 1777 2627 1846 quietis
2647 1817 2663 1840 ,
2696 1774 2838 1844 quod
2870 1775 3066 1827 nullam
3089 1789 3156 1827 ex
3178 1773 3243 1826 iis
3266 1771 3441 1840 culpis
3485 1770 3542 1823 in

1954 1882 2014 1922 se
2038 1867 2348 1933 admiserit,
2377 1882 2494 1937 qua:
2524 1882 2554 1918 a
2585 1859 2751 1934 regno
2785 1865 3040 1918 mulorum
3067 1853 3387 1917 excludunt:
3418 1871 3546 1914 tunc

1955 1974 2085 2014 vero
2137 1959 2347 2028 publica
2387 1958 2598 2026 negotia
2646 1956 2961 2025 plerumque
3011 1963 3244 2008 tractans
3317 1951 3547 2006 fortasse

1954 2051 2150 2106 multas
2202 2050 2272 2104 ad
2313 2065 2374 2104 se
2427 2052 2733 2102 attraxisset
2780 2047 2987 2101 sordes.
3015 2045 3146 2099 Nam
3192 2052 3271 2098 tot
3308 2043 3547 2111 undique

1958 2143 2114 2197 malis
2137 2140 2606 2195 circumstantibus
2625 2148 2828 2192 rectum
2870 2147 3052 2190 tenere
3097 2147 3310 2188 cursum
3363 2139 3546 2185 rarum

1959 2230 2248 2288 admodum
2277 2240 2393 2293 est;
2425 2244 2648 2299 peccare
2691 2238 2870 2281 autem
2898 2234 2954 2280 et
3000 2239 3096 2292 per
3134 2220 3547 2292 imprudentiam

1959 2330 2014 2376 et
2036 2306 2225 2390 sponte
2243 2361 2259 2384 ,
2285 2305 2443 2373 valde
2473 2319 2720 2372 usitatum
2745 2331 2810 2370 ac
2832 2313 3218 2385 quotidianum.
3243 2313 3395 2366 Nunc
3417 2324 3548 2364 vero

1958 2427 1988 2465 a
2020 2412 2214 2466 timore
2248 2410 2350 2464 isto
2374 2411 2530 2478 longe
2553 2406 2839 2470 absumus,
2869 2419 2933 2458 ac
2953 2417 3275 2472 magnopere
3321 2400 3548 2456 conlidi-

1962 2516 2085 2558 mus
2103 2543 2118 2566 ,
2150 2509 2435 2554 venturum
2467 2498 2519 2551 in
2545 2496 2631 2550 die
2648 2495 2736 2549 illa
2763 2495 2980 2563 plenum
3001 2491 3177 2562 gaudii
3205 2501 3261 2545 et
3299 2489 3552 2558 Splendo-

1960 2596 2038 2648 ris
2059 2592 2366 2663 proximum
2422 2588 2573 2657 Regi,
2605 2596 2766 2654 atque
2790 2599 2893 2638 una
2923 2598 3043 2638 eum
3072 2582 3276 2651 angelis
3304 2595 3552 2648 praeeun-

1966 2697 2076 2740 tem
2104 2683 2320 2737 Christo
2340 2721 2355 2744 ,
2383 2679 2552 2748 gloria
2579 2677 2832 2730 amictum
2875 2673 3125 2728 ineffabili
3144 2713 3160 2737 ,
3191 2680 3248 2726 et
3291 2670 3554 2740 judicanti

1964 2777 2094 2846 Regi
2125 2775 2488 2836 assistentem,
2537 2779 2592 2824 et
2637 2769 2691 2821 in
2737 2764 3194 2836 praestantissimis
3241 2763 3554 2817 muneribus

1965 2869 2378 2920 ministrantem.
2406 2860 2764 2926 Quamobrem
2792 2857 2957 2910 misso
2976 2854 3086 2924 jam
3116 2853 3241 2907 ﬂetu
3270 2862 3324 2906 et
3351 2852 3558 2920 ejulatu

1967 2958 2210 3013 eamdem
2236 2953 2449 3008 vivendi
2499 2951 2783 3013 rationem,
2832 2949 2939 3000 imo
2969 2945 3354 3000 accuratiorem
3407 2953 3557 3016 tene,

1970 3061 2026 3105 ut
2050 3048 2293 3104 eamdem
2323 3054 2483 3114 atque
2503 3043 2594 3096 ille
2624 3041 2814 3109 adepta
2835 3040 3106 3101 virtutem,
3141 3038 3194 3089 in
3219 3035 3358 3089 idem
3391 3037 3555 3089 etiam

1971 3156 2093 3197 eum
2125 3140 2218 3193 illo
2246 3134 2648 3191 tabernaculum
2679 3130 2974 3198 recipiaris,
3005 3142 3067 3181 ac
3092 3141 3274 3181 rursus
3301 3124 3558 3193 conjungi

1969 3247 2094 3289 cum
2143 3229 2238 3283 illo
2267 3240 2434 3297 queas
2463 3225 2515 3278 in
2558 3224 2883 3290 sempiterna
2913 3218 3000 3272 illa
3050 3216 3268 3282 smcula,
3297 3229 3402 3268 non
3455 3213 3562 3266 hoc

1969 3322 2294 3378 matrimonii
2327 3336 2484 3384 nexu,
2540 3317 2630 3374 sed
2673 3317 2778 3370 alio
2823 3313 3052 3384 quodam
3101 3312 3256 3380 longe
3304 3307 3550 3362 meliore.

1968 3418 2067 3472 Hie
2113 3418 2254 3471 enim
2292 3390 2514 3482 corpora
2553 3396 2757 3464 tantum
2801 3407 3034 3475 copulat,
3067 3404 3159 3458 ille
3186 3416 3314 3456 vero
3337 3399 3558 3469 justior,

1904 3571 1910 3575 η
1971 3510 2137 3583 multo
2161 3505 2447 3577 jucundior
2471 3503 2762 3569 meliorque
2781 3499 3014 3552 animam
3040 3495 3233 3551 anima:
3257 3493 3471 3562 jungit:

1084 3644 3536 3682 _________________________________

842 3742 1198 3805 EIUSDEM
1239 3746 1347 3805 AD
1376 3747 1738 3806 EAMDEM
1780 3747 1886 3806 DE
1925 3743 2092 3806 NON
2136 3734 2549 3802 ITERANDO
2591 3728 3002 3794 CONJUGIO.
3062 3797 3064 3801 _

1802 3900 2066 3951 ιθζοαθὲϐι

367 4017 417 4069 1.
460 4015 732 4080 Mulieres,
761 4032 879 4086 qua:
902 4019 1137 4072 virorum
1168 4020 1608 4075 consuetudinem
1629 4061 1648 4086 ,
1692 4027 1874 4089 partus

288 4103 526 4170 dolores,
557 4116 610 4159 et
634 4116 826 4160 caetera
857 4108 1040 4161 omnia
1064 4124 1181 4177 quae
1208 4125 1386 4162 secum
1435 4110 1653 4164 trahens
1693 4109 1877 4162 matri-

293 4197 530 4248 monium
577 4197 630 4249 in
670 4196 942 4250 hominum
989 4198 1177 4252 domos
1224 4199 1537 4268 ingreditur,
1586 4213 1876 4267 numquam

293 4301 394 4339 usu
439 4297 821 4356 cognoverunt,
848 4289 913 4341 ad
955 4289 1098 4342 viros
1134 4291 1370 4343 animum
1415 4290 1704 4359 appellere,
1747 4288 1876 4342 nihil

293 4395 429 4433 sane
466 4381 766 4434 mirandum
792 4390 875 4436 est
903 4400 916 4434 :
950 4386 1072 4436 nam
1097 4392 1150 4436 et
1174 4382 1392 4444 bellum,
1420 4396 1534 4435 rem
1564 4381 1699 4434 adeo
1728 4382 1880 4432 labo-

294 4471 519 4534 riosam,
558 4472 846 4537 inexpertis
884 4470 1041 4525 dulce
1088 4487 1208 4525 esse
1257 4473 1308 4525 in
1360 4471 1640 4540 proverbio
1682 4479 1786 4524 est.
1813 4471 1884 4523 At

300 4558 570 4612 sexcentis
611 4559 768 4612 malis
809 4558 1045 4624 affectas,
1072 4561 1370 4628 quibusque
1401 4561 1530 4612 dura
1561 4560 1673 4628 ipsa
1703 4574 1883 4612 rerum

299 4649 538 4701 conditio
561 4650 842 4716 persuasit.
867 4665 960 4704 eas
1005 4651 1216 4719 quidem
1238 4692 1253 4715 ,
1287 4666 1407 4719 qua:
1453 4651 1642 4703 soluta:
1669 4665 1698 4702 a
1726 4649 1886 4702 rebus

301 4738 465 4806 hujus
514 4737 694 4791 mundi
737 4740 906 4806 vitam
926 4750 1166 4809 agerent,
1195 4741 1378 4794 beatas
1408 4739 1716 4808 prtcdieare,
1747 4738 1888 4806 seip-

302 4843 395 4881 sas
418 4837 622 4891 autem,
648 4839 706 4903 et
731 4829 1016 4897 pronubas,
1041 4840 1095 4885 et
1116 4830 1260 4884 diem
1286 4846 1391 4899 quo
1418 4831 1469 4882 in
1493 4830 1888 4883 matrimonium

303 4928 427 4971 sunt
448 4917 740 4982 collocata,
764 4919 954 4972 millies
977 4920 1263 4986 exsecrari,
1285 4935 1376 4973 eas
1393 4920 1532 4986 ipsas
1546 4930 1666 4987 post
1687 4929 1891 4972 tantum

303 5007 501 5061 fastidii
549 5017 729 5061 rursus
768 5009 1080 5064 earumdem
1123 5025 1300 5063 rerum
1329 5008 1595 5064 desiderio
1619 5010 1758 5076 capi,
1793 5009 1893 5062 hoc

307 5110 412 5165 est,
439 5099 582 5169 quod
623 5115 710 5152 me
757 5101 1142 5168 propemodum
1183 5099 1535 5169 obstupefacit
1562 5116 1626 5154 ac
1650 5098 1894 5152 dubitare

308 5192 472 5259 cogit.
504 5179 559 5243 et
585 5206 827 5260 quatrere
851 5191 1040 5260 ecquid
1067 5205 1242 5244 causae
1266 5192 1336 5244 sit
1373 5191 1718 5259 quamobrem
1762 5184 1895 5258 qtias

309 5297 399 5334 res
422 5291 602 5342 antea,
619 5283 746 5333 ’cum
776 5280 826 5332 in
861 5280 924 5333 iis
951 5289 1309 5342 versarentur,
1334 5278 1607 5348 fugiendas
1628 5280 1898 5332 exiStima—

308 5371 572 5435 bant,lias
600 5385 894 5432 nnnc,cmn
922 5370 990 5424 ab
1015 5371 1077 5423 iis
1105 5370 1284 5424 libera:
1303 5378 1446 5433 sunt,
1462 5379 1728 5438 tamquam
1747 5353 1899 5438 εἶρε·

308 5461 499 5515 lendas
521 5471 925 5530 persequantur.
943 5461 1021 5514 Ac
1041 5462 1202 5515 multa
1219 5461 1430 5555 q'uidem
1450 5462 1629 5516 animo
1657 5477 1896 5529 versans,

311 5550 400 5606 vix
429 5551 665 5614 tandem,
699 5561 754 5604 ut
783 5560 933 5618 puto,
960 5550 1026 5603 ad
1054 5552 1221 5619 ipsam
1240 5550 1327 5604 'rei
1357 5566 1571 5605 causam
1603 5551 1900 5622 iudagando

307 5643 554 5714 perveni.
579 5647 753 5712 Atque
779 5659 841 5696 ea
867 5643 1080 5711 quidem
1104 5659 1209 5696 non
1235 5658 1334 5696 una
1358 5652 1459 5706 est,
1483 5652 1576 5701 aut.
1603 5644 1788 5710 altera,
1805 5644 1900 5699 sed

313 5735 474 5804 plane
497 5734 903 5791 multh’artim
918 5734 1060 5790 enim
1081 5735 1151 5791 ob
1179 5735 1433 5804 temporis
1458 5735 1899 5805 longinquitatem

1983 4016 2219 4084 priontm
2264 4013 2461 4071 oblit:e,
2498 4019 2554 4063 et
2579 4023 2639 4062 ea
2671 4015 2873 4060 tantum
2913 4019 3031 4073 qua:
3077 4000 3400 4056 inmanibus
3443 4011 3571 4053 sunt

1983 4106 2308 4170 recolentes,
2351 4102 2574 4156 veniunt
2605 4099 2822 4168 quidem
2861 4095 2928 4149 ad
2967 4095 3385 4159 matrimonium,
3414 4092 3571 4162 quasi

1984 4196 2052 4250 ad
2079 4196 2131 4250 id
2155 4195 2294 4265 quod
2321 4193 2497 4247 omnia
2535 4190 2804 4244 viduitatis
2824 4185 3162 4242 incommoda
3188 4185 3448 4254 depellat;
3475 4183 3571 4238 sed

1987 4290 2091 4344 alia
2131 4287 2373 4356 quadam
2418 4282 2489 4336 ibi
2540 4282 2700 4349 longe
2741 4279 2984 4348 graviora
3028 4275 3363 4356 invenientes
3387 4287 3573 4328 rursus

1989 4379 2204 4435 easdem
2251 4392 2383 4447 quas
2427 4383 2582 4427 antea
2607 4394 2635 4437 ,ι
2674 4386 2834 4425 voces
2883 4369 3133 4421 emittunt
3161 4383 3175 4421 :
3204 4370 3409 4435 partim,
3441 4378 3576 4418 vero

1991 4468 2276 4523 mundanis
2301 4466 2460 4520 rebus
2487 4477 2672 4518 rursus
2696 4461 2962 4514 inhiantes
2981 4458 3312 4527 gloriamque
3339 4469 3576 4522 praesen-

1997 4563 2065 4613 tis
2099 4561 2220 4613 vita:
2246 4559 2570 4612 admirantes
2593 4566 2648 4608 et.
2675 4553 2990 4607 viduitatem
3013 4565 3126 4604 rem
3148 4547 3429 4603 dedecoris
3457 4546 3576 4616 ple-

1994 4669 2118 4707 nam
2147 4662 2416 4722 putantes,
2445 4649 2602 4717 hujus
2632 4647 2804 4700 inanis
2842 4644 3024 4713 gloria:
3049 4649 3106 4710 et
3135 4641 3360 4694 tumoris
3411 4653 3576 4692 causa

1995 4745 2209 4800 easdem
2259 4749 2515 4811 appetunt
2559 4737 2880 4791 matrimonii
2950 4733 3214 4787 miserias.
3281 4730 3392 4784 Nec
3447 4743 3578 4782 vero

1997 4833 2190 4888 desunt
2231 4844 2349 4899 qua:
2415 4845 2520 4882 non
2559 4815 2862 4895 bujusmodi
2908 4816 3083 4900 causis
3128 4819 3413 4883 adducta,
3471 4816 3570 4871 sed

1999 4923 2099 4977 soli
2157 4917 2581 4989 intemperantia:
2638 4915 2929 4977 cedentes,
2980 4925 3169 4966 rursus
3221 4909 3289 4963 ad
3346 4909 3580 4977 priorem

1999 5016 2123 5068 vita:
2163 5013 2423 5066 rationem
2467 5007 2721 5071 redeunt,
2751 5020 2813 5058 ac
2839 5018 3018 5057 veram
3054 5016 3270 5054 causam
3313 4999 3584 5079 occultare

2001 5107 2088 5172 iis,
2116 5120 2249 5174 quas
2274 5102 2512 5155 diximus
2530 5140 2545 5160 ,
2577 5095 2933 5166 pra-texendis
2960 5103 3241 5146 conantur.
3273 5085 3432 5158 Atqui
3455 5090 3586 5142 istas

2002 5210 2253 5251 accusare
2291 5201 2452 5260 atque
2497 5185 2794 5257 bujusmodi
2837 5181 3157 5236 matrimonii
3203 5181 3417 5233 nomine
3449 5193 3582 5231 eon-

2002 5287 2259 5340 demnare
2300 5294 2472 5350 neque
2512 5279 2625 5347 ipse
2665 5275 2858 5340 ausim,
2903 5265 3076 5340 neque
3114 5270 3270 5324 alteri
3294 5277 3353 5322 ut
3394 5269 3586 5324 audeat

2005 5385 2189 5430 auctor
2235 5373 2374 5436 sim,
2415 5364 2841 5438 quandoquidem
2881 5364 3036 5416 aliter
3073 5361 3244 5415 visunt
3295 5369 3379 5415 est
3428 5360 3592 5413 beato

2005 5467 2192 5527 Paulo,
2213 5464 2299 5518 vel
2318 5461 2492 5532 potius
2515 5456 2732 5529 Spiritui
2760 5453 2858 5524 ipsi
2884 5464 3092 5508 sancto.
3121 5451 3253 5505 Nam
3279 5465 3401 5505 cum
3431 5449 3601 5503 dixis-

2007 5567 2108 5618 set,
2143 5555 2329 5609 Mulier
2348 5552 2558 5622 alligata
2584 5558 2655 5602 est
2681 5547 2778 5616 legi
2793 5589 2807 5611 ,
2829 5553 3016 5616 quanto
3042 5552 3265 5612 tempore
3282 5543 3357 5594 uir
3380 5542 3490 5613 ejus
3512 5543 3592 5593 vi-

2007 5651 2072 5702 vit
2105 5665 2122 5698 :
2147 5647 2280 5714 quod
2300 5646 2341 5697 si
2369 5641 2624 5695 domtierit
2653 5639 2726 5692 vir
2749 5638 2877 5708 ejus,
2902 5635 3056 5689 libera
3080 5643 3153 5688 est
3171 5634 3251 5686 cui
3270 5633 3389 5686 velit
3413 5632 3588 5694 nubat,

2008 5747 2201 5793 tantum
2230 5736 2281 5790 in
2310 5733 2526 5788 Domino
2554 5731 2629 5802 (1.
2658 5726 2776 5786 Cor.
2800 5727 2852 5780 7.
2882 5725 3000 5794 59);
3031 5735 3183 5794 atque
3214 5724 3290 5780 ita
3318 5721 3613 5792 vidumpu-.
