4158 6316
694 405 790 463 δη

698 527 942 574 testatem
969 517 1181 573 fecisset
1193 532 1374 574 rursus
1395 518 1440 574 si
1458 520 1582 574 velit
1599 521 1852 587 nubendi,
1865 517 2267 591 addidissetque

695 609 900 664 Beatior
923 619 1194 674 autemest,
1218 610 1262 662 si
1286 611 1356 663 sic
1377 612 1702 679 permanserit
1735 613 1939 679 (LCor.
1991 613 2046 668 7.
2068 612 2179 684 40):
2205 627 2272 669 ne

696 703 812 770 quis
837 711 1044 771 putaret
1065 701 1346 756 lunnanum
1373 717 1490 757 esse
1503 713 1845 773 prteceptum,
1864 704 1978 759 haec
1995 705 2267 773 adjunxit:

696 789 832 844 Puto
861 801 1046 857 autem,
1068 793 1201 860 quod
1227 803 1272 844 et
1295 808 1384 861 ego
1415 789 1662 860 Spiritum
1688 793 1784 847 Dei
1823 795 2029 848 habeam
2059 793 2268 865 (1ὺὶι1.),

696 885 852 952 plane
895 885 1181 940 ostendens
1223 885 1420 956 Spiritu
1455 887 1688 943 dictante
1729 888 1801 942 ita
1847 887 1948 942 sibi
1984 901 2105 942 esse
2145 900 2274 941 con-

694 974 912 1042 scripta.

766 1065 1020 1118 Secunda
1059 1067 1249 1135 nuptiw
1289 1083 1389 1119 non
1426 1066 1713 1135 culpanda.
1742 1095 1812 1107 —
1835 1067 1913 1122 Ne
1935 1066 2056 1137 quis
2091 1066 2270 1135 igitur,

695 1169 814 1223 qua:
848 1154 1007 1207 modo
1040 1154 1278 1210 dicturus
1325 1171 1463 1217 sum,
1501 1156 1552 1210 in
1596 1171 1714 1211 eam
1757 1165 1958 1226 partem
2009 1157 2270 1223 accipiat,

697 1245 846 1313 quasi
888 1260 1000 1311 eas,
1046 1261 1164 1314 quae
1223 1247 1563 1301 matrimonio
1603 1261 1661 1301 se
1697 1247 1943 1317 jungunt,
1987 1246 2273 1315 repreheno

697 1334 819 1388 dam
846 1349 907 1389 ac
948 1336 1215 1390 criminer.
1259 1336 1489 1392 Summze
1523 1337 1663 1392 enim
1704 1339 2019 1407 arrogantia
2043 1352 2104 1392 ac
2130 1337 2275 1390 fure-

697 1426 770 1478 ris
809 1425 984 1491 fuerit,
1023 1442 1154 1496 quas
1192 1443 1295 1481 non
1339 1429 1612 1498 castigavit
1656 1429 1842 1484 beatus
1869 1429 1981 1496 ille,
2022 1428 2116 1484 sed
2159 1429 2276 1496 qui~

699 1515 797 1570 bus
824 1517 1078 1585 pepercit,
1108 1517 1204 1574 bas
1232 1528 1416 1573 contra
1445 1535 1474 1574 a
1494 1519 1646 1575 nobis
1687 1521 1877 1574 acerbe
1907 1519 2275 1586 condemnari,

699 1606 858 1676 idque
884 1623 1002 1661 cum
1034 1611 1303 1663 sexcentis
1332 1625 1426 1663 nos
1456 1610 1764 1665 criminibus
1805 1625 2129 1679 premamur.
2181 1609 2278 1662 Et-

636 1689 642 1692 ’
697 1700 840 1752 enim
858 1700 946 1768 qui
970 1699 1052 1753 vel
1073 1700 1403 1766 ajudicando
1423 1701 1708 1766 abstinere,
1734 1716 1800 1756 ne
1821 1700 2008 1756 eadem
2029 1713 2278 1754 mensura

700 1790 752 1842 in
803 1805 899 1844 nos
941 1790 1196 1858 judicium
1245 1801 1580 1856 excreeatur,
1624 1800 1782 1861 atque
1810 1792 1861 1845 in
1887 1791 2113 1845 aliorum
2160 1803 2282 1858 pec-

698 1888 816 1933 cata
841 1881 1058 1934 minime
1101 1881 1446 1936 vehementes
1487 1896 1604 1936 esse
1647 1881 1853 1950 judices
1890 1880 2158 1948 jubemur,
2185 1877 2279 1933 sed

699 1970 847 2026 lenes
873 1981 926 2026 et
947 1973 1011 2026 ad
1040 1974 1247 2027 veniam
1277 1973 1503 2028 dandam
1535 1973 1752 2040 faciles;
1783 1977 1827 2028 si
1857 1989 1967 2029 rem
1989 1988 2106 2042 quae
2133 1981 2280 2027 extra

699 2061 908 2130 culpam
927 2063 995 2116 sit
1015 2063 1358 2117 criminemur
1369 2073 1422 2118 et
1436 2062 1872 2130 condemnemus,
1895 2061 2160 2132 quomodo
2172 2076 2279 2115 non

702 2168 918 2208 omnem
942 2154 1093 2209 nobis
1129 2155 1338 2208 veniam
1368 2155 1736 2224 praecidemus,
1768 2171 1834 2209 ex
1862 2167 2046 2209 nostro
2075 2155 2126 2208 in
2155 2169 2278 2223 pro-

703 2245 904 2297 ximum
947 2243 1085 2297 facto
1109 2245 1161 2298 in
1189 2260 1306 2299 eam
1336 2245 1654 2300 sententiam
1680 2245 1996 2301 inducentes
2021 2243 2276 2312 judicem,

701 2336 836 2390 utin
859 2349 957 2389 nos
986 2336 1218 2390 vicissim
1241 2351 1297 2391 se
1316 2335 1870 2406 praebeatduriorem?
1888 2335 2003 2388 Non
2044 2335 2200 2403 igitur
2225 2342 2284 2387 ut

703 2425 822 2479 illas
866 2440 1112 2480 accusem
1138 2442 1199 2482 ac
1220 2442 1467 2497 pungam,
1501 2427 1603 2482 huc
1631 2429 1870 2482 oratione
1896 2427 2103 2480 delatus
2129 2442 2243 2479 sum
2264 2442 2282 2478 :

702 2514 843 2583 quod
890 2515 1029 2568 enim
1058 2517 1110 2568 in
1139 2516 1363 2570 Domino
1409 2516 1522 2570 ﬁeri
1553 2525 1745 2585 potest,
1779 2517 1830 2569 in
1861 2516 1911 2569 id
1941 2516 2132 2570 cadere
2176 2517 2281 2569 cri-

701 2618 827 2656 men
856 2603 1000 2658 nullo
1025 2604 1183 2659 modo
1209 2613 1380 2674 potest
1405 2623 1418 2658 :
1447 2605 1702 2670 Tantum,
1728 2606 1930 2675 inquit,
1959 2605 2011 2657 in
2035 2605 2277 2659 Domina.

705 2692 901 2747 Verum
929 2695 1372 2762 quemadmodum
1405 2711 1525 2750 cum
1551 2697 1618 2751 de
1638 2697 1936 2766 virginitate
1966 2697 2124 2751 verba
2153 2695 2284 2750 faei-

703 2800 843 2852 tnus,
897 2803 1003 2841 non
1040 2796 1098 2841 ut
1133 2786 1199 2842 de
1237 2789 1558 2843 matrimonii
1606 2787 1861 2858 dignitate
1904 2788 2281 2854 detrahamus,

703 2877 846 2931 illam
875 2878 1116 2932 laudibus
1143 2879 1443 2933 extollimus
1471 2896 1484 2932 :
1518 2881 1587 2933 ita
1617 2895 1735 2933 eum
1760 2880 1826 2934 de
1863 2880 2119 2934 viduitate
2161 2879 2282 2947 dis-1

682 2977 957 3044 «putamus
980 3009 994 3034 ,
1060 2984 1162 3023 non
1191 2969 1402 3039 quidem
1440 2985 1537 3024 ceu
1573 2969 1832 3023 secundas
1860 2970 2070 3038 nuptias
2099 2970 2152 3023 in
2190 2984 2283 3024 ea-

704 3073 822 3111 rum
850 3074 1025 3111 rcrum
1056 3075 1297 3127 numero,
1322 3060 1511 3129 quibus
1554 3059 1893 3113 interdictum
1923 3060 2011 3124 sit,
2054 3060 2286 3114 colloce-

704 3163 846 3214 mus,
897 3132 1181 3213 mulieres,
1230 3159 1288 3203 ut
1334 3151 1498 3204 semel
1545 3151 1789 3218 nupsisse
1830 3159 2093 3204 contentae
2136 3149 2282 3216 sint,

703 3240 1098 3301 cohortamur;
1142 3239 1238 3294 sed
1288 3240 1512 3294 fatemur
1564 3240 1778 3308 quidem
1839 3239 2085 3293 secundis
2123 3239 2283 3292 etiam

707 3325 876 3395 legem
905 3343 1009 3380 non
1037 3329 1244 3394 violari,
1294 3339 1668 3382 verumtamerr
1702 3343 1835 3382 uuas
1883 3328 2087 3382 iteratis
2129 3327 2286 3396 longe

709 3425 964 3483 praestare
994 3431 1098 3470 non
1130 3417 1453 3472 dubitamus.
1471 3418 1650 3487 Itaque
1673 3419 1723 3471 in
1747 3417 1845 3472 hac
1867 3418 2289 3487 comparatione,

705 3520 824 3559 cum
857 3523 1017 3560 unum
1044 3508 1195 3562 alteri
1217 3519 1466 3576 przestare
1494 3509 1739 3573 dicimus,
1773 3501 1930 3563 nemo
1962 3509 2064 3563 hoc
2087 3510 2280 3579 ipsum,

706 3597 847 3665 quod
875 3597 1177 3652 inferiorem
1205 3597 1376 3651 locum
1404 3607 1586 3654 tenere
1612 3600 1858 3663 dicimus,
1887 3600 2073 3653 vitium
2115 3607 2282 3667 putet.

708 3686 824 3739 Non
851 3687 991 3740 enim
1029 3687 1116 3740 illa
1163 3689 1299 3743 inter
1323 3703 1380 3743 se
1406 3688 1526 3741 ideo
1564 3689 1907 3754 conferimus,
1955 3698 2013 3742 ut
2053 3692 2287 3758 ipsorum

709 3777 932 3831 alterum
961 3779 1012 3831 in
1041 3779 1295 3833 malorum
1340 3781 1580 3835 ordinem
1627 3781 1929 3847 rejiciatur;
1962 3781 2055 3836 sed
2099 3796 2290 3836 conce-

603 3877 625 3891 '
709 3867 896 3921 dentes
927 3867 978 3921 id
1010 3867 1110 3937 legi
1151 3878 1564 3923 consentaneum
1582 3883 1728 3932 esse,
1750 3879 2039 3937 nostroque
2071 3871 2288 3925 arbitrio

712 3958 1050 4025 permissum,
1081 3958 1306 4013 alterum
1337 3969 1510 4013 tamen
1537 3975 1647 4029 pra:
1677 3961 1778 4014 hoc
1806 3961 1960 4029 longe
2001 3962 2168 4030 pluris
2212 3961 2290 4015 fa-

710 4051 909 4114 cimus,
959 4053 1232 4120 magisque
1289 4051 1626 4120 suspicimus.
1675 4051 1811 4116 Quid
1867 4039 1982 4106 ila?
2029 4053 2289 4119 Quoniam

713 4141 934 4194 multum
977 4142 1199 4196 interest
1236 4143 1478 4197 eamdem
1519 4143 1795 4197 mulierem
1834 4143 1991 4198 unius
2029 4144 2129 4197 viri
2172 4158 2292 4198 esse

713 4245 965 4296 uxorem,
998 4245 1060 4284 ac
1085 4231 1330 4286 duorum.
1357 4231 1486 4285 Nam
1513 4234 1598 4286 cui
1627 4234 1773 4301 prior
1811 4234 1940 4287 satis
1985 4243 2086 4300 est,
2137 4233 2292 4302 plane

714 4320 946 4374 ostendit
972 4336 1145 4390 neque
1171 4322 1236 4376 ad
1260 4322 1408 4375 illum
1439 4323 1610 4392 ipsum
1628 4338 1686 4378 se
1701 4323 2066 4393 adjuncturam
2096 4323 2281 4390 fuisse,

713 4413 757 4465 si
788 4427 900 4466 rem
928 4426 1026 4466 usu
1053 4413 1168 4481 ipso
1194 4412 1360 4482 probe
1395 4413 1632 4469 novisset
1657 4431 1669 4466 :
1693 4431 1811 4484 quae
1847 4423 2023 4469 autem
2062 4414 2290 4468 alterum

714 4515 968 4570 sponsum
991 4503 1042 4556 in
1071 4503 1261 4572 prioris
1305 4504 1477 4559 cubile
1519 4503 1740 4570 inducit,
1773 4520 2023 4574 magnum
2067 4505 2293 4574 egregia:

714 4609 839 4664 erga
870 4594 1124 4649 mundum
1151 4596 1396 4651 amicitiae
1423 4605 1581 4666 atque
1601 4612 1724 4667 erga
1771 4612 1857 4652 res
1896 4605 2137 4652 terrenas
2165 4613 2293 4668 pro-

717 4682 987 4753 pensionis
1037 4685 1286 4741 indicium
1325 4687 1545 4756 przebet.
1593 4688 1765 4757 Atque
1804 4689 1893 4742 illa
1934 4688 2147 4758 quidem
2195 4703 2294 4743 nec

715 4773 841 4828 dum
886 4775 1085 4830 viveret
1126 4778 1228 4842 vir,
1273 4793 1398 4847 erga
1436 4779 1597 4832 alium
1636 4788 1902 4834 commota
1945 4780 2124 4833 animo
2165 4787 2290 4835 est:

717 4863 834 4919 haec
863 4879 1009 4929 vero,
1037 4869 1137 4920 etsi
1170 4869 1258 4921 illo
1287 4869 1495 4943 vivente
1529 4869 1595 4923 ab
1633 4870 1750 4924 aliis
1798 4884 1855 4924 se
1895 4869 2138 4938 pudicam
2178 4883 2294 4924 ser-

717 4952 876 5019 varit,
911 4964 1146 5010 attamen
1191 4958 1387 5012 multos
1432 4959 1563 5012 alios
1600 4961 1768 5030 magis
1811 4973 1971 5030 quam
2019 4959 2170 5014 illum
2205 4974 2298 5014 su-

716 5048 911 5117 spexit.

787 5139 843 5192 2.
874 5137 977 5194 Sed
1008 5153 1075 5193 ne
1115 5154 1179 5194 ex
1223 5139 1323 5195 hoc
1365 5140 1504 5202 facto
1531 5143 1888 5211 conjecturam
1931 5144 2000 5199 de
2028 5147 2297 5215 praeterita

720 5235 823 5287 vita
871 5232 1162 5287 faciamus.
1195 5249 1306 5288 rem
1351 5235 1518 5304 ipsam
1568 5237 1949 5306 expendamus.
1982 5237 2196 5293 Etenim
2239 5247 2298 5292 ut

725 5328 990 5396 virginitas
1017 5328 1353 5383 matrimonio
1375 5330 1563 5385 melior
1588 5340 1707 5396 est,
1739 5331 1808 5385 ita
1833 5331 1935 5386 hoc
1960 5332 2299 5388 matrimonio

720 5418 867 5474 illud.
923 5419 1085 5474 Vidua
1137 5421 1277 5476 enim
1324 5422 1391 5477 de
1445 5423 1706 5493 principio
1758 5432 1961 5479 tantum
2011 5425 2298 5495 virginitati

718 5511 1017 5579 concessit,
1048 5512 1116 5567 ad
1145 5523 1443 5569 extremum
1469 5529 1596 5570 vero
1626 5515 1726 5584 ipsi
1769 5530 1953 5571 rursus
1977 5527 2217 5587 aequatur
2245 5529 2299 5574 et

719 5603 1057 5675 conjungitur
1106 5625 1121 5662 :
1172 5609 1272 5665 hoc
1326 5626 1456 5666 vero
1506 5611 1902 5668 matrimonium
1952 5622 2175 5682 utraque
2229 5627 2298 5666 ex

717 5705 869 5764 parte
898 5712 927 5750 a
960 5699 1258 5768 virginitate
1283 5703 1450 5758 abest.
1481 5701 1596 5756 lluc
1620 5701 1845 5768 accedit,
1868 5716 1985 5758 eam
2007 5719 2125 5773 quae
2151 5703 2302 5758 facile

721 5791 819 5843 fert
873 5791 1218 5855 viduitatem.
1269 5811 1298 5851 a
1343 5797 1457 5852 viro
1507 5807 1757 5865 quoque,
1788 5795 1913 5852 dum
1960 5797 2126 5866 vivit,
2159 5812 2300 5867 saepe

1461 406 1520 461 S.
1559 407 1832 465 JOANNIS
1869 407 2344 468 CHRYSOSTOM!
2383 410 2703 472 ARClllEP.
2741 413 3277 475 CONSTANTINOP.

3848 427 3957 481 612

2379 535 2440 578 se
2462 532 2736 582 continere
2767 541 2784 580 :
2813 541 2930 582 eam
2959 542 3106 590 vero,
3134 529 3252 600 quae
3281 542 3393 584 rem
3420 531 3647 587 maxime
3675 533 3962 589 molestam

2379 624 2564 686 putat,
2595 617 2665 682 ita
2708 618 2944 672 animum
2974 619 3304 686 instituisse,
3353 631 3413 675 ut
3440 637 3544 676 non
3585 637 3705 677 eum
3749 624 3964 680 duobus

2379 704 2552 760 solum
2583 705 2837 773 tribusve,
2868 709 2960 763 sed
2991 710 3149 764 etiam
3180 710 3346 764 multo
3376 711 3632 778 pluribus,
3664 713 3706 766 si
3739 714 3809 767 ita
3837 709 3962 768 sors

2379 794 2535 860 ferat,
2581 796 2681 851 sibi
2723 811 2809 852 res
2855 797 3096 852 habenda
3143 799 3232 865 sit,
3277 813 3342 854 ac
3385 801 3473 854 vix
3517 808 3749 855 extrema
3790 811 3962 856 aelate

2378 885 2657 940 abstineat.
2690 887 3147 953 Quemadmodum
3194 889 3352 958 igitur
3399 890 3792 945 matrimonium
3821 890 3962 944 illud

2379 990 2580 1044 magna:
2608 975 2901 1031 honestatis
2936 992 2998 1031 ac
3029 979 3391 1046 temperantia:
3427 980 3696 1048 specimen
3726 988 3809 1034 est
3837 997 3850 1033 :
3885 979 3968 1034 ita

2380 1064 2483 1119 hoc
2509 1066 2729 1120 minime
2750 1067 2963 1134 quidem
2987 1067 3211 1121 dixerim
3244 1069 3493 1134 lasciviae,
3514 1069 3672 1132 absit,
3693 1070 3783 1124 sed
3813 1081 3970 1124 certe

2381 1154 2541 1207 animi
2585 1154 2890 1210 inﬁrmioris
2913 1195 2930 1220 ,
2977 1165 3031 1210 et
3055 1157 3142 1226 qui
3171 1157 3318 1210 carni
3349 1157 3559 1213 deditus
3589 1159 3656 1213 sit
3697 1169 3968 1228 terraque

2380 1246 2568 1299 affixus
2594 1261 2693 1302 nec
2731 1263 2977 1318 magnum
3007 1257 3166 1318 atque
3192 1250 3458 1305 excelsum
3486 1251 3754 1325 quidpiam
3778 1251 3967 1304 animo

2340 1364 2342 1368 τ
2378 1338 2663 1406 concipere
2685 1353 2930 1406 umquam
2960 1340 3146 1406 possit.

2453 1423 2726 1496 Saphisma
2755 1427 2808 1479 in
2849 1427 3050 1481 laudent
3078 1429 3397 1495 repetitamm
3438 1430 3729 1499 nuptiarum
3767 1430 3962 1486 refelli-

2382 1523 2484 1568 tur.
2513 1545 2586 1556 —
2610 1515 2763 1583 Quod
2807 1517 2852 1572 si
2881 1516 2998 1586 quis
3040 1518 3252 1586 objiciat
3276 1560 3292 1584 ,
3323 1518 3462 1586 quod
3512 1519 3791 1573 honestmn
3837 1529 3922 1573 est
3943 1545 3962 1573 ν

2382 1607 2486 1660 tale
2508 1621 2625 1660 esse
2649 1646 2665 1671 ,
2692 1607 2804 1661 sive
2829 1607 2992 1661 semel
3016 1608 3240 1662 obeatur
3262 1650 3276 1674 ,
3306 1610 3417 1664 sive
3442 1610 3520 1663 bis
3545 1649 3560 1674 ,
3590 1610 3699 1664 sive
3725 1611 3922 1679 saepius
3955 1624 3972 1662 :

2382 1696 2628 1750 similiter
2653 1697 2796 1749 enim
2845 1696 3125 1751 honestum
3175 1713 3391 1752 manere
3415 1739 3431 1764 ,
3463 1699 3750 1767 quinetiam
3796 1715 3921 1752 eum
3949 1741 3963 1762 ,

2383 1784 2709 1854 quiszepius
2752 1786 2963 1840 functus
3005 1797 3124 1851 est,
3167 1788 3560 1842 laudabiliorem
3605 1803 3722 1842 esse
3763 1804 3831 1843 eo
3873 1789 3967 1856 qui

2384 1875 2593 1938 rarius;
2641 1875 3078 1944 respondebimus
3122 1877 3423 1947 hujusmodi
3470 1877 3737 1946 sephisma
3779 1879 3970 1931 incau-

2384 1968 2607 2022 tioribus
2637 1966 2861 2022 fortasse
2888 1983 3045 2038 posse
3075 1971 3345 2038 imponere
3369 2011 3383 2034 ,
3427 1970 3494 2024 ab
3524 1970 3586 2023 iis
3611 1979 3785 2023 autem
3812 2011 3827 2034 ,
3873 1969 3970 2038 qui

2384 2061 2617 2114 animum
2672 2059 2950 2114 advertere
2999 2061 3300 2127 voluerint,
3354 2059 3506 2114 facile
3558 2061 3726 2114 refelli
3785 2074 3968 2129 posse.

2385 2151 2773 2206 Matrimonium
2815 2153 2956 2206 enim
3001 2167 3105 2206 non
3156 2166 3438 2222 corporum
3485 2151 3786 2206 commistio
3840 2150 3972 2203 facit

2385 2241 2477 2314 (ita
2507 2244 2725 2298 enim'et
2748 2243 3025 2297 fornicatio
3052 2243 3443 2297 matrimonium
3470 2243 3633 2309 esset)
3660 2283 3674 2305 ,
3704 2241 3794 2296 sed
3825 2242 3971 2309 quod

2385 2350 2446 2390 ea
2472 2375 2487 2402 ,
2515 2350 2633 2403 quae
2658 2344 2819 2404 nupta
2848 2343 2967 2400 est,
2993 2350 3101 2388 uno
3125 2335 3238 2388 viro
3264 2344 3511 2388 contenta
3535 2343 3636 2387 est.
3665 2336 3837 2402 Atque
3867 2333 3971 2386 hoc

2387 2426 2527 2479 inter
2566 2425 2900 2479 meretricem
2931 2434 3090 2494 atque
3133 2426 3413 2494 ingenuam
3445 2425 3796 2493 pudicamque
3843 2439 3970 2476 mu-

2387 2516 2572 2569 liercm
2601 2516 2836 2569 interest.
2866 2516 3016 2583 Quod
3059 2517 3103 2570 si
3147 2531 3254 2570 uno
3283 2517 3394 2570 viro
3422 2525 3666 2570 contenta
3709 2525 3972 2585 perpetuo

2385 2606 2494 2671 sit,
2541 2607 2967 2675 conjunctionem
3014 2607 3167 2660 istam
3219 2607 3537 2660 matrimonii
3581 2607 3797 2660 nomine
3840 2621 3972 2660 vere

2387 2696 2670 2765 appellaris
2703 2713 2717 2750 :
2749 2697 2830 2750 sin
2875 2710 2972 2765 pro
3010 2711 3118 2750 uno
3145 2696 3340 2750 multos
3387 2710 3612 2765 sponsos
3653 2696 3707 2748 in
3750 2696 3970 2749 domum

2387 2786 2637 2850 inducat,
2668 2802 2773 2840 non
2818 2786 3062 2856 equidem
3102 2786 3506 2840 fornicationem
3548 2784 3718 2838 audeo
3746 2783 3930 2838 dicere
3957 2826 3972 2848 ,

2387 2879 2483 2934 sed
2511 2879 2637 2933 illud
2660 2879 3058 2942 contenderem,
3086 2877 3222 2930 hanc
3247 2877 3357 2942 illa,
3384 2892 3502 2946 qua:
3528 2892 3687 2929 unum
3715 2877 3977 2929 duntaxat

2386 2972 2560 3025 virum
2589 2970 2732 3023 novit
2755 3010 2769 3032 ,
2801 2969 2956 3038 longe
2985 2969 3290 3022 inferiorem
3317 2982 3454 3022 esse.
3486 2967 3574 3020 Illa
3600 2967 3740 3020 enim
3767 2965 3975 3019 audivit

2389 3061 2670 3115 Dominum
2697 3059 2993 3113 dicentem:
3016 3057 3233 3124 Propter
3257 3058 3348 3110 hoc
3374 3057 3583 3109 dimittet
3609 3056 3756 3107 homo
3775 3064 3977 3123 patrem

2389 3160 2434 3204 et
2460 3160 2666 3202 matrem
2692 3166 2836 3202 suam
2859 3190 2874 3214 ,
2905 3157 2950 3201 et
2975 3147 3245 3201 adhaerebit
3270 3149 3415 3200 uxori
3446 3162 3552 3200 sum
3573 3187 3588 3210 ,
3621 3155 3665 3199 et
3700 3155 3846 3198 erunt
3871 3147 3978 3197 duo

2377 3242 2442 3294 "in
2484 3256 2685 3294 carnem
2713 3256 2869 3292 unam
2915 3239 3142 3309 (Matth.
3178 3239 3263 3293 19.
3296 3239 3329 3292 5
3353 3238 3370 3307 )
3394 3279 3410 3304 ,
3440 3252 3503 3292 ac
3543 3238 3658 3290 viro
3703 3236 3974 3300 adhaesit,

2389 3330 2610 3400 perinde
2636 3344 2697 3384 ac
2723 3345 2849 3384 vere
2875 3345 2967 3384 sua
2996 3345 3120 3385 caro
3148 3339 3289 3384 esset
3315 3371 3329 3395 ,
3359 3345 3529 3398 neque
3555 3329 3717 3383 oblita
3762 3338 3845 3383 est
3870 3329 3980 3382 sibi

2391 3425 2556 3477 semel
2599 3423 2829 3491 impositi
2874 3423 3078 3492 capitis.
3125 3419 3246 3477 llme
3283 3437 3410 3476 vero
3453 3436 3551 3475 nec
3590 3422 3824 3489 priorem
3874 3435 3980 3474 nec

2390 3514 2736 3582 posteriorem
2768 3513 2940 3565 virum
2984 3513 3250 3581 propriam
3295 3520 3509 3565 carnem
3558 3518 3767 3578 reputat
3800 3527 3813 3564 :
3847 3525 3977 3563 nam

2392 3605 2594 3673 primus
2622 3620 2653 3658 a
2683 3604 2933 3669 secundo,
2954 3600 3218 3659 secundus
3236 3603 3310 3658 ab
3336 3603 3424 3657 illo
3451 3603 3648 3671 cjectus
3671 3613 3772 3658 est.
3791 3602 3983 3672 Neque

2392 3697 2533 3750 enim
2577 3695 2766 3749 mulier
2793 3695 2985 3764 prioris
3013 3695 3110 3748 viri
3155 3694 3464 3748 memoriam
3509 3693 3687 3749 colere
3734 3695 3978 3763 poterit,

2394 3804 2511 3857 quae
2539 3796 2658 3859 post
2701 3788 2846 3841 illum
2880 3787 3030 3841 alteri
3073 3785 3285 3855 nupsit,
3313 3800 3413 3840 nec
3454 3785 3800 3854 posteriorem
3826 3785 3982 3854 justo

2395 3895 2578 3934 amore
2623 3887 3006 3948 prosequetur,
3045 3885 3232 3946 magna
3275 3877 3449 3931 adhuc
3491 3877 3682 3930 mentis
3727 3886 3880 3944 parte
3927 3876 3988 3930 in

2393 3988 2515 4028 eum
2544 3972 2633 4040 qui
2670 3970 2798 4024 obiit
2825 3969 3080 4023 derivata.
3110 3968 3184 4020 Ita
3215 3966 3273 4020 fit
3297 4009 3312 4033 ,
3341 3975 3399 4020 ut
3422 3967 3593 4020 neutri
3633 3969 3678 4019 is
3702 4005 3716 4030 ,
3747 3967 3836 4036 qui
3863 3967 3988 4019 vim

2396 4065 2656 4129 debetur,
2704 4077 2854 4116 amor
2900 4070 3060 4131 atque
3105 4060 3271 4113 honos
3314 4060 3382 4113 ab
3431 4073 3594 4113 uxore
3640 4057 3982 4112 exhibentur.

2396 4155 2600 4226 Ecquid
2627 4170 2756 4209 vero
2780 4153 2942 4207 animi
2987 4160 3134 4222 putet
3158 4151 3436 4219 posteriori
3481 4164 3678 4219 sponso
3703 4164 3820 4204 esse
3844 4191 3858 4214 ,
3890 4150 3990 4218 qui

2397 4248 2450 4302 in
2479 4247 2669 4316 prioris
2697 4244 2983 4298 thalamum
3013 4241 3321 4311 ingreditur,
3352 4249 3406 4295 et
3435 4240 3573 4293 illius
3601 4241 3791 4293 lectum
3820 4254 3985 4292 scan-

2396 4337 2512 4404 dit,
2539 4351 2602 4391 ac
2643 4345 2898 4405 praeterea
2943 4334 3083 4388 illius
3110 4348 3330 4387 uxorem
3375 4332 3634 4386 ridentem
3659 4373 3674 4395 ,
3703 4341 3757 4386 et
3782 4330 3884 4385 hac
3914 4331 3989 4386 de

2395 4443 2554 4484 causa
2593 4428 2858 4494 jocantem
2903 4441 2966 4481 ac
3010 4427 3277 4482 ludentem
3322 4424 3506 4479 videt?
3551 4423 3719 4478 Valde
3764 4422 3986 4492 quidem

2395 4529 2832 4586 commoveatur,
2879 4533 3050 4589 neque
3092 4517 3159 4572 ad
3201 4517 3340 4570 illam
3384 4519 3576 4584 magno
3622 4530 3741 4568 cum
3793 4528 3988 4568 amore

2396 4613 2615 4668 accedat
2641 4627 2857 4666 necesse
2881 4619 2983 4666 est.
3027 4610 3160 4665 Nam
3187 4608 3397 4663 tametsi
3438 4607 3674 4662 omnium
3704 4606 3987 4659 hominum

2397 4703 2712 4757 durissimus
2741 4702 2844 4766 sit,
2873 4716 2980 4756 non
3026 4709 3200 4754 tamen
3227 4699 3299 4752 ita
3329 4698 3574 4752 immanis
3598 4739 3613 4762 ,
3641 4705 3703 4751 ut
3743 4696 3993 4750 humano

2401 4794 2628 4865 quodam
2656 4807 2813 4846 sensu
2842 4807 2947 4845 non
2989 4790 3247 4844 afficiatur
3270 4829 3286 4855 ,
3322 4789 3482 4843 etiam
3509 4787 3555 4842 si
3599 4785 3687 4840 illa
3714 4787 3992 4841 sexcentis

2399 4887 2726 4942 ornamentis
2750 4895 2803 4940 et
2823 4886 3053 4954 seipsam
3103 4893 3158 4940 et
3199 4884 3418 4939 domum
3459 4881 3768 4951 compserit.
3815 4880 3988 4934 Dolor

2398 4979 2541 5034 enim
2568 4977 2746 5032 domui
2775 4977 2948 5030 illa'lus
2990 4991 3095 5030 non
3123 4976 3248 5029 sinit
3276 4990 3460 5045 puram
3489 4981 3544 5028 et
3567 4973 3828 5028 sinceram
3859 4984 3992 5024 esse

2400 5071 2721 5140 voluptatem
2756 5085 2769 5122 :
2799 5068 2893 5122 sed
2923 5067 3369 5137 quemadmodum
3399 5067 3451 5120 in
3480 5065 3648 5120 muris
3673 5078 3767 5116 usu
3795 5062 3946 5115 venit
3973 5103 3990 5127 ,

2400 5170 2459 5215 ut
2481 5175 2598 5215 cum
2623 5174 2747 5229 pars
2771 5159 2942 5228 aliqua
2968 5158 3123 5213 valde
3147 5169 3332 5212 exusta
3361 5165 3462 5222 est,
3495 5156 3618 5210 licet
3641 5152 3990 5223 postmodum

2402 5251 2697 5316 dealbetur,
2716 5249 2982 5319 subjectus
2998 5257 3173 5303 tamen
3199 5263 3261 5301 ac
3277 5246 3570 5316 profundus
3591 5246 3767 5314 nigror
3781 5242 3992 5298 cando-

2401 5356 2515 5396 rem
2543 5341 2746 5395 tectorii
2772 5341 3039 5405 ob‘SCuret,
3065 5349 3223 5409 atque
3247 5336 3590 5407 injucundum
3620 5333 3990 5403 Spectaculum

2402 5431 2636 5502 prmbeat
2667 5448 2680 5483 :
2713 5430 2786 5484 ita
2831 5439 2883 5484 et
2908 5433 3007 5484 hac
3051 5430 3102 5483 in
3145 5445 3204 5484 re
3227 5469 3242 5496 ,
3275 5428 3481 5482 tametsi
3514 5425 3677 5479 multa
3703 5423 3990 5493 Splendida

2404 5523 2768 5592 excogitentur
2789 5564 2804 5588 ,
2836 5522 2890 5576 in
2917 5523 3106 5577 mediis
3132 5531 3310 5577 tamen
3339 5521 3472 5590 ipsis
3497 5519 3732 5574 eminent
3769 5515 3948 5570 tristia
3973 5556 3991 5582 ,

2405 5628 2469 5667 ac
2493 5613 2714 5666 molesta
2755 5611 2997 5682 quaedam
3038 5628 3102 5667 ex
3130 5612 3197 5666 iis
3234 5611 3412 5664 mistio
3439 5609 3519 5663 ﬁt.
3549 5606 3679 5663 Nam
3706 5615 3760 5660 et
3800 5604 3949 5659 servi
3973 5644 3991 5669 ,

2406 5713 2461 5758 et
2500 5703 2745 5772 ancillze,
2776 5714 2831 5759 et
2873 5703 3116 5775 agricola:
3141 5746 3156 5770 ,
3194 5711 3249 5758 et
3291 5701 3571 5773 inquilini,
3614 5707 3669 5756 et
3707 5697 3865 5753 vicini
3888 5738 3909 5765 ,
3937 5707 3997 5754 et

2409 5795 2630 5866 gentiles
2655 5797 2848 5867 prioris
2886 5797 2982 5851 viri
3015 5805 3302 5852 maerentes
3331 5795 3598 5850 intuentur
3625 5806 3742 5864 qua:
3769 5790 3905 5846 fiunt
3933 5806 3998 5846 ac
