4158 6316
275 452 384 508 613

275 553 514 612 gemunt.
547 542 696 612 Quod
721 541 764 597 si
791 552 1044 614 prreterea
1069 535 1253 614 pupilli
1281 541 1547 607 aﬂuerint,
1575 541 1619 595 si
1645 540 1854 610 quidem

280 637 435 691 valde
461 635 609 705 pueri
650 637 756 689 sint
778 677 795 702 ,
827 649 1072 704 magnum
1096 634 1164 689 ab
1189 634 1254 689 iis
1277 675 1292 699 ,
1324 634 1412 703 qui
1447 634 1512 687 de
1536 633 1696 688 rebus
1715 631 1860 700 judi-

276 742 404 793 care
445 737 683 796 queunt,
718 725 770 783 in
795 734 1018 779 matrem
1047 724 1227 779 odium
1269 724 1502 778 excitant
1532 740 1546 774 :
1577 722 1658 776 sin
1685 729 1860 775 autem

281 818 551 888 puberes,
607 825 847 882 tantam,
901 827 1152 886 quantam
1205 816 1295 869 vix
1343 814 1484 868 aliud
1536 814 1859 884 quidquam,

284 898 581 963 molestiam
596 916 928 977 comparant.
944 907 1073 976 Qua:
1089 906 1299 976 quidem
1323 906 1500 961 omnia
1516 921 1636 959 eum
1656 903 1866 973 legisla-

284 1008 430 1054 tores
453 998 954 1064 animadverterent,
975 1008 1027 1053 et
1041 1013 1155 1065 eos,
1173 999 1261 1068 qui
1286 1005 1562 1067 propterea
1579 1006 1862 1067 anguntur,
1921 1011 1924 1015 '

283 1090 552 1145 consolari
575 1073 794 1156 vellent,
815 1097 869 1143 et
896 1089 1053 1146 simul
1078 1088 1159 1143 sui
1183 1087 1306 1143 facti
1332 1088 1591 1142 rationem
1621 1085 1863 1150 reddere,

283 1179 430 1250 quod
473 1193 581 1234 non
620 1194 687 1234 ex
733 1180 1001 1250 proposito
1044 1179 1131 1234 vel
1171 1194 1236 1234 ex
1281 1177 1523 1249 professo
1566 1176 1866 1246 hujusmodi

284 1269 684 1324 matrimonium
711 1269 1084 1335 instituerent,
1114 1269 1208 1324 sed
1234 1278 1434 1323 tantum
1460 1277 1605 1338 metu
1629 1265 1864 1330 adducti,

286 1375 357 1414 ne
419 1361 634 1431 gravius
689 1360 901 1429 aliquod
957 1361 1153 1415 malum
1206 1361 1539 1424 exsisteret,
1608 1356 1870 1426 secundas

287 1453 501 1522 nuptias
526 1440 786 1507 omui‘illa
810 1451 1083 1524 splendida
1107 1467 1300 1522 pompa
1326 1451 1622 1520 spoliarunt
1654 1467 1668 1502 :
1700 1463 1872 1516 neque

288 1545 432 1598 enim
459 1543 585 1598 tibia
609 1583 624 1609 ,
652 1558 826 1621 neque
848 1543 1085 1612 plausus,
1115 1557 1287 1611 neque
1325 1543 1633 1612 hymenaeus
1655 1581 1670 1606 ,
1700 1552 1874 1608 neque

290 1635 502 1690 eborea:
524 1677 539 1700 ,
575 1651 747 1705 neque
772 1651 983 1690 corona:
1012 1635 1272 1703 nuptiales
1299 1675 1313 1699 ,
1345 1647 1520 1702 neque
1545 1631 1688 1686 aliud
1715 1629 1872 1701 quid-

291 1726 433 1794 piam
458 1725 718 1794 ejusmodi
745 1740 1019 1794 veSperam
1049 1726 1188 1778 illam
1215 1733 1427 1786 ornant,
1446 1723 1538 1777 sed
1567 1721 1682 1775 haec
1696 1720 1873 1775 omnia

291 1815 632 1882 auferentes,
680 1817 759 1869 sic
809 1831 913 1870 non
963 1822 1275 1870 coronatum
1322 1814 1492 1868 virum
1542 1812 1608 1866 ad
1660 1811 1876 1865 viduam

294 1909 572 1962 mulierem
616 1906 886 1960 adducunt
916 1923 930 1959 :
963 1915 1164 1960 tantum
1212 1920 1319 1959 non
1363 1920 1459 1974 per
1485 1905 1598 1958 bare
1638 1903 1877 1958 claman-

297 2005 414 2062 tes,
443 2013 562 2067 qua:
606 1998 736 2051 tiunt
763 1998 939 2052 omnia
985 2012 1105 2051 esse
1143 1995 1355 2065 quidem
1396 1994 1657 2064 ejusmodi
1683 1992 1878 2062 quibus

295 2089 449 2141 venia
478 2089 653 2155 detur,
685 2089 781 2144 sed
806 2089 1068 2153 laudibus,
1093 2087 1327 2154 coronis,
1360 2086 1630 2154 plausibus
1659 2083 1881 2140 minimo

295 2178 474 2248 digna.

371 2273 427 2325 3.
469 2271 572 2324 Cur
595 2269 791 2324 Paulus
813 2270 1043 2340 iuniores
1069 2269 1246 2321 viduas
1275 2266 1460 2322 nubere
1495 2267 1627 2325 velit.
1671 2294 1742 2305 —
1776 2262 1883 2319 Cur

301 2361 484 2430 igitur,
513 2361 684 2424 dices,
714 2360 910 2419 Paulus
941 2359 1183 2428 prohibet
1209 2400 1223 2424 ,
1256 2373 1323 2412 ne
1344 2357 1612 2427 juniores,
1639 2356 1799 2410 etiam
1839 2355 1884 2408 si

301 2455 499 2518 velint,
551 2453 723 2506 vidua:
763 2452 1053 2505 maneant?
1096 2451 1165 2504 ita
1221 2450 1362 2513 enim
1407 2448 1592 2502 scribit
1640 2464 1652 2500 :
1695 2446 1882 2499 Adole-

302 2546 570 2598 scentiores
612 2552 777 2596 autem
826 2542 1002 2595 viduas
1043 2541 1206 2594 devita
1253 2541 1334 2608 (1.
1371 2538 1507 2591 Tim.
1539 2538 1592 2592 5.
1631 2537 1736 2606 il).
1770 2535 1884 2590 Non

303 2649 434 2689 sane
458 2633 652 2688 Paulus
694 2632 1075 2702 impedimento
1107 2642 1208 2696 est,
1238 2629 1522 2700 quominus
1547 2644 1667 2697 qua:
1705 2628 1888 2681 volunt

304 2725 666 2794 virginitatem
688 2732 922 2786 servent,
954 2722 1048 2776 sed
1074 2723 1205 2790 ipsa:
1236 2721 1410 2789 potius
1439 2726 1582 2784 suttt,
1605 2732 1724 2786 qua:
1754 2717 1892 2770 Pau-

303 2816 417 2870 lum
447 2829 514 2870 eo
543 2815 876 2869 necessitatis
901 2813 1228 2882 adegerunt,
1270 2821 1326 2864 ut
1369 2818 1562 2880 prmter
1603 2807 1764 2861 animi
1809 2806 1888 2861 sui

305 2907 626 2962 sententiam
652 2905 789 2960 banc
815 2906 943 2975 ipsis
973 2906 1142 2974 legem
1166 2904 1347 2958 ferret.
1373 2902 1501 2957 Nam
1533 2903 1577 2955 si
1609 2900 1753 2955 Pauli
1771 2914 1894 2953 sen-

308 2999 528 3051 tentiam
547 2998 638 3050 -vis
666 3012 1006 3066 cognoscere,
1035 2996 1156 3049 audi
1185 2994 1308 3064 quid
1341 2994 1520 3048 dicat:
1560 2993 1686 3047 Volo
1723 3007 1893 3045 omnes

307 3087 537 3140 homines
562 3102 670 3140 esse
697 3088 826 3140 sicut
863 3087 1106 3155 meipsum
1130 3085 1207 3156 (l.
1231 3084 1351 3138 Cor.
1381 3083 1507 3154 7.7)
1534 3101 1545 3135 :
1580 3083 1631 3136 id
1652 3091 1733 3136 est
1760 3097 1892 3136 cou-

313 3179 590 3232 tinentiam
617 3193 849 3232 servare.
881 3178 1239 3245 Quamobrem
1270 3193 1374 3230 non
1416 3176 1517 3230 sibi
1559 3176 1658 3246 ipsi
1705 3177 1895 3230 adver-

312 3279 461 3324 sntur
493 3270 678 3322 beatus
701 3270 808 3334 ille,
844 3285 1018 3337 neque
1048 3269 1186 3322 inter
1227 3283 1286 3322 se
1326 3270 1610 3338 pugnantia
1647 3268 1894 3332 loquitur,

313 3375 418 3414 nec
447 3360 534 3428 qui
578 3361 703 3413 velit
741 3375 928 3413 omnes
978 3359 1221 3413 homines
1267 3353 1444 3411 colere
1492 3358 1896 3422 continentiam,

313 3448 559 3502 obstaret
586 3463 690 3518 quo
734 3449 909 3502 minus
940 3465 1056 3517 qua:
1084 3449 1269 3502 volunt
1297 3447 1466 3500 vidum
1496 3455 1761 3501 maneant.
1794 3447 1902 3500 Cur

315 3555 450 3612 ergo
474 3539 603 3594 dicit
625 3558 638 3592 :
664 3540 1088 3594 Adolescentiores
1109 3550 1272 3592 autem
1296 3539 1469 3592 viduas
1487 3539 1650 3592 devita
1670 3541 1743 3607 (ι.
1769 3538 1898 3590 Tim.

305 3615 374 3686 ‘5.
410 3633 499 3699 Η)
520 3632 545 3682 ‘l
564 3632 646 3684 die
668 3648 763 3686 cur
789 3641 844 3686 et
869 3649 968 3700 qua
999 3633 1064 3685 de
1093 3647 1270 3685 causa.
1302 3631 1416 3684 Non
1457 3631 1600 3684 enim
1624 3630 1722 3683 ista
1749 3629 1905 3683 abso-

316 3723 434 3776 lute
465 3722 719 3790 protulit,
752 3723 844 3775 sed
872 3737 1087 3776 causam
1115 3722 1395 3791 atljunxit‘:
1423 3721 1550 3774 Cum
1583 3722 1713 3774 enim
1753 3720 1898 3773 luxu-

316 3816 468 3866 riattv
488 3814 675 3881 fuerint
702 3815 752 3866 in
783 3814 1002 3878 Christo,
1038 3814 1219 3884 nubere
1238 3815 1428 3867 volunt.
1463 3814 1620 3868 Vides
1647 3802 1751 3866 non
1791 3828 1903 3877 eas,

317 3920 446 3973 qua:
476 3905 782 3980 viduiatem
813 3919 1029 3958 servare
1060 3887 1381 3968 volunt,'sed
1410 3921 1526 3972 qua:
1559 3915 1833 3973 postquam
1856 3905 1906 3956 in

319 3997 638 4049 viduitatem
683 3997 1009 4060 inciderunt,
1051 3997 1354 4050 nubendum
1393 3998 1492 4050 sibi
1532 4006 1800 4061 Statuunt,
1843 3995 1910 4049 ab

322 4090 422 4142 illo
451 4088 717 4156 prohiberi
751 4104 815 4141 ne
842 4087 1011 4140 vidnre
1043 4099 1312 4154 maneant,
1345 4103 1476 4141 neve
1518 4088 1569 4141 in
1602 4102 1810 4140 sacrum
1843 4087 1908 4140 il-

324 4179 438 4231 lum
465 4178 686 4230 chorum
712 4178 1074 4244 admittuntur,
1108 4179 1264 4247 idque
1293 4179 1446 4232 valde
1469 4159 1754 4247 sapienter.
1780 4177 1910 4232 Nam

324 4272 371 4323 si
419 4270 577 4322 alteri
618 4271 954 4324 matrimonio
993 4271 1238 4339 illiganda
1291 4286 1371 4334 es,
1427 4287 1597 4340 neque
1648 4271 1913 4340 spondere

325 4364 492 4417 etiam
522 4363 828 4415 viduitatem
855 4363 1041 4417 debes.
1071 4363 1200 4416 Nam
1224 4371 1342 4432 post
1374 4363 1778 4431 promissionem
1801 4379 1911 4416 mu~

332 4462 448 4504 tare
466 4453 779 4504 sententiam
798 4454 949 4520 longe
966 4452 1198 4506 deterius
1219 4461 1319 4513 est,
1335 4468 1491 4522 quam
1511 4469 1682 4522 neque
1699 4454 1915 4507 omnino

333 4542 670 4610 promittere.
719 4541 1177 4606 Quemadmodum
1225 4543 1381 4610 igitur
1422 4543 1690 4595 assiduam
1736 4543 1916 4596 liberis

331 4646 558 4700 cperam
587 4632 716 4685 dare
741 4634 998 4700 permisit,
1029 4648 1131 4684 non
1163 4633 1332 4700 legem
1375 4643 1632 4698 statuens,
1667 4634 1758 4688 sed
1789 4635 1916 4703 ipsis

334 4723 622 4791 indulgens
652 4741 664 4774 :
698 4724 775 4777 sic
801 4724 942 4777 enim
972 4725 1162 4792 inquit,
1183 4723 1295 4776 Hoc
1317 4734 1482 4776 autent
1505 4725 1616 4776 dico
1646 4725 1917 4778 secundant

328 4814 723 4883 indulgentiam,
750 4831 847 4868 non
882 4817 1153 4866 secundum
1183 4817 1470 4880 imperium,
1503 4826 1706 4885 prapter
1740 4817 1916 4869 incon-

335 4909 604 4958 tinentiam
631 4917 840 4958 vestram
873 4907 948 4979 (Ι.
983 4906 1101 4960 Cor.
1130 4909 1183 4962 7.
1207 4904 1264 4972 6)
1295 4925 1308 4958 :
1353 4909 1420 4961 ita
1466 4908 1564 4960 hoc
1606 4909 1764 4961 etiam
1803 4909 1920 4963 loco

333 4996 600 5065 gravioris
623 4997 746 5048 mali
773 5007 916 5050 metu
935 4997 1224 5050 secundum
1250 4998 1478 5050 instituit
1503 4997 1918 5063 matrimonium,

335 5086 633 5138 ostendens
661 5086 761 5139 boc
789 5087 1365 5156 quoqueindulgentim
1392 5097 1509 5141 esse
1544 5088 1608 5140 ad
1636 5087 1921 5142 multorum

338 5176 705 5231 inﬁrmitatem
737 5192 854 5232 sese
879 5177 1349 5232 accommodantis.
1367 5178 1728 5234 Inﬁrmitatem
1748 5191 1922 5234 autem

336 5269 468 5322 dico
497 5263 603 5320 non
633 5268 904 5334 potentiae,
941 5268 1034 5322 sed
1071 5269 1378 5322 voluntatis.
1409 5269 1538 5323 Nam
1575 5269 1926 5340 quemadmo-

336 5359 472 5412 dum
501 5359 671 5426 virgo,
699 5358 742 5410 si
771 5367 891 5428 post
918 5362 1232 5427 promissam
1265 5360 1619 5428 virginitatem
1659 5374 1716 5414 se
1742 5359 1925 5413 violari

336 5452 552 5514 siverit,
581 5451 782 5504 facinus
805 5451 1066 5506 adulterio
1096 5453 1308 5521 gravius
1345 5456 1663 5520 perpetravit
1711 5471 1724 5503 :
1761 5453 1830 5506 ita
1875 5462 1927 5506 et

335 5543 526 5608 vidua,
555 5559 673 5613 qnte
699 5547 858 5598 semel
884 5546 1145 5614 promisit,
1178 5547 1220 5599 si
1249 5546 1440 5600 deinde
1467 5549 1765 5616 pactionem
1808 5563 1926 5601 eutn

337 5635 459 5690 Deo
491 5634 683 5687 laetam
721 5638 1037 5690 conculcans
1066 5639 1252 5692 eodem
1299 5639 1521 5691 crimine
1559 5652 1616 5691 se
1659 5639 1924 5706 polluerit,

335 5725 520 5780 eidem
554 5740 765 5794 quoque
792 5728 1050 5795 supplicio
1070 5728 1296 5803 obnuan
1326 5737 1422 5792 est,
1469 5743 1530 5783 ac
1569 5729 1702 5782 forte
1745 5731 1925 5796 etiam,

331 5821 384 5874 si
425 5817 555 5872 licet
595 5818 786 5872 mirum
824 5819 1071 5886 quiddam
1117 5820 1325 5887 dieere,
1368 5821 1522 5890 longe
1561 5822 1769 5889 majori.
1813 5823 1926 5877 Non

1373 449 1459 504 DE
1499 449 1635 504 NON
1674 447 2019 504 ITERANDO
2058 447 2407 528 ροκωϐιο.

3451 452 3556 506 ως

1971 541 2111 594 enim
2143 542 2281 595 idem
2323 552 2428 606 est,
2459 551 2516 595 ut
2553 542 2704 598 initio
2739 541 3000 608 dicebam,
3050 542 3353 614 imperitam
3398 554 3559 613 atque

1971 647 2066 686 usu
2087 634 2194 700 jam
2222 634 2464 688 edoctam
2515 632 2705 690 iisdem
2755 636 3106 692 succumbere
3155 635 3561 691 tentationibus.

1969 722 2152 792 Neque
2176 739 2305 778 vero
2336 722 2439 794 hoc
2467 723 2584 778 loco
2611 724 2908 792 dumtaxat,
2932 725 3024 780 sed
3047 726 3205 781 etiam
3237 727 3394 796 paulo
3418 733 3560 796 post,

1969 813 2231 866 eumiure
2264 814 2630 884 prmmisisset,
2661 813 2788 868 Volo
2833 832 2922 887 ego
2953 807 3187 886 juniores
3233 817 3410 871 viduas
3461 832 3560 869 rtu-

1971 903 2102 969 bere,
2133 905 2266 974 ﬁlios
2286 921 2572 974 procreare,
2604 918 2788 961 matres
2819 909 3042 978 familias
3079 903 3187 962 esse
3212 907 3291 979 (ι.
3329 905 3467 961 Tim.
3506 907 3562 961 δ.

1975 995 2088 1068 lt),
2113 1011 2327 1050 causam
2355 991 2554 1062 subdit,
2588 1012 2684 1052 cur
2708 997 2848 1052 istud
2874 998 3019 1052 velit.
3049 997 3179 1066 Qum
3203 1013 3266 1054 ea
3282 999 3397 1054 est?
3429 996 3568 1052 Ναι-

1975 1088 2096 1150 lam,
2123 1088 2313 1156 inquit,
2345 1089 2659 1142 occasionem
2685 1090 2808 1142 dare
2841 1089 3133 1144 adver'sario
3165 1087 3420 1144 maledicti
3445 1106 3569 1160 gra-

1975 1177 2064 1230 tia.
2092 1175 2224 1242 Nam
2250 1177 2500 1246 quoniam
2532 1179 2820 1234 verisimile
2855 1188 2938 1233 est
2992 1180 3185 1245 multas
3216 1194 3282 1236 eo
3325 1191 3570 1249 tempore

1953 1266 2159 1320 viduas
2187 1275 2309 1336 post
2338 1267 2435 1321 viri
2458 1268 2663 1323 obitum
2694 1270 2962 1336 licentius,
2993 1270 3270 1340 magisque
3308 1270 3571 1325 arbitratu

1976 1373 2074 1412 suo
2098 1357 2281 1413 vivere
2307 1359 2516 1426 solitas,
2539 1374 2570 1414 a
2596 1360 2696 1413 viri
2722 1361 2999 1423 societate,
3018 1361 3217 1430 quasia
3251 1361 3587 1416 necessitate

1977 1448 2204 1516 quadam
2233 1463 2295 1503 ac
2324 1448 2621 1516 dominatu,
2650 1448 2866 1514 liberas,
2897 1451 2966 1503 ita
2994 1460 3048 1504 ut
3087 1449 3430 1520 impudentia
3469 1463 3572 1504 no-

1980 1541 2122 1593 mine
2158 1541 2467 1596 malamde
2513 1555 2572 1596 se
2614 1542 2935 1612 opinionem,
2971 1541 3244 1609 aﬂ‘errent,
3294 1541 3572 1597 abducens

1981 1633 2122 1700 ipsas
2151 1633 2218 1687 ab
2245 1634 2343 1688 hac
2372 1636 2619 1703 pestifera
2648 1635 2915 1702 libertate,
2944 1651 3133 1690 rursus
3173 1637 3240 1690 ad
3287 1635 3571 1704 pristinum

1977 1723 2161 1791 jugum
2187 1723 2422 1778 adducit.
2451 1724 2584 1779 Nam
2607 1727 2675 1792 si,
2709 1727 2901 1795 inquit,
2935 1726 3166 1780 futurum
3194 1735 3278 1780 est
3306 1737 3364 1780 ut
3396 1725 3572 1780 vidui-

1985 1820 2143 1867 tatem
2173 1829 2282 1883 prre
2309 1829 2368 1870 se
2393 1813 2573 1869 ferens
2598 1818 2862 1885 quaepiam
2896 1817 3032 1870 clam
3063 1816 3350 1870 fornicatur
3372 1831 3436 1870 ac
3482 1830 3572 1870 se-

1992 1903 2159 1972 ipsam
2181 1903 2494 1971 dedecoret,
2519 1906 2675 1976 longe
2695 1907 2865 1960 satius
2890 1906 3111 1972 nubere,
3145 1922 3206 1960 ac
3235 1904 3450 1960 Nullam
3489 1919 3594 1980 oc-ﬁ

1984 1993 2235 2046 casionem
2264 1995 2386 2048 dare
2408 1995 2694 2049 adversario
2712 1995 2970 2048 maledicti
2987 1997 3172 2066 gratia.
3191 1991 3579 2062 Quamobrem;

1987 2098 2053 2137 ne
2081 2085 2392 2139 occasiones
2419 2085 2722 2140 maledictis
2751 2085 2902 2152 dent,
2933 2101 2995 2141 ac
3016 2086 3178 2139 vitam
3210 2085 3576 2140 meretriciam

1987 2176 2428 2246 contumeliisque
2448 2177 2734 2252 obnoxiam
2775 2186 2955 2247 agant,
2999 2178 3396 2231 matrimonium
3445 2191 3582 2246 prat-

1987 2267 2136 2336 cipit.
2165 2266 2300 2322 Audi
2323 2271 2453 2337 quot
2478 2279 2734 2337 prteterea
2761 2269 2866 2322 sint
2894 2283 3013 2338 qua:
3039 2267 3334 2337 ipsis,vitie
3374 2275 3569 2321 vertat.

1989 2359 2122 2414 Nam
2147 2374 2270 2425 cum
2318 2360 2578 2414 deberent
2617 2373 2777 2414 omne
2819 2374 2975 2413 suum
3015 2369 3222 2428 tempus
3253 2340 3586 2412 orationibus

1991 2461 2046 2509 et
2069 2450 2542 2520 supplicationibus
2564 2449 2785 2514 instare,
2811 2450 2926 2504 istac
2951 2465 3100 2516 vero,
3130 2448 3320 2518 inquit,
3353 2445 3422 2501 Et
3449 2449 3582 2500 otio-

1991 2559 2062 2596 sa:
2088 2542 2286 2596 discunt
2315 2543 2580 2595 circumire
2607 2542 2815 2604 domos;
2844 2557 2944 2593 non
2983 2540 3146 2593 solum
3173 2541 3376 2606 otiosae,
3404 2537 3494 2592 sed
3536 2545 3588 2591 et

1991 2634 2230 2699 verbosa,
2258 2644 2304 2688 et
2329 2635 2564 2699 curiosae,
2589 2634 2851 2701 loquentes
2871 2647 2983 2701 quin
3017 2648 3115 2685 non
3153 2640 3346 2700 oportet
3384 2630 3488 2702 (Ib.
3532 2646 3583 2684 υ.

1997 2726 2110 2794 15).
2144 2725 2270 2778 Ilzcc
2300 2739 2426 2779 vero
2453 2725 2551 2792 ipsi
2581 2724 2802 2777 minimc
2830 2723 3141 2791 probantur,
3172 2721 3266 2775 sed
3308 2720 3420 2774 vult
3464 2734 3588 2789 pcr-

1997 2824 2160 2882 petuo
2184 2814 2372 2869 afﬁxas
2392 2829 2512 2869 esse
2532 2813 2693 2867 rebus
2722 2812 3100 2882 spiritualibus.
3128 2810 3269 2863 Nam
3297 2826 3410 2879 quis
3429 2810 3482 2862 in
3501 2809 3591 2864 de-

1999 2905 2129 2958 liciis
2183 2914 2275 2971 est,
2330 2905 2518 2974 inquit,
2571 2904 2738 2958 vivens
2794 2913 2992 2957 mortua
3036 2912 3106 2957 est
3140 2903 3217 2973 (l.
3253 2901 3385 2958 Tim.
3417 2903 3470 2956 5.
3497 2902 3587 2971 0);

1999 2995 2425 3067 quandoquidem
2470 3004 2522 3049 et
2567 2995 2820 3065 virginem
2873 2995 3040 3063 ipsam
3079 2993 3191 3046 vult
3238 2992 3436 3047 bonum
3485 2991 3592 3046 hoc

2002 3101 2155 3140 suum
2186 3101 2291 3139 non
2318 3086 2557 3154 corporis
2585 3086 2826 3139 castitate
2853 3084 3092 3147 delinire,
3142 3081 3239 3137 sed
3281 3083 3591 3137 universum

2004 3179 2167 3231 otium
2189 3193 2342 3232 suum
2373 3177 2482 3231 Deo
2510 3191 2845 3251 consecrare,
2886 3186 3043 3245 atque
3085 3176 3159 3230 illi
3202 3187 3457 3245 perpetuo
3497 3174 3596 3230 de-

2005 3271 2226 3325 servire.
2284 3269 2358 3324 lta
2410 3271 2554 3325 enim
2593 3269 2778 3323 scribit
2820 3286 2834 3323 :
2887 3267 3047 3322 Patro
3083 3269 3178 3322 hoc
3224 3269 3292 3320 ad
3330 3268 3597 3321 utilitatem

2006 3372 2218 3414 vestram
2246 3361 2379 3426 dico,
2407 3377 2508 3413 non
2537 3370 2590 3412 ut
2612 3359 2844 3430 laqueum
2873 3360 3010 3412 vobis
3040 3360 3287 3430 injiciam,
3320 3359 3407 3412 sed
3431 3358 3499 3411 ad
3519 3359 3595 3426 id,

2006 3452 2140 3522 quod
2168 3452 2431 3504 honestum
2454 3460 2545 3517 est,
2566 3449 2769 3519 etquod
2805 3449 3096 3521 facultatem
3127 3448 3342 3519 pra’beat
3365 3449 3470 3503 sine
3494 3448 3596 3503 im-

2011 3542 2292 3612 pedimento
2327 3540 2595 3593 Dominum
2623 3539 2916 3592 obsecrandi
2950 3538 3024 3610 (ι.
3069 3539 3186 3594 Cor.
3229 3540 3281 3592 7.
3321 3539 3435 3606 55).
3481 3538 3596 3593 Non

2010 3633 2152 3686 enim
2182 3632 2349 3701 ipsam
2392 3631 2585 3700 patitur
2631 3630 2852 3684 divisam
2894 3645 3033 3694 esse,
3083 3629 3178 3684 sed
3228 3639 3390 3684 totam
3439 3629 3600 3684 rebus

2013 3724 2379 3793 spiritualibus
2411 3739 2474 3777 ac
2499 3723 2800 3777 catlestibus
2833 3722 3037 3776 interere
3065 3722 3198 3787 vult,
3240 3731 3294 3776 et
3336 3737 3455 3791 quae
3493 3721 3602 3776 Do-

2015 3817 2142 3871 mini
2171 3826 2295 3871 sunt
2322 3831 2534 3870 curare.
2565 3815 2646 3868 Ad
2674 3813 2916 3869 eamdem
2947 3816 3066 3868 vita:
3097 3815 3355 3868 rationem
3388 3813 3602 3868 viduam

2015 3922 2225 3977 quoque
2251 3917 2424 3974 vocat,
2465 3905 2648 3960 dicens
2678 3923 2693 3962 :
2723 3906 2851 3972 Quae
2887 3916 3055 3958 autem
3093 3921 3205 3959 vere
3239 3904 3392 3959 vidua
3429 3913 3523 3972 est,
3560 3913 3608 3958 et

2016 3983 2241 4050 desolata
2286 3997 2504 4064 speravit
2543 3997 2596 4049 in
2632 3994 2831 4068 Deum,
2887 4006 2934 4049 et
2980 3997 3134 4049 instat
3184 3994 3607 4049 obsecrationibus

2017 4099 2064 4142 et
2108 4089 2420 4143 orationibus
2457 4097 2598 4142 nocte
2640 4097 2687 4142 et
2735 4088 2861 4159 die(
2885 4089 2937 4142 1.
2983 4087 3114 4141 Tim.
3157 4089 3208 4141 5.
3255 4085 3332 4158 5).
3382 4084 3610 4153 Quando

2019 4181 2177 4249 igitur
2204 4181 2368 4233 otium
2389 4221 2404 4246 ,
2448 4179 2588 4248 quod
2613 4181 2674 4259 \in
2714 4179 3032 4248 evangelicis
3075 4178 3302 4248 negotiis
3329 4177 3610 4230 insnmcm

2019 4271 2144 4324 dum
2195 4279 2340 4332 erat,
2387 4270 2440 4322 id
2484 4285 2593 4323 non
2639 4268 2798 4322 modo
2837 4269 2890 4322 in
2935 4269 3092 4326 rebus
3133 4267 3475 4336 supervacuis
3529 4274 3612 4320 at-

2020 4377 2123 4430 que
2161 4361 2466 4423 inutilibus,
2515 4360 2608 4415 s‘ed
2647 4360 2805 4414 etiam
2832 4358 2984 4413 valde
3025 4359 3199 4412 noxiis
3226 4366 3484 4428 perpetuo
3507 4355 3613 4410 im-

2024 4451 2288 4520 pendunt;
2309 4453 2501 4508 merito
2525 4452 2590 4506 ad
2623 4452 3016 4506 matrimonium
3048 4466 3139 4505 eas
3168 4464 3352 4505 rursus
3375 4448 3610 4504 adducit.

2023 4543 2153 4598 Nam
2181 4543 2626 4613 quemadmodum
2654 4542 2851 4598 Judmis
2881 4543 3158 4596 sabbatum
3187 4541 3408 4596 dederat
3433 4541 3575 4596 Dens
3597 4581 3614 4607 ,

2024 4657 2128 4696 non
2157 4647 2213 4690 nt
2242 4637 2538 4691 otiarentur
2563 4636 2859 4699 dumtaxat,
2891 4633 2984 4688 sed
3010 4643 3118 4687 uta
3163 4633 3405 4703 turpibus
3443 4633 3613 4686 actio-

2026 4732 2181 4786 nibus
2204 4729 2533 4796 abstinerent
2562 4746 2575 4780 :
2604 4727 2673 4779 ita
2704 4725 2882 4788 vidua,
2923 4733 2977 4778 et
3010 4724 3158 4794 virgo
3178 4765 3193 4790 ,
3234 4739 3339 4777 non
3376 4721 3442 4775 ut
3489 4722 3617 4776 viris

2029 4838 2132 4876 non
2163 4822 2505 4881 misceantur,
2534 4813 2670 4871 banc
2695 4817 2794 4870 sibi
2822 4815 3060 4884 deligunt
3090 4814 3274 4878 vitam,
3319 4811 3413 4866 sed
3459 4823 3520 4866 ut
3553 4826 3616 4867 ea

2028 4929 2146 4984 qua:
2169 4912 2380 4967 Domini
2403 4919 2527 4964 sunt
2552 4918 2759 4972 curent,
2788 4917 2945 4978 atque
2967 4922 3024 4961 se
3055 4915 3193 4960 totas
3218 4906 3269 4960 in
3300 4893 3391 4959 Dei
3417 4905 3617 4960 cultum

2029 5005 2325 5060 conferant.

2101 5096 2154 5148 4.
2189 5094 2336 5147 ’Λάηι
2367 5094 2556 5163 possint
2603 5090 2768 5143 vidua:
2805 5088 3026 5143 subsidio
3071 5088 3292 5140 virorum
3330 5101 3520 5142 carere.
3549 5116 3622 5126 ———

2034 5188 2106 5242 lta
2133 5200 2280 5251 sane,
2316 5185 2516 5252 inquiet
2557 5182 2765 5248 aliquis.
2809 5179 3003 5233 Verum
3047 5177 3382 5232 intolerabile
3425 5177 3618 5230 malum

2032 5281 2153 5340 erit,
2182 5277 2457 5330 mulierem
2481 5276 2627 5328 nullo
2657 5289 2835 5326 rerum
2860 5287 2956 5325 usu
3003 5274 3228 5338 peritam
3274 5284 3356 5335 ea,
3390 5284 3508 5339 quse
3554 5267 3621 5324 ad

2034 5371 2176 5423 viros
2207 5368 2491 5438 pertinent,
2531 5365 2710 5418 subire
2749 5363 2905 5430 cogi:
2948 5375 3118 5430 neque
3157 5360 3297 5414 enim
3341 5360 3451 5426 ipsa
3488 5371 3618 5427 per-

2037 5460 2157 5514 inde
2211 5469 2368 5528 atque
2396 5458 2485 5511 ille
2516 5464 2742 5510 tractare
2788 5464 2946 5520 atque
2989 5449 3363 5503 administrare
3400 5465 3488 5502 res
3530 5463 3624 5516 ραν

2038 5551 2372 5618 teril;alqne
2409 5549 2529 5601 hinc
2561 5547 2687 5599 nihil
2717 5545 2856 5597 aliud
2888 5542 3208 5637 lu’crabitur,
3249 5556 3407 5608 quam
3449 5539 3620 5593 fortu-

2038 5658 2224 5697 narum
2269 5643 2492 5695 ruinam.
2526 5641 2664 5706 Ergo
2706 5630 3052 5705 qumcun’ique
3078 5648 3108 5691 a
3135 5632 3381 5686 secundis
3426 5630 3626 5699 nuptiis

2039 5710 2448 5792 abhor‘rnerunt,
2490 5728 2663 5782 omnia
2715 5742 2808 5782 sua
2860 5739 3072 5794 pessum
3120 5723 3395 5785 dederunt,
3445 5720 3621 5773 ettznia

2041 5824 2380 5894 perdiderunt
2407 5839 2420 5886 ;
2454 5835 2621 5889 neque
2646 5818 2924 5870 mulierem
2954 5814 3165 5868 viduam
3211 5813 3471 5882 invenias,
3506 5824 3628 5881 qnze
