4206 6324
499 374 617 428 εἰὶιό

510 510 621 550 rem
647 508 798 549 suam
825 501 973 549 recte
997 492 1182 563 gerat?
1211 493 1701 566 Tergiversationcs
1726 495 1827 548 ista
1868 504 1992 552 sunt
2033 510 2095 549 ac

511 592 803 652 pra-textus
828 584 1162 655 propriaeque
1187 583 1510 646 infirmitatis
1530 584 1913 654 integumenta.
1929 584 2102 639 Multae

510 677 654 730 enim
678 675 982 745 prmclarius
1007 690 1166 745 quam
1188 674 1286 729 viri
1312 684 1367 729 et
1391 658 1609 728 domum
1641 675 2099 742 administrarunt,

509 776 563 820 et
600 768 736 822 tilias
782 766 1011 836 pupillos
1037 765 1508 831 educaverunt,"et
1546 767 1703 831 bona,
1736 782 1855 835 quas
1883 781 2107 835 accepe-

510 867 656 922 rant,
695 858 812 912 alia
852 867 1141 925 auxerunt,
1185 857 1306 912 alia:
1339 872 1445 911 non
1487 856 1813 911 minuenunt.
1861 855 1993 911 Nam
2038 856 2107 910 ab

523 951 754 1019 ipsemet
784 949 936 1003 initio
963 965 1069 1002 non
1089 949 1265 1003 omnia
1297 947 1424 1002 viris
1445 947 1713 1003 commisit
1738 947 1908 1011 Deus;
1937 959 2109 1015 neque

519 1041 586 1093 ab
608 1041 734 1109 ipsis
755 1039 884 1095 solis
904 1039 1160 1111 pendere,
1187 1055 1306 1110 quze
1326 1039 1392 1093 ad
1422 1039 1581 1093 vitam
1611 1039 1896 1108 pertinent,
1919 1038 2104 1104 voluit,

522 1144 590 1184 ne
623 1130 667 1183 si
698 1131 890 1185 mulier
918 1131 1048 1184 nihil
1079 1130 1144 1184 ad
1176 1131 1338 1184 vitam
1366 1129 1637 1185 conferret
1673 1129 1964 1203 despicatui
2009 1113 2123 1184 du?

514 1228 753 1274 referetur.
786 1219 1150 1287 Quamobrem
1182 1220 1233 1274 id
1275 1221 1607 1289 prospiciens
1644 1221 1783 1275 Deus
1827 1236 1932 1275 non
1977 1219 2111 1274 infe-

527 1310 671 1364 riore
697 1309 841 1363 illam
863 1309 982 1364 loco
1012 1309 1287 1365 constituit
1308 1327 1322 1374 ;
1345 1317 1501 1378 atque
1526 1306 1577 1364 id
1603 1310 1671 1363 ab
1704 1310 1932 1381 ipsemet
1966 1308 2115 1363 initio

523 1400 725 1453 clarum
748 1401 946 1454 faciens
970 1400 1105 1454 dixit
1133 1418 1144 1452 :
1176 1399 1449 1454 Faciamus
1492 1399 1593 1469 ipsi
1631 1400 1918 1470 adjutorem
1959 1397 2111 1471 (Gen.

524 1488 580 1544 2.
619 1489 732 1560 18).
763 1491 969 1544 Etenim
994 1505 1066 1545 ne
1089 1505 1156 1544 eo
1183 1489 1326 1560 quod
1352 1490 1465 1559 ipse
1491 1477 1720 1558 primum
1747 1487 1919 1544 factus
1949 1497 2031 1543 est
2056 1503 2119 1542 ac

525 1588 744 1648 propter
765 1580 937 1649 ipsum
967 1566 1426 1643 formatamulier,
1449 1578 1949 1648 magnos'adversus
1975 1579 2117 1632 illam

526 1658 754 1738 spiritus
776 1670 854 1723 vir
879 1679 1134 1733 sumeret,
1166 1670 1268 1724 hoc
1289 1668 1453 1724 verbo
1481 1678 1742 1723 tumorem
1779 1668 1948 1738 ipsius
1972 1674 2115 1724 com-

528 1761 743 1830 pressit,
769 1759 1058 1814 ostendens
1078 1759 1345 1828 mundana
1372 1761 1584 1830 negotia
1610 1759 1777 1813 nihilo
1804 1760 1980 1812 minus
2001 1775 2122 1813 mu-

528 1850 696 1925 lieris,
727 1865 884 1921 quam
915 1850 1014 1904 viri
1055 1865 1233 1920 cgere.
1284 1846 1539 1918 Qu’mnam
1595 1851 1756 1919 igitur
1808 1849 1911 1903 ista
1963 1848 2124 1902 sunt?

529 1944 829 2015 quibusque
861 1944 914 1996 in
950 1943 1109 1996 rebus
1137 1942 1202 1997 ad
1228 1943 1388 1996 vitam
1414 1941 1816 1997 sustentandam
1847 1933 2123 1995 nobiscum

533 2035 726 2089 mulier
751 2030 1059 2087 societatem
1093 2031 1230 2086 iuit?
1265 2030 1407 2087 Sane
1441 2031 1692 2103 quoniam
1733 2031 1799 2085 ad
1847 2031 2125 2101 prmsentis

537 2128 661 2179 vitae
687 2135 882 2179 statum
905 2123 1331 2192 componendum
1359 2139 1464 2177 non
1500 2125 1676 2178 minus
1710 2124 1932 2192 privata,
1969 2138 2126 2192 quam

538 2217 745 2286 publica
779 2215 985 2286 negotia
1013 2215 1229 2280 faciunt,
1263 2215 1378 2269 haec
1401 2214 1720 2285 dispertiens
1749 2214 1914 2279 Deus,
1940 2212 2124 2267 foren-

535 2307 613 2360 sia
641 2306 854 2375 quidem
881 2305 1010 2359 viris
1049 2303 1339 2369 commisit,
1368 2303 1660 2357 domestica
1686 2311 1863 2356 autem
1892 2301 2128 2355 mulieri-

539 2390 637 2452 bus
664 2415 678 2451 :
703 2413 765 2452 ac
794 2397 843 2451 si
859 2412 1080 2451 munera
1100 2380 1380 2466 officiaque
1401 2395 1499 2448 ista
1516 2384 1928 2457 cemmutentur,
1949 2394 2128 2447 omnia

537 2497 788 2543 corruerit
817 2502 879 2542 ac
899 2481 1158 2556 peribunt
1189 2505 1210 2551 ε,
1229 2494 1378 2540 tanto
1405 2494 1627 2555 uterque
1668 2485 1848 2539 utilior
1880 2484 2047 2539 altero
2077 2482 2128 2536 iri

539 2596 637 2634 suo
665 2594 884 2634 munere
911 2577 1159 2635 obeundo
1188 2587 1289 2633 est.
1318 2576 1498 2647 Igitur,
1526 2577 1570 2633 si
1596 2575 1885 2631 domestica
1915 2590 1981 2630 ex
2011 2590 2134 2628 mu-

522 2671 695 2726 Jiebri
723 2671 942 2725 scientia
965 2669 1219 2738 pendent,
1247 2677 1406 2738 atque
1442 2668 1542 2722 ista
1571 2667 1624 2721 in
1669 2682 1727 2722 re
1774 2675 1976 2720 tantum
2008 2666 2133 2720 ‘viro

543 2761 737 2816 mulier
761 2768 998 2829 praestat,
1026 2768 1282 2828 quantum
1309 2757 1427 2812 rudi
1455 2750 1657 2811 homini
1678 2756 1869 2809 artifex
1895 2755 1946 2809 in
1975 2755 2133 2808 rebus

538 2855 595 2918 in
624 2853 813 2920 quibus
842 2849 1030 2904 artifex
1058 2859 1164 2917 est,
1184 2863 1282 2904 cur
1304 2864 1500 2904 vanum
1531 2848 1687 2902 nobis
1714 2847 1958 2918 timorem
1992 2847 2134 2901 incu-

542 2943 738 2999 timus?
764 2942 895 2997 Nam
926 2957 1150 3011 peregre
1187 2939 1399 3010 quidem
1442 2933 1705 3009 proficisci
1750 2952 1942 3006 resque
1984 2937 2136 2991 colli-

539 3050 670 3116 gere
698 3033 930 3088 virorum
958 3029 1325 3085 tantummodo
1350 3038 1462 3092 est,
1491 3027 1802 3082 mulieribus
1837 3034 2013 3080 autem
2055 3026 2138 3112 lu.-

544 3141 640 3179 cro
664 3139 879 3195 operam
915 3123 1043 3177 dare
1069 3121 1288 3176 minime
1317 3119 1398 3174 fas
1426 3127 1541 3184 est;
1574 3129 1625 3173 at
1650 3133 1768 3189 qua:
1794 3126 1918 3173 sunt
1942 3131 2137 3187 appor-

547 3225 652 3270 tata
679 3215 1047 3278 eustodireac
1087 3213 1222 3267 tueri
1261 3212 1425 3281 ipsius
1468 3211 1632 3266 solius
1670 3221 1774 3265 est.
1809 3211 1888 3264 Ac
1927 3209 2135 3264 tametsi

549 3306 888 3374 prmstantius
912 3304 1162 3373 quiddam
1191 3304 1432 3357 videatur
1452 3289 1749 3370 acqiiirere,
1785 3315 1942 3370 quam
1975 3301 2132 3363 tueri,

547 3407 802 3464 attamen,
835 3400 1009 3453 sithoc
1039 3397 1197 3463 absit,
1230 3396 1600 3465 illudquoque
1622 3394 1807 3448 inutile
1827 3409 1890 3447 ac
1911 3409 2133 3446 vanum:

550 3507 694 3562 saepe
723 3507 846 3545 vero
875 3492 1034 3546 etiam
1062 3491 1107 3546 si
1138 3490 1242 3544 hec
1269 3489 1428 3553 adsit,
1459 3487 1587 3542 illud
1633 3502 1741 3540 non
1786 3486 1960 3540 solum
2007 3485 2137 3538 nihil

552 3582 769 3651 profuit,
799 3582 893 3637 sed
925 3583 1082 3636 etiam
1113 3589 1300 3657 cuneta
1324 3568 1535 3636 evertit:
1573 3578 1834 3644 Quoniam
1864 3578 2009 3632 enim
2038 3575 2141 3630 dif-

554 3675 688 3728 ficile
714 3684 815 3740 est,
843 3660 1112 3728 hominem
1144 3672 1275 3727 foris
1315 3672 1671 3740 negatiantem
1712 3679 1892 3740 atque,
1913 3669 2140 3740 ampliﬁ-

551 3763 723 3818 cando
749 3765 1063 3833 patrimonio
1107 3779 1323 3833 operam
1373 3772 1652 3844 navantem
1700 3761 1840 3829 juste
1881 3768 2139 3828 quaestum

553 3856 969 3923 facere,‘majori
996 3856 1137 3908 enim
1163 3870 1228 3908 ex
1260 3838 1408 3921 parte
1451 3838 1516 3907 e'x
1545 3852 1730 3907 alienis
1761 3852 1844 3904 isti
1872 3851 2143 3904 calamita-

554 3947 695 4016 tibus
719 3947 929 4000 lucrum
944 3945 1171 4009 faciunt;
1203 3944 1325 3998 hinc
1345 3959 1554 4014 quoque
1576 3941 1820 4003 mulieris
1833 3942 1933 3994 arti
1962 3948 2017 3994 et
2044 3956 2139 4010 gu-

535 4028 853 4092 bernationi
882 4053 1026 4107 saepe
1053 4036 1292 4092 officiunt
1319 4051 1400 4101 ea,
1433 4050 1552 4105 qua:
1589 4049 1687 4104 per
1727 4033 2039 4103 injustitiam
2089 4042 2142 4086 et

554 4129 660 4182 vim
692 4137 839 4196 parta
866 4129 917 4181 in
948 4142 1135 4181 manus
1176 4127 1341 4196 ipsius
1371 4132 1748 4201 pervenerunt.
1785 4119 2175 4190 Quamobrem‘

555 4219 654 4270 etsi
704 4217 873 4286 majus
897 4219 986 4270 'sit
1013 4216 1327 4290 acquirere,
1362 4231 1519 4285 quam
1559 4227 1917 4279 conservare,
1966 4222 2140 4267 tamen

554 4312 720 4366 altera
751 4327 815 4364 ex
832 4320 987 4380 parte
1013 4310 1188 4388 minus
1211 4323 1333 4363 esse
1355 4305 1792 4377 deprehenditur,
1808 4305 2021 4374 quando
2039 4320 2142 4359 non

557 4405 728 4457 solum
780 4403 848 4457 ad
903 4402 1163 4455 bonorum
1204 4399 1672 4468 amplificationem
1719 4397 1851 4451 nihil
1895 4395 2140 4462 confert,

557 4495 650 4550 sed
679 4496 837 4549 etiam
861 4493 1039 4565 perdit
1059 4494 1168 4563 jam
1201 4476 1454 4562 reposita.
1486 4491 1624 4557 Quid
1652 4491 1810 4558 igitur
1840 4497 2040 4542 metuat
2067 4488 2145 4542 vi-

556 4587 681 4649 dua,
711 4601 776 4640 ne
800 4585 899 4639 viri
929 4585 1182 4638 absentia
1214 4598 1301 4637 res
1343 4582 1647 4636 domesticae
1681 4579 1914 4634 deterius
1942 4594 2000 4633 se
2054 4579 2146 4634 ba-

553 4676 736 4741 beant,
764 4690 986 4746 quarum
1017 4675 1231 4729 vivente
1256 4674 1414 4728 etiam
1435 4672 1549 4726 viro
1576 4673 1687 4741 ipsa
1717 4672 2143 4739 procurationem

558 4765 906 4835 susceperat?
943 4768 1012 4819 At
1048 4764 1288 4829 facilius,
1335 4763 1574 4833 inquiet,
1618 4761 1970 4831 gubernabit,
2023 4777 2143 4816 cum

557 4867 700 4911 metu
731 4857 868 4930 illius
894 4871 1051 4910 nemo
1079 4854 1444 4921 reluctabitur,
1474 4869 1632 4908 nemo
1664 4853 1962 4907 molestiam
2013 4853 2142 4907 atie-

557 4958 658 5001 ret.
686 4945 818 5000 Nam
844 4956 900 5001 et
926 4946 1128 5010 famuli,
1161 4955 1215 4999 et
1256 4946 1541 5009 ceconomi,
1574 4952 1627 4997 et
1666 4951 2057 5011 procuratores,
2084 4959 2148 4998 ac

561 5037 743 5104 reliqui
775 5023 1130 5089 omiies‘illum
1157 5044 1454 5088 metuentes
1475 5034 1538 5087 ad
1584 5033 1874 5101 parendum
1922 5033 2148 5087 aderunt

560 5128 909 5200 prouipti,‘ac
934 5137 1088 5189 nern‘o
1117 5128 1219 5180 erit
1248 5128 1334 5196 qui
1365 5127 1693 5198 contradicat
1721 5118 1741 5178 ε’
1784 5135 1837 5178 at
1877 5140 1940 5179 eo
1981 5141 2140 5194 quem

561 5217 864 5270 metuebant
889 5233 918 5270 e
949 5209 1123 5280 medio
1147 5218 1380 5282 sublato,
1413 5231 1596 5270 omnes
1627 5215 1797 5281 vidua;-
1827 5215 2033 5268 mulieri
2065 5215 2145 5267 in-

559 5309 780 5369 sultant,
811 5308 1050 5377 improbe
1081 5318 1381 5370 versantur,
1427 5306 1754 5360 confidentes
1802 5314 1945 5368 sunt,
1989 5315 2144 5373 atque

560 5398 734 5450 omnia
763 5407 1069 5466 pervertunt
1095 5412 1160 5451 ac
1189 5397 1470 5466 dissipant.
1499 5397 1650 5462 Quod
1677 5397 1720 5450 si
1743 5396 1923 5449 ulcisci
1952 5411 2011 5448 ac
2038 5398 2144 5448 νὶω-

559 5489 750 5542 dictam
779 5503 990 5544 sumere
1019 5489 1161 5553 velit,
1198 5489 1810 5557 torquens,.verberans,
1860 5489 1910 5539 in
1960 5502 2142 5540 carce-

559 5598 670 5634 rem
701 5581 1010 5651 conjiciens,
1047 5594 1155 5635 tum
1185 5597 1312 5635 vero
1365 5583 1415 5636 in
1462 5583 1601 5651 vulgi
1652 5583 2140 5649 reprehensionem,

559 5675 1018 5737 criminationem,
1082 5675 1433 5728 contumelias
1496 5676 1734 5747 incurrit.
1788 5675 2049 5727 Caeterum
2099 5677 2140 5727 si

559 5764 714 5849 fidem
745 5767 790 5821 ei
811 5767 900 5835 qui
923 5767 1049 5820 abiit
1078 5767 1250 5822 datam
1281 5767 1510 5837 fregerit,
1547 5777 1703 5836 atque
1736 5766 1874 5820 illius
1904 5779 2136 5821 amorem

1222 380 1278 436 S.
1320 379 1598 437 JOANNIS
1635 379 2112 438 CllRYSOSTOMI
2153 382 2474 440 ARCHIEP.
2516 382 3053 442 CONSTANTINOP.

3690 383 3796 440 616

2210 497 2476 553 oblivione
2500 498 2778 564 deleverit,
2801 506 2857 552 et
2892 511 3191 567 vesperam,
3216 512 3316 567 qua
3365 497 3455 551 ille
3489 491 3555 551 ad
3589 510 3646 550 se
3694 499 3805 567 pri-

2210 603 2354 641 mum
2380 589 2621 652 accessit,
2656 599 2709 642 et
2741 588 3004 657 plausum,
3049 597 3104 642 et
3147 588 3504 658 liymenazum,
3553 597 3608 642 et
3658 589 3801 642 faces

2211 680 2494 750 nuptiales,
2520 688 2574 734 et
2602 681 2799 749 primos
2824 680 3124 749 amplexus,
3157 687 3212 733 et
3236 693 3468 743 mensas,
3516 687 3571 733 et
3616 679 3802 733 convi-

2211 782 2329 827 ctus
2355 772 2507 842 cujus
2535 787 2639 826 una
2667 787 2789 826 cuni
2823 771 2912 824 illo
2941 786 3046 840 per
3077 785 3236 825 omne
3286 778 3494 838 tempus
3537 769 3804 838 particeps

2214 863 2338 931 fuit,
2366 874 2422 920 et
2445 865 2631 929 verba,
2658 879 2776 934 qua:
2803 878 2834 918 a
2863 865 2977 917 viro
3004 878 3192 931 magna
3221 877 3340 916 cum
3371 848 3641 930 voluptate
3667 875 3804 914 uxo-

2214 968 2336 1012 rem
2352 953 2536 1008 audire
2565 953 2853 1008 verisimile
2888 962 2970 1006 est
3001 951 3082 1006 :si
3126 951 3260 1016 hinc,
3312 951 3549 1019 inquam,
3596 951 3801 1014 omnia,

2217 1045 2437 1113 perinde
2465 1060 2528 1098 ac
2549 1044 2593 1098 si
2619 1058 2907 1112 numquam
2939 1041 3185 1106 fuissent,
3215 1050 3436 1110 repente
3466 1040 3699 1110 abjiciat,
3720 1047 3808 1090 at-

2217 1151 2321 1205 que
2348 1135 2499 1190 alteri
2520 1136 2632 1189 viro
2656 1135 2800 1190 fores
2826 1135 3049 1202 aperiat,
3074 1133 3352 1202 ipsumque
3375 1131 3441 1185 ad
3465 1131 3609 1184 illius
3632 1129 3810 1184 cubile

2219 1227 2412 1292 trahat,
2461 1241 2643 1280 rerum
2691 1225 2932 1279 omnium
2983 1224 3221 1292 priorum
3265 1222 3542 1277 conscium
3582 1221 3666 1275 :si
3695 1221 3813 1273 hac

2219 1316 2394 1376 faciat.
2427 1331 2656 1371 nemone
2685 1315 2784 1368 erit
2811 1315 2901 1383 qui
2932 1312 3329 1383 reprehendat?
3362 1326 3519 1365 nemo
3561 1310 3651 1380 qui
3701 1309 3811 1375 cri-

2221 1406 2489 1461 minetur?
2512 1421 2669 1460 nemo
2685 1405 2774 1474 qui
2797 1405 2920 1459 odio
2953 1412 3325 1473 prosequatur,
3356 1416 3419 1454 ac
3443 1401 3812 1462 inhumanam,

2222 1497 2496 1568 perfidam,
2551 1497 2876 1566 foedifragam
2922 1504 3096 1560 vocet,
3146 1488 3306 1563 atque
3349 1491 3650 1561 hujusmodi
3697 1489 3815 1544 aliis

2223 1587 2476 1642 Conviciis
2504 1585 2731 1641 oneret?
2908 1572 2911 1574 d

2296 1678 2349 1732 5.
2410 1677 2663 1731 Secunda
2717 1676 2910 1746 nuptiaz
2975 1686 3076 1729 non
3139 1673 3288 1728 laude
3344 1673 3528 1743 digna.
3581 1700 3651 1711 —
3698 1668 3817 1723 Non

2226 1768 2389 1832 enim,
2439 1767 2540 1820 etsi
2598 1767 2783 1820 beatus
2836 1765 3029 1820 Paulus
3078 1779 3189 1819 rem
3217 1764 3373 1817 istam
3400 1761 3662 1836 permisit,
3694 1774 3821 1828 pro-

2231 1867 2416 1927 pterea
2447 1855 2692 1910 laudibus
2712 1855 2924 1926 dignam
2955 1863 3156 1924 putes,o
3176 1869 3240 1908 ac
3286 1868 3404 1923 qua:
3448 1852 3589 1922 vulgi
3634 1865 3819 1919 repre-

2234 1949 2546 2002 bensionem
2577 1947 2775 2018 fugiat;
2805 1963 2962 2018 poena
3003 1956 3208 2000 tantum
3246 1961 3311 1999 ac
3347 1944 3609 2013 supplicio
3650 1950 3817 2006 caret,

2230 2040 2411 2094 laudes
2437 2039 2649 2108 quidem
2681 2049 2736 2093 et
2763 2039 3006 2093 encomia
3033 2052 3137 2091 non
3169 2045 3250 2091 est
3276 2036 3416 2106 quod
3459 2050 3516 2088 se
3547 2043 3822 2101 reportare

2232 2144 2387 2199 posse
2420 2140 2597 2198 speret
2621 2129 2698 2202 (1.
2733 2128 2863 2182 Tim.
2887 2129 2941 2182 5.
2977 2129 3088 2197 Η).
3111 2126 3244 2180 Nam
3267 2136 3320 2179 et
3353 2125 3634 2179 remissum
3663 2132 3824 2192 atque

2230 2221 2296 2274 ad
2334 2221 2604 2275 libidinem
2656 2221 2944 2290 proclivem
2983 2234 3124 2285 esse,
3162 2234 3225 2273 ac
3268 2234 3335 2272 ne
3376 2217 3563 2286 jejunii
3607 2216 3823 2285 quidem

2235 2321 2493 2380 tempore,
2523 2321 2615 2366 aut
2648 2313 2836 2380 quovis
2862 2311 2968 2365 alio
3009 2312 3076 2364 ab
3121 2326 3286 2364 uxore
3329 2299 3618 2372 abstinere,
3666 2308 3826 2375 longe

2234 2403 2447 2471 quidem
2476 2414 2528 2457 et
2557 2403 2778 2456 multum
2809 2417 2838 2455 a
2865 2401 3127 2471 supplicio
3151 2401 3319 2463 abest,
3352 2403 3455 2451 non
3481 2409 3653 2450 tamen
3683 2395 3825 2450 laudi

2235 2493 2532 2560 proximum
2561 2501 2644 2546 est
2674 2511 2686 2545 :
2716 2507 2837 2544 nam
2883 2491 2997 2544 haec
3024 2491 3134 2558 ipsa
3168 2488 3490 2557 indulgentia
3523 2487 3649 2539 nihil
3681 2485 3826 2538 aliud

2236 2590 2338 2650 est,
2383 2598 2539 2652 quam
2588 2585 2795 2652 signum
2838 2595 3045 2649 magna:
3086 2578 3363 2647 cujusdam
3402 2575 3721 2630 infirmitatis
3762 2588 3827 2629 ae

2237 2673 2517 2727 socordim.
2552 2672 2909 2738 Quamobrem
2942 2671 2984 2723 si
3017 2668 3191 2734 times,
3226 2682 3292 2721 ne
3315 2666 3528 2721 famulis
3545 2663 3828 2734 puniendis

2237 2764 2472 2818 audacia:
2519 2765 2711 2817 subeas
2753 2762 3094 2830 opinionem,
3142 2759 3270 2815 illud
3323 2758 3556 2812 vicissim
3603 2758 3826 2826 cogites,

2237 2857 2409 2910 multo
2435 2857 2604 2923 magis
2630 2855 3111 2923 pertimescendum
3142 2868 3283 2920 esse,
3311 2868 3378 2906 ne
3419 2860 3618 2905 tantam
3651 2849 3828 2903 molli-

2240 2947 2328 3002 tiei
2357 2957 2410 3001 et
2439 2947 2672 3001 libidinis
2701 2945 2894 3000 famam
2920 2945 3130 2999 subeas.
3175 2944 3444 2997 Praeterea
3484 2955 3612 2995 vero
3653 2939 3830 2995 licebit

2241 3037 2413 3091 viduae
2442 3037 2662 3091 meliore
2687 3036 2917 3106 quadam
2945 3036 3148 3089 ratione
3173 3033 3334 3088 rebus
3377 3032 3490 3086 suis
3527 3029 3826 3093 consulere,

2241 3136 2298 3181 ut
2324 3137 2377 3182 et
2401 3142 2591 3198 magna
2622 3143 2687 3181 ex
2731 3135 2881 3196 parte
2926 3127 2979 3180 in
3020 3133 3134 3180 tuto
3180 3125 3297 3178 illas
3343 3123 3591 3187 collucet,
3627 3129 3829 3177 etnon

2239 3222 2412 3274 solum
2439 3220 2913 3289 reprehensionem
2947 3218 3128 3287 fugiat,
3159 3216 3258 3283 sed,
3287 3217 3447 3271 etiam
3488 3215 3554 3268 ab
3582 3213 3831 3268 omnibus

2242 3310 2504 3373 laudetur,
2552 3310 2802 3380 quodque
2849 3310 3173 3378 prcecipuum
3220 3316 3324 3373 est,
3369 3304 3643 3360 mercedes
3691 3302 3830 3370 illas,

2241 3418 2358 3470 qua:
2389 3417 2416 3453 a
2444 3402 2552 3455 Deo
2581 3401 2904 3469 prmbcntur,
2931 3409 3184 3469 reportet.
3221 3399 3354 3452 Nam
3399 3399 3441 3450 si
3483 3395 3733 3466 pecunias
3777 3395 3830 3449 in

2241 3493 2373 3546 caelo
2393 3494 2498 3547 sibi
2540 3492 2885 3561 deponendas
2930 3492 3199 3547 censuerit
3242 3492 3420 3559 ibique
3453 3500 3730 3558 tamquam
3776 3487 3830 3542 in

2243 3586 2389 3653 ason
2412 3583 2640 3653 quodam
2663 3581 3031 3646 defodiendas,
3055 3596 3161 3635 non
3181 3581 3353 3635 solum
3373 3594 3478 3633 non
3507 3579 3829 3641 minuentur,

2243 3676 2338 3730 sed
2361 3676 2541 3729 multis
2568 3676 2807 3744 partibus
2831 3674 3063 3743 majores
3101 3673 3247 3726 fient.
3276 3671 3421 3726 Talis
3451 3671 3593 3724 enim
3624 3675 3706 3724 est
3733 3667 3832 3720 hu-

2241 3767 2330 3836 jus
2361 3767 2614 3820 sementis
2655 3774 2860 3819 natura.
2893 3763 3043 3830 Quod
3083 3764 3126 3816 si
3171 3762 3464 3816 infirmiore
3505 3761 3684 3814 animo
3727 3767 3829 3821 est,

2245 3874 2402 3928 quam
2428 3867 2486 3912 ut
2511 3856 2761 3926 perfectae
2793 3857 2868 3910 illi
2915 3856 3016 3925 legi
3062 3852 3347 3923 implendas
3392 3867 3487 3920 par
3529 3850 3618 3915 sit,
3660 3864 3833 3918 neque

2246 3949 2420 4003 omnia
2453 3949 2608 4002 simul
2636 3962 2699 4002 eo
2727 3947 2972 4016 trajicere
2997 3945 3155 4008 velit,
3185 3943 3311 3996 illud
3341 3943 3528 3995 rursus
3555 3940 3767 4008 cogitet,
3788 3942 3832 3991 si

2247 4043 2418 4094 virum
2445 4039 2688 4107 accipiat,
2718 4052 2821 4090 non
2849 4051 2978 4090 sane
3008 4036 3164 4090 talem
3193 4029 3671 4101 accepturamkqui
3697 4028 3832 4081 bona

2247 4130 2553 4198 amplificet.
2583 4126 2734 4195 Quod
2763 4128 2807 4180 si
2835 4128 2993 4181 etiam
3025 4126 3143 4178 talis
3185 4124 3274 4188 sit,
3319 4137 3423 4176 non
3445 4166 3448 4171 .
3468 4121 3634 4174 solam
3679 4132 3836 4186 pecu-

2249 4220 2457 4274 niarum
2506 4218 2872 4272 accessionem
2913 4214 3236 4279 consideret,
3277 4211 3371 4265 sed
3425 4209 3550 4264 illud
3600 4222 3832 4277 quoque,

2249 4309 2360 4363 fore
2387 4317 2445 4363 ut
2471 4310 2650 4362 multis
2672 4309 2722 4360 in
2751 4307 2912 4361 rebus
2943 4306 3106 4360 Deum
3155 4313 3314 4372 atque
3351 4301 3599 4355 homines
3640 4297 3837 4350 lmdere

2248 4408 2485 4468 cogatur.
2518 4397 2650 4451 Nam
2678 4397 2721 4449 si
2749 4397 2836 4449 ille
2874 4411 2939 4449 ex
2966 4402 3188 4448 numero
3215 4392 3508 4461 potentium
3539 4397 3697 4456 atque
3723 4387 3838 4454 opi-

2250 4489 2348 4542 bus
2376 4487 2756 4548 abundantiam
2790 4485 2968 4549 fuerit,
2998 4484 3161 4538 multa
3188 4483 3332 4535 illam
3380 4490 3574 4549 printer
3621 4485 3838 4530 sentcn-

2251 4580 2376 4634 tiam
2404 4587 2454 4632 et
2484 4578 2655 4631 facere
2680 4584 2734 4630 et
2759 4568 2897 4630 ferre
2919 4583 3108 4643 coget;
3136 4583 3190 4626 et
3217 4571 3357 4641 quod
3385 4587 3413 4623 a
3440 4569 3693 4624 viduitate
3724 4580 3838 4619 me-

2251 4671 2451 4733 tuebat,
2483 4669 2559 4722 illi
2591 4683 2728 4722 nunc
2748 4669 2925 4722 multo
2954 4667 3167 4735 gravius
3192 4674 3244 4719 et
3271 4661 3556 4716 violentius
3583 4658 3837 4712 immine-

2252 4762 2344 4815 bit.
2377 4761 2564 4825 Adde,
2611 4759 2825 4814 evenire
2875 4757 3127 4810 facillime
3165 4769 3357 4824 posse,
3403 4761 3460 4806 ut
3499 4751 3839 4805 celerrimam

2252 4854 2408 4906 faciat
2447 4854 2812 4905 mutationem.
2842 4849 2985 4918 Nam,
3005 4847 3130 4901 dum
3158 4847 3312 4900 vidua
3340 4853 3440 4907 est,
3471 4845 3630 4896 etiam
3660 4840 3714 4893 si
3738 4840 3840 4893 ali-

2249 4943 2388 5012 quod
2417 4945 2468 4996 in
2512 4943 2666 4996 bonis
2707 4941 3083 4994 detrimentum
3123 4937 3368 5004 accipiat,
3414 4935 3615 5001 reliqua
3661 4940 3841 4984 tamen

2249 5037 2333 5088 illa
2361 5036 2505 5089 salva
2531 5044 2582 5088 et
2613 5043 2719 5087 tuta
2748 5031 3040 5086 manebunt
3069 5048 3080 5083 :
3111 5038 3166 5082 at
3192 5028 3391 5097 potenti
3420 5028 3553 5087 viro,
3593 5033 3645 5077 et
3686 5037 3841 5076 rem-

2253 5127 2536 5196 publicam,
2578 5126 2661 5198 ve_l
2711 5125 2867 5176 aliam
2915 5122 3217 5190 quampiam
3262 5116 3692 5188 procurationem
3743 5127 3838 5180 ge-

2251 5220 2406 5281 renti,
2437 5217 2776 5270 matrimonio
2800 5216 3004 5283 juncta,
3032 5228 3173 5280 sa'pe
3201 5210 3376 5263 omnia
3405 5206 3562 5261 simul
3593 5204 3798 5257 amittet
3822 5219 3837 5252 :

2251 5311 2608 5365 calamitatum
2641 5310 2802 5372 enim,
2833 5323 2951 5374 qua:
2979 5305 3104 5357 viris
3145 5303 3409 5364 accidunt,
3462 5313 3656 5350 uxores
3698 5309 3833 5362 quo-

2251 5418 2352 5471 que
2382 5401 2662 5470 participes
2692 5400 2797 5451 sint
2827 5405 3055 5467 oportet.
3089 5394 3191 5448 Sed
3223 5405 3360 5455 esu),
3406 5390 3534 5441 nihil
3573 5383 3835 5455 ejusmodi

2249 5494 2472 5556 accidat,
2508 5492 2694 5560 ecquid
2727 5491 2881 5553 lucri,
2929 5489 3013 5541 die
3051 5487 3202 5545 mihi,
3248 5487 3556 5538 servitutem
3605 5475 3836 5530 libertati

2249 5583 2512 5636 anteferre
2531 5584 2553 5634 ‘?
2581 5581 2769 5649 ecquid
2792 5581 3036 5653 utilitatis
3066 5565 3260 5629 divitia:
3303 5573 3549 5632 afferunt,
3580 5584 3698 5622 cum
3731 5566 3836 5618 illis

2248 5675 2503 5726 arbitratu
2531 5687 2626 5725 suo
2658 5672 2729 5723 uti
2759 5670 2974 5723 minime
3004 5667 3196 5735 queat?
3232 5664 3418 5717 Nonne
3467 5661 3630 5712 multo
3696 5669 3838 5722 pra!-

2251 5765 2489 5818 staliilius
2523 5773 2617 5827 est,
2656 5778 2816 5831 pauca
2848 5775 2913 5814 ita
2947 5741 3250 5828 pos~idsrc,
3283 5765 3336 5807 ut
3363 5754 3443 5805 illa
3490 5752 3537 5807 in
3572 5754 3837 5818 potestate
