4206 6324
289 407 390 463 617

294 518 512 582 habeas,
555 533 721 589 quam
751 518 951 583 omnia,
982 532 1099 587 qua:
1127 516 1178 570 in
1205 515 1337 571 orbe
1364 523 1625 571 terrarum
1651 525 1793 581 sunt,
1819 530 1884 570 ea

294 609 624 673 conditione,
652 619 712 664 ut
735 624 838 663 una
863 623 986 663 cum
1007 608 1109 663 illis
1131 616 1182 663 te
1196 623 1408 678 quoque
1427 607 1583 663 alteri
1603 608 1892 678 subjicias?

305 698 450 752 Mitto
497 713 646 752 nunc
670 713 851 765 curas,
881 698 1253 765 contumelias,
1280 698 1542 762 convicia,
1575 698 1890 769 zelotypias,

309 789 494 842 inanes
541 789 897 858 suspiciones,
944 787 1156 843 dolores
1202 787 1463 858 pariendi,
1507 797 1561 842 et
1599 789 1802 858 reliqua
1841 787 1894 842 id

297 894 494 949 genus.
527 879 652 936 [inse
682 880 828 934 enim
854 888 1000 934 recte
1021 887 1148 935 tunc
1167 878 1482 947 afferuntur,
1512 893 1634 933 cum
1679 879 1747 931 ad
1789 879 1898 932 vir-

299 972 480 1038 ginem
507 986 689 1026 sermo
719 971 962 1034 habetur,
993 969 1189 1041 quippe
1215 985 1336 1040 quae
1368 969 1517 1024 rudis
1542 978 1704 1038 atque
1727 969 1896 1037 impe-

301 1061 402 1115 rita
433 1071 519 1116 cst
540 1061 843 1130 ltujusmodi
868 1061 1272 1126 difﬁcultatum;
1302 1060 1472 1115 vidua:
1497 1069 1672 1115 autem
1697 1061 1742 1114 si
1769 1075 1895 1114 nar-

300 1161 493 1205 rentur
518 1151 818 1206 molestiam
849 1154 1023 1223 potius
1057 1151 1296 1206 all'erent.
1327 1151 1455 1219 Qua:
1485 1152 1628 1206 enim
1650 1167 1748 1205 usu
1781 1151 1896 1221 ipso

301 1244 507 1312 optime
551 1243 757 1310 didicit,
790 1259 852 1299 ea
881 1246 925 1298 si
956 1244 1329 1313 ipsam'verbis
1351 1243 1556 1298 docere
1570 1244 1722 1308 velis,
1754 1242 1896 1296 frus-

304 1342 383 1386 tra
412 1345 637 1404 operam
662 1349 861 1389 sumas.
891 1334 1026 1389 lllud
1057 1343 1264 1390 tantum
1289 1334 1487 1390 addere
1510 1350 1607 1405 par
1643 1343 1745 1399 est,
1766 1322 1898 1389 eam

302 1440 423 1494 quae
451 1426 604 1496 virgo
621 1427 820 1496 nupsit,
847 1426 1017 1480 multo
1043 1427 1243 1496 majore
1267 1441 1388 1481 cum
1415 1427 1663 1481 libertate
1688 1441 1754 1480 ac
1775 1425 1902 1479 fiduo

301 1516 383 1568 cia
427 1515 545 1569 viro
579 1531 1026 1586 usuram,-quam
1066 1533 1185 1587 qua:
1225 1526 1344 1586 post
1391 1517 1723 1570 viduitatem.
1765 1517 1898 1571 Nam

306 1604 445 1660 hanc
471 1606 564 1676 qui
594 1609 880 1676 acceperit,
910 1616 968 1661 ut
994 1623 1214 1662 uxorem
1241 1623 1424 1664 amare
1462 1616 1659 1678 potest,
1689 1617 1750 1662 ut
1793 1608 1900 1662 vir—

303 1695 482 1765 ginem
512 1696 728 1752 ductam
755 1712 860 1752 non
892 1707 1085 1768 potest.
1116 1699 1286 1766 Quam
1315 1714 1446 1755 vero
1474 1714 1694 1755 amores
1713 1700 1788 1754 illi
1819 1701 1912 1755 bis.

305 1786 762 1854 vehementiores,
794 1797 848 1843 et
896 1791 1066 1860 magis
1111 1789 1509 1860 quodammodo
1551 1790 1726 1846 insani
1771 1789 1899 1858 sint,

308 1876 511 1932 nemini
543 1892 648 1931 non
679 1878 1011 1948 exploratum
1038 1889 1140 1934 est.
1172 1867 1394 1934 Viduam
1421 1891 1601 1936 autem
1632 1890 1900 1949 tamquam

307 1970 408 2024 viri
449 1986 559 2024 non
588 1974 808 2027 omnino
848 1975 1070 2028 insciam
1113 1974 1335 2029 minime
1375 1984 1488 2029 toto
1528 1977 1708 2030 animo
1749 1989 1902 2028 com-

307 2063 574 2133 plectetur
598 2058 759 2134 atque
795 2066 1012 2119 amabit.
1055 2066 1259 2121 Omnes
1304 2067 1450 2122 enim
1505 2067 1618 2122 fere
1659 2067 1903 2121 homines

309 2153 544 2208 solemus
571 2154 685 2209 sive
708 2155 996 2226 zelotypia,
1020 2156 1134 2211 sive
1170 2144 1344 2211 inanis
1369 2157 1555 2227 gloriae
1574 2156 1772 2221 studio,
1790 2155 1905 2210 sive

309 2243 491 2298 nescio
530 2258 635 2314 qua
682 2244 788 2300 alia
824 2260 984 2300 causa
1025 2246 1241 2301 adducti
1279 2262 1372 2302 eas
1415 2262 1502 2302 res
1548 2247 1818 2316 praecipue
1848 2247 1902 2300 in

309 2348 496 2389 amore
521 2333 740 2396 habere,
773 2337 968 2407 quibus
987 2347 1276 2408 antequam
1310 2338 1365 2392 in
1399 2338 1624 2393 aliorum
1665 2347 1903 2407 potesta-

309 2431 419 2479 tem
446 2426 698 2480 venerint
720 2426 970 2494 fruimur,
991 2443 1324 2499 quarumque
1368 2443 1465 2484 nos
1507 2428 1667 2499 primi
1704 2443 1768 2484 ac
1802 2429 1904 2484 soli

233 2591 242 2598 _
318 2514 523 2571 domini
549 2532 756 2572 sumus.
794 2517 854 2572 ld
894 2527 949 2574 et
983 2520 1036 2573 in
1064 2521 1399 2575 vestimentis
1422 2520 1710 2575 usuvenire
1731 2521 1904 2574 anim~

294 2606 595 2687 advertas;
643 2623 751 2664 non
800 2610 944 2664 enim
988 2624 1086 2676 ea,
1123 2611 1316 2680 quibus
1353 2611 1441 2666 alii
1463 2612 1543 2666 usi
1577 2621 1722 2679 sunt,
1750 2627 1905 2681 teque

308 2709 434 2749 ara
461 2695 721 2752 habemus
741 2707 900 2768 atque
931 2699 1018 2754 illa
1047 2701 1237 2770 quibus
1264 2717 1440 2756 nemo.
1465 2702 1607 2757 idem
1637 2702 1690 2756 in
1719 2703 1900 2768 domo,

312 2785 454 2840 idem
495 2787 548 2841 in
576 2789 720 2844 vasis
755 2807 769 2842 :
817 2789 1033 2844 demum
1079 2793 1223 2846 enim
1271 2791 1427 2847 nobis
1469 2794 1537 2848 ab
1576 2792 1684 2849 alio
1725 2780 1902 2848 datam

312 2871 422 2931 non
450 2878 676 2946 perinde
704 2895 964 2946 amamus,
996 2891 1155 2951 atque
1181 2883 1346 2948 illam,
1393 2899 1552 2954 quam
1598 2885 1756 2940 nobis
1803 2884 1904 2954 ipsi

312 2976 619 3043 paravimus
647 2993 661 3029 :
690 2991 754 3032 ac
787 2979 951 3046 Vasis,
981 2995 1101 3048 qua:
1128 2995 1300 3050 nuper
1328 2979 1466 3036 facta
1496 2989 1620 3035 sunt
1646 2980 1906 3050 nobisque

314 3066 545 3135 primum
577 3069 695 3122 usui
739 3069 974 3138 fuerunt,
1018 3071 1173 3127 valde
1215 3073 1502 3142 parcimus,
1547 3087 1905 3144 magnumque

309 3156 416 3211 illis
440 3158 825 3218 conservandis
860 3160 1094 3215 studium
1124 3161 1514 3231 impendimus;
1562 3178 1682 3234 quae
1725 3172 1904 3218 autem

311 3244 380 3298 ab
402 3245 526 3301 aliis
547 3245 614 3301 ad
650 3262 749 3302 nos
775 3259 1056 3314 venerunt,
1087 3266 1192 3305 non
1236 3249 1563 3321 magnopere
1606 3251 1661 3305 in
1701 3251 1905 3307 deliciis

311 3333 594 3404 habemus,
623 3339 717 3394 sed
743 3340 878 3394 adeo
902 3350 1307 3410 aversamur,ut
1333 3357 1476 3412 saepe
1504 3343 1556 3396 in
1584 3342 1742 3396 aliam
1770 3357 1906 3397 con-

309 3437 584 3483 vertamus
625 3428 874 3483 formam.
902 3431 1054 3498 Quod
1080 3433 1125 3487 si
1153 3433 1206 3486 in
1233 3432 1417 3500 domo,
1449 3434 1502 3486 in
1532 3443 1701 3498 veste,
1729 3433 1784 3487 in
1812 3449 1904 3487 va-

311 3519 387 3574 sis
412 3519 518 3575 hoc
539 3519 720 3576 animo
744 3536 951 3590 sumus,
973 3526 1174 3593 cogites
1201 3523 1462 3589 velim,.in
1489 3539 1677 3591 uxore,
1704 3539 1806 3594 qua
1825 3524 1908 3578 ni-

312 3607 388 3663 hil
414 3610 721 3666 hominibus
739 3613 1024 3682 pretiosius
1052 3623 1155 3678 est,
1185 3623 1386 3684 quanto
1413 3614 1788 3680 vehementius
1807 3630 1907 3670 nos

310 3699 454 3756 allici
475 3711 898 3759 consentaneum
920 3704 1009 3758 sit.
1043 3704 1180 3759 Nam
1208 3705 1310 3758 alia
1338 3704 1555 3775 quidem
1579 3720 1682 3760 nec
1707 3706 1791 3771 iis,
1815 3705 1907 3774 qui

311 3795 569 3864 cupiunt,
598 3810 910 3851 recusamus
937 3797 1336 3853 communicare
1365 3814 1380 3849 :
1409 3797 1551 3852 hanc
1577 3807 1758 3853 autem
1806 3798 1910 3852 mi-

311 3887 459 3943 nime
486 3886 567 3942 fas
593 3896 708 3954 est,
735 3903 800 3943 ac
825 3889 982 3944 citius
1009 3891 1172 3945 vitam
1212 3889 1612 3961 profundemus,
1650 3907 1809 3963 quam
1853 3893 1908 3949 id

312 3975 457 4032 ferre
483 3979 722 4033 animum
757 3978 1094 4035 inducamus.
1131 3980 1399 4051 Virginem
1445 3982 1607 4052 igitur
1651 3993 1708 4037 ut
1753 3983 1907 4039 dice-

311 4066 459 4134 bam,
494 4077 678 4137 utpote
698 4069 946 4124 intactam
993 4077 1050 4124 et
1092 4068 1192 4125 sibi
1236 4070 1510 4140 propriam
1547 4071 1694 4126 omni
1742 4068 1907 4128 animi

313 4157 518 4226 impetu
543 4157 952 4228 complectetur,
977 4163 1096 4214 eam
1122 4175 1271 4226 vero,
1294 4175 1413 4232 quae
1437 4161 1593 4225 alteri
1615 4162 1763 4232 prius
1787 4178 1922 4218 con-

313 4251 512 4314 suevit,
543 4263 650 4303 nou
677 4263 827 4319 teque
857 4241 1334 4322 benevOIis‘atque
1377 4253 1566 4307 amicis
1605 4253 1778 4308 oculis
1817 4269 1910 4309 as-

315 4337 494 4408 vim

386 4429 440 4484 6.
467 4429 652 4500 Neque
679 4440 734 4487 tu
763 4431 916 4500 mihi,
939 4448 1059 4507 qua:
1081 4449 1205 4490 raro
1227 4449 1292 4490 ac
1315 4435 1401 4490 vix
1426 4437 1595 4493 semel
1620 4437 1897 4505 eveniunt,

316 4519 534 4586 aderas,
557 4520 654 4576 sed
674 4537 793 4591 qua:
813 4523 1053 4594 quotidie
1082 4525 1134 4579 in
1161 4525 1438 4580 communi
1458 4527 1566 4582 vita
1587 4536 1904 4584 cernuntur.

316 4611 502 4683 Neque
546 4628 678 4670 vero
719 4613 804 4670 hze
831 4616 963 4671 solte
991 4631 1167 4672 causa
1208 4627 1369 4683 sunt,
1400 4634 1498 4674 cur
1540 4621 1632 4675 illa
1663 4619 1912 4678 ﬁdentius

318 4712 441 4773 agat
462 4744 478 4768 ,
521 4718 709 4786 verum
734 4705 895 4761 etiam
925 4705 1047 4764 alia:
1087 4708 1290 4763 multae.
1334 4708 1466 4764 Nam
1490 4711 1666 4766 viduae
1693 4712 1910 4782 quidem

318 4797 546 4854 maritus
574 4797 729 4855 facile
753 4799 1081 4872 exprobrare
1114 4801 1313 4872 pulerit
1333 4843 1348 4867 ,
1386 4819 1446 4859 se
1470 4818 1682 4874 quoque
1714 4804 1784 4859 ab
1821 4805 1911 4861 illa

321 4892 472 4960 parvi
510 4891 648 4958 ﬂeri,
677 4907 745 4949 ac
777 4891 1066 4972 despectus
1102 4894 1358 4950 indicium
1395 4895 1640 4967 proferre
1676 4897 1913 4973 inﬁdeli-

322 4990 513 5047 tatem,
542 4997 704 5054 quam
727 4999 853 5055 erga
883 4985 1120 5055 priorem
1145 4987 1324 5041 virum
1349 4987 1620 5054 adhibuit,
1649 4998 1811 5060 atque
1838 4991 1912 5046 ita

320 5087 386 5128 os
411 5071 488 5129 illi
512 5073 816 5143 obstruere,
839 5077 1000 5147 idque
1021 5085 1128 5132 tam
1152 5077 1220 5133 de
1241 5079 1525 5148 prmteritis
1547 5079 1729 5148 rebus,
1751 5097 1911 5152 quam

319 5163 390 5222 de
431 5166 520 5232 iis,
544 5181 666 5237 qua:
712 5167 938 5225 fortasse
975 5169 1171 5226 fotum
1206 5186 1318 5226 non
1357 5180 1502 5228 sunt.
1540 5172 1731 5229 Μαι-ιιιὶ
1769 5175 1913 5229 enim

322 5255 424 5311 viri
450 5266 816 5328 eontemmus,
839 5260 1105 5316 viventem
1125 5275 1362 5332 quoque,
1401 5272 1461 5318 ut
1501 5262 1646 5319 idem
1686 5263 1790 5319 sibi
1816 5281 1915 5321 ex-

324 5355 556 5414 spectet,
598 5347 942 5416 admonebit,
973 5351 1101 5406 licet
1135 5360 1452 5408 eventurum
1477 5370 1586 5410 non
1611 5355 1700 5409 sit.
1732 5354 1918 5424 Neque

325 5449 451 5490 vero
478 5436 738 5492 illesolus
759 5437 878 5495 hac
902 5450 1166 5510 perpetuo
1188 5444 1346 5497 uxori
1372 5443 1635 5522 objiciens
1655 5445 1918 5503 molestus

322 5529 443 5594 erit,
465 5529 563 5586 sed
589 5527 774 5587 famuli
804 5531 967 5588 etiam
993 5541 1158 5604 atque
1183 5535 1414 5601 ancilla,
1441 5536 1488 5595 si
1511 5539 1691 5592 minus
1716 5537 1913 5607 palam,

323 5627 471 5700 certe
508 5621 674 5676 tacito
707 5620 942 5693 quodam
979 5638 1257 5682 murmure
1293 5627 1566 5682 sexcentis
1589 5626 1759 5699 ipsam
1781 5641 1918 5683 con-

327 5710 475 5769 viciis
511 5714 810 5772 incessunt.
850 5715 1008 5784 Quod
1045 5718 1092 5774 si
1129 5717 1269 5774 ﬁlios
1308 5718 1616 5790 impuberes
1644 5735 1709 5777 ex
1735 5721 1918 5792 priore

323 5814 439 5858 viro
478 5802 766 5877 habuerit,
810 5807 1080 5880 quomodo
1133 5808 1254 5866 illos
1309 5809 1558 5869 educabit
1580 5854 1599 5882 ,
1646 5813 1918 5885 quomodo

1405 403 1493 460 DE
1529 403 1664 460 NON
1703 401 2050 460 ITERANDO
2085 402 2434 462 CONJUGIO.

3473 401 3593 458 σιξ

1995 515 2244 571 curabit?
2278 515 2471 586 quibus
2509 523 2687 571 autem
2716 516 2929 587 pupillis
2960 532 3063 569 non
3111 516 3183 569 illi
3227 515 3474 570 miserius
3500 517 3580 570 vi-

1997 615 2150 672 vent,
2195 607 2284 676 qui
2329 616 2552 676 paterna
2590 608 2771 661 omnia
2811 605 3112 662 inalterius
3139 615 3406 676 potestate
3434 606 3587 662 vide-

1996 697 2153 764 bunt,
2197 695 2444 762 famulos,
2485 695 2726 762 domum,
2769 696 2990 766 prtedia,
3027 705 3083 750 et
3109 694 3248 765 quod
3285 705 3446 764 caput
3469 712 3589 750 om-

1997 791 2147 844 nium
2197 797 2319 857 est,
2367 789 2635 846 uxorem?
2683 789 2956 859 quomodo
3009 789 3195 843 matris
3247 790 3366 844 loco
3420 789 3589 858 ipsam

1998 881 2179 935 colere
2205 880 2280 934 illi
2310 879 2603 949 poterunt?
2630 879 2902 950 quomodo
2931 881 3076 951 ipsos
3102 880 3189 933 illa
3211 879 3443 935 ﬁliorum
3473 879 3591 935 loco

1999 970 2222 1040 diligere
2246 1012 2261 1037 ,
2301 986 2436 1041 quos
2478 986 2602 1026 cum
2651 971 2923 1038 intuetur,
2950 971 3243 1026 erubescat
3282 985 3346 1025 ac
3391 970 3593 1040 pudore

2001 1061 2337 1116 suﬂundatur
2368 1076 2586 1116 necesse
2623 1062 2713 1126 sit,
2750 1063 3049 1131 quibusque
3088 1077 3192 1116 non
3236 1077 3448 1116 omnem
3489 1063 3591 1117 im-

2002 1151 2240 1221 pendere
2288 1159 2590 1206 maternum
2637 1151 2887 1206 adiectum
2941 1159 3155 1220 potest,
3198 1166 3398 1221 magna.
3431 1152 3594 1205 animi

2001 1251 2162 1312 atque
2189 1243 2389 1296 amoris
2418 1253 2569 1311 parte
2601 1241 2654 1295 in
2682 1241 2854 1304 ﬁlios,
2882 1257 3018 1312 quos
3044 1257 3110 1296 ex
3138 1241 3309 1295 altero
3336 1241 3592 1311 suscepit,

2003 1331 2304 1386 translata?
2329 1332 2468 1398 Quid
2494 1333 2674 1401 igitur,
2703 1331 2935 1401 inquies,
2967 1331 3014 1404 si
3035 1330 3188 1386 valde
3218 1340 3401 1386 tenera
3417 1341 3594 1395 ,zrtate

2004 1420 2205 1489 fuerit,
2253 1410 2427 1492 atque
2457 1422 2650 1492 exiguo
2708 1430 2952 1491 tempore
2997 1420 3103 1475 frui
3148 1421 3266 1476 viro
3320 1420 3599 1490 potuerit?

2002 1512 2141 1579 Quin
2167 1512 2232 1567 ad
2265 1512 2471 1582 puellas
2510 1512 2626 1566 haec
2652 1511 2783 1568 mihi
2822 1512 2962 1566 dicta
2987 1521 3132 1578 sunt,
3164 1527 3273 1567 non
3311 1512 3450 1577 illas,
3479 1527 3599 1581 qum

1999 1604 2111 1676 jam
2140 1614 2472 1670 senuerunt;
2504 1620 2628 1659 nam
2655 1619 2776 1659 cum
2807 1604 2932 1671 illis,
2961 1605 3006 1658 si
3032 1604 3097 1658 ad
3126 1605 3334 1674 nuptias
3361 1606 3596 1658 animum

2005 1695 2292 1765 adjiciam,
2357 1711 2426 1750 ne
2454 1695 2692 1750 verbum‘
2719 1693 2934 1765 quidem
2967 1694 3194 1759 faciam;
3237 1711 3411 1764 neque
3454 1695 3595 1749 enim

2005 1794 2187 1842 nostra
2233 1786 2340 1840 illis
2377 1787 2549 1840 oratio
2587 1801 2619 1839 a
2659 1786 2895 1841 secundo
2936 1785 3283 1841 matrimonio
3325 1786 3601 1840 abstinen-

2004 1875 2130 1930 dum
2153 1875 2516 1945 persuaderet,
2539 1873 2682 1944 quod
2710 1889 2890 1944 neque
2933 1873 3188 1942 temporis
3218 1873 3607 1944 longinquitas,

2004 1981 2180 2037 neque
2201 1974 2354 2034 aetas,
2381 1980 2554 2036 neque
2581 1964 2726 2027 aliud
2748 1965 3037 2036 quidquam
3060 1965 3384 2033 persuadere
3407 1966 3608 2034 potuit;

2007 2056 2102 2112 sed
2135 2056 2201 2110 ad
2231 2056 2456 2126 juvenes
2479 2057 2656 2112 omnis
2688 2056 2820 2110 mihi
2845 2065 2931 2111 est
2960 2056 3197 2110 instituta
3227 2057 3418 2110 oratio.
3445 2056 3602 2122 Qua:-

2005 2149 2104 2222 ris_
2121 2149 2302 2221 igitur,
2349 2147 2478 2218 quid
2506 2147 2554 2203 si
2586 2148 2759 2218 puella
2781 2189 2795 2212 ,
2841 2156 2897 2202 et
2923 2163 3044 2218 quae
3079 2162 3185 2202 uno
3226 2156 3431 2202 tantum
3459 2153 3610 2208 anno

2005 2253 2128 2306 cum
2159 2238 2338 2309 priore
2366 2240 2481 2293 viro
2510 2238 2701 2304 fuerit,
2747 2239 2901 2294 alteri
2933 2238 3140 2294 nubat?
3169 2253 3265 2294 cur
3290 2239 3434 2294 illam
3464 2255 3602 2309 pra:-

2007 2332 2149 2387 feres
2178 2334 2226 2388 ei
2245 2374 2258 2398 ,
2290 2347 2410 2403 quae
2446 2334 2633 2404 viginti
2671 2342 2764 2388 aut
2790 2332 3007 2404 triginta
3036 2339 3207 2388 annos
3241 2336 3292 2388 in
3321 2333 3602 2388 matrimo-

2008 2426 2098 2480 nio
2124 2425 2274 2495 egit?
2311 2424 2428 2480 Non
2462 2425 2566 2480 hoc
2611 2440 2788 2480 meum
2819 2433 2923 2491 est,
2970 2424 3067 2481 sed
3110 2425 3252 2480 beati
3281 2425 3432 2480 Pauli
3464 2443 3476 2478 :
3511 2425 3601 2481 ille

2008 2517 2152 2572 enim
2183 2503 2398 2586 inquit:
2429 2515 2640 2570 Beatior
2680 2524 2849 2571 sltem
2897 2517 3029 2582 erit,
3073 2517 3119 2570 si
3156 2518 3228 2570 sic
3272 2517 3604 2585 permanserit

2008 2609 2088 2680 (i.
2115 2607 2234 2665 Cor.
2264 2611 2316 2663 7.
2345 2607 2462 2682 40).
2493 2609 2826 2680 Ceteroqui,
2857 2609 3072 2665 tametsi
3101 2608 3191 2663 illa
3217 2609 3307 2664 diu
3334 2623 3454 2664 cum
3488 2603 3620 2663 viro'

2008 2700 2159 2765 vixit,
2191 2709 2367 2754 tamen
2398 2716 2519 2756 cum
2545 2715 2682 2767 uno,
2714 2700 2903 2755 eodem
2925 2743 2940 2765 ,
2970 2715 3034 2754 ac
3071 2701 3214 2767 solo,
3246 2715 3513 2770 quemque
3538 2701 3616 2756 ab-

2009 2791 2163 2846 initio
2192 2791 2446 2860 accepit:
2479 2791 2596 2846 haec
2632 2800 2809 2846 autem
2858 2790 3068 2846 duobus
3115 2805 3174 2845 se
3220 2793 3389 2861 ipsam
3434 2790 3608 2855 dedit,

2010 2884 2172 2954 idque
2201 2885 2343 2939 intra
2372 2885 2536 2939 breve
2567 2894 2799 2954 tempus.
2829 2884 2898 2938 At
2925 2898 3029 2938 non
3056 2884 3330 2939 voluntate
3359 2897 3453 2938 sua
3472 2923 3490 2952 ,
3517 2883 3606 2937 iu-

2009 2976 2164 3046 quit;
2213 2991 2338 3030 nam
2382 2975 2430 3030 si
2477 2975 2626 3046 prior
2671 2975 2912 3040 viveret,
2961 2989 3126 3028 unum
3180 2973 3334 3028 illum
3378 2980 3604 3039 amaret,

2009 3076 2269 3138 praeterea
2314 3066 2590 3122 neminem
2621 3084 2634 3120 :
2668 3063 3062 3137 nunc'quando
3109 3066 3392 3120 immatura
3433 3076 3609 3121 morte

2008 3153 2251 3214 sublatus
2289 3165 2391 3225 est,
2439 3158 2745 3216 necessario
2783 3157 2940 3212 alteri
2983 3157 3246 3226 jungitur.
3292 3155 3397 3211 Sed
3433 3157 3609 3226 qualis

2009 3262 2093 3307 est
2117 3251 2234 3306 hzcc
2259 3252 2554 3326 necessitas
2576 3251 2753 3329 litigo
2780 3250 2924 3305 enim
2951 3251 3050 3304 hac
3075 3264 3234 3319 quam
3263 3247 3425 3304 aﬁ‘ers
3445 3248 3606 3302 aliam

2009 3345 2170 3415 longe
2209 3345 2466 3413 majorem
2492 3343 2672 3410 video,
2705 3357 2826 3411 qua:
2867 3342 3036 3412 ipsam
3080 3351 3291 3419 mortuo
3315 3339 3434 3395 viro
3473 3351 3609 3396 cou—

2011 3445 2211 3491 tcntam
2249 3449 2371 3503 esse
2397 3434 2651 3499 suadeat,
2683 3434 2935 3488 nimirum
2965 3431 3227 3503 gustando
3257 3430 3561 3502 percepisse
3585 3469 3608 3495 ,

2010 3535 2268 3596 quantum
2312 3526 2482 3579 amari
2525 3525 2650 3581 insit
2691 3524 2745 3578 in
2789 3507 2951 3579 rebus
2991 3521 3293 3576 mundanis.
3326 3521 3458 3574 Nam
3487 3534 3613 3590 qua

2010 3620 2064 3674 in
2111 3618 2241 3688 ipsis
2289 3615 2476 3688 perdiu
2525 3624 2734 3672 versata
2777 3623 2834 3669 et
2867 3614 3058 3669 satiata
3105 3623 3222 3680 est,
3265 3612 3334 3667 ad
3390 3611 3610 3666 easdem

2009 3725 2225 3766 rursum
2263 3723 2324 3763 se
2359 3706 2634 3770 conferet,
2674 3705 2829 3776 quasi
2865 3704 3072 3784 similes
3109 3704 3398 3758 inventura
3431 3718 3445 3755 :
3486 3715 3609 3771 qua

2009 3814 2187 3859 autem
2219 3801 2480 3872 principia
2515 3800 2632 3871 ipsa
2661 3798 2796 3854 adeo
2825 3797 3051 3853 molesta
3087 3803 3306 3866 experta
3335 3802 3450 3859 est,
3481 3794 3608 3864 quid

2009 3895 2114 3950 sibi
2161 3893 2352 3948 volens
2377 3934 2392 3958 ,
2441 3899 2536 3946 aut
2582 3905 2808 3960 sperans
2831 3930 2848 3956 ,
2894 3887 3263 3942 molestiarum
3313 3884 3609 3956 periculum

2011 3983 2216 4040 faciet?
2243 3982 2380 4037 Nam
2409 3982 2455 4036 si
2483 3982 2603 4051 quis
2629 3979 2698 4034 ad
2725 3961 3086 4035 mercaturan)
3119 3967 3355 4030 animum
3381 3974 3606 4045 appulit,

2009 4077 2057 4132 si
2087 4084 2369 4145 antequam
2398 4072 2689 4142 quidquam
2717 4069 2854 4125 lucri
2883 4068 3076 4133 faciat,
3105 4066 3264 4121 simul
3295 4081 3359 4120 ac
3385 4081 3418 4120 e
3451 4075 3616 4135 portu

2012 4168 2161 4234 exiit,
2186 4165 2520 4235 naufragium
2552 4164 2676 4218 fecit
2693 4203 2710 4229 ,
2741 4177 2850 4218 non
2870 4159 3036 4216 facile
3063 4167 3420 4215 mercaturam
3457 4167 3608 4229 post-

2013 4259 2116 4314 hac
2137 4257 2444 4321 exercebit;
2474 4257 2549 4310 ita
2575 4261 2996 4309 consentaneum
3021 4260 3126 4318 est,
3153 4250 3292 4306 hanc
3316 4250 3482 4304 multa
3507 4247 3615 4304 sibi

2013 4365 2047 4405 e
2075 4347 2421 4404 matrimonio
2445 4345 2680 4416 jucunda
2707 4345 3049 4415 pollicentem
3068 4383 3086 4410 ,
3113 4357 3297 4396 verum
3323 4349 3610 4410 antequam

2012 4440 2083 4495 ad
2109 4455 2174 4495 ea
2196 4439 2336 4495 bene
2363 4436 2707 4510 percipienda
2736 4435 3018 4513 pervenire
3045 4442 3239 4505 queat,
3295 4441 3498 4488 tantum
3525 4431 3608 4488 luo

2013 4541 2160 4587 ctum
2189 4527 2687 4600 deprehendentem
2712 4569 2728 4594 ,
2756 4541 2939 4583 rerum
2966 4525 3318 4580 humanarum
3346 4539 3608 4595 amorem,

2015 4622 2117 4678 nisi
2147 4621 2302 4677 valde
2328 4621 2401 4676 sit
2439 4620 2840 4698 intemperans,
2884 4617 3176 4688 deponere.
3219 4616 3522 4685 Quinetiam
3562 4616 3612 4673 si

2016 4714 2171 4771 valde
2201 4715 2266 4770 iis
2294 4713 2562 4769 afﬁciatur
2587 4719 2751 4782 atque
2774 4710 2964 4778 inbiet,
2991 4709 3241 4797 principii.
3268 4716 3444 4764 tamen
3475 4708 3611 4779 injtu-

2018 4807 2266 4864 cunditas
2292 4806 2425 4861 satis
2448 4805 2640 4860 idonea
2666 4813 2772 4870 est,
2796 4818 2917 4873 qua:
2943 4817 3156 4857 omnem
3184 4801 3494 4871 exstinguat
3513 4815 3612 4855 ειιν

2016 4897 2313 4969 piditatem.
2337 4895 2491 4952 Tunc
2516 4895 2662 4951 enim
2693 4895 2747 4949 in
2775 4895 2860 4960 iis,
2893 4909 3015 4964 qua:
3052 4893 3385 4963 suscepimus
3405 4933 3420 4957 ,
3447 4893 3613 4962 potis.

2016 4991 2212 5046 simum
2241 5002 2592 5060 perseverare
2621 4985 3028 5050 consuevimus,
3059 4999 3182 5039 cum
3212 4983 3468 5053 principia
3498 4982 3611 5054 ipsa

2018 5097 2085 5138 ex
2111 5081 2378 5138 sententia
2417 5068 2821 5150 processerint;
2855 5076 3001 5149 quod
3039 5077 3086 5131 si
3125 5076 3195 5131 ab
3236 5075 3423 5142 initio,
3455 5084 3632 5145 atque

2018 5176 2088 5230 ab
2116 5174 2247 5243 ipsis
2266 5215 2282 5240 ,
2313 5182 2373 5228 ut
2402 5171 2742 5227 ita’dixerim
2763 5212 2779 5236 ,
2819 5169 3220 5234 carceribusin
3250 5168 3525 5223 molestias
3555 5183 3632 5223 ac

2018 5267 2360 5323 difﬁcultates
2383 5265 2732 5330 incurrimus,
2767 5263 2946 5317 statim
2975 5260 3237 5332 cupiditas
3263 5259 3523 5325 deferret,
3557 5275 3621 5313 ac

2019 5367 2188 5413 totum
2235 5357 2511 5428 negotium
2559 5355 2914 5425 deponimus.
2947 5351 3343 5422 Quamobrem,
3389 5366 3631 5421 quarum

2021 5449 2306 5503 immatura
2324 5447 2552 5502 viduitas
2572 5455 2676 5510 est,
2695 5445 2796 5501 bas
2815 5444 2946 5499 mihi
2960 5444 3195 5522 alterum
3217 5443 3616 5498 matrimonium

2019 5538 2196 5594 facilis
2217 5538 2594 5608 repudiaturas
2611 5536 2909 5592 verisimile
2933 5534 3166 5599 videtur,
3187 5547 3258 5589 ne
3282 5533 3470 5588 eadem
3497 5549 3618 5588 rur-

2019 5644 2114 5687 sus
2139 5630 2530 5700 perpetiantur.
2551 5627 2686 5683 Nam
2711 5641 2834 5697 quae
2857 5635 3037 5682 servat
3053 5623 3389 5690 viduitatem,
3415 5623 3471 5677 in
3502 5631 3618 5677 tuto

2021 5737 2082 5777 se
2122 5719 2445 5786 collocabit,
2476 5733 2578 5774 nec
2603 5718 2835 5774 similem
2864 5716 3090 5788 posthac
3128 5716 3332 5772 luctum
3370 5713 3618 5790 timebit;

2023 5829 2185 5886 quem
2209 5829 2340 5871 sane
2370 5819 2686 5886 exspectare
2724 5820 2975 5884 cogetur,
3019 5825 3138 5883 qua:
3163 5809 3402 5868 secundo
3425 5807 3616 5864 maui-
