4158 6316
631 376 735 432 619

633 488 869 544 monium
899 487 1181 544 contraxit.
1213 486 1324 541 Huc
1354 485 1557 540 accedit.
1585 483 1826 540 eamdem
1853 483 2063 553 quidem
2091 497 2209 536 esse

635 580 968 644 viduitatem,
1003 593 1107 633 non
1139 586 1312 631 tamen
1345 575 1585 631 eamdem
1615 575 1861 629 omnibus
1893 573 2060 626 viduis
2088 587 2210 640 pro-

634 671 858 738 positam
902 683 1019 722 esse
1058 667 1389 732 mercedem,
1420 667 1512 721 sed
1545 666 1635 719 uni
1679 665 2024 734 ampliorem,
2059 661 2209 714 alteri

634 759 950 827 parciorem.
987 757 1113 826 Quae
1136 759 1276 813 enim
1315 758 1383 811 ab
1421 755 1775 810 adolescentia
1806 754 1988 824 jugum
2029 767 2211 806 susce-

633 857 855 917 perunt,
887 847 1052 902 multo
1083 846 1280 916 majore
1323 846 1525 900 honore
1559 845 1825 914 potientur
1848 885 1863 909 ,
1896 853 2052 912 atque
2093 858 2211 895 am-

633 939 892 1008 plioribus
925 938 1265 1002 muneribus;
1311 953 1429 1006 quae
1468 945 1643 991 autem
1675 937 1726 989 in
1771 936 1880 1005 ipsa
1908 935 2017 1003 jam
2054 949 2211 989 sene-

634 1039 800 1094 ctute,
829 1045 932 1083 non
966 1028 1114 1098 aeque
1141 1037 1298 1098 atque
1328 1026 1452 1081 illm.
1481 1026 1616 1094 Quid
1652 1025 1764 1079 ita?
1795 1024 1942 1091 Quod
1972 1023 2056 1076 illa
2097 1024 2214 1093 qui-

633 1119 786 1184 dem,
816 1135 934 1173 cum
977 1119 1139 1172 multa
1169 1117 1476 1181 obstarent,
1523 1117 1591 1170 ob
1620 1117 1710 1170 Dei
1752 1117 1998 1169 timorem
2035 1114 2212 1168 omnia

635 1210 736 1264 sibi
783 1208 1093 1278 perferenda
1138 1209 1305 1270 duxit,
1354 1207 1474 1261 huic
1513 1215 1689 1260 autem
1734 1205 1879 1260 nullo
1919 1203 2114 1257 sudore
2151 1218 2213 1256 ac

637 1301 821 1379 labore
859 1315 994 1372 opus
1036 1302 1170 1354 fuit:
1199 1301 1317 1369 quis
1360 1300 1500 1354 enim
1549 1299 1717 1363 labor,
1766 1298 1854 1352 ubi
1899 1297 2029 1350 nihil
2072 1295 2213 1366 quod

635 1393 740 1444 vim
788 1390 1018 1446 afferat?
1068 1390 1522 1457 Quemadmodum
1573 1390 1767 1460 igitur,
1816 1404 1934 1459 quae
1983 1389 2213 1456 seipsam

637 1481 786 1534 alteri
816 1482 930 1535 viro
955 1480 1124 1546 didit,
1159 1481 1207 1535 ei
1233 1522 1246 1545 ,
1289 1496 1405 1550 quae
1436 1480 1648 1535 unicum
1683 1481 1925 1549 agnovit,
1958 1477 2218 1534 concedat

636 1579 848 1638 oportet
880 1587 892 1622 :
928 1570 996 1624 ita
1026 1585 1144 1639 quae
1184 1571 1235 1623 in
1269 1570 1694 1637 ipsemet-aetatis
1730 1570 1858 1623 flore
1886 1568 1938 1622 in
1963 1568 2216 1623 viduitate

639 1670 981 1730 perseverat,
1010 1662 1164 1731 longo
1196 1661 1470 1716 intervallo
1513 1675 1630 1716 eam
1653 1703 1668 1727 ,
1701 1676 1817 1731 qua:
1856 1661 1907 1713 in
1947 1669 2218 1714 senectute

637 1752 808 1803 virum
851 1751 1044 1814 amisit,
1089 1752 1326 1804 anteibit.
1373 1752 1534 1820 Atqui
1578 1760 1803 1819 utraque
1832 1764 1995 1802 unum
2036 1748 2219 1801 habuit

638 1844 842 1908 virum,
885 1842 976 1896 sed
1011 1843 1122 1897 haec
1166 1852 1338 1896 tamen
1385 1843 1555 1911 ipsum
1594 1841 1853 1896 castitatis
1894 1839 2215 1894 curriculum

640 1935 902 1997 confecit,
933 1934 1022 1988 illa
1051 1948 1180 1988 vero
1210 1934 1367 2001 longe
1397 1933 1545 1987 abest
1575 1932 1875 1986 intervallo.
1923 1931 2084 2000 Igitur
2111 1946 2218 1985 non

640 2031 705 2082 ad
738 2030 971 2084 laborem
1016 2029 1221 2091 solum,
1253 2027 1344 2081 sed
1371 2028 1530 2081 etiam
1560 2026 1624 2079 ad
1656 2024 1956 2079 mercedem
1987 2035 2216 2092 spectes.

643 2120 730 2172 Sic
761 2120 1011 2188 pleraque
1039 2120 1284 2171 virtutum
1313 2117 1485 2171 officia
1511 2115 1744 2169 difﬁcilia
1775 2115 1928 2170 nobis
1949 2115 2215 2181 videntur,

642 2225 759 2261 cum
811 2209 1033 2263 sudores
1080 2220 1237 2277 atque
1287 2222 1579 2272 aerumnas,
1613 2222 1729 2276 quae
1759 2205 2049 2260 subeundae
2074 2214 2218 2271 sunt,

643 2301 852 2354 assidue
876 2301 1052 2354 animo
1074 2314 1371 2368 versamus,
1395 2314 1566 2368 neque
1592 2299 1859 2368 proposita
1886 2298 1988 2352 illis
2005 2298 2220 2366 praemia

643 2391 1136 2444 animadvertimus.

719 2482 836 2537 Una
873 2501 984 2536 cum
1038 2484 1288 2536 laboribus
1327 2484 1535 2553 praemia
1584 2499 1775 2552 quoque
1822 2481 2113 2551 spectanda.
2151 2508 2223 2519 —

645 2577 796 2643 Quod
827 2577 1043 2630 minime
1071 2576 1365 2630 faciendum
1395 2585 1497 2640 est,
1522 2574 1614 2630 sed
1640 2573 2038 2642 circumspectis
2064 2571 2222 2626 simul

648 2668 914 2722 laboribus
957 2683 1017 2720 ac
1051 2667 1280 2735 praemiis
1309 2680 1515 2720 summa
1557 2664 1932 2727 subducenda;
1965 2672 2092 2716 tunc
2131 2677 2225 2716 au-

649 2772 752 2813 tem
776 2803 790 2827 ,
822 2771 878 2814 nt
908 2775 1035 2814 vere
1080 2767 1230 2826 sunt,
1277 2759 1347 2812 ita
1376 2773 1403 2811 a
1434 2759 1585 2815 nobis
1615 2757 1786 2811 facilia
1825 2755 2222 2826 judicabuntur.

648 2850 778 2903 Nam
805 2851 890 2918 qni
920 2851 968 2901 in
1002 2849 1140 2903 bello
1165 2849 1418 2917 praeclare
1441 2862 1498 2902 se
1518 2848 1673 2918 gerit,
1705 2862 1810 2900 non
1831 2846 2047 2900 vulnera
2074 2845 2228 2899 dum-

649 2949 821 3003 taxat,
851 2954 1004 2993 casus
1033 2954 1093 2993 ac
1121 2948 1376 3006 mortem,
1406 2938 1509 2993 sed
1537 2940 1693 2993 etiam
1726 2948 1950 3006 tropaea,
1976 2937 2225 2990 victorias

647 3038 974 3098 ca'clcrosquc
1002 3031 1230 3084 honores
1257 3044 1442 3084 omnes
1466 3039 1718 3098 reputans
1744 3029 1796 3082 in
1824 3029 1989 3082 aciem
2019 3028 2227 3082 fortiter

649 3118 922 3175 descendit
971 3138 982 3172 :
1027 3122 1103 3175 sic
1153 3121 1379 3190 agricola
1431 3135 1536 3177 non
1590 3119 1766 3174 solum
1819 3118 2085 3184 laborem,
2134 3118 2224 3188 qui

1343 379 1400 432 S.
1435 379 1717 434 JOANNIS
1752 379 2237 434 CllRYSOSTOI-Jl
2275 377 2594 432 AliClllEP.
2637 370 3182 432 CONSTANTINOP.

3782 373 3889 427 820

2312 482 2510 537 arando
2549 500 2612 539 ac
2653 484 2903 540 fodiendo
2929 487 3217 540 sumendus
3243 495 3323 540 est
3347 527 3360 552 ,
3400 483 3490 540 sed
3520 484 3677 540 etiam
3709 499 3884 540 aream

2313 586 2374 626 ac
2420 574 2696 627 toreularia
2732 576 2802 629 ob
2834 575 3016 630 oculos
3059 591 3398 646 proponens,
3444 577 3687 630 alacriter
3729 589 3892 645 opera

2314 678 2406 717 sua
2439 676 2606 734 urget.
2653 666 2834 721 ltidem
2877 669 3033 737 igitur
3070 677 3126 722 et
3163 684 3260 722 nos
3288 683 3380 738 spe
3422 670 3560 723 bona
3598 683 3891 723 aerumnam

2316 753 2582 809 viduitatis
2607 756 2774 810 levem
2802 757 3105 822 reddamus,
3133 766 3290 827 atque
3315 772 3380 813 eo
3408 760 3574 828 magis
3605 772 3704 812 nos
3729 772 3890 828 quam

2314 844 2407 907 illi,
2440 845 2580 913 quod
2611 846 2715 900 illis
2738 846 2951 916 quidem
2974 848 3136 901 multa
3164 863 3304 916 sape
3326 863 3392 902 ex
3424 849 3509 915 iis,
3539 863 3658 918 qua:
3685 848 3738 902 in
3763 847 3894 917 ipsis

2315 938 2414 990 sita
2447 953 2551 991 non
2581 947 2752 1003 erant,
2781 939 3232 1008 exspectationem
3261 940 3652 1008 praeciderunt;
3686 948 3895 993 nostras

2315 1037 2490 1083 autem
2531 1046 2651 1099 spes
2697 1046 2854 1085 nemo
2895 1040 2978 1086 est
3020 1033 3108 1101 qui
3150 1031 3472 1097 confundat,
3511 1031 3614 1085 nisi
3651 1031 3896 1084 voluntas

2318 1128 2494 1176 nostra
2521 1121 2825 1174 accesserit.
2855 1121 2983 1187 Quae
3013 1121 3213 1175 utinam
3248 1136 3353 1175 non
3383 1120 3614 1183 accedat,
3647 1119 3742 1174 sed
3768 1118 3898 1174 illud

2319 1209 2592 1263 nobiscum
2641 1211 2933 1279 cogitantes
2982 1210 3191 1264 viduam
3237 1227 3266 1263 a
3315 1211 3515 1280 virgine
3557 1226 3664 1264 non
3709 1209 3897 1279 procul

2317 1301 2506 1356 abesse
2526 1343 2540 1366 ,
2571 1313 2727 1370 atque
2755 1303 2915 1356 etiam
2945 1302 3212 1356 interdum
3259 1302 3403 1356 illam
3432 1303 3751 1356 antecellere
3773 1342 3788 1366 ,
3821 1300 3903 1354 ni-

2320 1393 2511 1445 mirum
2532 1434 2546 1457 ,
2576 1407 2693 1444 cnm
2723 1392 2874 1461 virgo
2904 1393 3130 1462 negetiis
3155 1407 3214 1446 se
3252 1392 3532 1461 implicarit
3566 1410 3580 1446 :
3617 1390 3779 1444 Vidua
3798 1405 3902 1441 au-

2325 1493 2424 1538 tem
2457 1499 2521 1537 ex
2543 1483 2692 1537 Pauli
2719 1484 2981 1537 sententia
3029 1483 3252 1536 desolata
3277 1493 3322 1536 et
3347 1484 3397 1535 in
3419 1481 3526 1536 Deo
3551 1499 3690 1550 spent
3713 1497 3903 1551 ponens

2319 1574 2554 1627 institerit
2593 1574 3014 1626 obsecrationibus
3041 1582 3088 1627 et
3127 1573 3434 1626 orationibus
3464 1572 3550 1641 (1.
3577 1571 3706 1625 Tim.
3732 1571 3787 1626 5.
3810 1571 3901 1638 5),

2321 1674 2480 1733 atque
2507 1665 2573 1718 ab
2603 1664 2759 1734 hujus
2790 1665 2914 1719 vitae
2955 1665 3179 1734 negotiis
3208 1664 3539 1719 abstinuerit.
3582 1663 3636 1717 In
3679 1677 3900 1716 arenam

2325 1757 2461 1810 hanc
2488 1756 2875 1811 descendamus
2906 1765 2962 1810 ut
3003 1771 3120 1826 quae
3149 1756 3272 1811 inde
3303 1770 3398 1810 nos
3424 1764 3641 1810 manent
3680 1751 3904 1824 praemia

2242 1906 2244 1909 ,
2323 1864 2731 1918 consequamur.
2759 1849 2903 1913 llaec,
2932 1864 3039 1902 non
3065 1863 3170 1918 quo
3199 1848 3495 1902 necessaria
3517 1845 3904 1916 judicaremus,

2325 1941 2595 1994 attulimus
2615 1982 2630 2006 ,
2658 1949 2748 1994 aut
2778 1954 2883 2010 quo
2909 1940 3055 2006 illas,
3084 1955 3203 2008 quae
3233 1940 3284 1992 in
3311 1938 3565 1992 viduitate
3593 1947 3909 2006 permanere

2325 2030 2529 2096 nolunt,
2556 2029 3061 2095 condemnaremus,
3091 2029 3182 2083 sed
3214 2029 3315 2082 hoc
3344 2043 3503 2081 unum
3534 2025 3909 2080 cohortatione

2327 2120 2790 2189 admonitioneque
2817 2129 2998 2173 nostra
3024 2127 3262 2188 agentes,
3291 2127 3348 2171 ut
3375 2131 3443 2171 ne
3471 2126 3624 2171 terrae
3654 2124 3912 2183 perpetuo

2326 2211 2497 2264 afﬁxa:
2530 2211 2737 2265 haerere
2771 2210 2956 2277 velint,
3003 2208 3095 2264 sed
3137 2209 3303 2263 semel
3343 2208 3526 2261 solutae
3569 2207 3620 2259 in
3663 2205 3912 2259 libertate

2330 2309 2598 2368 maneant,
2623 2301 2688 2355 ad
2709 2302 2898 2356 caelum
2934 2302 3189 2369 aspirent,
3217 2299 3486 2353 caelestem
3510 2294 3718 2350 vivendi
3747 2294 3914 2347 ratio-

2332 2410 2452 2449 nem
2481 2393 2786 2456 adhibeant,
2813 2407 2874 2445 ac
2900 2392 3096 2460 junctae
3117 2391 3328 2444 Christo
3348 2404 3411 2444 ea
3431 2390 3606 2443 omnia
3633 2395 3908 2456 praestent,

2329 2502 2448 2556 qua:
2475 2487 2542 2538 iis
2563 2485 2902 2548 conveniunt,
2928 2498 3045 2551 qua:
3071 2491 3273 2535 tantum
3297 2489 3465 2535 nactae
3487 2490 3610 2534 sunt
3631 2492 3912 2547 sponsum:

2327 2577 2576 2646 quoniam
2621 2575 2793 2642 ipsum
2846 2573 3037 2628 decet‘
3069 2573 3242 2627 omnis
3294 2571 3479 2640 gloria,
3512 2570 3681 2623 honor
3707 2579 3759 2622 et
3784 2568 3919 2622 ado—
3968 2563 3976 2570 ’

2329 2669 2464 2721 ratio
2494 2681 2597 2720 una
2625 2680 2742 2718 cum
2771 2674 2986 2732 experte
3016 2662 3261 2732 principii
3287 2662 3442 2716 Patre
3471 2675 3532 2714 ac
3556 2657 3762 2714 vivifico
3785 2673 3915 2710 san-

2331 2770 2523 2825 ctoque
2554 2757 2720 2826 ipsius
2751 2753 2950 2823 Spiritu
2971 2757 3161 2822 ,‘nunc
3199 2760 3252 2806 et
3280 2765 3524 2822 semper,
3553 2759 3607 2806 et
3633 2749 3690 2804 in
3715 2747 3918 2804 sarcula

2331 2849 2670 2903 saeculorum.
2699 2848 2887 2901 Amen.

2396 3067 2413 3098 ¹
2449 3063 2678 3125 Quoniam
2699 3061 2856 3126 ipsum
2878 3062 3029 3126 decet,
3054 3066 3158 3126 etc._
3181 3067 3296 3126 haec
3334 3057 3530 3126 vulgata
3538 3119 3546 3126 _
3563 3052 3807 3126 conclusio
3827 3052 3907 3104 do-

2336 3134 2411 3178 est
2435 3117 2482 3177 in
2505 3127 2657 3185 colb.,
2682 3117 2854 3188 estque
2878 3117 3080 3174 fortasSe
3103 3117 3476 3172 additamentum
3500 3117 3698 3191 librarii.
