4158 6316
710 418 807 475 εει

731 591 2768 637 W“

2043 605 2246 607 —,,,

1400 411 1456 467 S.
1495 409 1782 467 JOANNIS
1820 399 2313 464 CHllYSOSTOMI
2353 396 2673 457 ARCHIEP.
2719 390 3263 453 CONSTANTINOP.

3862 384 3967 439 622

3281 588 3369 596 ...ρ’

1468 842 1590 930 lN
1694 830 2123 926 LIBROS
2228 830 2374 918 DE
2480 818 3231 917 SACERDOTIO

1982 1092 2711 1224 MONITUM.

2116 1376 2592 1403 ψο-

792 1573 943 1650 [ὄίῑυ]
964 1571 1158 1627 Ειίηιίἰ
1172 1566 1352 1639 operis
1369 1569 1744 1636 argumentum
1758 1572 1821 1621 ex
1849 1558 1965 1626 ipso
1987 1554 2105 1623 ejus
2123 1567 2294 1623 prom-

724 1644 839 1725 niio
860 1644 1483 1722 ttiutuamur.‘Basi|itts,
1520 1657 1659 1708 inter
1686 1652 1893 1706 amicos
1915 1644 2293 1716 Chrysostomi

735 1760 1063 1832 praecipuus,
1095 1755 1286 1809 iisdem
1311 1759 1471 1817 atque
1499 1746 1586 1799 ille
1620 1740 1919 1813 magistris,
1969 1737 2158 1792 iisdem
2212 1734 2295 1789 di-

734 1827 982 1919 sciplinis
1004 1859 1220 1914 cperam
1251 1840 1401 1894 dedit
1426 1856 1439 1890 :
1480 1852 1577 1906 par
1606 1842 1723 1888 erat
1748 1831 2029 1898 utriusque
2057 1827 2293 1888 animus,

731 1917 832 2010 par
860 1937 1077 2009 generis
1116 1930 1399 1993 conditio;
1442 1941 1609 1980 unum
1660 1924 1802 1978 circa
1860 1923 1983 1974 vita:
2030 1917 2297 1971 rationem

730 2003 1094 2099 prapositum,
1147 2019 1405 2077 amicitiae
1454 2014 1672 2069 vinculo
1721 2018 2109 2085 opportunum.
2160 2003 2297 2058 Cum

730 2094 860 2173 vero
889 2116 1194 2187 proximum
1218 2119 1363 2165 esset
1392 2116 1451 2162 ut
1484 2104 1718 2159 Basilius
1746 2104 1911 2155 vitam
1936 2094 2293 2151 monasticam

732 2211 1167 2279 amplecteretur,
1202 2213 1331 2257 tunc
1391 2199 1813 2269 Chrysostomus
1862 2190 1981 2245 foro
2014 2202 2300 2256 scenmque

734 2302 984 2356 addictus
1024 2296 1201 2353 studia
1248 2295 1304 2347 in
1356 2289 1629 2346 contraria
1689 2283 2012 2341 declinabat.
2064 2279 2302 2335 Basilius

732 2411 881 2452 vero.
911 2392 1003 2462 qui
1038 2383 1414 2458 Chrysostomi
1454 2380 1756 2435 amicitiam
1783 2386 1835 2433 et
1873 2371 2294 2431 contubernium

731 2484 916 2554 magni
942 2480 1190 2541 iaciebat,
1224 2477 1327 2530 hoc
1374 2472 1441 2541 ab
1481 2486 1547 2527 eo
1592 2471 1807 2525 demum
1859 2464 2190 2536 impetravit,
2245 2472 2305 2517 ut

732 2560 1181 2637 domo‘uterque
1233 2582 1332 2621 sua
1382 2564 1568 2619 relicta
1618 2573 1908 2615 commune
1964 2556 2315 2611 domicilium.

733 2669 1047 2723 incolerent.
1077 2662 1203 2716 Haec
1239 2658 1482 2715 consilia
1514 2655 1607 2709 ubi
1662 2654 1898 2724 primum
1935 2650 2105 2706 sensit
2133 2648 2306 2717 Chry-

734 2758 959 2813 sostomi
990 2764 1186 2817 mater,
1222 2750 1395 2805 illium
1424 2762 1492 2801 ne
1530 2762 1591 2801 se
1618 2746 1836 2799 deserat
1868 2741 2123 2801 admistis
2146 2738 2304 2793 blan-

731 2852 882 2905 ditiis
905 2850 1180 2908 hortatur,
1214 2844 1457 2910 dumque
1492 2838 1597 2907 ipsi
1646 2852 1676 2890 a
1712 2833 1942 2905 pristina
1995 2846 2133 2901 pene
2182 2845 2307 2884 sen-

734 2945 904 2999 tetttia
935 2941 1170 2996 abducto
1233 2937 1401 2990 instat
1436 2930 1691 2994 Basilius,
1751 2927 1941 2982 eadem
1973 2939 2092 2994 qum
2153 2923 2307 2992 prius

733 3034 1061 3103 efﬂagitans,
1092 3043 1220 3083 ecce
1262 3025 1407 3079 fama
1463 3021 1704 3089 undique
1749 3015 2060 3087 percrebuit
2096 3022 2309 3067 utrum-

735 3142 846 3195 que
874 3126 926 3177 in
962 3118 1323 3191 episcopalem
1360 3114 1675 3184 dignitatem
1700 3106 2133 3178 promovendum
2157 3119 2303 3159 esse.

737 3216 857 3270 lloc
888 3210 1120 3285 perculsi
1165 3200 1327 3262 ambo
1365 3216 1584 3258 rumore
1614 3200 1771 3269 longe
1826 3197 2091 3253 dissimile
2132 3195 2311 3251 consi-

736 3310 871 3363 lium
912 3308 1138 3366 ineunt;
1171 3299 1406 3353 Basilius
1438 3305 1607 3351 totum
1632 3292 1711 3346 rei
1738 3288 2004 3361 judicium
2038 3287 2310 3359 permittit

737 3402 938 3463 arnico,
972 3386 1025 3450 in
1078 3402 1373 3461 utrumque
1403 3394 1649 3458 paratus,
1699 3384 1815 3439 sive
1856 3380 2307 3437 consentiendum

737 3480 852 3561 sive
877 3487 1192 3560 fugiendum
1222 3493 1410 3547 esset;
1439 3479 1862 3549 Cbrysostomus
1913 3469 2065 3538 vero,
2118 3473 2210 3542 qui
2250 3487 2312 3527 se

737 3595 890 3641 tanto
917 3583 1124 3636 honore
1145 3591 1371 3647 prorsus
1402 3573 1713 3640 indignum,
1748 3568 1985 3622 amicum
2043 3581 2173 3621 vero
2225 3564 2315 3619 di-

736 3675 1061 3747 gnissimum
1113 3667 1386 3727 censebat,
1428 3678 1497 3717 ne
1534 3670 1644 3715 tam
1687 3660 1884 3714 idoneo
1922 3657 2171 3712 ministro
2209 3655 2315 3711 Ee-

739 3745 963 3822 clesiam
984 3759 1075 3813 Dei
1105 3757 1354 3826 privaret,
1370 3754 1459 3824 pia
1481 3768 1614 3807 usus
1642 3757 1779 3812 arte,
1798 3746 1933 3801 nihil
1950 3760 2142 3815 urgere
2157 3745 2314 3811 dixit,

740 3858 959 3914 sedhac
993 3853 1061 3908 de
1091 3868 1148 3906 re
1194 3856 1381 3919 postea
1435 3861 1536 3901 suo
1590 3853 1836 3912 tempore
1896 3830 2327 3909 deliberandum

740 3964 863 4004 esse
888 3966 903 4002 :
930 3960 993 4000 ea
1019 3943 1226 3999 scilicet
1255 3945 1454 4009 mente,
1492 3944 1549 3990 ut
1594 3935 1848 3989 incautus
1874 3927 2111 3985 Basilius
2152 3942 2315 3996 cape-

740 4049 891 4096 retur
913 4046 968 4092 et
991 4030 1355 4103 episcopalem
1385 4027 1633 4082 ordinem
1674 4024 1761 4078 vel
1793 4023 1994 4076 invitus
2024 4019 2310 4087 acciperet.

746 4131 869 4198 Ipse
899 4141 1029 4181 vero
1053 4123 1268 4178 interim
1296 4133 1419 4175 sese
1461 4115 1792 4172 occultavit:
1826 4126 2023 4182 resque
2060 4124 2158 4180 pro
2186 4117 2315 4163 voto

743 4220 823 4273 illi
851 4217 1057 4280 cessit;
1106 4223 1295 4281 captus
1323 4208 1471 4266 enim
1502 4206 1759 4271 Basilius,
1796 4201 1897 4258 etsi
1950 4200 2041 4255 diu
2077 4210 2313 4254 relucta-

743 4325 855 4374 tus,
887 4309 1171 4363 ordinatus
1224 4314 1407 4359 tamen
1464 4307 1569 4355 est.
1623 4296 1763 4352 Hinc
1820 4293 2074 4366 querela:
2131 4290 2315 4373 Basilii

742 4370 887 4474 apud
913 4400 1379 4471 Chrysostomum,
1408 4402 1463 4448 et
1486 4389 1870 4461 responsiones
1908 4370 2313 4454 Chrysostomi,

741 4498 901 4576 queis
932 4501 1103 4548 totum
1141 4505 1279 4560 Opus
1338 4486 1539 4556 dialogi
1590 4495 1746 4576 more
1793 4477 2189 4541 constituitur;
2241 4473 2317 4528 ibi

743 4565 875 4640 vero
903 4584 972 4639 de
996 4582 1262 4652 dignitate
1288 4586 1345 4635 et
1370 4576 1548 4631 ofﬁcio
1577 4567 1922 4629 sa'eerdotum
1954 4578 2064 4624 tam
2103 4565 2318 4638 egregie

743 4676 987 4744 loquitur
1033 4680 1257 4726 sanctus
1312 4669 1542 4732 doctor,
1595 4672 1657 4718 ut
1712 4662 1805 4717 hic
1853 4661 1991 4715 liber
2056 4656 2315 4713 omnibus

744 4781 963 4834 semper
996 4760 1345 4817 admirationi
1383 4758 1568 4813 fuerit.
1604 4754 1847 4811 Isidorus
1874 4761 2022 4809 certe
2041 4750 2316 4808 Pelusiota

746 4859 911 4925 epist.
946 4853 1050 4909 156
1078 4852 1203 4907 libri
1248 4866 1287 4915 t,
1325 4848 1551 4922 Nullum
1587 4848 1749 4911 enim,
1812 4845 1909 4908 ait,
1967 4842 2197 4909 nullum,
2231 4841 2319 4895 in-

743 4964 929 5020 quam,
957 4955 1136 5017 pectus
1183 4943 1341 5013 hujus
1375 4942 1528 4996 lectio
1555 4939 1872 5010 penetravit,
1921 4935 2062 5008 quod
2098 4951 2200 4990 non
2235 4934 2319 4987 di-

747 5043 869 5095 uino
898 5054 1077 5093 amore
1098 5036 1356 5092 sauciarit
1379 5049 1397 5085 :
1426 5031 1777 5087 venerandam
1813 5031 2001 5100 quippe
2024 5044 2134 5083 rem
2158 5037 2321 5094 atque

748 5133 902 5187 aditu
938 5124 1598 5200 diﬁcilcmtsacerdotium
1634 5138 1745 5177 esse
1790 5121 2143 5184 demonstrat,
2176 5119 2320 5189 ejus-

747 5239 849 5293 que
903 5223 1000 5275 rite
1036 5206 1448 5273 administrandi
1499 5215 1761 5268 rationem
1819 5212 1988 5265 docet.
2037 5208 2180 5263 Nain
2219 5207 2317 5262 Dei

748 5315 1067 5368 arcanorum
1092 5310 1303 5379 sapiens
1343 5307 1443 5361 ille
1472 5307 1727 5374 interpres
1756 5302 2014 5365 Joannes,
2070 5300 2320 5370 Byzantii

746 5404 1039 5472 episcopus,
1064 5410 1218 5470 atque
1253 5382 1387 5477 adeo
1414 5396 1575 5451 totius
1603 5393 1857 5449 Ecclesia
1885 5390 2090 5457 oculus,
2122 5388 2318 5444 librum

747 5492 902 5545 illum
920 5500 1029 5544 tam
1056 5488 1322 5544 subtiliter
1346 5497 1395 5541 et
1423 5494 1669 5540 accurate
1695 5483 2047 5547 concinnavit,
2068 5492 2125 5535 ut
2147 5495 2322 5534 omnes
2366 5533 2372 5540 ,

751 5583 967 5651 tumqui
980 5578 1266 5637 secundum
1288 5578 1387 5633 Dei
1413 5576 1689 5647 placitum,
1705 5591 1865 5645 quant
1891 5574 1982 5643 qui
2006 5572 2324 5642 negligenter

748 5669 1043 5725 sacerdotio
1090 5668 1414 5739 funguntur,
1458 5665 1540 5719 hic
1583 5674 1693 5718 tum
1733 5664 1950 5718 uirtutes
1995 5666 2107 5715 tum
2151 5660 2322 5732 alien-

749 5763 919 5816 sioncs
936 5777 1057 5814 suas
1076 5769 1477 5829 reprtescntutas
1499 5758 1785 5811 inrcniant.
1816 5754 2016 5811 Suidas
2030 5768 2162 5809 vero
2179 5755 2325 5808 hunc

752 5855 947 5908 librum
977 5852 1236 5908 eximium
1260 5866 1381 5909 esse
1403 5848 1626 5921 dicit'rt'p
1655 5866 1715 5904 τε
1738 5846 1981 5930 liti/sntiat
2009 5848 2074 5918 τῇ
2104 5845 2322 5918 φράσει,

2396 1546 2490 1599 καὶ
2527 1547 2591 1617 τῇ
2626 1545 2882 1615 λειότητι,
2914 1544 3006 1596 καὶ
3033 1545 3108 1614 τῷ
3129 1543 3313 1598 κάλλει
3340 1544 3446 1597 τῶν
3482 1545 3786 1616 ὀνομάτων,
3813 1566 3832 1597 ι
3863 1555 3979 1600 tum

2396 1636 2728 1692 sublimitate
2766 1648 2822 1691 et
2865 1636 3138 1703 dictione,
3185 1647 3297 1691 tum
3334 1637 3564 1693 lenitate
3607 1619 3983 1709 etelegantia

2395 1730 2708 1783 verborum.
2750 1747 2768 1779 ι
3272 1776 3273 1779 η

2472 1819 2577 1875 Sed
2644 1821 2794 1875 circa
2831 1820 2974 1874 hanc
3033 1820 3323 1875 historiam
3380 1820 3593 1890 aliquot
3642 1821 3981 1890 questiones

2404 1921 2739 1968 moventur:
2778 1912 2958 1980 primo
3007 1927 3118 1980 quo
3169 1920 3415 1981 tempore
3472 1913 3608 1980 haec,
3642 1927 3768 1981 quae
3814 1928 3986 1982 supra

2401 2020 2622 2058 narrata
2665 2012 2815 2069 sunt,
2856 2005 3224 2073 contigerint;
3264 2003 3461 2059 deinde
3489 2005 3616 2074 quis
3647 2005 3718 2059 sit
3750 2005 3854 2059 iile‘
3880 2002 3987 2057 Ba-

2405 2097 2565 2151 silius
2601 2134 2617 2160 ,
2670 2094 3050 2165 Chrysostomi
3108 2094 3342 2158 amicus,
3403 2103 3458 2150 et
3532 2096 3691 2164 cujus
3743 2096 3989 2150 civitatis

2404 2190 2698 2257 episcopus
2754 2188 2828 2242 sit
2899 2187 3227 2251 ordinatus;
3285 2188 3506 2241 demum
3566 2196 3983 2257 quotempore

2404 2279 2838 2350 Cbrysostontus
2880 2278 3045 2332 hosce
3075 2277 3246 2333 libros
3275 2278 3522 2332 ediderit.
3557 2276 3717 2343 Quod
3772 2285 3989 2347 spectat

2405 2371 2474 2424 ad
2503 2378 2715 2438 tempus
2740 2376 2973 2439 peracta
2993 2368 3096 2431 rei,
3127 2378 3335 2422 eertum
3369 2375 3479 2435 est,
3507 2368 3626 2440 ipso
3656 2368 3990 2423 testiﬁcante

2408 2464 2824 2534 Chrysostomo,
2855 2462 2907 2515 id
2938 2460 3204 2517 accidisse
3235 2476 3359 2516 cum
3392 2462 3569 2514 adhuc
3602 2460 3692 2514 ille
3716 2461 3771 2514 in
3801 2460 3984 2515 lorum

2408 2555 2667 2623 frequens
2694 2552 3009 2618 ventitaret,
3035 2559 3091 2605 et
3142 2565 3322 2605 scenze
3348 2550 3749 2605 oblectamenta
3799 2562 3984 2608 secta-

2410 2657 2565 2701 retur
2591 2662 2606 2709 ;
2636 2652 2801 2714 atque
2841 2643 2976 2698 adeo
3016 2650 3141 2697 ante
3168 2654 3371 2700 annum
3402 2642 3527 2710 375,
3556 2658 3667 2713 quo
3710 2659 3835 2698 cum
3869 2653 3989 2699 tar-

2415 2739 2640 2793 dissime
2669 2737 2723 2791 in
2759 2736 3108 2791 solitudinem
3151 2750 3211 2790 se
3244 2735 3512 2802 contulit,
3550 2736 3642 2791 ubi
3683 2753 3779 2793 sex
3826 2740 3993 2795 annis

2420 2828 2681 2885 severiori
2714 2827 3021 2897 disciplina:
3050 2842 3172 2882 sese
3196 2836 3368 2881 totum
3402 2828 3549 2883 dedit
3580 2844 3595 2883 :
3631 2844 3808 2900 neque
3839 2830 3990 2886 enim

2414 2926 2538 2988 post
2575 2918 2728 2972 illum
2763 2931 3062 2983 secessum,
3094 2918 3177 2971 vel
3206 2916 3517 2972 forensibus
3547 2920 3734 2975 causis
3761 2934 3992 2990 operam

2413 3011 2582 3075 dedit,
2611 3009 2696 3063 vel
2728 3023 2903 3064 scenae
2966 3009 3274 3077 spectacula
3316 3017 3559 3065 sectatus
3595 3020 3683 3065 est
3714 3027 3988 3083 unquam.

2416 3102 2641 3155 Certum
2675 3108 2761 3155 est
2789 3099 3001 3164 itidem,
3032 3100 3155 3167 ipso
3188 3108 3382 3153 saneto
3429 3099 3655 3155 doetOre
3703 3112 3992 3167 narrante,

2413 3212 2537 3249 cum
2584 3198 2700 3251 haec
2736 3204 3056 3265 agerentur,
3082 3194 3195 3264 jam
3234 3193 3689 3263 Cbrysostomum
3742 3206 3797 3250 et
3829 3196 3995 3253 Basi-

2415 3286 2551 3339 lium
2584 3284 2870 3354 magistris
2905 3292 2957 3337 et
2995 3281 3313 3336 doctoribus
3358 3280 3717 3349 valedixisse,
3751 3300 3991 3354 quorum

2414 3374 2967 3447 postremus~iuerat
3014 3372 3283 3428 Diodorus
3314 3372 3625 3429 Tarsensis.
3662 3375 3800 3431 Huic
3860 3394 3996 3435 vero

2414 3485 2635 3540 Operam
2672 3469 2876 3523 dabant
2917 3474 3149 3535 uterque
3204 3480 3350 3518 anno
3389 3466 3611 3521 circiter
3648 3468 3749 3521 371
3788 3486 3802 3535 ;
3843 3472 3995 3527 unde

2419 3569 2685 3631 sequatur
2712 3574 2776 3613 ea
2807 3558 2991 3612 omnia
3049 3557 3140 3610 illo
3186 3556 3457 3611 accidisse
3488 3558 3667 3626 spatio
3717 3561 3865 3628 quod
3907 3564 3997 3615 in-

2417 3653 2624 3710 tcrlluit
2658 3665 2834 3705 annos
2876 3649 3019 3703 inter
3060 3646 3166 3701 572
3194 3657 3251 3701 et
3280 3647 3410 3711 375,
3444 3664 3623 3719 neque
3660 3650 3772 3705 ullo
3825 3652 3998 3707 modo

2417 3761 2581 3817 posse
2607 3745 2796 3799 isthaec
2823 3742 2925 3796 vel
2940 3742 3091 3811 prius
3120 3740 3206 3795 vel
3234 3749 3423 3810 postea
3454 3742 3647 3796 locari.
3709 3743 3993 3805 Adversus

2420 3841 2561 3894 hanc
2588 3846 2769 3891 tamen
2799 3833 3171 3904 chronologize
3236 3834 3508 3888 rationem
3540 3834 3751 3904 aliquot
3798 3852 4002 3891 exsur-

2419 3939 2553 3999 gunt
2586 3926 2929 3981 diilicultates
2964 3941 2983 3977 :
3035 3939 3160 3978 nam
3195 3924 3241 3978 si
3306 3938 3452 3977 anno
3496 3924 3602 3979 574
3628 3926 3714 3980 vel
3771 3928 3997 3984 circiter

2422 4020 2848 4091 Chrysostomus
2872 4024 2930 4071 ut
2960 4016 3251 4085 cpiscopus
3277 4016 3625 4072 ordinaretur
3649 4022 3993 4090 perquisitus

2421 4122 2525 4177 est,
2561 4127 2686 4167 cum
2715 4118 2903 4177 utpote
2934 4116 3098 4161 natus
3128 4123 3275 4162 anno
3305 4108 3409 4162 547
3444 4110 3527 4163 vel
3557 4110 3809 4176 circiter,
3839 4130 3993 4170 anno

2421 4204 2529 4259 5'14
2561 4213 2883 4256 vicesimum
2933 4198 3225 4267 septimum
3278 4197 3495 4252 circiter
3541 4214 3746 4255 annum
3787 4216 3997 4273 ageret,

2421 4293 2662 4348 nondum
2678 4289 2926 4358 attigerat
2938 4295 3151 4374 aetatem
3172 4303 3201 4342 a
3216 4288 3427 4357 synodo
3441 4287 3869 4349 Neocmsariensi
3893 4311 4000 4365 pro

2424 4381 2756 4457 presbyteris
2786 4380 3092 4450 deligendis
3141 4380 3495 4450 assignatam,
3537 4382 3761 4452 triginta
3802 4384 3997 4439 videli-

2426 4486 2513 4534 cet
2544 4489 2853 4529 annorum:
2890 4474 3168 4542 quomodo
3201 4487 3332 4543 ergo
3356 4458 3570 4542 poterat
3598 4473 3653 4527 in
3675 4474 3996 4545 episcopum

2425 4564 2718 4636 cooptari?
2753 4562 2833 4619 Ad
2868 4563 2981 4617 haec
3010 4576 3163 4626 vero,
3196 4563 3518 4633 priusquam
3565 4563 3997 4637 Chrysostomus

2423 4657 2492 4712 ad
2534 4652 3378 4731 episcopatum“perquireretur,
3424 4654 3602 4710 mater
3636 4655 3773 4725 eius,
3809 4658 3994 4726 ipsum

2420 4751 2710 4820 alloquens
2746 4762 2806 4803 se
2855 4743 2970 4815 jam
3011 4746 3394 4812 consenuisse,
3445 4732 3741 4803 et‘obitum
3794 4765 3999 4820 prope-

2419 4842 2563 4897 diem
2605 4845 2925 4908 exspectare
2960 4836 3134 4892 dicit:
3192 4837 3255 4890 Οἱ
3311 4836 3371 4891 δὲ
3408 4841 3785 4909 γεγηρακότες
3834 4831 3999 4911 ἡμεῖς

2419 4931 2574 4987 οὐδὲν
2623 4930 2809 5003 ἕτερον
2872 4928 2907 5000 ἢ
2959 4927 3050 4982 τὸν
3105 4928 3335 4983 θάνατον
3404 4930 3778 5002 ἀναμένομεν·
3845 4934 4001 5004 atqui

2420 5023 2867 5094 Clirysostumus,
2909 5029 2969 5077 ut
3025 5021 3141 5091 ipse
3194 5030 3415 5087 narrat,
3479 5030 3606 5077 ante
3670 5023 3999 5078 vicesimum

2424 5114 2615 5169 matris
2643 5126 2849 5165 annum
2902 5120 3067 5166 natus
3118 5119 3225 5177 est,
3286 5110 3433 5164 unde
3492 5125 3761 5181 sequatur
3793 5113 3998 5183 ipsam,

2422 5219 2548 5261 cum
2572 5202 3001 5273 Chrysostomus
3028 5201 3084 5278 in
3116 5201 3496 5271 episcopatum
3524 5201 3865 5271 perquisitus
3888 5215 3997 5269 est,

2424 5296 2669 5350 nondum
2710 5293 3194 5363 quadragesimum
3245 5293 3540 5363 septimum
3590 5293 3839 5362 attigisse
3896 5311 4000 5350 an—

2422 5404 2578 5454 num,
2604 5395 2660 5442 et
2687 5386 2781 5455 qui
2818 5394 3030 5456 poterat
3064 5384 3157 5439 illa
3191 5384 3305 5455 jam
3347 5384 3529 5439 vetula
3558 5392 3614 5440 et
3658 5400 3757 5455 per
3782 5394 4001 5441 atatem

2423 5480 2585 5535 morti
2611 5478 2859 5549 proxima
2899 5476 3067 5533 esse?
3108 5474 3204 5531 Ha:
3246 5491 3409 5547 porro
3445 5476 3794 5543 diliicultates
3824 5480 4001 5549 majo-

2426 5585 2517 5625 res
2547 5569 2800 5633 evadent,
2836 5568 2882 5623 si
2932 5568 2990 5622 in
3046 5583 3251 5622 annum
3296 5566 3425 5643 575,
3472 5569 3559 5623 vel
3610 5570 3666 5623 in
3702 5564 4003 5638 372,'bec

2428 5661 2755 5732 perquisitio
2808 5660 3141 5715 retrahatur.
3204 5660 3405 5716 Verum
3462 5662 3603 5741 haec
3636 5670 3997 5733 quantumvis

2426 5752 2731 5822 probabilia
2765 5751 3057 5807 videantur
3118 5749 3296 5825 [561],
3327 5765 3395 5808 ne
3450 5753 3745 5809 minimum
3780 5756 3998 5825 quidem

2427 5858 2531 5899 nos
2583 5857 2620 5899 s
2679 5840 2862 5913 priore
2932 5844 3205 5901 sententia
3251 5843 3649 5901 'dimoveant:
3706 5860 3836 5903 nam
3900 5863 3997 5913 ea.
