4198 6324
175 409 292 466 62Ρ
1272 403 1361 459 DE
1400 392 1858 461 SACERDOTIO.
1892 433 1966 449 --
1991 402 2331 460 IlONlTUM.

175 536 305 591 quas
329 520 503 577 modo
528 507 836 592 postiim'us,
869 521 1131 593 temporis
1155 530 1297 576 notas
1328 520 1555 575 omnino
1584 525 1749 574 certae

183 614 451 669 videntur.
491 613 651 684 Quod
689 625 868 670 autem
898 623 1126 684 urgente
1153 629 1287 668 casu
1316 627 1382 668 ac
1413 611 1747 666 necessitate

179 706 432 775 quapiam
458 679 566 782 viri
606 679 843 761 nondum
872 679 1101 776 triginta
1149 719 1324 760 annos
1379 703 1588 758 emensi
1627 704 1746 771 epi-

177 794 320 862 scOpi
367 793 673 862 antiquitus
713 795 881 849 creati
930 794 1159 859 fuerint,
1197 810 1304 849 non
1341 802 1502 848 vacat
1554 807 1746 848 exem-

179 885 315 954 plis:
350 886 456 940 etsi
507 886 596 939 illa
653 887 944 941 admodum
1001 902 1127 941 rara
1179 881 1310 941 sint’.
1371 885 1428 940 S.
1463 885 1748 956 Remigius

175 975 369 1044 quippe
402 975 692 1032 “emensis
719 977 1011 1047 episcopus
1044 985 1265 1033 creatus
1296 989 1400 1040 est,
1447 993 1571 1031 cum
1608 978 1749 1032 duo-

171 1078 284 1116 rum
318 1080 492 1134 supra
517 1065 708 1135 viginti
740 1081 1008 1120 annorum
1057 1074 1243 1120 esset:
1278 1075 1334 1121 et
1395 1065 1745 1122 Eleutherius

173 1155 391 1223 quidam
421 1157 614 1225 viginti
672 1172 950 1212 annorum
1010 1157 1337 1212 adolescens
1385 1157 1456 1212 ab
1511 1158 1744 1212 Aniceto

173 1261 299 1316 papa
320 1249 618 1317 episcopus
645 1250 852 1304 missus
880 1257 967 1303 est
1001 1249 1056 1302 in
1086 1248 1389 1319 Illyricum.
1423 1250 1579 1314 Quod
1619 1265 1744 1320 spe-

171 1347 275 1392 ctat
309 1348 501 1393 autem
530 1341 598 1394 ad
635 1347 866 1396 matrem
895 1340 1307 1412 Chrysostomi,
1341 1357 1466 1412 quas
1495 1357 1617 1397 sese
1645 1356 1741 1396 ve-

170 1428 327 1483 telam
359 1439 415 1484 et
436 1431 597 1485 morti
622 1432 927 1501 proximam
955 1433 1190 1500 dicebat,
1221 1449 1348 1488 cum
1375 1433 1741 1504 quadraginta

170 1527 376 1587 septem
404 1528 618 1579 tantum
650 1536 928 1577 annorum
958 1534 1142 1579 esset:
1191 1524 1308 1579 haec
1353 1524 1502 1586 dicta
1548 1528 1741 1582 matris

169 1609 332 1664 ﬁlium
379 1613 790 1683 compellantis,
837 1623 892 1669 et
951 1630 1020 1669 ne
1054 1629 1115 1670 se
1169 1616 1388 1670 deserat
1440 1617 1737 1684 hortantis,

166 1715 267 1755 non
294 1711 428 1758 sunt
457 1703 526 1758 ad
553 1705 792 1760 litteram
819 1705 1350 1777 accipienda._Nam,
1378 1715 1439 1761 ut
1471 1708 1598 1762 alibi
1630 1707 1740 1763 non

165 1794 325 1847 semel
357 1796 698 1862 monuimus,
726 1797 774 1852 si
803 1811 872 1852 ex
921 1797 1086 1854 dictis
1141 1769 1480 1867 hujusmodi,
1536 1801 1738 1869 quibus
1767 1786 1773 1790 ⁴

163 1899 328 1952 senes,
365 1895 621 1941 extrema:
681 1889 965 1942 senectutis
1018 1889 1303 1954 homines;
1338 1890 1420 1944 vel
1473 1890 1739 1955 vicissim,

158 1975 388 2044 juvenes,
435 1977 830 2043 adolescentes,
868 1980 1021 2048 pueri
1051 1989 1575 2047 commemorantur,
1629 1982 1743 2036 cal-

164 2069 341 2121 rulum
375 2068 645 2139 temporis
686 2071 1048 2139 poneremus,
1076 2071 1282 2140 passim
1320 2071 1736 2142 chronologiam

164 2161 523 2228 pessumdare
549 2168 883 2230 opus:esset.

229 2250 348 2306 Jam
382 2253 456 2308 de
481 2252 691 2308 Basilio
725 2252 1110 2324 Chrysostomi
1140 2256 1340 2323 amico,
1387 2257 1512 2325 quis
1544 2271 1741 2326 nempe

160 2342 386 2411 cuiusve
469 2345 710 2402 civitatis
782 2347 1081 2418 episcopus
1163 2347 1354 2414 fuerit,
1433 2352 1730 2420 agendum.

161 2431 456 2501 Socrates,
523 2451 688 2505 quem
759 2437 918 2492 multi
986 2438 1249 2509 deinceps
1311 2442 1488 2495 'secuti
1561 2452 1733 2507 sunt,

158 2524 232 2576 ait
269 2539 393 2580 esse
451 2524 718 2582 Basilium
768 2525 1025 2598 Magnum
1056 2543 1072 2594 ;
1099 2530 1194 2584 sed
1220 2538 1307 2585 est
1349 2529 1483 2585 illud
1514 2532 1729 2603 ἀπροσ-

153 2612 416 2678 διόνυσον,
462 2622 533 2669 ut
575 2629 744 2671 nemo
770 2631 880 2671 non
913 2617 1081 2672 videt.
1127 2617 1410 2688 Siquidem
1475 2619 1568 2675 ille
1621 2620 1740 2676 Cae-

160 2704 422 2760 sariensis
457 2706 751 2777 episcopus
779 2707 1235 2780 Chrysostomum
1289 2718 1542 2765 nostrum
1581 2720 1741 2767 aetate

157 2794 314 2868 longe
343 2799 629 2868 praecedit,
659 2815 760 2856 nec
793 2800 907 2856 ullo
951 2802 1118 2858 modo
1149 2803 1461 2859 studiorum
1493 2803 1614 2874 ejus
1643 2819 1738 2860 so-

153 2888 290 2954 cius,
327 2905 435 2946 nec
475 2892 782 2948 Antiochiae
823 2895 1112 2952 ordinatus
1139 2912 1264 2952 esse
1319 2898 1542 2966 potuit:
1599 2897 1733 2968 quid

152 2981 307 3051 plura
328 2983 543 3051 dicam,
565 2987 786 3055 quando
811 2987 991 3056 palam
1021 2998 1106 3044 est
1131 2989 1240 3044 labi
1265 2990 1544 3046 Socratem
1573 2991 1598 3045 ’ἐ
1624 2989 1739 3047 Nec

152 3073 366 3132 felicius
385 3075 652 3143 Pbotius,
679 3077 774 3147 qui
801 3086 954 3148 putat
975 3094 1099 3135 esse
1124 3081 1382 3136 Basilium
1419 3080 1738 3138 Seleucien-

153 3180 285 3230 sem,
309 3183 480 3238 quem
521 3183 671 3224 anno
697 3169 803 3224 372
827 3171 918 3225 vix
949 3181 1137 3227 natum
1173 3186 1456 3243 putamus,
1493 3175 1739 3245 quando-

150 3258 365 3328 quidem
426 3275 579 3314 anno
613 3261 715 3316 451
769 3264 984 3334 synodo
1027 3264 1466 3320 Chalcedonensi
1513 3267 1734 3337 episco-

151 3363 248 3416 pus
273 3350 559 3419 interfuit,
595 3360 652 3408 et
676 3368 825 3408 anno
857 3354 967 3410 458
996 3355 1320 3426 imperatori
1372 3355 1540 3413 Leoni
1590 3359 1735 3415 scri-

150 3439 274 3508 psit.
303 3439 428 3496 Non
462 3441 723 3498 audiendi
754 3445 884 3499 item
915 3446 1185 3512 videntur,
1225 3449 1318 3518 qui
1365 3457 1561 3519 putant
1621 3449 1736 3505 lla-

151 3530 351 3586 simum
393 3533 782 3606 Chrysostomi
814 3537 1052 3592 amicum
1108 3542 1361 3596 eumdem
1419 3556 1542 3596 esse
1572 3549 1738 3614 atque

153 3625 416 3681 Basilium
476 3629 534 3680 in
574 3626 665 3682 his
692 3627 772 3682 De
801 3629 1099 3684 sacerdotio
1131 3631 1288 3687 libris
1332 3641 1736 3689 memoratum:

149 3733 268 3772 nam
300 3733 581 3788 quorsum
621 3719 712 3774 illa
745 3722 1029 3777 nominum
1061 3734 1170 3777 tam
1205 3723 1555 3780 dissimilium
1586 3739 1738 3780 com-

150 3813 374 3869 mutatio
398 3813 425 3868 2
449 3811 740 3873 Omnibus
770 3815 937 3886 igitur
963 3826 1218 3874 accurate
1243 3817 1530 3889 perpensis
1547 3858 1566 3887 ,
1595 3819 1739 3874 veri-

3305 398 3434 455 633‘

1854 517 2034 573 simile
2063 528 2196 588 puto
2223 517 2484 573 Basilium
2543 532 2668 572 eum
2720 531 2864 583 esse,
2893 514 2988 586 qui
3050 513 3261 586 synodo
3289 513 3437 568 Con.

1854 609 2361 677 stantinopolitana
2425 622 2579 662 anno
2625 608 2726 663 581
2781 607 3073 676 cpiscopus
3126 602 3437 674 Raphanea

1854 693 2208 760 subscribit;
2250 697 2520 767 siquidem
2573 704 2796 766 tempus
2849 691 3098 764 apprime
3155 693 3431 762 quadrat:

1858 786 2159 858 Baphanea
2191 788 2246 842 in
2311 788 2469 860 Syria
2502 798 2672 859 prope
2723 786 3071 841 Antiochiam
3120 785 3225 838 sita
3277 791 3432 838 erat:

1852 882 2176 936 commodus
2228 897 2363 936 sane
2413 882 2603 948 locus,
2661 888 2721 934 ut
2773 878 3006 934 Joannis
3057 874 3433 948 Cbrysostomi

1852 970 2122 1041 frequenti
2154 973 2463 1042 colloquio,
2511 972 2625 1027 imo
2657 971 2823 1025 etiam
2870 969 3234 1024 contubernio
3283 968 3435 1021 frue-

1851 1072 2003 1119 retur
2035 1063 2302 1132 Basilius,
2344 1065 2492 1135 quod
2545 1065 2600 1118 in
2641 1063 2748 1118 line
2794 1061 2995 1132 dialogi
3036 1075 3096 1116 se
3141 1067 3434 1130 peroptare

1849 1157 2004 1214 dicit.

1904 1252 2112 1307 'Bestat
2141 1262 2202 1306 ut
2232 1266 2406 1322 pauca
2442 1251 2691 1307 dicamus
2735 1249 2804 1306 de
2839 1257 3083 1319 tempore
3113 1262 3224 1319 quo
3268 1248 3434 1302 hosce

1853 1344 2032 1426 libros
2063 1344 2236 1399 edidit
2267 1342 2740 1414 Chrysostomus:
2776 1357 2954 1411 neque
2977 1341 3124 1395 enim
3177 1340 3433 1394 audiendi

1850 1443 1984 1490 sunt
2015 1436 2054 1489 ii
2109 1434 2204 1505 qui
2241 1434 2432 1488 volunt
2481 1434 2671 1489 eodem
2719 1431 2840 1504 ipso
2884 1440 3149 1502 tempore,
3196 1446 3309 1501 quo
3345 1447 3433 1485 res

1833 1536 2073 1597 peracta
2108 1535 2212 1592 est,
2243 1527 2362 1593 baac
2391 1525 2684 1595 scripsisse
2715 1524 2776 1580 S.
2809 1525 3117 1580 doctorem.
3145 1522 3430 1592 Siquidem

1847 1618 1932 1674 vel
1963 1614 2079 1688 ipsa
2118 1616 2368 1672 ordiendi
2432 1618 2573 1672 ratio
2628 1616 2875 1687 aliquod,
2911 1607 3158 1684 elapsum
3215 1623 3432 1682 tempus
3501 1658 3508 1662 .

1845 1709 2196 1775 subindicat,
2215 1717 2270 1763 et
2297 1707 2468 1773 series
2497 1715 2609 1761 tota
2634 1723 2750 1760 rem
2782 1707 3118 1772 meditatam,
3146 1714 3199 1760 et
3231 1705 3286 1758 in
3318 1705 3432 1758 o:io

1847 1802 2168 1856 adornatam
2201 1815 2312 1868 pra:
2349 1814 2409 1854 se
2440 1798 2566 1854 fert.
2603 1798 2693 1852 Ait
2727 1793 2986 1852 Socrates
3012 1797 3087 1851 lib
3116 1811 3191 1860 vx,
3220 1811 3341 1865 cap.
3372 1797 3427 1859 5,

1843 1895 2320 1966 Chrysostomum,
2366 1906 2490 1946 cum
2541 1889 2810 1946 diaconus
2851 1898 3033 1954 esset,
3085 1891 3185 1943 hos
3235 1889 3428 1943 condi-

1843 1988 1990 2043 disse
2025 1985 2216 2048 libros,
2249 1982 2458 2038 scilicet
2485 1983 2555 2037 ab
2591 1997 2738 2036 anno
2778 1981 2878 2035 381
2941 1981 3010 2035 ad
3043 1996 3245 2037 annum
3297 1978 3425 2046 386,

1843 2059 1953 2148 quo
1994 2075 2050 2129 in
2083 2072 2482 2144 presbyterium
2518 2071 2769 2125 adiectus
2809 2078 2912 2124 est.
2947 2065 3226 2122 Palladius
3271 2081 3426 2128 vero,

1842 2167 2146 2226 secundum
2216 2163 2721 2234 interpretationem
2806 2159 3063 2214 Latinam
3143 2153 3426 2211 Ambrosii

1841 2257 2304 2322 Camaldulensis,
2344 2255 2398 2308 in
2449 2268 2672 2309 secessu
2705 2262 2761 2306 et
2781 2251 3079 2307 solitudine
3131 2249 3248 2304 haec
3273 2249 3423 2303 illum

1840 2351 2077 2406 edidisse
2141 2355 2350 2414 narrat,
2382 2347 2596 2402 scilicet
2626 2345 2695 2399 ab
2725 2359 2901 2425 anno.
2936 2343 3155 2399 circiter
3188 2343 3288 2396 571
3352 2343 3420 2397 ad

1843 2442 2118 2512 38l,.quo
2155 2454 2224 2495 ex
2271 2440 2490 2494 deserto
2530 2439 2584 2492 in
2639 2437 2831 2492 urbem
2886 2435 3068 2492 rediit.
3123 2433 3428 2490 Palladium

1843 2547 1983 2589 sane
2014 2531 2396 2587 incunctanter
2447 2542 2824 2598 sequeremur,
2862 2536 3053 2598 utpote
3095 2526 3429 2598 Cbrysosto-

1843 2638 1938 2680 mo
1967 2623 2231 2694 aequalem
2265 2631 2320 2676 et
2349 2620 2571 2674 aliunde
2599 2618 2704 2674 (ide
2728 2619 3057 2689 dignionem,
3082 2620 3126 2674 si
3157 2619 3210 2673 in
3235 2619 3428 2674 Graeco

1846 2724 2020 2779 textu,
2046 2729 2209 2784 quem
2238 2713 2410 2768 edidit
2438 2710 2722 2766 Emericus
2765 2709 3034 2781 Bigotius,
3068 2711 3258 2766 eadem
3309 2712 3428 2781 ipsa

1843 2808 2156 2878 legerentur
2183 2823 2198 2872 ;
2229 2805 2326 2860 sed
2353 2819 2478 2859 cum
2523 2803 2596 2856 ibi
2633 2817 2702 2857 ne
2729 2802 2836 2878 γρῦ
2865 2802 3082 2872 quidem
3115 2803 3219 2858 hac
3276 2807 3342 2857 de
3371 2818 3430 2858 re

1843 2875 2182 2966 compareat,
2213 2911 2242 2949 a
2271 2893 2485 2949 calculo
2511 2892 2738 2948 ferendo
2765 2875 3210 2962 supersedemus.
3239 2891 3434 2962 Neque

1840 2987 1990 3044 enim
2024 2986 2302 3041 Ambrosii
2355 2985 2799 3041 Camaldulensis
2853 2985 3144 3039 lectionem
3202 2985 3428 3040 omnino

1837 3079 2191 3151 rejieiendam
2220 3087 2481 3148 putamus
2506 3097 2521 3133 :
2550 3077 2820 3148 siquidem
2857 3075 2948 3131 ille
2985 3071 3095 3131 non
3128 3077 3244 3131 haec
3273 3091 3429 3131 som-

1837 3171 2044 3227 niando
2094 3179 2440 3226 commentus
2483 3169 2731 3236 videtur,
2780 3170 2874 3226 sed
2909 3170 3000 3224 illa
3039 3169 3430 3238 interpretatus

1838 3279 1984 3331 esse,
2016 3279 2140 3333 quae
2171 3263 2228 3317 in
2260 3261 2447 3332 aliquo
2489 3262 2788 3333 exemplari
2837 3261 3032 3317 Graeco
3082 3261 3424 3333 legebantur.

1839 3354 1916 3412 Ut
1941 3364 2000 3412 ut
2033 3371 2161 3412 vero
2184 3355 2278 3422 sit,
2311 3354 2449 3409 nihil
2479 3355 2545 3411 de
2581 3364 2824 3426 tempore
2870 3363 3202 3419 statuemus,
3254 3355 3429 3409 donec

1842 3449 2124 3520 quidpiam
2154 3449 2358 3504 certius
2394 3457 2658 3518 emergat.

1913 3538 2425 3611 Interpretationem
2458 3539 2715 3594 Germani
2746 3539 2946 3604 Brixii,
3001 3539 3129 3594 licet
3185 3537 3424 3608 aliquam

1842 3632 2130 3702 elegantia
2159 3632 2397 3702 speciem
2438 3647 2549 3700 pre
2577 3647 2638 3686 se
2667 3630 2865 3712 ferret,
2894 3639 3081 3700 utpote
3107 3645 3228 3699 qua:
3263 3643 3427 3699 para-

1838 3724 2070 3796 phrasin
2096 3732 2315 3795 saperet
2343 3739 2521 3796 neque
2555 3723 2627 3778 ita
2664 3732 2921 3778 accurate
2955 3722 3299 3792 concinnata.
3327 3735 3425 3776 es-

1839 3825 1947 3884 set,
1976 3816 2293 3888 rejecimus,
2325 3831 2639 3888 novamque
2663 3815 3002 3887 paravimus.
