4158 6316
762 395 4017 490 W

1672 556 2064 647 SANCTI
2120 550 2547 624 PATRIS
2610 548 3020 623 nosam
3506 504 3511 507 ⁷

1172 695 2015 881 JOANNIS
2113 711 3572 870 CHRYSOSTOMI

1389 979 1707 1134 DE
1840 956 3379 1133 SACERDOTIO

2134 1248 2398 1345 “imbri
2447 1265 2632 1342 sex.

2161 1436 2578 1492 Μ’

1797 1541 2271 1678 LIBER
2346 1535 2995 1666 PRIMUS.

2152 1738 2611 1768 ______.___.

1213 1872 1320 1908 ω
1348 1870 1517 1907 INSUFT
1540 1864 1678 1901 ιωιο
1700 1862 1875 1899 anno:

751 1974 784 2014 ι.
825 1964 1021 2015 Basilius
1041 1962 1265 2013 omnibus
1284 1956 1601 2021 Chrysostomi
1617 1954 1785 2021 amicis
1796 1944 2061 2021 antecellit.

754 2006 803 2075 ii.
827 2006 1715 2081 "(Teneatba—basﬁiietthrysonomi,
1741 2019 1793 2061 et
1814 2008 2078 2059 communis
2100 2006 2223 2055 circa
2256 2014 2341 2052 res

819 2100 992 2136 omnes
1013 2083 1336 2154 disquiSitio.__
1437 2153 1448 2154 γ
1490 2150 1530 2154 Δ-
1578 2124 1670 2154 _!_‘_
1714 2133 1969 2154 *ῃ*ῌῶ
2016 2130 2025 2154 ε

755 2126 1383 2205 un.""§i5ieii'ih§¢uaus,
1425 2150 1535 2189 ctam
1578 2126 1675 2186 vita
1714 2133 1973 2183 monastica
2016 2126 2228 2178 ineunda
2269 2137 2342 2173 es-

821 2215 917 2257 θυι.
942 2248 956 2255 -

760 2277 811 2316 tv
824 2254 843 2257 ⁷
858 2254 1161 2328 aromatum
1183 2260 1447 2313 communis
1468 2257 1770 2308 habitationis
1790 2254 2061 2314 utriusque.

760 2328 813 2379 ν.
847 2326 1005 2377 Μηιιιῖε
1022 2326 1283 2374 blanditiae.

758 2376 833 2441 vi.
866 2376 1010 2437 mus
1031 2400 1125 2449 qua
1151 2388 1198 2435 in
1221 2384 1520 2449 ordinatione
1544 2376 2167 2449 usus'estphrysostomus.

762 2438 852 2499 t'tl.
888 2438 1295 2497 Basiliiaocusatio
1307 2444 1538 2507 modesta
1565 2448 1616 2489 et
1640 2438 1864 2507 simplex.
1886 2498 1895 2507 _
2055 2506 2083 2507 Π
2110 2478 2111 2481 η

761 2493 867 2561 iiii.
892 2493 1210 2572 Ethoéibmi
1232 2493 1455 2572 defensio
1475 2516 1586 2572 cum
1608 2493 2287 2572 reprehensiogeAqgniﬁnﬁj

762 2551 1451 2632 iiT'iiﬁdiié'iiéraﬁé'sn‘va
1488 2551 1859 2611 ﬁ-aude'utilitas
1882 2572 1894 2606 :
1916 2556 2072 2605 thesis
2106 2551 2171 2603 'et
2190 2551 2325 2600 locus

823 2631 1104 2683 communis.

842 2851 890 2904 1.
923 2848 1148 2903 Basilius
1172 2844 1401 2900 omnibus
1426 2837 1769 2911 Chrysostomi
1787 2834 1959 2889 amicis
1984 2829 2255 2886 antecellit.
2275 2856 2347 2866 -—

770 2940 896 2995 Mihi
941 2937 1153 3007 quidem
1184 2934 1339 2988 amici
1365 2931 1667 3000 complures
1713 2927 1891 2990 fuere,
1947 2924 2086 2991 iique
2110 2917 2344 2991 germani

767 3039 822 3084 et
848 3029 991 3093 veri,
1021 3026 1111 3097 qui
1150 3024 1398 3079 amicitia:
1439 3023 1584 3088 leges
1624 3027 1677 3073 et
1705 3017 1868 3087 probe
1910 3013 2265 3082 intelligerent
2293 3017 2348 3063 et

766 3119 1045 3189 diligenter
1059 3115 1405 3171 observarent
1424 3129 1435 3162 :
1459 3111 1650 3165 horum
1667 3122 1797 3162 vero
1817 3103 2164 3173 complurium
2186 3114 2343 3167 unus,

767 3208 860 3278 qui
882 3217 1107 3265 caeteros
1130 3220 1315 3261 omnes
1356 3203 1589 3259 amicitia
1618 3202 1771 3269 longe
1799 3197 2112 3268 superabat,
2143 3201 2346 3248 tantum

770 3303 890 3356 illos
918 3310 1061 3354 retro
1087 3298 1385 3366 relinquere
1412 3293 1691 3359 studebat,
1720 3298 1975 3361 quantum
2007 3286 2082 3340 illi
2112 3284 2348 3353 reliquos

770 3389 1111 3447 mediocriter
1149 3401 1273 3457 erga
1318 3400 1406 3441 me
1446 3383 1684 3440 aﬂ‘ectos.
1724 3381 1773 3437 Is
1806 3395 1870 3435 ex
1902 3392 2096 3433 eorum
2125 3390 2349 3430 numero

770 3491 915 3547 erat,
955 3480 1042 3550 qui
1088 3477 1238 3532 lateri
1267 3490 1388 3530 meo
1415 3482 1678 3545 perpetuo
1705 3471 2008 3525 haererent:
2036 3466 2233 3521 etenim
2260 3464 2351 3518 iis-

772 3574 893 3629 dem
931 3581 1041 3627 turn
1068 3568 1359 3639 disciplinls
1389 3555 1499 3622 tum
1528 3563 1796 3633 magistris
1824 3574 2038 3630 operam
2086 3557 2347 3614 dedimus.

773 3663 949 3720 Unum
978 3662 1254 3730 utriusque
1288 3665 1403 3713 erat
1441 3658 1581 3712 circa
1608 3656 1788 3710 literas
1815 3652 2047 3707 studium
2067 3691 2082 3717 ,
2113 3664 2214 3704 una
2238 3648 2352 3704 sol-

776 3752 1015 3816 licitudo,
1043 3767 1137 3821 par
1164 3749 1485 3805 desiderium
1520 3747 1707 3801 iisdem
1735 3760 1801 3801 ex
1830 3746 1989 3799 rebus
2019 3751 2219 3796 natum.
2242 3740 2350 3795 Ne-

775 3862 877 3913 que
902 3846 1043 3900 enim
1069 3844 1243 3898 solum
1273 3858 1393 3897 cum
1420 3840 1486 3895 ad
1518 3839 2232 3917 magistros.ventitaremus,
2258 3834 2352 3890 sed

776 3936 933 3989 etiam
965 3948 1083 3987 cum
1112 3933 1260 3986 illine
1292 3945 1535 4000 egressos
1570 3928 1850 3983 consilium
1892 3924 2025 3981 inire
2051 3934 2350 3996 oporteret,

777 4023 917 4095 quod
939 4022 1274 4093 praestantius
1290 4021 1409 4074 vita:
1428 4033 1595 4090 genus
1615 4019 1768 4073 nobis
1788 4016 2169 4087 capessendum
2191 4023 2352 4081 esset,

780 4128 907 4171 tunc
930 4117 1088 4170 etiam
1118 4115 1255 4188 idem
1286 4127 1579 4168 consensus
1604 4112 1911 4182 apparebat.

849 4208 904 4260 2.
937 4205 1219 4259 Concordia
1260 4203 1441 4257 Basilii
1470 4212 1515 4256 et
1551 4201 1893 4272 Chrysostomi
1914 4242 1931 4267 ,
1983 4210 2029 4253 et
2079 4200 2356 4254 communis

780 4301 915 4352 circa
941 4314 1021 4351 res
1046 4311 1217 4351 omnes
1241 4294 1541 4365 disquisitio.
1572 4323 1643 4333 —
1672 4292 1836 4346 Erant
1863 4300 1917 4346 et
1940 4292 2043 4344 alia
2072 4307 2191 4360 quae
2223 4290 2357 4344 hanc

782 4388 1118 4445 concordiam
1144 4388 1349 4441 ﬁrmam
1368 4387 1841 4454 inconcussamque
1860 4394 2150 4439 servarent.
2177 4383 2358 4452 Neque

782 4481 925 4548 enim
951 4480 1021 4536 ob
1054 4480 1239 4549 patriae
1268 4477 1669 4548 amplitudinem
1696 4477 1831 4531 alter
1852 4476 2105 4530 adversus
2134 4477 2356 4530 alterum

784 4587 844 4627 se
869 4569 1059 4626 cil'erre
1085 4576 1328 4639 poterat:
1360 4567 1489 4622 mihi
1521 4582 1625 4621 non
1656 4582 1785 4637 Opes
1811 4582 2031 4621 summa:
2061 4574 2231 4629 erant,
2262 4580 2361 4620 nec

784 4665 876 4719 ille
905 4672 1142 4718 extrema
1187 4658 1527 4729 premebatur
1554 4659 1726 4726 inopia
1760 4676 1772 4712 :
1814 4658 1922 4711 imo
1964 4666 2017 4711 et
2056 4657 2360 4710 facultatum

784 4753 1000 4807 modum
1049 4750 1300 4820 propositi
1346 4750 1542 4818 paritas
1589 4748 1976 4803 :emulabatur:
2017 4761 2111 4815 par
2153 4746 2363 4816 generis

785 4841 1019 4895 conditio
1044 4848 1160 4894 erat
1180 4881 1197 4906 ,
1226 4838 1600 4907 omniaquead
1625 4837 1938 4892 sententiam
1969 4846 2202 4890 nostram
2230 4849 2362 4889 con-

785 4933 1091 4988 currebant.

857 5027 913 5081 3.
944 5026 1146 5080 Statera
1174 5023 1454 5093 intequalis,
1485 5036 1599 5075 (um
1626 5021 1725 5075 vita
1750 5021 2021 5073 monastica
2043 5018 2260 5072 ineunda
2288 5032 2365 5070 es-

788 5128 879 5171 set.
907 5144 979 5156 --
1005 5115 1138 5169 Cum
1170 5118 1346 5186 autem
1378 5127 1675 5184 proxrmum
1703 5120 1844 5167 esset
1873 5120 1931 5165 ut
1955 5112 2137 5164 beatus
2166 5109 2255 5163 ille
2284 5110 2365 5162 vir

790 5206 1171 5261 monachorum
1209 5196 1697 5274 vitanf'veramque
1744 5202 2128 5272 philosophiam
2158 5201 2364 5270 ample-

790 5307 1047 5362 cteretur,
1072 5297 1183 5366 jam
1207 5312 1312 5349 non
1341 5310 1438 5365 par
1464 5306 1579 5349 erat
1603 5304 1818 5359 statera,
1849 5293 1939 5348 sed
1968 5293 2082 5362 ejus
2108 5295 2250 5357 lanx,
2276 5302 2363 5344 ut-

794 5396 917 5457 pote
945 5387 1130 5454 levior,
1158 5387 1397 5441 sublimis
1435 5384 1737 5449 ferebatur;
1770 5400 1868 5454 ego
1892 5390 2019 5438 vero
2054 5382 2233 5446 muridi
2273 5397 2367 5435 cu-

794 5478 1101 5549 piditatibus
1134 5478 1369 5532 irretitus
1408 5476 1612 5531 lancem
1654 5490 1858 5535 meam.
1888 5473 2205 5543 juvenilibus
2229 5487 2363 5526 onu-

797 5580 931 5626 nam
952 5568 1377 5637 cogitationibus,
1399 5567 1778 5637 deprimebam.
1796 5566 1890 5621 Hic
1904 5566 2114 5620 demum
2136 5565 2364 5619 amicitia

799 5662 1006 5731 quidem
1034 5661 1202 5723 firma,
1236 5668 1292 5712 ut
1318 5668 1461 5725 ante,
1489 5658 1751 5723 manebat,
1777 5658 2215 5712 sed‘consuetudo
2241 5657 2363 5710 diri-

802 5755 1077 5809 utebatur:
1109 5765 1279 5820 neque
1324 5750 1463 5807 enim
1507 5766 1610 5806 una
1642 5750 1834 5807 versari
1878 5760 2115 5819 poterant
2145 5748 2231 5820 qui
2260 5764 2364 5805 non

2444 1831 2632 1888 iisdem
2660 1828 2848 1884 studiis
2871 1833 3199 1881 tenerentur.
3227 1823 3490 1880 Caeterum
3520 1824 3605 1879 ubi
3630 1831 3685 1879 et
3712 1824 3827 1895 ipse
3853 1837 3887 1879 a
3918 1822 4039 1878 vitae

2445 1921 2602 1992 hujus
2626 1918 2875 1974 ﬂuctibus
2899 1924 3058 1986 caput
3080 1916 3349 1985 paululum
3372 1915 3537 1981 erexi,
3562 1931 3646 1970 me
3670 1915 3757 1970 ille
3777 1914 4041 1969 ambabus

2444 2008 2798 2081 apprehendit
2842 2006 3133 2061 manibus:
3180 2014 3235 2059 at
3276 2021 3344 2059 ne
3389 2005 3467 2059 sic
3508 2006 3720 2074 quidem
3763 2006 4041 2074 potuimus

2445 2099 2803 2170 aequalitatem
2856 2096 3137 2167 pristinam
3193 2095 3450 2152 retinere“.
3510 2095 3719 2149 Etenim
3770 2110 3901 2150 cum
3956 2096 4042 2149 ille

2448 2207 2547 2246 nos
2582 2199 2824 2260 tempore
2848 2188 3249 2261 antevenisset,
3281 2186 3580 2256 ardensque
3625 2186 3861 2245 studium
3889 2185 4044 2241 exhi-

2447 2281 2686 2344 buisset,
2732 2292 2918 2334 rursus
2959 2277 3240 2334 sublimior
3270 2276 3559 2347 ferebatur,
3593 2278 3645 2332 in
3687 2277 3852 2333 altum
3888 2278 4043 2333 valde

2447 2372 2704 2427 sublatus.

2518 2477 2573 2530 4.
2614 2474 2943 2544 Propositum
2984 2474 3262 2528 communis
3299 2474 3619 2528 habitationis
3655 2476 3943 2544 utriusque.
3976 2504 4046 2515 —

2448 2566 2696 2620 Attamen
2718 2564 2892 2618 bonus
2920 2578 3039 2617 cum
3068 2572 3211 2618 esset
3239 2563 3631 2633 amicitiamque
3654 2572 3899 2618 nostram
3929 2578 4045 2617 ma-

2448 2658 2539 2727 gni
2570 2657 2786 2722 faceret,
2818 2670 2848 2708 a
2874 2664 3189 2709 ceterorum
3217 2654 3454 2709 omnium
3480 2653 3829 2708 contubernio
3857 2667 3923 2710 se
3948 2655 4047 2708 ab-

2450 2747 2689 2812 ducens,
2737 2746 3012 2799 nobiscum
3052 2744 3196 2799 omni
3237 2752 3479 2813 tempore
3518 2744 3859 2812 versabatur,
3902 2746 4046 2815 quod

2450 2847 2607 2893 antea
2638 2838 2738 2907 ipsi
2759 2838 2813 2891 in
2841 2845 2966 2890 voto
2994 2844 3128 2901 erat,
3160 2835 3275 2899 sed,
3303 2844 3361 2889 ut
3382 2835 3516 2902 dixi,
3544 2851 3575 2891 a
3608 2836 3831 2906 segnitie
3860 2846 4048 2891 nostra

2450 2927 2751 2998 prohibitus
2776 2926 2972 2981 fuerat.
3001 2926 3187 2995 Neque
3211 2912 3354 2980 enim
3384 2934 3594 2995 poterat
3616 2927 3681 2994 is,
3712 2928 3802 2997 qui
3825 2927 4049 2997 judieiis

2454 3030 2507 3076 et
2538 3020 2655 3075 foro
2698 3019 2937 3075 haerebat
2972 3027 3027 3073 et
3064 3034 3237 3073 scenze
3283 3018 3671 3074 oblectamenta
3712 3020 4047 3087 sectabatur,

2453 3125 2575 3165 cum
2597 3125 2664 3165 eo
2684 3125 2826 3179 saepe
2848 3109 3073 3175 versari,
3099 3110 3191 3178 qui
3210 3108 3359 3162 libris
3379 3108 3590 3165 deditus
3608 3109 3662 3163 in
3686 3109 3863 3164 forum
3892 3127 4051 3166 num-

2451 3216 2608 3271 quam
2630 3202 2937 3255 ventitaret.
2963 3198 3325 3265 Quamobrem
3348 3213 3468 3253 eum
3492 3208 3649 3255 antea
3673 3199 4053 3268 repulsus'nos

2452 3291 2518 3345 ad
2541 3290 2785 3347 eamdem
2814 3291 2933 3344 vitae
2959 3289 3268 3346 societatem
3296 3288 3606 3359 accepisset,
3634 3290 3774 3359 quod
3794 3292 3913 3359 jam
3943 3292 4053 3361 pri-

2451 3381 2572 3436 dem
2596 3376 2918 3435 desiderium
2946 3380 3289 3449 parturiebat,
3320 3378 3601 3434 confestim
3631 3381 3857 3450 peperit,
3888 3395 3956 3436 ac
3985 3397 4053 3437 ne

2452 3472 2726 3526 minimam
2753 3471 2968 3540 quidem
2989 3470 3092 3524 diei
3121 3479 3324 3538 partem
3349 3485 3378 3523 a
3410 3469 3565 3524 nobis
3588 3470 3777 3525 abesse
3801 3471 4051 3539 patieba-

2455 3570 2576 3617 tur:
2610 3562 2707 3617 sed
2731 3560 2945 3616 assidue
2967 3560 3296 3625 hortabatur,
3325 3566 3385 3613 ut
3406 3558 3566 3613 domo
3592 3567 3813 3629 uterque
3836 3574 3941 3615 sua
3970 3576 4055 3616 re-

2456 3652 2577 3707 licta
2613 3668 2897 3708 commune
2935 3651 3258 3706 domicilium
3303 3650 3696 3707 incoleremus:
3728 3667 3835 3721 quo
3876 3654 4053 3723 impe-

2455 3754 2591 3800 trato
2613 3746 2723 3814 jam
2751 3760 2840 3799 res
2865 3744 2919 3798 in
2949 3744 3193 3799 manibus
3216 3752 3352 3798 erat.

2526 3844 2581 3898 5.
2611 3842 2795 3897 Matri:
2822 3841 3096 3895 blanditiae.
3123 3870 3194 3881 —
3222 3841 3420 3896 Verum
3458 3841 3685 3897 assiduae
3709 3842 3900 3898 matris
3932 3843 4055 3897 ille-

2456 3932 2629 3987 cebra:
2657 3932 2992 3995 obstiterunt,
3025 3930 3309 4000 quominus
3352 3930 3489 3986 hanc
3515 3930 3589 3985 illi
3611 3933 3837 4001 gratiam
3859 3933 4055 3988 redde-

2457 4040 2607 4090 rem;
2641 4024 2747 4078 imo
2797 4038 2949 4092 vero,
2980 4024 3261 4093 quominus
3288 4023 3341 4077 id
3376 4024 3618 4079 beneficii
3649 4025 3716 4079 ab
3743 4039 3810 4080 eo
3833 4026 4054 4095 accipe-

2458 4132 2590 4170 rem.
2631 4115 2916 4176 Enimvero
2956 4115 3046 4169 ubi
3093 4117 3180 4170 illa
3234 4116 3450 4170 odorata
3488 4124 3569 4171 est
3608 4132 3695 4172 me
3742 4117 3795 4171 id
3839 4120 4054 4177 consilii

2459 4206 2613 4267 inire,
2644 4206 2829 4260 dextra
2857 4207 3247 4275 apprehensum
3280 4207 3569 4261 introduxit
3591 4223 3677 4262 me
3704 4208 3755 4261 in
3780 4209 4053 4277 peculiare

2460 4296 2559 4350 sibi
2588 4296 2910 4351 domicilium
2930 4338 2946 4362 ,
2982 4311 3046 4351 ac
3074 4312 3159 4351 me
3198 4311 3360 4366 prope
3388 4297 3584 4351 lectum
3606 4341 3621 4364 ,
3654 4298 3744 4351 ubi
3775 4314 3861 4353 me
3895 4300 4053 4354 enixa

2462 4385 2662 4451 fuerat,
2696 4386 2929 4441 assidere
2956 4387 3125 4456 jusso,
3161 4388 3371 4442 emissis
3395 4387 3747 4457 lacrymarum
3780 4388 4053 4456 fontibus,

2462 4475 2592 4545 ipsis
2622 4476 2871 4547 lacrymis
2895 4478 3279 4536 miserabiliora
3305 4478 3464 4533 verba
3491 4479 3821 4547 proferebat,
3856 4481 3947 4534 his
3972 4498 4058 4537 me

2462 4566 2793 4634 gemebunda
2817 4566 3178 4635 compellans:
3208 4566 3341 4637 Ego,
3372 4568 3574 4636 inquit,
3606 4570 3699 4635 ﬁli,
3732 4570 3931 4627 virtute
3962 4588 4057 4642 pa-

2462 4653 2567 4710 tris
2600 4656 2674 4709 tni
2713 4671 2817 4709 non
2864 4657 3031 4710 multo
3074 4665 3314 4733 tempore
3358 4658 3429 4711 ita
3476 4660 3792 4727 providente
3836 4664 4059 4717 numine

2457 4745 2567 4799 frui
2610 4747 2775 4814 potui.
2822 4746 2953 4799 Nam
2998 4758 3181 4817 partus
3224 4747 3303 4801 tui
3347 4748 3562 4804 dolores
3590 4752 3861 4822 excipiens
3910 4754 4059 4809 illius

2466 4836 2670 4902 obitus,
2701 4847 2751 4892 te
2779 4839 3032 4908 pupillum
3051 4880 3065 4903 ,
3098 4855 3183 4894 me
3212 4839 3423 4894 viduam
3457 4853 3773 4910 praemature
3800 4845 4056 4914 reliquit,

2466 4926 2659 4981 additis
2696 4928 2963 4982 viduitatis
3006 4930 3393 4996 incommodis,
3441 4947 3559 5001 quae
3605 4934 3841 5003 expertis
3878 4936 4057 4990 solum

2468 5017 2631 5085 probe
2658 5026 2780 5071 nota
2803 5027 2945 5072 sunt.
2969 5018 3157 5073 Nullus
3184 5022 3325 5075 enim
3367 5035 3546 5077 sermo
3576 5022 3720 5078 illam
3764 5033 4058 5095 tempesta-

2469 5116 2573 5161 tem
2604 5123 2668 5162 ae
2696 5109 2979 5177 procellam
3010 5110 3308 5178 exprimere
3340 5113 3541 5180 possit,
3571 5126 3729 5183 quam
3754 5117 3937 5183 puella
3968 5133 4055 5171 su-

2469 5202 2575 5269 bit,
2604 5216 2726 5257 cum
2753 5217 2922 5272 nuper
2946 5218 2977 5258 e
3004 5202 3165 5258 domo
3187 5205 3351 5273 patris
3378 5205 3603 5271 emissa,
3634 5221 3697 5261 ac
3722 5210 4054 5277 negotiorum

2470 5297 2711 5367 imperita
2731 5340 2746 5365 ,
2776 5308 2995 5368 repente
3023 5299 3166 5353 luctu
3200 5300 3515 5354 intolerabili
3548 5302 3821 5370 perculsa,
3853 5304 4060 5359 sollici-

2470 5388 2711 5443 tudinem
2734 5398 2888 5443 aetate
2908 5397 2973 5445 ac“
2991 5405 3120 5444 sexu
3141 5405 3239 5445 suo
3258 5390 3512 5459 majorem
3540 5392 3809 5463 suscipere
3828 5393 4059 5465 cogitur.

2469 5478 2612 5547 Opus
2638 5478 2779 5533 enim
2810 5489 2892 5534 est
2915 5495 3191 5535 servorum
3230 5481 3489 5552 ignaviam
3515 5486 3831 5550 emendare,
3862 5489 4058 5556 nequi-

2473 5569 2595 5621 tiam
2624 5569 2928 5636 observare,
2960 5578 3303 5639 cognatorum
3345 5572 3561 5627 insidias
3586 5575 3930 5643 propulsare,
3962 5593 4057 5646 pu-

2471 5659 2800 5713 blicanorum
2832 5661 3099 5715 molestias
3131 5662 3259 5716 etin
3290 5662 3632 5733 vectigalibus
3656 5667 3929 5735 exigendis
3960 5669 4058 5721 im~

2475 5749 2777 5805 mmitatcm
2810 5751 3011 5808 fortiter
3034 5752 3188 5811 ferre.
3218 5753 3369 5822 Quod
3400 5757 3440 5812 si
3471 5757 3533 5825 is,
3559 5756 3645 5827 qui
3671 5770 3896 5815 mortem
3925 5759 4058 5827 obit,
