4198 6324
239 369 345 425 625

237 487 444 557 prolem
466 486 735 556 relinquat
752 483 782 553 ;'
793 486 838 542 si
860 486 930 542 sit
953 486 1443 557 femina,"magnam
1470 486 1650 556 utique
1672 483 1831 554 matri

237 592 422 632 curam
449 577 690 645 exhibet,
720 578 814 634 sed
847 587 1023 634 tamen
1053 570 1433 646 sumptibuset
1459 586 1603 632 metu
1633 591 1832 632 vacan-

241 678 350 723 tem
375 687 388 721 :
420 677 474 722 at
502 669 644 724 ﬁlius
663 670 928 725 sexcentis
949 669 1184 740 quotidie
1208 654 1488 724 timoribus
1503 668 1674 738 replet
1697 657 1834 722 mulé

239 761 414 832 tisque
453 761 931 827 sollicitudinibus;
975 762 1130 816 mitto
1168 762 1310 816 enim
1345 763 1690 834 pecuniarum
1733 776 1830 814 ex-

235 865 481 920 pensam,
505 867 663 921 quam
689 851 905 906 multam
932 850 1111 906 facere
1129 852 1335 922 cogitur
1360 860 1547 918 mater,
1570 851 1614 906 si
1635 850 1830 905 libera-

233 942 358 1000 liter
387 944 536 999 illum
563 943 792 999 educare
827 943 1024 1013 cupiat.
1067 943 1151 999 Me
1193 953 1367 998 tamen
1411 943 1600 996 horum
1627 942 1828 997 nullum

229 1033 302 1088 ad
326 1034 526 1090 alteras
561 1034 771 1104 nuptias
798 1035 880 1088 vel
911 1033 979 1089 ad
1016 1031 1245 1089 alterum
1283 1035 1336 1089 in
1383 1035 1544 1102 patris
1575 1033 1649 1088 tui
1686 1034 1828 1090 aedes

234 1123 597 1179 inducendum
637 1138 890 1193 sponsum
934 1125 1227 1193 permovit;
1272 1124 1366 1178 sed
1398 1125 1459 1180 in
1504 1123 1734 1193 procella
1773 1131 1829 1178 et

235 1217 446 1272 turbine
487 1218 687 1282 mansi,
731 1217 1068 1286 ferreamque
1105 1217 1377 1285 viduitatis
1406 1216 1674 1280 fornacem
1719 1232 1825 1270 non

230 1308 414 1372 evasi,
461 1309 634 1377 primo
661 1307 876 1376 quidem
905 1323 1140 1376 superno
1179 1308 1304 1361 fulta
1339 1307 1604 1372 subsidio,
1632 1307 1826 1362 deinde

232 1415 340 1463 non
374 1401 584 1467 modico
625 1401 755 1454 mihi
785 1399 838 1453 in
869 1400 1255 1454 calamitatibus
1287 1399 1477 1454 solatio
1501 1407 1646 1462 erat,
1681 1397 1823 1467 quod

231 1493 438 1545 vultum
463 1465 766 1560 fi-equenter
792 1502 938 1544 tuum
964 1490 1279 1558 aspicerem,
1304 1503 1367 1543 ac
1387 1489 1559 1542 vivam
1586 1465 1823 1542 defuncti

231 1583 520 1652 imaginem
543 1595 834 1642 servarem,
853 1579 972 1648 quae
989 1580 1140 1634 illum
1159 1586 1403 1633 accurate
1424 1578 1668 1632 referret.
1691 1577 1824 1644 Qua-

233 1680 452 1741 pr0pter
480 1686 600 1739 cum
629 1669 803 1724 adhuc
838 1669 1012 1724 infans
1037 1681 1215 1738 esses,
1247 1667 1475 1724 needum
1500 1667 1644 1736 loqui
1673 1667 1822 1720 vale-

231 1778 353 1828 res,
395 1778 518 1817 cum
561 1763 793 1817 maxime
827 1761 979 1832 pueri
1025 1770 1274 1838 parentes
1310 1760 1577 1815 oblectare
1612 1759 1820 1826 solent,

229 1871 439 1925 magna:
460 1855 596 1908 mihi
621 1854 972 1928 consolationi
996 1853 1159 1907 fuisti.
1180 1845 1371 1922 Neque
1385 1851 1511 1904 illud
1539 1851 1668 1907 mihi
1694 1851 1821 1919 vitio

228 1956 442 2001 vertere
468 1945 662 2015 possis,
693 1944 835 2014 quod
863 1944 984 1998 licet
1013 1943 1322 1997 viduitatem
1347 1940 1557 1996 fortiter
1584 1937 1815 2006 tulerim,

229 2046 484 2106 paternas
525 2045 702 2089 tamen
745 2033 1119 2089 ob'viduitatis
1157 2031 1550 2087 incommodum
1582 2031 1673 2085 tibi
1713 2032 1816 2084 mi-

231 2128 437 2183 nuerim
470 2126 774 2192 facultates,
806 2124 948 2195 quod
978 2125 1158 2179 multis
1195 2123 1247 2177 in
1284 2121 1512 2177 orbitate
1539 2120 1820 2190 infeliciter

187 2271 192 2275 .
228 2217 490 2272 accidisse
518 2216 679 2270 novi:
713 2231 834 2268 nam
870 2215 988 2268 illas
1023 2212 1120 2268 tibi
1157 2213 1389 2281 integras
1419 2211 1653 2273 servavi,
1695 2210 1818 2264 licet

229 2307 362 2362 nihil
387 2322 574 2362 eorum
602 2316 906 2375 sumptuum
936 2304 1386 2374 przetermiscrim,
1412 2302 1502 2372 qui
1527 2300 1594 2355 ad
1621 2300 1816 2354 libera-

226 2398 334 2454 lem
361 2398 750 2453 institutionem
778 2405 918 2450 tuam
943 2393 1228 2449 necessarii
1253 2400 1406 2447 crant
1431 2409 1444 2445 :
1477 2390 1632 2460 idque
1651 2405 1719 2443 ex
1741 2389 1817 2442 fa-

225 2489 515 2544 cultatibus
539 2487 672 2542 meis
699 2501 872 2556 exque
898 2484 1166 2555 pecuniis,
1191 2497 1325 2553 quas
1352 2498 1382 2536 e
1409 2481 1570 2536 domo
1598 2488 1814 2551 paterna

225 2582 533 2636 attuleram.
563 2577 640 2634 Ne
669 2593 796 2632 vero
825 2586 976 2646 putes
1014 2591 1102 2630 me
1126 2574 1220 2628 tibi
1257 2572 1665 2642 exprobrantem
1699 2570 1814 2624 haac

225 2671 406 2725 dicere
432 2688 445 2724 :
478 2669 572 2723 sed
610 2655 707 2738 pro
734 2667 818 2720 his
841 2665 1088 2719 omnibus
1125 2678 1282 2718 unam
1311 2660 1522 2732 postulo
1554 2660 1773 2730 gratiam
1793 2696 1812 2724 ,

225 2777 296 2815 ne
336 2775 424 2814 me
469 2759 638 2812 altera
675 2757 948 2814 viduitate
975 2755 1245 2821 involvas,
1292 2767 1394 2806 neu
1435 2752 1664 2820 sopitum
1701 2751 1810 2817 jam

224 2850 426 2906 luctum
489 2849 666 2903 denuo
721 2847 956 2910 excites,
1014 2859 1202 2899 verum
1253 2851 1480 2896 mortem
1535 2848 1813 2910 exspectes

221 2957 399 2998 meam
434 2959 449 2995 :
488 2941 613 2995 hinc
654 2939 878 2993 fortasse
921 2936 1068 2991 brevi
1108 2932 1478 3005 emigrandum
1516 2931 1649 2986 mibi
1687 2931 1808 2985 erit.

220 3034 354 3090 Nam
381 3033 604 3102 juvenes
632 3029 845 3101 quidem
872 3028 938 3083 ad
974 3037 1278 3098 provectam
1306 3024 1522 3095 perduci
1561 3031 1810 3078 senectu-

221 3135 332 3182 tem
368 3140 586 3195 sperare
619 3129 872 3194 possunt;
907 3135 1007 3175 nos
1031 3127 1237 3186 autem,
1267 3118 1357 3187 qui
1397 3115 1809 3180 consenuimus,

219 3217 365 3272 nihil
385 3216 527 3270 aliud
566 3230 726 3284 quam
765 3219 992 3267 mortem
1025 3209 1414 3279 prazstolamur.
1458 3205 1592 3262 Cum
1633 3207 1810 3276 itaque

219 3325 308 3365 me
340 3318 498 3364 term:
533 3307 846 3372 tradideris,
877 3305 1150 3376 patrisque
1185 3303 1394 3358 ossibus
1431 3300 1808 3364 admiscueris,

219 3404 406 3472 longas
434 3401 688 3469 suscipito
718 3396 1200 3468 peregrinationes,
1229 3402 1282 3449 et
1310 3393 1682 3463 quodcumque
1709 3405 1806 3444 vo-

217 3495 384 3549 lueris
412 3493 628 3562 pelagus
658 3491 926 3560 trajicito:
960 3501 1115 3542 nemo
1139 3495 1267 3540 tunc
1293 3483 1660 3554 prohibiturus
1685 3489 1805 3535 est:

215 3595 473 3641 caeterum
509 3584 680 3638 donec
705 3582 1030 3650 respiramus
1049 3621 1065 3645 ,
1100 3577 1506 3633 contubernium
1533 3589 1710 3628 meum
1741 3589 1808 3626 ne

216 3691 461 3746 respuas,
491 3690 592 3729 neu
615 3675 666 3727 in
689 3672 782 3726 Dei
802 3671 1151 3726 offensionem
1173 3678 1375 3723 temere
1397 3667 1656 3730 incurras,
1680 3664 1806 3718 dum

218 3785 316 3823 nos
363 3768 495 3821 nihil
541 3775 716 3820 tamen
759 3765 917 3818 laesus
956 3777 986 3816 a
1030 3761 1182 3830 nobis
1231 3769 1310 3813 tot
1351 3759 1503 3812 malis
1547 3757 1806 3810 involves.

219 3859 428 3915 Etenim
457 3858 500 3910 si
527 3856 780 3924 conqueri
812 3862 997 3922 potes,
1038 3851 1178 3926 quod
1209 3859 1260 3905 te
1288 3850 1353 3904 ad
1388 3849 1682 3902 mundanas
1711 3862 1805 3901 cu-

216 3965 303 4003 ras
328 3947 655 4019 perlraham,
683 3961 745 3999 ac
763 3944 990 4012 negotiis
1019 3941 1323 4011 prospicere
1354 3941 1458 3994 tuis
1487 3926 1671 4007 cogam
1693 3978 1708 4000 ,
1739 3952 1806 3990 ne

217 4039 365 4107 leges
405 4047 643 4098 naturae,
677 4050 744 4087 ne
780 4033 1178 4096 educationem,
1220 4045 1286 4084 ne
1328 4026 1804 4090 consuetudinem,

217 4143 321 4182 neu
361 4126 502 4179 aliud
529 4124 796 4194 quidpiam
823 4121 1149 4192 reverearis,
1177 4119 1270 4173 sed
1301 4134 1397 4171 nos
1427 4126 1692 4184 tamquam
1721 4115 1806 4168 in-

214 4219 500 4273 sidiatores
525 4227 576 4270 et
598 4217 839 4270 inimicos
859 4213 1012 4282 fuge;
1038 4213 1120 4264 sin
1141 4227 1267 4266 vero
1290 4209 1418 4263 nihil
1446 4224 1551 4262 non
1577 4208 1801 4277 agimus,

215 4319 274 4362 ut
303 4309 394 4362 tibi
426 4308 589 4360 otium
623 4319 870 4374 paremus
898 4303 963 4356 ad
994 4303 1153 4355 vitam
1183 4299 1560 4354 instituendam
1581 4338 1596 4361 ,
1627 4298 1672 4351 si
1709 4299 1807 4348 mi-

214 4415 317 4452 nus
344 4397 488 4451 aliud
514 4397 812 4456 vinculum,
847 4403 992 4447 certe
1023 4395 1123 4445 hoc
1152 4406 1314 4445 unum
1346 4398 1397 4443 te
1424 4387 1562 4459 apud
1589 4403 1686 4440 nos
1715 4387 1810 4440 de-

215 4491 404 4543 tineat.
433 4487 565 4540 Nam
600 4486 808 4540 etiamsi
841 4495 891 4537 te
919 4499 947 4536 a
971 4485 1238 4553 sexcentis
1263 4482 1382 4534 aliis
1419 4480 1584 4533 amari
1623 4480 1769 4532 dicas
1789 4521 1803 4543 ,

218 4580 393 4632 nullus
431 4577 524 4630 tibi
561 4584 759 4628 tantam
791 4574 1085 4627 libertatem
1114 4571 1446 4640 procurabit,
1480 4569 1808 4638 quandoqui-

216 4671 340 4723 dem
384 4682 543 4721 nemo
583 4674 694 4732 est,
743 4665 826 4718 cui
875 4663 1196 4718 exiSIimatio
1245 4670 1331 4714 tua
1371 4675 1523 4729 teque
1569 4675 1643 4726 ac,
1678 4659 1806 4712 mihi

212 4775 338 4814 cara
368 4759 454 4811 sit.
1235 4821 1240 4826 δ

290 4852 344 4904 ϐ.
374 4850 543 4901 Fraus
567 4847 735 4915 quain
758 4845 1071 4901 ordinatione
1096 4859 1216 4895 usus
1236 4851 1308 4895 est
1328 4840 1810 4910 Chrysostomus.-—-

221 4943 346 4996 llzec
373 4952 426 4992 et
456 4940 535 4992 his
563 4939 712 5005 plura
740 4937 922 4990 matris
945 4934 1107 4988 verba
1135 4943 1286 4986 erant
1316 4950 1328 4984 :
1363 4946 1480 5000 qua:
1503 4946 1621 4982 cum
1643 4944 1807 4998 gene-

221 5050 349 5088 roso
394 5032 468 5086 illi
523 5031 636 5083 viro
665 5029 1070 5088 renuntiarent,
1127 5025 1216 5078 ille
1264 5025 1460 5077 nedum
1505 5021 1809 5089 bujusmodi

214 5124 400 5178 verbis
441 5127 777 5182 moveretur,
806 5118 979 5171 acrius
1006 5117 1166 5169 etiam
1215 5113 1444 5167 instabat
1470 5111 1657 5167 eadem
1699 5112 1811 5178 ipsa

216 5231 338 5284 qua:
373 5213 517 5282 prius
543 5205 857 5278 efflagitans.
877 5207 1002 5260 llaec
1022 5221 1140 5259 eum
1165 5205 1301 5257 inter
1331 5217 1428 5255 nos
1451 5215 1809 5264 versaremns,

220 5306 311 5359 illo
333 5303 638 5371 frequenter
666 5301 922 5361 instante,
955 5313 1039 5350 me
1057 5295 1325 5349 abnuente
1349 5335 1362 5357 ,
1389 5302 1606 5346 exortus
1637 5291 1814 5344 subito

227 5409 412 5448 rumor
456 5403 740 5459 utrumque
788 5389 1060 5442 turbavit:
1095 5385 1230 5437 fama
1279 5383 1422 5436 enim
1463 5391 1579 5435 erat
1622 5395 1718 5434 nos
1748 5380 1814 5432 ad

221 5486 579 5556 episcopalem
631 5483 937 5552 dignitatem
972 5483 986 5511 ⁸
1030 5475 1418 5547 promovendos
1486 5487 1625 5527 esse.
1691 5471 1817 5538 Qui-

287 5660 302 5689 ¹
340 5655 482 5705 Savil.
512 5655 559 5702 in
585 5661 745 5708 textu,
763 5650 928 5699 Morel.
955 5658 1005 5698 et
1031 5651 1235 5696 maxima
1262 5659 1371 5704 pars
1395 5653 1519 5699 Mss..
1549 5644 1614 5692 ad
1639 5643 1819 5708 episco-

220 5717 378 5778 palem
403 5714 685 5778 dignitate»:
704 5728 717 5774 ,'
734 5707 874 5761 Savil.
902 5715 948 5760 in
975 5713 1190 5771 margine
1212 5718 1263 5758 et
1288 5715 1492 5770 quatuor
1510 5714 1635 5764 Mss,
1659 5707 1723 5755 ad
1749 5719 1820 5754 sa-

218 5779 508 5830 cerdothuu.

1483 364 1572 422 DE
1608 366 2060 428 SACERDOTIO.
2100 371 2231 429 LIB.
2273 373 2317 431 l.

3419 390 3526 443 69.6

1940 484 2040 541 bus
2059 488 2255 544 auditis
2272 531 2288 558 ,
2316 503 2417 562 ego
2460 491 2651 548 timore
2675 493 2833 551 simul
2858 502 2913 552 et
2949 495 3283 555 haesitatione
3310 505 3524 571 percul-

1937 592 2032 634 sus
2055 581 2176 634 sum
2199 620 2216 646 ,
2247 582 2440 637 timore
2460 622 2478 649 ,
2508 586 2576 638 ne
2602 585 2798 641 invitus
2839 597 3096 657 raperer;
3149 589 3522 663 haesitatione,

1937 683 2060 722 eum
2106 669 2400 727 identidem
2443 671 2797 744 disquirerem
2827 692 2935 746 quo
2979 690 3132 746 pacto
3158 680 3288 736 viris
3316 683 3424 739 illis
3469 685 3524 740 in

1937 769 2174 814 mentem
2203 763 2439 817 venisset
2465 763 2532 818 de
2556 765 2708 820 nobis
2729 767 3016 836 quidquam
3047 769 3524 844 bujusmodieogi-

1936 857 2051 911 tare
2074 866 2090 904 :
2113 865 2235 905 nam
2265 854 2524 923 meipsum
2570 856 2867 924 inSpicicnti
2895 859 3026 913 nihil
3053 865 3399 919 succurrebat
3429 865 3526 921 illo

1934 939 2152 1011 dignum
2199 941 2425 998 honore.
2470 943 2780 1002 Gcnerosus
2806 959 2981 1004 autem
3012 951 3121 1015 ille,
3145 968 3255 1006 ~me
3291 956 3519 1010 seorsim

1935 1034 2296 1099 conveniens,
2327 1050 2451 1092 cum
2499 1036 2692 1093 famam
2720 1041 2870 1109 quasi
2897 1041 3163 1112 ignoranti
3213 1047 3474 1115 aperisset
3497 1090 3516 1118 ,

1933 1121 2188 1191 rogabat,
2215 1133 2276 1178 ut
2302 1127 2746 1194 quemadmodum
2775 1139 2920 1196 ante,
2952 1133 3040 1186 hic
3067 1134 3230 1188 etiam
3257 1134 3519 1194 factorum

1931 1213 2384 1285 consiliorumque
2399 1226 2676 1273 consortes
2693 1218 2996 1275 videremur
3020 1237 3034 1273 :
3053 1232 3298 1292 paratum
3318 1239 3378 1280 se
3396 1240 3520 1282 esse

1931 1303 1998 1357 ad
2025 1307 2279 1361 utramvis
2303 1306 2442 1361 viam
2471 1309 2824 1378 amplecterer
2841 1351 2857 1376 ,
2889 1312 3002 1366 sive
3028 1305 3339 1382 fugiendum
3359 1356 3377 1381 ,
3401 1315 3518 1371 sive

1930 1396 2374 1451 consentiendum
2399 1407 2569 1465 esset,
2603 1401 3050 1469 persequendam.
3092 1400 3222 1472 Ejus
3261 1418 3362 1473 ego
3396 1405 3517 1458 ani-.-

1929 1501 2074 1538 mnm
2114 1489 2452 1556 conspicatus
2476 1528 2493 1554 ,
2540 1489 2900 1558 damnumque
2939 1500 3084 1545 ratus
3124 1507 3210 1546 me
3253 1494 3518 1549 universa

1929 1575 2185 1636 Ecclesia:
2209 1577 2507 1644 illaturum,
2531 1578 2577 1632 si
2604 1588 2708 1631 tam
2734 1579 2900 1648 probo
2919 1621 2933 1644 ,
2973 1589 3079 1634 tam
3107 1580 3172 1634 ad
3218 1583 3515 1637 multorum

1928 1667 2296 1735 praefecturam
2327 1668 2522 1726 idoneo
2555 1669 2756 1738 juvene
2781 1685 2998 1739 gregem
3037 1672 3236 1726 Christi
3273 1673 3344 1727 ob
3367 1674 3516 1728 infir-

1927 1760 2168 1813 mitatem
2204 1774 2380 1815 meam
2427 1761 2697 1831 privarem
2721 1802 2736 1827 ,
2768 1763 2910 1831 quod
2941 1765 3002 1816 irr
3023 1764 3203 1820 animo
3246 1773 3363 1820 erat
3407 1782 3513 1821 non

1926 1848 2102 1903 detexi
2129 1888 2144 1914 ,
2171 1850 2272 1904 etsi
2300 1859 2454 1904 antea
2505 1850 2708 1905 nullum
2738 1853 3080 1906 consiliorum
3123 1869 3364 1909 meorum
3412 1856 3513 1926 ipsi

1925 1940 2274 1994 occultassem
2308 1960 2324 1996 :
2377 1942 2473 1997 sed
2497 1960 2621 2000 cum
2641 1943 3038 2014 respondissem
3083 1960 3144 1999 ea
3171 1945 3241 2000 de
3283 1962 3346 2002 re
3386 1963 3515 2002 cou-

1923 2031 2264 2084 sultationem
2285 2031 2429 2084 aliud
2452 2032 2510 2085 in
2538 2041 2743 2102 tempus
2770 2033 3110 2101 rejicicndam
3139 2049 3297 2101 esse;
3328 2051 3507 2106 neque

1922 2120 2065 2174 enim
2106 2119 2158 2174 id
2201 2121 2254 2174 in
2297 2122 2576 2190 praesentia
2621 2137 2854 2191 urgere:
2887 2124 3069 2177 snatim
3111 2127 3350 2193 persuasi
3382 2127 3511 2182 nihil

1929 2223 2214 2282 propterea
2246 2213 2540 2267 curandum
2585 2228 2705 2268 esse
2745 2255 2760 2280 ,
2791 2213 3142 2286 ﬁduciamque
3190 2217 3396 2284 indidi,
3422 2233 3513 2274 me

1923 2303 2163 2372 ejusdem
2213 2304 2493 2357 sententia:
2545 2314 2849 2374 consortem
2877 2305 3026 2370 fore,
3077 2308 3122 2360 si
3160 2308 3376 2377 quando
3420 2324 3512 2364 res

1922 2393 2224 2462 bujusmodi
2249 2395 2602 2463 contingeret.
2628 2393 2875 2473 Haudita
2908 2397 3074 2449 multo
3093 2396 3279 2464 elapso
3305 2407 3513 2466 tempo-

1920 2498 1981 2538 re
2001 2525 2017 2551 ,
2048 2499 2172 2538 cum
2221 2483 2266 2537 is
2295 2483 2384 2551 qui
2415 2499 2512 2537 nos
2539 2483 2882 2538 ordinaturus
2921 2495 3038 2538 erat
3080 2485 3420 2552 advenisset,
3445 2503 3509 2542 ac

1921 2589 2006 2627 me
2054 2574 2168 2642 ipse
2205 2571 2588 2638 occultassem,
2644 2573 2831 2627 borum
2885 2557 3099 2644 ignarus
3124 2575 3214 2630 ille
3250 2577 3400 2646 quasi
3439 2578 3508 2632 ad

1918 2665 2060 2719 aliud
2091 2665 2361 2734 negotium
2389 2665 2626 2731 ducitur,
2664 2665 2956 2735 jugumque
2998 2667 3190 2736 accipit
3219 2709 3253 2734 ,.
3284 2683 3509 2737 sperans

1895 2773 2006 2811 «ne
2027 2799 2042 2824 ,
2073 2764 2131 2811 ut
2155 2759 2504 2828 promiseram
2525 2799 2540 2824 ,
2571 2757 2790 2827 perinde
2819 2767 3167 2828 sequuturum
3199 2775 3322 2814 esse
3354 2777 3367 2812 ε
3397 2760 3508 2814 imo

1920 2849 2098 2918 potius
2125 2864 2184 2903 se
2203 2890 2218 2913 ,
2248 2865 2336 2903 me
2385 2858 2655 2918 praeeunte
2674 2891 2688 2914 ,
2721 2859 3093 2918 sequuturum.
3128 2851 3339 2904 Etenim
3367 2867 3507 2906 non-

1918 2941 2046 2994 nulli
2074 2956 2143 2997 ex
2173 2941 2238 2995 iis
2265 2941 2354 3010 qui
2381 2941 2602 2995 aderant
2631 2942 2872 2995 videntes
2897 2957 3018 2996 eum
3040 2983 3056 3006 ,
3087 2942 3228 3011 quod
3255 2955 3504 3013 compre-

1919 3030 2115 3084 hensus
2154 3038 2330 3096 esset,
2376 3045 2519 3099 aegre
2567 3029 2863 3094 ferentem,
2917 3032 2968 3085 ei
2998 3032 3157 3086 verba
3201 3031 3501 3097 dederunt,

1917 3122 2214 3184 clamantes
2237 3161 2252 3187 ,
2284 3120 2570 3175 absurdum
2613 3134 2731 3176 esse
2756 3163 2770 3186 ,
2800 3137 2922 3176 eum
2962 3122 3050 3190 qui
3078 3122 3326 3176 omnibus
3366 3123 3508 3178 fero-

1916 3213 2029 3293 cior
2053 3211 2354 3276 videbatur,
2377 3226 2462 3265 me
2491 3211 2854 3279 designantes,
2878 3226 2997 3265 cum
3027 3227 3216 3280 magna
3243 3212 3505 3288 modestia

1915 3285 2132 3356 liatrum
2177 3300 2369 3368 placito
2424 3300 2853 3367 obtemperasse;
2905 3301 3051 3353 illum
3105 3309 3282 3355 autem
3313 3285 3501 3355 multo

1917 3391 2314 3462 prudentiorem
2345 3398 2398 3443 et
2423 3389 2829 3444 moderatiorem
2859 3390 3120 3456 ferocire,
3147 3407 3336 3444 vanam
3376 3393 3497 3460 gloo

1915 3486 2046 3538 riam
2093 3493 2379 3551 appetere,
2436 3481 2866 3544 subsultantem,
2919 3477 3276 3546 resilieiitem,
3330 3496 3493 3549 repu-

1914 3581 2182 3644 gnantem.
2201 3573 2298 3627 llis
2321 3569 2410 3624 ille
2425 3568 2959 3638 verbisobsequutus,
2997 3580 3274 3639 postquam
3301 3570 3504 3623 audivit

1914 3678 2000 3717 me
2035 3661 2318 3731 aufugisse,
2352 3660 2517 3713 tristis
2555 3657 2840 3712 admodum
2893 3672 2981 3712 me
3022 3658 3164 3723 adit,
3195 3660 3503 3728 assidetque

1913 3750 2079 3816 mihi,
2107 3753 2265 3803 verba
2303 3747 2484 3804 facere
2527 3749 2784 3815 cupiens;
2813 3761 2995 3800 verum
3046 3748 3209 3800 animi
3258 3750 3501 3818 angustia

1893 3840 2160 3895 detentus
2179 3879 2196 3905 ,
2223 3855 2344 3893 cum
2373 3853 2490 3892 eam
2512 3879 2526 3902 ,
2559 3852 2713 3905 quam
2737 3851 2928 3906 passus
2957 3835 3161 3902 fuerat,
3189 3837 3295 3890 vim
3322 3837 3502 3892 decla-

1914 3946 2033 3985 rare
2063 3945 2168 3983 non
2193 3940 2373 3998 posset
2397 3969 2412 3993 ,
2444 3929 2494 3981 in
2528 3929 2644 3996 ipso
2670 3927 2778 3980 oris
2805 3927 2950 3979 hiatu
2975 3926 3076 3980 fari
3100 3927 3500 3996 prohibebatur,

1912 4035 2144 4074 mterore
2169 4020 2466 4073 orationem
2490 4025 2784 4086 antequam
2827 4017 3020 4092 dentes
3045 4019 3340 4072 transiliret
3365 4060 3379 4081 ,
3413 4019 3499 4072 in-

1914 4122 2293 4181 terrumpente.
2342 4110 2490 4164 illum
2523 4125 2622 4180 ego
2665 4111 2886 4163 intuitus
2932 4111 3182 4181 lacrymis
3226 4111 3498 4180 perfusum

1913 4206 2197 4271 animoque
2218 4201 2489 4256 turbatum
2508 4242 2524 4267 ,
2552 4202 2628 4255 rei
2657 4216 2871 4254 causam
2897 4202 3120 4255 edoctus
3139 4244 3155 4268 ,
3185 4205 3347 4256 multa
3372 4218 3498 4258 cum

1913 4298 2181 4364 voluptate
2210 4295 2262 4348 in
2291 4295 2458 4348 risum
2491 4293 2706 4363 prorupi
2727 4333 2743 4358 ,
2771 4293 3272 4362 apprehensumque
3306 4295 3499 4349 dexte-

1915 4403 1970 4442 ra
1998 4386 2298 4440 deosculari
2326 4395 2551 4438 conatus
2578 4399 2694 4436 sum
2719 4425 2734 4450 ,
2765 4384 2979 4452 Deoque
3022 4384 3247 4452 gloriam
3293 4384 3496 4438 refere-

1912 4478 2068 4540 bam,
2104 4476 2245 4544 quod
2292 4474 2710 4528 machinamenta
2755 4473 2885 4525 mihi
2937 4482 3083 4526 recte
3135 4487 3198 4526 ac
3247 4487 3344 4542 pro
3371 4459 3500 4527 voto

1913 4567 2222 4621 cessissent.
2256 4565 2348 4618 llle
2387 4572 2446 4617 ut
2494 4579 2578 4617 me
2608 4564 2785 4616 laetum
2820 4562 3149 4630 hilaremque
3178 4562 3355 4627 vidit,
3407 4562 3500 4621 ubi

1915 4659 2143 4727 primum
2187 4671 2247 4710 se
2293 4653 2324 4708 a
2347 4655 2499 4709 nobis
2545 4647 2826 4722 deceptum
2852 4669 2972 4706 esse
2999 4653 3413 4720 animadvertit,
3443 4653 3500 4707 id

1915 4751 2071 4818 longe
2096 4748 2308 4818 gravius
2336 4746 2711 4814 indigniusque
2739 4743 2961 4797 ferebat.

1985 4841 2036 4893 7.
2061 4829 2241 4891 Basilii
2267 4838 2519 4890 accusatio
2555 4835 2777 4888 modesta
2803 4843 2852 4887 et
2884 4834 3126 4903 simplex.
3147 4862 3220 4874 —-
3243 4833 3412 4887 Porro
3429 4833 3502 4885 ab

1903 4926 1994 4982 illa
2009 4928 2404 4998 perturbatione
2418 4926 2602 4980 sedato
2627 4940 2911 4993 parumper
2943 4924 3283 4985 animo,Etsi,
3305 4923 3498 4992 inquit,

1919 5032 2096 5090 partes
2124 5029 2332 5072 nostras
2361 5017 2632 5086 reSpueris
2653 5058 2668 5082 ,
2689 5030 2750 5068 ac
2778 5015 2974 5067 nullam
2997 5014 3106 5080 jam
3139 5013 3307 5066 nostri
3337 5014 3500 5064 ratio-

1919 5129 2040 5168 nem
2070 5113 2297 5174 habeas,
2351 5126 2450 5164 nec
2479 5115 2640 5162 ‘certe
2681 5108 2795 5161 seio
2835 5120 2935 5175 qua
2967 5106 3034 5160 de
3075 5119 3235 5158 causa
3264 5105 3503 5173 Oportuit

1921 5206 2106 5258 saltem
2153 5212 2204 5256 te
2248 5197 2652 5256 existimationis
2697 5205 2800 5250 tua:
2847 5211 3028 5250 curam
3074 5195 3288 5248 habere.
3351 5194 3504 5248 Nune

1921 5313 2048 5350 vero
2070 5293 2308 5348 omnium
2361 5306 2452 5344 ora
2484 5277 2774 5358 aperuisti,
2821 5297 2974 5355 teque
3002 5300 3068 5339 ex
3098 5285 3272 5338 inanis
3315 5283 3505 5353 gloriae

1922 5402 2102 5440 amore
2125 5385 2300 5439 cuncti
2341 5383 2522 5435 dicunt
2549 5381 2649 5433 hoc
2678 5377 3030 5432 ministerium
3058 5391 3370 5429 recusasse.
3405 5389 3507 5429 nec

1923 5477 2199 5546 quisquam
2231 5483 2311 5527 est
2341 5474 2427 5542 qui
2454 5483 2502 5524 te
2529 5471 2594 5524 ab
2642 5470 2741 5523 hac
2769 5468 3138 5522 criminatione
3164 5460 3380 5520 eximat.
3411 5465 3509 5518 Mi-

1925 5569 1976 5621 hi
2004 5574 2180 5621 autem
2227 5581 2294 5619 ne
2325 5566 2375 5618 in
2419 5563 2592 5616 forum
2640 5561 2852 5630 quidem
2899 5558 3160 5612 ventitare
3201 5557 3327 5610 licet
3353 5572 3368 5608 :
3397 5566 3504 5608 tam

1928 5659 2080 5714 multi
2114 5672 2306 5724 nempe
2347 5653 2587 5722 suntqui
2633 5666 2733 5704 nos
2763 5649 3120 5711 conveniunt,
3168 5661 3230 5700 ae
3270 5645 3508 5716 quotidie

1933 5756 2196 5806 incusant.
2229 5748 2358 5803 Nam
2386 5746 2593 5817 quoties
2624 5758 2708 5799 me
2740 5743 2792 5796 in
2823 5754 3156 5812 quacumque
3173 5738 3330 5793 urbis
3358 5746 3513 5803 parte
