4158 6316
737 386 840 438 6‘27

735 499 952 563 vident,
984 493 1210 550 seorsim
1245 492 1526 547 adductum
1573 489 1859 545 familiares
1903 489 2071 544 nostri
2117 503 2203 542 me
2253 487 2307 541 in

731 587 1025 640 maximam
1055 583 1294 638 criminis
1326 591 1527 650 partem
1555 588 1766 635 vocant.
1800 580 1926 647 Ejus
1951 578 2156 632 consilii
2185 593 2310 647 gna-

735 689 873 742 rus,
923 675 1102 736 aiunt,
1138 673 1333 726 nullam
1364 673 1504 726 enim
1547 685 1724 725 rerum
1769 670 1836 724 ad
1859 684 1985 724 eum
2031 668 2306 737 pertinen-

741 766 870 817 tium
891 764 1212 833 ignorabas,
1242 761 1374 815 nihil
1403 761 1636 830 oportuit
1676 760 2042 823 dissimulare,
2074 758 2166 812 sed
2195 773 2307 812 rem

741 855 1016 909 nobiscum
1059 853 1468 919 communicare,
1505 867 1677 921 neque
1713 851 1968 906 defuisset
2024 865 2112 903 ars
2137 891 2152 916 ,
2205 863 2307 918 qua

745 945 893 996 illum
923 943 978 995 in
1028 944 1160 997 retia
1185 943 1590 1011 eonjieeremus.
1612 942 1694 996 Me
1712 956 1840 994 vero
1865 941 2014 994 fateri
2042 940 2203 1008 pudet
2229 939 2310 992 di-

741 1049 867 1088 cere
891 1074 907 1099 ,
937 1048 1028 1086 me
1053 1033 1105 1086 id
1129 1033 1408 1087 consilium
1436 1047 1466 1085 a
1493 1040 1544 1086 te
1565 1035 1672 1099 jam
1705 1031 1910 1100 pridem
1942 1031 2128 1084 initum
2158 1030 2309 1098 igno-

741 1140 896 1199 rate,
929 1139 996 1178 ne
1037 1125 1113 1178 illi
1157 1123 1442 1185 amicitiam
1470 1130 1706 1176 nostram
1733 1121 1906 1200 fictam
1935 1135 2057 1174 esse
2102 1126 2306 1188 putent.

741 1214 872 1268 Nam
899 1215 942 1268 si
968 1213 1042 1267 ita
1067 1222 1177 1278 est,
1215 1223 1273 1268 ut
1305 1229 1426 1268 vere
1454 1223 1556 1278 est,
1611 1213 1751 1282 quod
1775 1228 1840 1267 ne
1873 1221 1927 1265 tu
1954 1212 2169 1282 quidem
2191 1217 2312 1278 post

745 1304 866 1358 talia
895 1313 1038 1373 gesta
1066 1304 1286 1358 inficiari
1318 1305 1515 1372 possis,
1563 1318 1669 1358 non
1695 1319 1726 1357 e
1769 1319 1841 1357 re—
1870 1303 2025 1356 fuerit
2062 1311 2310 1356 externos

745 1393 1018 1458 homines,
1069 1395 1160 1462 qui
1208 1394 1290 1447 vel
1335 1394 1657 1448 mediocrem
1701 1393 1768 1447 de
1813 1393 1968 1446 nobis
2006 1392 2308 1460 opinionem

743 1481 970 1547 habent,
999 1484 1135 1537 mala
1165 1484 1337 1538 celare
1397 1495 1602 1539 nostra.
1636 1485 1768 1538 Rem
1801 1485 1976 1552 itaque
2005 1493 2061 1537 ut
2089 1499 2213 1538 vere
2252 1499 2311 1538 se

743 1571 902 1626 habet
943 1573 1046 1627 illis
1074 1574 1282 1642 aperire
1326 1589 1548 1641 vereor,
1581 1576 1673 1628 sed
1723 1585 1898 1628 tacere
1941 1590 2137 1644 cogor,
2184 1590 2311 1628 ocu-

744 1661 930 1729 losque
969 1663 1022 1715 in
1055 1673 1247 1716 terram
1273 1663 1553 1717 demittere
1577 1703 1590 1726 ,
1619 1672 1777 1732 atque
1819 1665 1885 1717 ab
1910 1665 2311 1717 occurrentibus

743 1753 1011 1807 declinare
1035 1763 1088 1807 et
1113 1755 1339 1808 resilire.
1371 1755 1580 1808 Etenim
1618 1755 1739 1808 licet
1768 1755 1911 1822 prius
1939 1755 2066 1808 illud
2109 1755 2310 1808 crimen

742 1843 1008 1913 effugiam,
1035 1853 1200 1899 restat
1223 1831 1395 1898 tamen
1419 1854 1476 1898 ut
1501 1845 1760 1899 mendacii
1783 1848 2080 1899 necessario
2099 1861 2308 1913 arguar.

742 1934 919 2003 Neque
938 1935 1082 1989 enim
1107 1936 1328 1990 credent
1349 1952 1580 2005 unquam
1607 1936 1736 1988 mihi
1765 1935 1961 1989 dicenti
1986 1947 2036 1989 te
2063 1937 2310 1989 Basiliam

748 2026 801 2077 in
829 2039 1014 2086 eorum
1047 2040 1268 2079 numero
1291 2026 1528 2094 posuisse
1547 2066 1562 2091 ,
1590 2026 1784 2094 quibus
1825 2039 2017 2079 arcana
2044 2026 2181 2080 scire
2224 2034 2311 2078 tua

742 2127 847 2164 non
901 2113 1039 2165 licet.
1070 2113 1262 2166 Verum
1291 2113 1403 2166 hare
1430 2128 1535 2166 non
1565 2114 1786 2166 multum
1811 2128 1940 2167 curo
1961 2155 1976 2176 ,
2006 2113 2216 2182 quando
2241 2115 2310 2166 ita

743 2201 836 2252 tibi
861 2201 1088 2268 jucunda
1137 2200 1322 2265 fuere;
1351 2212 1404 2255 at
1431 2202 1690 2270 reliquum
1734 2202 1964 2256 dedecus
1995 2244 2010 2268 ,
2045 2205 2134 2272 qui
2170 2202 2310 2257 ferre

745 2292 1043 2365 possimus?
1070 2291 1201 2346 Nam
1230 2292 1320 2345 alii
1366 2301 1416 2345 te
1451 2294 1764 2361 arrogantiae
1794 2333 1808 2357 ,
1844 2294 1928 2345 alii
1954 2308 2103 2346 vana:
2132 2293 2313 2362 gloria:

743 2387 992 2432 accusant
1027 2395 1041 2442 ;
1085 2381 1170 2447 qui
1201 2391 1374 2434 autem
1401 2381 1503 2434 reis
1529 2382 1702 2434 minus
1751 2396 1964 2449 parcere
1997 2382 2214 2446 volunt,
2259 2390 2314 2436 et

746 2469 862 2522 hare
885 2478 1106 2536 utraque
1126 2470 1483 2538 improperant
1505 2509 1519 2534 ,
1545 2480 1597 2523 et
1620 2479 1874 2538 praeterea
1901 2471 2154 2538 adjiciunt
2172 2486 2310 2536 eam,

743 2573 898 2626 quam
927 2561 989 2612 iis
1016 2560 1102 2627 qui
1134 2575 1229 2613 nos
1257 2560 1457 2614 honore
1481 2560 1772 2614 affecerunt
1808 2561 2098 2626 intulimus,
2123 2570 2309 2614 contu-

744 2648 955 2701 meliam
981 2689 994 2712 ,
1027 2663 1160 2716 quos
1201 2650 1359 2702 etiam
1401 2649 1582 2702 dicunt
1623 2649 1736 2702 lucc
1775 2652 1894 2717 jure
1935 2665 2118 2718 passos
2160 2665 2310 2716 esse,

747 2737 856 2790 imo
874 2739 1116 2805 graviora
1138 2738 1509 2805 promeruisse;
1533 2747 1710 2805 utpote
1727 2739 1814 2806 qui
1842 2747 1917 2791 tot
1938 2739 2198 2806 tantisque
2225 2753 2326 2805 reg,

745 2827 884 2881 lictis
911 2829 1058 2893 viris,
1074 2843 1266 2896 pueros
1283 2829 1394 2882 heri
1415 2845 1475 2882 ac
1492 2829 1868 2883 nudiustertius
1890 2829 1940 2882 in
1968 2830 2309 2884 sazcularibus

752 2917 894 2970 euris
921 2917 1183 2971 volutatos
1206 2958 1220 2979 ,
1257 2927 1313 2971 ut
1339 2918 1404 2971 ad
1449 2919 1608 2972 breve
1639 2927 1843 2986 tempus
1885 2918 2162 2987 supercilia
2187 2933 2315 2972 con-

748 3008 1051 3074 traherent,
1082 2991 1260 3076 pullas.
1293 3017 1467 3063 vestes
1496 3009 1807 3073 induerent,
1834 3009 2120 3077 vultusque
2148 3010 2311 3062 tristi-

747 3098 872 3151 tiam
925 3098 1274 3163 simularent,
1322 3097 1609 3166 derepente
1679 3097 1744 3150 ad
1799 3106 1998 3150 tantum
2059 3097 2312 3152 honorem

745 3187 1088 3252 adduxerint,
1135 3196 1387 3258 quantum
1432 3203 1498 3243 ne
1542 3190 1593 3241 in
1617 3189 1815 3242 somnis
1859 3189 2070 3256 quidem
2103 3191 2326 3259 assequi

745 3281 1118 3347 Speravissent.
1151 3282 1322 3348 Atque
1364 3281 1396 3333 ii
1441 3280 1693 3349 quidem;
1731 3281 1908 3342 aiunt,
1945 3282 2032 3349 qui
2071 3297 2099 3334 a
2147 3283 2311 3349 prima

746 3381 903 3426 attate
928 3372 993 3425 ad
1032 3381 1319 3426 extremam
1374 3387 1540 3440 usque
1581 3381 1904 3425 senectutem
1955 3373 2176 3426 asecsim
2202 3373 2313 3427 sive

745 3463 1174 3516 exercitationem
1201 3462 1382 3515 sectati
1421 3470 1577 3526 sunt,
1620 3461 1672 3513 in
1711 3460 2041 3514 subditorum
2090 3476 2311 3515 numero

746 3561 870 3605 sunt
898 3570 912 3616 ;
947 3554 1204 3620 imperant
1231 3562 1402 3608 autem
1430 3552 1530 3604 illis
1556 3553 1786 3618 ipsorum
1810 3550 1900 3603 filii
1921 3593 1936 3616 ,
1963 3551 2052 3619 qui
2082 3566 2146 3605 ne
2172 3552 2313 3619 leges

747 3642 960 3708 quidem
986 3651 1245 3708 noverunt
1269 3640 1391 3693 huic
1420 3639 1716 3693 exercendo
1749 3639 2070 3708 magistratui
2094 3640 2310 3707 positas.

749 3732 874 3786 llarc
900 3743 951 3786 et
985 3733 1132 3800 plura
1163 3733 1437 3800 loquentes
1465 3731 1766 3799 frequenter
1803 3732 2017 3784 instant.
2052 3732 2161 3800 Ego
2186 3746 2313 3786 vero

748 3822 874 3891 quid
917 3821 982 3874 ad
1014 3821 1128 3875 haec
1154 3821 1500 3889 respondeam
1546 3820 1730 3888 ignoro
1758 3838 1772 3874 :
1805 3831 1857 3874 tu
1877 3861 1891 3886 ,
1936 3835 2144 3889 quarso,
2183 3822 2313 3876 mihi

748 3911 1099 3979 suppeditato.
1121 3910 1300 3979 Neque
1323 3911 1461 3963 enim
1490 3921 1615 3980 puto
1633 3919 1831 3965 temere
1866 3919 1918 3965 te
1941 3919 1994 3965 et
2019 3911 2130 3965 sine
2155 3927 2312 3966 causa

749 3999 945 4069 fugisse
967 4010 1270 4070 tantamque
1286 4002 1577 4070 suscepisse
1589 4002 1839 4056 adversus
1855 3980 1986 4055 adeo
2006 4012 2312 4070 prmsmiites

749 4091 891 4144 viros
918 4092 1262 4155 inimicitiam;
1289 4091 1382 4145 sed
1414 4092 1715 4159 ponderatis
1739 4093 1896 4146 rebus
1918 4093 1983 4147 ad
2009 4093 2060 4147 id
2083 4094 2308 4158 venisse,

752 4179 889 4232 unde
913 4190 965 4233 et
986 4181 1076 4234 tibi
1104 4169 1340 4250 paratam
1363 4179 1722 4235 defensionem
1747 4181 1935 4236 adesse
1955 4177 2201 4236 arbitror:
2221 4184 2312 4236 Dic

749 4284 905 4338 ergo,
935 4286 1056 4324 num
1082 4271 1278 4339 justam
1309 4270 1504 4325 habeas
1547 4250 1936 4326 excusationem
1957 4313 1972 4338 ,
2003 4287 2158 4342 quam
2203 4275 2309 4328 cri-

749 4362 1093 4418 minatoribus
1137 4363 1436 4416 afferamus.
1465 4363 1594 4416 Nam
1627 4363 1692 4416 de
1723 4358 1905 4431 injuria
1933 4379 2032 4432 qua
2067 4380 2151 4418 me
2186 4365 2312 4418 affe-

746 4451 863 4504 cisti
903 4467 1006 4504 non
1032 4452 1306 4519 expostulo
1337 4461 1504 4504 tecum
1527 4494 1540 4516 ,
1573 4468 1677 4504 non
1707 4451 1845 4519 quod
1873 4453 2176 4521 deceperis,
2205 4470 2309 4506 non

746 4542 883 4610 quod
909 4543 1229 4609 prodideris,
1264 4559 1366 4596 non
1412 4543 1549 4610 quod
1595 4543 1739 4596 omni
1785 4536 2019 4611 tempore
2065 4545 2309 4597 amicitia:

747 4646 880 4684 mere
910 4630 1134 4684 fructum
1167 4633 1368 4684 tuleris.
1397 4631 1502 4686 Nos
1522 4633 1722 4702 quippe
1749 4633 1977 4684 animam
2025 4643 2256 4687 nostram
2285 4673 2301 4697 ,

747 4730 806 4773 ut
837 4722 904 4790 ita
935 4721 1103 4774 dicam
1127 4764 1139 4786 ,
1174 4721 1264 4774 tibi
1292 4722 1500 4774 allatam
1522 4763 1536 4786 ,
1576 4723 1627 4774 in
1657 4723 1898 4776 manibus
1940 4725 2041 4777 tuis
2070 4727 2308 4792 reposui-

747 4824 866 4862 mus
893 4828 904 4862 :
934 4821 988 4863 tu
1009 4825 1133 4895 ver/0
1161 4820 1356 4863 tantam
1380 4811 1654 4864 adversum
1679 4826 1776 4862 nos
1797 4813 2133 4867 calliditatem
2159 4815 2309 4867 adhi-

748 4899 905 4952 buisti
925 4939 938 4961 ,
966 4909 1213 4968 quantam
1235 4901 1277 4952 si
1301 4899 1367 4952 ab
1397 4901 1618 4952 inimicis
1635 4900 1736 4953 tuis
1756 4902 2043 4955 cavendum
2063 4902 2155 4956 tibi
2176 4903 2306 4957 fuis-

749 4998 848 5042 set.
881 4975 1034 5058 Atqui
1062 4991 1318 5058 oportuit,
1349 4992 1392 5042 si
1417 4991 1689 5043 consilium
1719 4991 2015 5057 hujusmodi
2046 4994 2168 5046 utile
2192 5008 2308 5047 esse

750 5079 1001 5144 putabas,
1029 5076 1164 5140 illius
1197 5080 1395 5131 lucrum
1441 5094 1543 5132 non
1595 5079 1774 5147 fugere
1804 5099 1817 5133 :
1849 5082 1930 5132 sin
1958 5081 2268 5135 damnosum
2289 5125 2304 5149 ,

747 5185 843 5222 nos
873 5183 1079 5236 quoque
1097 5209 1111 5232 ,
1139 5169 1275 5237 q'uos
1296 5169 1538 5221 omnibus
1564 5185 1773 5236 semper
1801 5170 2050 5238 prmferre
2073 5171 2304 5238 dicebas,

746 5260 941 5312 damno
969 5261 1193 5326 eripere.
1217 5260 1293 5312 Tu
1317 5275 1440 5313 vero
1466 5260 1592 5313 nihil
1621 5276 1723 5313 non
1753 5263 1900 5329 egisti
1932 5273 1986 5313 ut
2017 5278 2079 5315 eo
2107 5264 2306 5316 incide-

747 5363 956 5413 remus,
995 5365 1163 5416 neque
1193 5349 1312 5403 dolo
1340 5352 1420 5403 vel
1446 5352 1778 5404 simulatione
1818 5368 1948 5420 opus
1978 5364 2088 5405 erat
2121 5355 2306 5407 adver-

745 5452 834 5489 sus
865 5453 981 5490 eum
1005 5480 1018 5502 ,
1051 5440 1137 5504 qui
1160 5440 1272 5492 sine
1300 5441 1420 5492 dolo
1451 5451 1502 5493 ct
1527 5443 1835 5510 simpliciter
1861 5444 2032 5504 omnia
2059 5444 2232 5497 dicere
2254 5457 2307 5498 et

747 5541 902 5592 agere
933 5529 1067 5594 apud
1090 5539 1138 5581 te
1170 5530 1388 5580 solebat.
1414 5534 1655 5582 Attamen
1679 5571 1691 5590 ,
1717 5542 1769 5581 ut
1796 5532 1899 5583 dixi
1923 5575 1934 5592 ,
1962 5533 2086 5584 nihil
2123 5549 2303 5586 eorum

743 5617 950 5666 crimini
974 5618 1041 5668 do
1068 5657 1079 5679 ,
1114 5633 1283 5684 neque
1310 5621 1642 5671 solitudinem
1674 5622 1933 5685 exprohro
1956 5663 1968 5683 ,
2000 5624 2049 5674 in
2081 5640 2178 5690 qua
2211 5641 2305 5678 nos

745 5707 1059 5760 constituisti
1093 5759 1096 5762 .
1131 5723 1248 5761 cum
1290 5710 1546 5778 colloquia
1577 5711 1660 5762 illa
1692 5710 1980 5776 abstuiisti,
2024 5715 2297 5782 exquibus

1436 379 1494 433 S.
1534 375 1808 434 JOANNIS
1841 372 2318 431 CHRYSOSTOMl
2357 372 2671 430 ARCillEP.
2711 374 3245 436 CONSTANTINOP.

3878 374 3980 432 6‘28

2413 497 2466 542 et
2491 487 2812 557 voluptatem
2838 498 2893 544 et
2912 490 3190 544 utilitatem
3218 504 3323 544 non
3345 489 3615 544 minimam
3637 501 3777 558 saepe
3799 503 3982 560 carpe-

2414 577 2622 632 bamus.
2657 577 2853 633 Verum
2875 580 3000 634 haec
3022 580 3200 634 omnia
3216 579 3369 634 mitto
3384 619 3402 646 ,
3431 578 3546 635 haec
3573 581 3728 633 tacite
3752 589 3807 634 et
3832 594 3980 633 man-

2411 677 2563 723 suete
2594 669 2706 724 fero
2737 688 2752 724 :
2779 686 2882 724 non
2905 670 3046 740 quod
3074 679 3129 724 tu
3153 681 3428 725 mansuete
3455 671 3508 723 in
3539 686 3634 725 nos
3659 671 3978 740 deliqueris;

2412 759 2506 813 sed
2530 760 2670 828 quod
2713 775 2830 814 eam
2858 761 2988 814 mihi
3017 762 3186 829 legem
3213 761 3624 830 prmscripserim
3651 761 3720 815 ab
3748 762 3835 814 illa
3862 762 3944 815 die
3963 803 3980 827 ,

2413 865 2514 918 qua
2544 850 2827 904 amicitiam
2859 851 2950 904 inii
2978 860 3119 905 tuam
3138 892 3153 918 ,
3177 861 3235 906 ut
3257 852 3496 920 quamvis
3531 851 3658 904 mihi
3687 849 3982 904 molestiam

2413 941 2629 995 afferres
2648 982 2662 1004 ,
2694 942 2891 994 nullam
2919 942 3015 996 abs
3043 951 3092 996 te
3123 943 3417 1012 apologiam
3447 941 3733 1009 exigerem.
3772 941 3982 996 Etenim

2413 1029 2554 1098 quod
2580 1045 2685 1084 non
2713 1031 2978 1085 mediocre
3007 1031 3135 1084 mihi
3162 1032 3414 1086 damnum
3443 1032 3718 1096 intuleris,
3749 1033 3861 1099 ipse
3889 1023 3987 1084 no-

2413 1122 2480 1176 sti
2501 1162 2516 1186 ,
2549 1123 2594 1176 si
2623 1123 2782 1176 modo
2812 1122 3116 1178 meminisse
3142 1124 3273 1177 velis
3311 1138 3617 1177 sermonum
3642 1163 3656 1186 ,
3691 1131 3802 1176 tum
3850 1136 3987 1189 quos

2413 1212 2580 1265 exteri
2608 1212 2676 1266 de
2711 1213 2860 1282 nobis
2881 1252 2896 1274 .
2926 1221 3039 1266 tum
3067 1227 3199 1282 quos
3228 1228 3324 1267 nos
3349 1213 3415 1266 de
3443 1213 3596 1266 nobis
3639 1213 3767 1280 ipsis
3797 1227 3988 1280 perpe-

2416 1309 2505 1352 tuo
2533 1300 2833 1356 habuimus.
2849 1302 2912 1356 Hi
2934 1317 3093 1370 porro
3119 1317 3392 1356 sermones
3412 1311 3562 1356 erant
3581 1343 3595 1365 ,
3620 1316 3868 1370 magnum
3891 1315 3990 1354 no-

2415 1389 2496 1444 bis
2524 1391 2636 1445 fore
2659 1392 2860 1448 lucrum
2881 1409 2948 1447 ex
2975 1393 3254 1447 concordia
3272 1435 3287 1459 ,
3313 1393 3724 1462 przcsidiumque
3752 1408 3818 1446 ex
3845 1391 3987 1446 ami-

2413 1481 2533 1534 citia
2563 1491 2762 1535 mutua.
2791 1481 2998 1552 Aliique
3021 1497 3206 1536 omnes
3224 1482 3490 1548 dicebant,
3517 1483 3633 1536 aliis
3660 1483 3818 1536 etiam
3849 1483 3992 1536 bene

2415 1572 2593 1624 multis
2619 1587 2724 1625 non
2751 1572 2971 1626 modica:
2988 1573 3194 1626 utilitati
3221 1573 3332 1626 fore
3356 1572 3691 1626 concordiam
3709 1581 3947 1624 nostram
3970 1587 3988 1627 :

2413 1677 2512 1732 ego
2535 1678 2698 1724 vero,
2731 1663 2871 1732 quod
2898 1664 2963 1718 ad
3013 1679 3096 1718 me
3123 1664 3342 1728 attinet,
3385 1679 3671 1733 numquam
3705 1663 3987 1716 utilitatem

2414 1750 2639 1819 cuipiam
2665 1766 2821 1819 posse
2848 1767 2934 1806 me
2959 1761 3208 1820 prarstare
3240 1753 3454 1821 putavi;
3482 1753 3719 1808 dicebam
3765 1761 3943 1806 tamen
3969 1794 3990 1818 ,

2415 1839 2517 1892 hoc
2546 1840 2735 1894 saltem
2767 1856 2864 1894 nos
2891 1843 3096 1896 lucrum
3133 1857 3236 1896 non
3264 1857 3486 1911 parvum
3517 1859 3582 1898 ex
3627 1844 3856 1897 amicitia
3888 1843 3990 1897 de-

2416 1939 2689 1996 cerpturos
2718 1946 2838 1984 esse
2857 1972 2872 1998 ,
2905 1931 3045 2000 quod
3074 1933 3137 1986 iis
3161 1933 3248 2002 qui
3290 1949 3386 1987 nos
3415 1949 3720 2002 oppugnare
3747 1934 3948 1987 vellent
3972 1973 3990 1997 ,

2418 2019 2850 2087 inexpugnabiles
2879 2019 3040 2074 futuri
3072 2035 3331 2076 essemus.
3381 2022 3505 2075 limo
3535 2023 3626 2076 tibi
3671 2023 3723 2076 in
3752 2033 3991 2076 mentem

2414 2124 2666 2164 revocare
2705 2125 2989 2179 numquam
3027 2111 3295 2166 cessabam
3329 2131 3343 2166 :
3374 2112 3597 2166 Difficile
3624 2122 3708 2167 est
3738 2123 3988 2182 tempus,

2416 2197 2753 2252 insidiatores
2785 2201 2969 2264 multi,
3006 2215 3256 2268 germana
3290 2203 3482 2255 caritas
3512 2204 3799 2267 exstincta,
3839 2204 3988 2255 iuvi-

2416 2285 2516 2339 dia:
2538 2288 2800 2354 pernicies
2822 2288 2938 2356 ejus
2966 2290 3138 2342 locum
3166 2289 3360 2352 subiit,
3389 2290 3441 2343 in
3468 2292 3643 2344 medio
3669 2291 3989 2360 laqueorum

2416 2377 2812 2445 progredimur,
2863 2382 2916 2431 in
2982 2378 3154 2445 pinnis
3209 2381 3412 2434 urbium
3465 2381 3795 2435 ambulamus
3849 2399 3865 2435 :
3923 2383 3993 2435 ad

2413 2465 2744 2533 gaudendum
2775 2467 2842 2521 de
2865 2468 3019 2521 malis
3046 2469 3240 2522 nostris
3267 2470 3429 2537 parati
3457 2481 3600 2532 sunt,
3631 2472 3674 2524 si
3704 2473 3825 2540 quid
3851 2471 3995 2526 forte

2416 2555 2687 2608 sinistrum
2715 2556 2990 2623 acciderit,
3015 2558 3191 2623 multi,
3215 2566 3268 2612 et
3285 2559 3515 2627 undique
3548 2560 3777 2623 instant;
3829 2576 3996 2614 neruo

2417 2661 2543 2700 vero
2563 2657 2644 2700 est
2687 2649 2776 2716 qui
2807 2650 2975 2702 vicem
3008 2657 3240 2703 nostram
3267 2649 3471 2714 doleat,
3499 2651 3580 2704 vel
3608 2651 3793 2704 saltem
3826 2652 3991 2719 pauci

2417 2737 2716 2804 hujusmodi
2746 2746 2889 2790 sunt.
2909 2737 3040 2792 Vide
3060 2754 3128 2794 ne
3161 2725 3203 2792 si
3229 2740 3592 2808 disjungam-ur
3610 2781 3623 2804 ,
3656 2741 3818 2793 risum
3846 2741 3996 2795 mul-

2417 2837 2524 2882 tum
2551 2830 2665 2884 aliis
2691 2845 3032 2894 moveamus,
3079 2833 3291 2901 risuque
3333 2833 3631 2901 graviorem
3671 2834 3942 2903 jacturam
3978 2853 3992 2888 :

2416 2917 2601 2972 Frater
2637 2921 2722 2987 qui
2749 2922 3018 2990 adjuvatar
3046 2939 3076 2973 a
3097 2925 3255 2993 fratre
3276 2964 3290 2985 ,
3313 2923 3456 2989 quasi
3482 2924 3654 2976 civitas
3689 2925 3882 2976 munita
3904 2967 3920 2986 ,
3950 2935 3997 2978 et

2414 3011 2556 3077 quasi
2593 3026 2800 3079 regnum
2830 3011 3043 3063 vectibus
3091 3013 3344 3078 ﬁrmatum
3371 3011 3548 3081 (Prov.
3601 3013 3687 3066 18.
3722 3015 3832 3083 19).
3865 3013 3953 3084 Ne
3976 3055 3994 3080 ,

2415 3114 2615 3167 quaeso,
2648 3100 2784 3154 hanc
2809 3101 3068 3156 dissolvas
3093 3102 3557 3168 necessitudinem,
3581 3119 3750 3171 neque
3777 3114 3994 3166 vectem

2415 3187 2704 3258 dirumpas.
2737 3190 2860 3244 Haec
2887 3198 2942 3244 et
2966 3191 3045 3244 his
3071 3193 3216 3259 plura
3245 3207 3387 3260 saepe
3415 3192 3651 3246 dicebam
3673 3235 3687 3258 ,
3732 3193 3862 3247 nihil
3899 3210 4000 3247 ua-

2416 3292 2573 3345 quam
2616 3277 2913 3347 hujusmodi
2954 3280 3262 3347 suSpicans,
3311 3280 3402 3334 sed
3444 3291 3494 3334 te
3539 3296 3668 3334 sano
3695 3283 3996 3337 admodum

2415 3365 2593 3420 animo
2642 3384 2762 3437 erga
2818 3384 2915 3421 nos
2956 3385 3072 3422 esse
3118 3379 3347 3440 putans,
3388 3380 3544 3439 atque
3586 3387 3651 3424 ex
3700 3373 3995 3426 abundanti

2415 3457 2674 3510 medelam
2712 3473 2842 3512 sano
2869 3459 3118 3513 adhibere
3145 3476 3334 3514 curans
3353 3502 3368 3524 ,
3398 3477 3495 3515 nec
3519 3463 3954 3538 animadvertens
3976 3507 3995 3532 ,

2416 3555 2472 3599 ut
2499 3555 2675 3615 patet,
2704 3562 2789 3600 me
2815 3551 3087 3617 argrotanti
3124 3550 3356 3604 remedia
3395 3565 3690 3618 apponere,
3715 3562 3768 3605 at
3814 3568 3884 3608 ne
3917 3556 3998 3608 sic

2414 3639 2627 3707 quidem
2675 3639 2856 3693 infelix
2913 3641 3179 3710 quidpiam
3227 3642 3463 3695 lucratus
3505 3657 3620 3695 sum
3647 3683 3662 3709 ,
3707 3659 3882 3712 neque
3927 3661 3996 3702 ex

2417 3739 2556 3783 tanta
2581 3731 2669 3784 illa
2695 3733 2899 3786 cautela
2926 3732 3051 3785 mihi
3073 3733 3598 3801 quidquamaccessit
3621 3734 3993 3790 emolumenti.

2413 3817 2605 3873 Omnia
2625 3821 2816 3889 quippe
2832 3821 2916 3873 illa
2939 3821 3212 3875 confertim
3230 3822 3534 3891 projiciens,
3549 3839 3718 3892 neque
3735 3823 3784 3878 id
3810 3835 3932 3879 tecu
3942 3841 3992 3881 nt

2414 3917 2682 3976 reputans,
2703 3924 2788 3962 me
2809 3918 3072 3978 tamquam
3094 3925 3279 3964 navem
3303 3926 3407 3964 non
3423 3912 3747 3965 saburratam
3773 3913 3826 3966 in
3851 3916 3995 3982 pcla-

2412 4012 2510 4065 gus
2563 3998 2877 4052 immensum
2921 4000 3172 4065 emisisti,
3205 4000 3347 4053 nihil-
3388 4002 3627 4070 cogitans
3661 3997 4000 4060 decumanos

2415 4087 2532 4140 illos
2561 4086 2751 4141 ﬂuctus
2774 4129 2789 4154 ,
2821 4104 2954 4156 quos
2980 4105 3066 4144 me
3090 4091 3350 4144 sustinere
3380 4105 3599 4146 necesse
3639 4101 3739 4146 est.
3772 4093 3910 4146 Nam
3943 4097 3991 4150 si

2415 4181 2682 4250 contingat
2711 4181 2793 4235 vel
2822 4181 3139 4235 calumniam
3161 4222 3177 4247 ,
3209 4184 3291 4236 vel
3316 4182 3660 4248 cachinnum,
3695 4185 3781 4239 vel
3827 4187 3992 4241 aliam

2413 4271 2649 4340 quamvis
2677 4271 3051 4324 contumeliam
3097 4280 3149 4325 et
3197 4271 3492 4328 mollestiam
3523 4275 3576 4326 iu
3614 4288 3719 4327 nos
3758 4275 3992 4344 inferri,

2412 4368 2769 4429 smpeautem
2811 4362 2970 4414 multa
3012 4362 3310 4429 hujusmodi
3354 4365 3654 4418 necessario
3693 4367 3949 4420 accidunt
3975 4409 3989 4432 ,

2412 4450 2476 4502 ad
2507 4463 2668 4518 quem
2692 4450 3054 4518 confugiemus
3075 4451 3100 4501 ἲ
3125 4453 3260 4519 apud
3299 4467 3456 4520 quem
3482 4454 3747 4522 angustias
3773 4466 3993 4510 nostras

2412 4539 2853 4594 exonerabimus?
2879 4542 2997 4608 quis
3022 4540 3385 4594 defensionem
3431 4543 3683 4611 suscipiet
3706 4547 3992 4599 nostram?

2412 4631 2530 4698 quis
2556 4631 2800 4683 maeroris
2845 4639 3090 4684 auctores
3133 4631 3383 4684 retundet
3419 4641 3578 4699 atque
3620 4632 3859 4697 sedabit,
3895 4651 3994 4690 no-

2411 4721 2620 4789 bisque
2651 4709 2895 4788 dqlorum
2943 4722 3100 4776 finem
3148 4722 3339 4787 faciet,
3386 4730 3440 4778 et
3485 4723 3731 4777 solatium
3763 4725 3988 4792 aﬂ'eret,

2413 4820 2728 4877 paratosque
2756 4827 2851 4864 nos
2891 4812 3074 4865 reddet
3098 4812 3163 4865 ad
3191 4813 3412 4865 aliorum
3445 4813 3690 4866 ferendas
3718 4815 3992 4883 ineptias?

2413 4898 2580 4953 Nemo
2608 4914 2733 4952 sane
2764 4900 2945 4966 adest,
2979 4910 3029 4954 te
3058 4903 3124 4954 ab
3145 4901 3245 4954 hoc
3271 4903 3580 4970 gravissimo
3613 4904 3754 4957 bello
3798 4908 3990 4972 procul

2415 4999 2619 5043 remoto
2643 5030 2656 5054 ,
2695 5000 2751 5042 ut
2788 5006 2854 5043 ne
2896 4992 3178 5044 clamorem
3210 4991 3420 5060 quidem
3461 5008 3633 5046 meum
3676 4993 3865 5049 audire
3899 5012 3991 5048 va-

2414 5081 2540 5134 leas.
2590 5083 2669 5134 An
2718 5083 2854 5134 nosti
2895 5091 3147 5149 quantum
3198 5083 3474 5137 admiseris
3521 5085 3752 5137 malum?
3796 5101 3869 5140 an
3898 5089 3986 5141 vel

2413 5186 2585 5235 nunc,
2620 5181 2894 5239 postquam
2929 5174 3262 5238 percussisti,
3306 5173 3548 5241 agnoscis
3609 5160 3765 5242 quam
3818 5175 3990 5230 letale

2412 5262 2539 5315 mihi
2570 5264 2756 5315 vulnus
2785 5264 3076 5316 inﬂixcris?
3104 5264 3296 5316 Verum
3335 5266 3448 5318 limo
3488 5265 3643 5318 missa
3687 5265 3986 5320 faciamus:

2412 5367 2582 5420 neque
2613 5352 2748 5404 enim
2779 5353 3029 5420 deinceps
3056 5363 3301 5420 poterunt
3327 5369 3388 5407 ea
3414 5355 3664 5418 dissolvi,
3697 5371 3815 5423 qua:
3851 5356 3988 5410 facta

2411 5452 2565 5508 sunt,
2599 5459 2767 5510 neque
2809 5445 2978 5497 exitus
3016 5447 3233 5512 reperiri
3290 5445 3338 5498 in
3383 5446 3541 5498 rebus
3583 5447 3722 5498 exitu
3751 5449 3988 5499 carenti-

2411 5531 2527 5583 bus.
2567 5531 2700 5595 Quid
2733 5547 2889 5598 porro
2939 5533 3004 5584 ad
3052 5543 3261 5584 exteros
3315 5533 3588 5586 dicemus?
3629 5534 3752 5602 quid
3797 5549 3986 5587 eurum

2411 5626 2863 5677 criminationibus
2903 5626 3383 5692 rCSpondebimus?

2485 5714 2532 5766 8.
2560 5712 2898 5782 Chrysoswmi
2919 5716 3138 5782 defensio
3161 5732 3269 5769 cum
3292 5717 3672 5785 reprehensione
3691 5717 3984 5783 coniuncta.
