4198 6324
103 421 200 474 627

100 533 258 590 νέντα
289 553 398 590 που
419 534 525 606 τῆς
552 535 758 600 πόλεως
791 547 837 604 ﬂ,
864 530 1120 598 λα’δόντες
1147 535 1461 612 καταμόνας
1502 535 1616 589 ὅσοι
1654 535 1790 606 πρὸς

103 623 246 692 ἡμᾶς
282 623 516 685 οἰκείως
556 622 778 692 ἔχουσι,
832 622 909 693 τῷ
942 622 1150 675 πλείονί
1193 639 1259 693 με
1307 622 1408 698 τῆς
1457 626 1793 693 κατηγορίας

102 699 469 763 ὁπόὁάλλουσι
503 710 682 781 μέρει.
735 709 927 763 Εἰδότα
960 709 1072 781 γὰρ
1100 710 1266 763 αὑτοῦ
1292 712 1392 780 τὴν
1422 709 1668 781 γνώμην,
1690 727 1793 780 φα-

102 801 206 862 σὶν,
238 799 365 853 οὐδὲ
393 797 504 870 γὰρ
533 799 600 852 ἀν
626 817 684 853 σε
715 798 873 852 ἔλαθέ
901 818 954 852 τι
986 799 1096 853 τῶν
1123 800 1355 865 ἐκείνου,
1386 802 1487 870 οὑκ
1517 800 1624 854 ἔδει
1652 802 1791 854 ἀπο-

107 867 442 958 τρίψασθαι,
462 867 577 940 ἀλλ’
600 889 632 957 ή
640 891 730 958 μίν
748 885 1218 941 ἀνακοινώσασθαι
1244 888 1432 958 ἐχρῆν,
1459 867 1554 942 καὶ
1574 888 1792 952 πάντως

99 974 201 1026 οὑκ
228 973 298 1026 ἂν
321 975 686 1045 ὴπορήσαμεν
721 975 972 1045 μηχανῆς
995 974 1132 1045 πρὸς
1162 973 1261 1045 τήν
1293 975 1488 1048 ἀγραν.
1540 974 1684 1044 Ἐγὼ
1712 975 1789 1041 δὲ,

98 1060 181 1114 ὅτι
211 1060 315 1131 μέν
367 1079 426 1115 σε
467 1061 568 1114 οὑκ
609 1061 757 1132 ᾔδειν
801 1063 866 1114 ἐκ
904 1061 1100 1123 πολλοῦ
1166 1061 1340 1117 ταῦτα
1383 1061 1790 1134 βουλευόμενον,

99 1136 456 1220 αἰσχύνομαί
480 1149 573 1204 καὶ
617 1148 856 1220 ἐρυθριῶ
902 1149 1040 1221 πρὸς
1076 1149 1318 1212 ἐκείνους
1355 1151 1551 1213 εἰπεῖν,
1580 1149 1792 1221 μήποτε

101 1237 195 1290 καὶ
223 1238 520 1309 ὑπόκρισιν
542 1237 640 1308 τὴν
669 1237 947 1307 ἡμετέραν
980 1231 1122 1290 εἴναι
1168 1238 1450 1307 νομίσωσιι
1483 1238 1688 1307 φιλίαν.
1729 1239 1793 1292 ΕΞ

100 1323 210 1396 γὰρ
239 1312 338 1378 καὶ
371 1325 540 1389 ἐστιν,
571 1324 762 1395 ὥσπερ
791 1319 884 1377 οῦν
915 1323 1008 1377 καὶ
1045 1323 1224 1390 ἐστιν,⁵
1250 1325 1348 1390 καὶ
1386 1325 1509 1378 ούδέ
1537 1323 1603 1378 ἂν
1629 1325 1793 1390 αὐτὸς

100 1411 441 1483 ἀρνηθείης,
490 1411 548 1478 ἐξ
583 1404 659 1466 ὧν
707 1414 788 1475 είς
835 1412 984 1483 ἡμᾶς
1039 1407 1282 1483 ἔπραξας
1335 1411 1460 1466 νῦν·
1494 1411 1631 1465 ἀλλά
1667 1413 1794 1476 τοὺς

98 1496 302 1562 Ξξωθεν
337 1499 430 1551 καὶ
460 1498 686 1569 μετρίαν
727 1497 856 1567 γοῦν
894 1498 1023 1568 περὶ
1056 1498 1213 1569 ήμῶν
1242 1498 1466 1569 ἔχοντας
1501 1497 1659 1563 δόξαν
1693 1516 1795 1551 κα-

100 1583 191 1636 λὸν
239 1585 312 1643 τὲ
366 1585 615 1655 ⁴ἡμέτερα
658 1583 923 1654 κρύπτειν
958 1584 1124 1640 κακά.
1159 1585 1350 1639 Είπεῖν
1389 1585 1488 1654 μὲν
1521 1581 1614 1639 οὖν
1656 1587 1794 1656 πρὶς

98 1671 300 1734 αὐτοὺς
337 1669 589 1740 τάληθὲς,
617 1670 711 1724 καὶ
742 1671 818 1733 ὡς
842 1669 959 1740 ἐχει
991 1671 1060 1725 τά
1086 1670 1206 1723 καθ’
1225 1672 1393 1741 ἡμᾶς,
1427 1671 1570 1724 ὀκνῶ
1588 1687 1602 1701 ο
1623 1673 1789 1740 ἀναγ·

99 1758 344 1828 χάζομαι
373 1757 431 1810 δὲ
453 1757 638 1811 λοιπὸν
667 1759 877 1828 σιωπᾷν
905 1757 1000 1810 καὶ
1021 1757 1254 1811 κύπτειν
1286 1760 1367 1822 είς
1400 1759 1506 1828 γῆν
1537 1759 1631 1812 καὶ
1666 1760 1794 1822 τοὺς

99 1844 462 1908 ἀπαντῶντας
512 1844 877 1916 ἐκτρέπεσθαι
927 1845 1022 1898 καὶ
1058 1845 1369 1916 ἀποπηδᾷν.
1401 1846 1522 1900 Κᾶν
1554 1845 1663 1917 γὰρ
1695 1846 1793 1916 τὴν

100 1934 378 2004 προτέραν
402 1932 628 2001 ἐκφύγω
661 1932 1028 2000 κατάγνωσιν,
1055 1932 1287 2002 ψεύδους
1331 1934 1546 2003 ἀνάγκη
1583 1952 1652 2004 με
1679 1934 1797 2003 κρί-

99 2021 293 2076 νεσθαι
321 2021 531 2075 λοιπόν.
558 2021 695 2075 Οὑδέ
725 2019 836 2092 γάρ
861 2019 1181 2091 ἐθελήσουσι
1211 2038 1299 2091 μοι
1320 2020 1613 2075 πιστεῦσαί
1638 2038 1790 2087 ποτε,
1818 2023 1826 2027 ’

99 2111 184 2163 ὅτι
209 2111 306 2163 καὶ
337 2108 617 2163 Βασίλειον
642 2107 781 2179 μετά
807 2106 918 2161 τῶν
967 2108 1144 2162 ἀλλων
1176 2107 1372 2173 ἔταξας
1391 2147 1407 2170 ,
1430 2103 1516 2172 οἷς
1540 2109 1605 2162 ού
1635 2108 1794 2180 θέμις

97 2197 303 2252 εἰδέναι
353 2197 423 2250 τά
455 2197 546 2251 σά.
585 2195 746 2250 Ἀλλά
787 2194 996 2249 τούτων
1047 2195 1147 2267 μὲν
1179 2197 1242 2250 ού
1286 2196 1454 2259 πολύς
1501 2214 1590 2267 μοι
1614 2192 1791 2266 λόγος,

97 2285 292 2356 ἐπειδή
331 2302 412 2338 σοι
443 2284 604 2338 τοῦτο
631 2283 858 2353 γέγονεν
885 2283 986 2354 ἡδύ
1006 2301 1020 2315 ο
1052 2284 1152 2357 τὴν
1186 2284 1243 2338 δέ
1268 2283 1464 2354 λοιπὴν
1490 2284 1519 2325 1³
1555 2278 1676 2347 πῶς
1711 2283 1793 2337 0!-

96 2389 273 2444 σομεν
300 2371 607 2443 αίσχύνην;
639 2371 702 2424 Ol
729 2371 828 2441 μέν
854 2369 964 2442 γὰρ
989 2371 1281 2435 ἀπονοίας,
1316 2371 1366 2424 οί
1400 2370 1458 2425 δέ
1491 2369 1794 2440 φιλοδοξίας

97 2477 162 2513 σε
189 2460 532 2532 γράφονται·
582 2458 696 2512 ὅσοι
734 2457 792 2511 δέ
822 2459 960 2512 είσιν
989 2457 1365 2529 ἀφειδέστεροι
1396 2457 1505 2510 τῶν
1533 2457 1796 2528 αἰτιωμέ-

93 2563 228 2610 νων,
263 2545 442 2600 ταῦτά
467 2563 526 2599 τε
567 2546 701 2617 ήμῖν
754 2545 1048 2616 ἀμφότερα
1101 2543 1428 2613 ἐγκαλοῦσιν
1480 2541 1621 2615 ὁμοῦ
1645 2585 1663 2613 ,
1697 2544 1793 2596 καὶ

95 2633 460 2705 προστιθέασι
485 2634 586 2703 τὴν
612 2634 692 2695 είς
722 2632 850 2695 τοὺς
879 2632 1244 2703 τετιμηκότας
1274 2631 1661 2704 ῦὸριν,δίκαια
1691 2648 1792 2684 πε-

95 2720 360 2774 πονθέναι
395 2720 903 2788 λέγοντεςαύτοὺς,
937 2721 1033 2773 καὶ
1069 2721 1120 2773 εἰ
1171 2720 1396 2791 μείζονα
1444 2719 1651 2774 τούτων
1679 2719 1796 2774 ἀτι-

97 2806 410 2878 μασθέντες
437 2807 627 2878 ἔτυχον
667 2807 798 2879 παρ’
851 2806 1029 2877 ήμῶν,
1063 2807 1146 2860 ὃτι
1189 2807 1481 2871 τοσούτους
1512 2808 1607 2861 καὶ
1644 2807 1796 2879 τηλιο

93 2895 335 2958 κούτους
363 2895 596 2964 ἀφέντες
628 2893 850 2964 ἀνδρας,
881 2895 1140 2964 μειράκια
1187 2893 1316 2965 χθὲς
1363 2895 1460 2948 καὶ
1491 2894 1688 2968 πρώην
1713 2896 1794 2950 ἐτι

93 2987 222 3047 ταῖς
247 2981 346 3036 τοῦ
378 2983 494 3052 βίου
518 2982 811 3054 μερίμναις
832 2981 1312 3052 ἐγκαλινδούμενα,
1342 2983 1428 3036 ἵνα
1446 2983 1636 3054 χρόνον
1663 2984 1796 3056 βρα-

94 3072 201 3140 χὺν
226 3070 331 3133 τάς
358 3069 531 3140 ὀφρῦς
559 3069 928 3138 συναγάγωσι,
958 3069 1053 3122 καὶ
1084 3070 1222 3138 φαιά
1251 3070 1678 3142 περιϐάλωνται,
1699 3073 1793 3126 καὶ

92 3158 411 3227 κατήφειαν
441 3155 861 3225 ὑποκρίνωνται,
885 3153 1146 3224 ἐξαίφνης
1177 3157 1259 3218 είς
1285 3156 1554 3227 τοσαύτην
1585 3157 1793 3228 ήγαγον

89 3245 291 3316 τιμὴν,
325 3245 461 3312 ὅσην
488 3243 609 3296 ούδέ
635 3242 770 3313 δναρ
805 3241 1072 3312 λήψεσθαι
1092 3243 1545 3317 ςπροσεδόκησαν.
1604 3245 1711 3297 Καὶ
1739 3246 1803 3297 ol-

95 3335 200 3402 μὲν
232 3333 301 3384 ἐκ
342 3329 564 3400 πρώτης
610 3329 830 3400 ήλικίας
864 3331 944 3392 είς
981 3328 1208 3399 ἔσχατον
1245 3330 1422 3402 γῆρας
1452 3330 1549 3402 τὴν
1581 3330 1793 3386 ἑαυτῶν

91 3418 448 3482 ἐκτείναντες
475 3417 726 3486 ἄσκησιν,
762 3419 820 3470 ἐν
844 3419 958 3480 τοῖς
993 3417 1321 3488 ἀρχομένοις
1352 3417 1490 3470 είσίν
1512 3434 1527 3448 ·
1563 3418 1792 3489 ἄρχουσι

91 3509 149 3561 δὲ
178 3506 374 3561 αὐτῶν
408 3508 456 3558 οἱ
488 3507 676 3569 παῖδες
715 3504 914 3568 αὑτῶν,
950 3506 1070 3574 καὶο,
1085 3504 1222 3576 μηδὲ
1263 3505 1389 3568 τοὺς
1422 3504 1620 3575 νόμους
1653 3508 1795 3576 ἀκη-

93 3595 290 3658 κοότες
319 3593 444 3646 καθ’
477 3591 569 3655 οὓς
592 3590 800 3662 ταύτην
832 3591 912 3644 δεῖ
941 3591 1164 3645 διοικεῖν
1185 3591 1285 3663 τὴν
1310 3592 1488 3663 ἀρχήν
1521 3603 1568 3646 ε.
1607 3593 1793 3647 Ταῦτα

93 3682 194 3736 καὶ
228 3681 459 3734 πλείονα
494 3678 699 3732 τούτων
736 3678 988 3746 λέγοντες
1015 3678 1256 3749 συνεχῶς
1279 3681 1410 3750 ήμῐν
1448 3679 1789 3748 ἐπιφύονται.

105 3770 258 3840 Ἐγὼ
291 3769 399 3822 δέδ
424 3785 479 3822 τι
515 3767 614 3838 μὲν
655 3767 1072 3838 ἀπολογήσομαι
1121 3767 1258 3837 πρὸς
1288 3765 1464 3821 ταῦτα
1512 3769 1612 3821 οὑκ
1661 3768 1790 3838 ἔχω,

93 3858 293 3926 δέομαι
339 3855 400 3909 δέ
456 3872 550 3908 σου
587 3854 793 3926 φράσαι
832 3872 945 3924 μοι.
980 3853 1114 3908 Οὐδὲ
1155 3854 1264 3926 γὰρ
1296 3853 1482 3918 ἁπλῶς
1511 3855 1630 3909 οὐδὲ
1669 3857 1790 3927 εἰκῆ

93 3945 313 4012 ταύτην
345 3939 502 4014 οἶμαί
557 3960 615 3996 σε
649 3945 841 4012 φυγεῖν
872 3940 972 4013 τήν
1023 3941 1225 4013 φυγήν,
1277 3943 1373 3996 καὶ
1423 3943 1560 4013 πρὸς
1592 3943 1794 4014 ἀνδρας

94 4033 248 4084 οὕτω
281 4031 557 4101 μεγάλους
588 4032 860 4101 τοσαύτην
888 4029 1251 4096 ἀναδέξασθαι
1289 4030 1390 4101 τὴν
1414 4029 1636 4101 ἔχθραν,
1658 4032 1794 4085 ἀλλά

97 4119 250 4189 μετὰ
280 4134 430 4178 τινος
461 4117 724 4188 λογισμοῦ
752 4118 846 4172 καὶ
869 4115 1117 4186 σκέψεως
1142 4117 1236 4170 ἐπὶ
1259 4116 1420 4171 τοῦτο
1450 4118 1648 4181 ἐλθεῖν,
1671 4120 1792 4173 ὅθεν

96 4208 195 4260 καὶ
231 4206 400 4275 λόγον
425 4207 644 4276 ἕτοιμον
675 4201 814 4258 εἷναί
842 4221 924 4258 σοι
947 4203 1084 4276 πρὸς
1114 4204 1412 4273 ἀπολογίαν
1435 4206 1787 4277 στοχάζομαι.

97 4294 240 4348 Είῇ
270 4289 368 4347 οὖν
397 4292 451 4345 εῐ
474 4311 596 4346 τινα
614 4293 892 4362 πρόφασιν
903 4291 1057 4364 [367]
1076 4292 1290 4344 δικαίαν
1312 4293 1447 4362 πρὸς
1477 4295 1602 4356 τοὺς
1623 4296 1791 4362 ἐγκα-

95 4380 337 4443 λοῦντας
377 4380 720 4450 δυνησόμεθα
761 4379 962 4448 λέγειν.
1018 4375 1122 4434 Ὧν
1174 4379 1283 4450 γὰρ
1333 4382 1495 4444 αὑτὸς
1526 4382 1791 4452 ἠδίκημαι

95 4468 260 4539 παρὰ
285 4466 404 4532 σοῦ,
437 4468 631 4522 οὐδένα
655 4468 874 4522 ἀπαιτῶ
901 4466 1079 4537 λόγον,
1117 4468 1217 4539 ούχ
1247 4461 1322 4521 ὧν
1352 4467 1663 4539 ἡπάτησας,
1694 4471 1792 4542 οὐχ

95 4549 174 4610 ὧν
203 4554 560 4626 προύδωκας,
591 4556 689 4625 οὑχ
730 4549 806 4610 ὧν
839 4557 1164 4628 ἀπήλαυσας
1204 4558 1333 4628 παρ’
1373 4557 1529 4628 ήμῶν
1577 4558 1793 4614 ἅπαντα

93 4645 192 4696 τὸν
219 4644 539 4714 ἔμπροσθεν
569 4644 780 4716 χρόνον.
821 4644 1015 4714 Ἡμεῖς
1045 4644 1145 4713 μὲν
1185 4642 1296 4714 γάρ
1344 4645 1436 4698 καὶ
1475 4643 1575 4716 τὴν
1614 4645 1792 4716 ψυχήν

94 4732 202 4805 τὴν
224 4731 528 4803 ἡμετέραν,
557 4731 632 4796 ὡς
663 4734 859 4799 εἰπεῖν,
880 4732 1159 4803 φέροντες,
1192 4730 1532 4803 ἐνεθήκαμέν
1556 4750 1648 4787 σου
1674 4737 1792 4798 ταῖς

95 4819 267 4891 χερσί
284 4836 300 4851 ο
337 4821 402 4873 σὺ
427 4820 485 4872 δέ
519 4819 758 4892 τοσαύτῃ
789 4821 924 4891 πρὸς
957 4821 1104 4890 ήμᾶς
1133 4819 1354 4890 ἐχρήσω
1372 4822 1438 4890 τῇ
1459 4823 1789 4893 πανουργίᾳ,

91 4908 318 4979 δσῃπερ
352 4906 418 4960 ἀν
463 4908 513 4960 εί
561 4907 854 4978 πολεμίους
907 4907 995 4961 σοί
1028 4924 1181 4971 τινας
1240 4907 1580 4976 φυλάξασθαι
1626 4908 1795 4981 προῦ-

93 5013 280 5050 κειτο.
335 4996 526 5049 Καίτοι
567 5013 629 5064 γε
660 4996 849 5067 ἐχρῆν,
897 4997 946 5049 εί
977 4996 1076 5067 μὲν
1108 4996 1386 5065 ὠφέλιμον
1412 4995 1618 5066 ταύτην
1645 4998 1793 5069 ᾕδεις

91 5080 276 5138 οὖσαν
299 5083 400 5154 τὴν
420 5084 668 5155 γνώμην,
709 5084 1041 5155 μηδὲ-αὑτῆς
1082 5082 1191 5138 τὺδ
1236 5084 1430 5156 κέρδος
1475 5088 1698 5153 φυγεῖνο
1744 5090 1792 5140 εἰ

94 5173 153 5226 δὲ
185 5171 490 5241 ἐπιδλαϐῆ.
524 5173 620 5226 καλ⁵
654 5175 822 5242 ἡμᾶς,
854 5167 950 5235 οὓς
977 5172 1232 5226 ἁπάντων
1256 5171 1345 5225 ἀεὶ
1373 5175 1649 5245 προτιμᾴν
1672 5175 1791 5229 ἐλε-

94 5278 218 5330 γες,
280 5261 588 5326 ἀπαλλάξαι
621 5261 721 5331 τῆς
768 5260 992 5332 ζημίας.
1024 5262 1096 5315 Σὺ
1130 5261 1186 5314 δέ
1215 5261 1310 5315 καὶ
1335 5263 1483 5325 ὅπως
1517 5263 1791 5332 ἐμπεσού-

100 5347 255 5418 μεθα
300 5339 518 5400 ᾶπαντα
562 5347 836 5419 ἔπραξας’⁹
884 5347 982 5401 καὶ
1021 5347 1174 5401 δόλου
1207 5365 1289 5401 σοι
1319 5349 1414 5402 καὶ
1446 5349 1792 5422 ὑποκρίσεως

98 5437 331 5508 ἐδέησεν
361 5435 514 5488 οὐδὲν
552 5435 688 5506 πρὸς
714 5435 807 5487 τὸν
836 5435 1040 5498 ἀδόλως
1084 5437 1179 5488 καὶ
1218 5435 1406 5500 ἁπλῶς
1449 5436 1668 5492 ἅπαντα
1699 5441 1792 5494 καὶ

96 5525 227 5593 λέγε
239 5542 293 5577 ιν
314 5526 408 5577 καὶ
447 5524 709 5595 πράττειν
742 5523 970 5578 εἰωθότα
1002 5523 1139 5596 πρὸς
1160 5526 1240 5578 σέ.
1288 5525 1429 5579 Ἀλλ’
1457 5527 1625 5598 ὅμως,
1652 5530 1788 5599 ὅπερ

158 5629 184 5702 ς
215 5630 467 5702 Quo‘mss.
491 5629 694 5701 φανέντα
714 5629 994 5702 ῇςιήμέρας
1012 5630 1150 5693 μέρος
1169 5634 1261 5702 τῆς.
1275 5630 1478 5698 πόλεως.

155 5687 186 5727 δ
213 5694 444 5750 Quatuor
464 5687 581 5738 [σεε.
605 5692 702 5737 τῶν
725 5691 777 5738 δέ
798 5687 995 5749 λοιπῶν,
1014 5687 1133 5752 'qdze
1169 5689 1321 5738 lectio
1350 5705 1445 5744 non
1485 5693 1786 5752 spernenda.

153 5770 177 5796 ε
206 5753 423 5816 Quidam
451 5764 568 5800 mss.
594 5753 698 5798 καθ’
721 5753 800 5806 οὓς
822 5752 995 5816 ταύτην
1012 5753 1182 5816 αὐτοὺς
1203 5752 1394 5816 διοικεῖν
1410 5753 1507 5816 Δτὴν
1525 5753 1694 5816 ἀρχήν.
1710 5802 1712 5805 ,
1726 5800 1749 5816 γ,

153 5824 182 5852 α
207 5815 298 5864 Sic
321 5816 536 5861 maxima
558 5823 672 5874 pars
693 5826 807 5859 mss.
837 5814 965 5874 Edili
1009 5822 1060 5861 el
1088 5814 1169 5861 alii
1211 5815 1330 5872 μηδέ
1369 5814 1512 5861 αὑτὸν
1552 5814 1624 5863 τὸ.
1662 5815 1788 5865 Infra

84 5879 226 5928 ήῦδέν
251 5881 364 5940 post
383 5872 582 5931 ἐᾶησεν
603 5874 739 5921 «Ιρεδι
765 5875 811 5922 iu
834 5872 983 5924 Salii.
1013 5876 1129 5923 eliu
1150 5874 1332 5934 aliquot
1368 5888 1482 5923 mss.

535 5961 807 6024 ΡΑτιιοι..
854 5964 970 6024 Gn.
1021 5965 1282 6028 XLVIII

1440 419 1528 475 DE
1563 417 2010 476 SACEBDOTIO
2049 417 2182 475 LIB.
2225 418 2264 474 ι.
2376 489 2394 494 η

1899 535 2057 606 ἐφην,
2098 533 2252 588 οὐδὲν
2284 531 2491 586 τούτων
2512 531 2729 601 ἐγκαλῶ
2758 530 2875 597 νῦν,
2904 530 3026 586 οὑδὶ
3053 531 3300 598 ὀνειδίζω
3323 531 3430 606 τήή
3454 535 3592 607 ἐρη-
3611 565 3642 574 -

1899 621 2051 692 μίαν,
2087 623 2168 684 εἰς
2196 621 2265 692 ἢν
2308 619 2653 690 κατέστησας
2682 621 2854 692 ἡμᾶς,
2887 620 2988 685 τὰς
3024 621 3282 684 συνόδους
3325 620 3594 690 διακόψας

1892 708 2131 773 ἐκείνας,
2158 705 2218 773 ἐξ
2247 702 2322 762 ὧν
2355 709 2448 762 καὶ
2471 708 2666 780 ήδονὴν
2689 709 2783 762 καὶ
2808 707 3080 778 ὠφέλειαν
3109 708 3171 761 ού
3195 709 3294 779 τήν
3316 707 3594 779 τυχοῦσαν

1897 796 2344 868 ἐκαρπωσάμεθα
2393 795 2689 860 πολλάκις·
2746 794 2885 849 ἀλλά
2932 795 3111 849 πάντα
3154 795 3330 849 ταῦτα
3360 794 3594 867 ἀφίημι,
3647 805 3651 812 ‘

1895 884 1992 938 καὶ
2015 883 2166 955 φέρω
2196 886 2322 955 σιγῇ
2353 883 2450 936 καὶ
2479 883 2704 955 πράως·
2744 883 2844 936 οὑκ
2869 882 3059 954 ἐπειδὴ
3090 882 3284 952 πράως
3328 883 3409 947 είς
3437 882 3593 954 ἡμᾶς

1898 970 2334 1042 ἐπλημμέλησας
2358 1013 2372 1037 ,
2408 971 2526 1024 ἀλλ’
2566 970 2755 1042 ἐπειδὴ
2795 968 2985 1023 τοῦτον
3009 969 3183 1042 ἐθηκα
3225 969 3453 1041 ἐμαυτῷ
3501 967 3596 1024 τὸν

1897 1057 2060 1128 νόμον
2089 1057 2198 1111 ἀπὸ
2230 1057 2329 1127 τῆς
2361 1058 2574 1129 ἡμέρας
2621 1057 2837 1126 ἐκείνης
2865 1051 2934 1127 ῆς
2970 1057 3071 1127 τὴν
3120 1056 3305 1126 φιλίαν
3353 1055 3596 1126 ἔστερξα

1897 1143 1996 1216 τὴν
2026 1143 2125 1216 σὴν
2150 1185 2164 1208 ,
2213 1144 2355 1215 ὑπὲρ
2404 1136 2481 1197 ὧν
2509 1143 2575 1197 ἀν
2603 1139 2764 1216 θέλῃς
2789 1145 2935 1214 ήμᾶς
2964 1142 3179 1208 λυπεῖν,
3229 1142 3504 1222 μηδέποτέ
3533 1159 3597 1197 σε

1898 1233 1980 1294 είς
2003 1231 2303 1300 ἀπολογίας
2335 1231 2581 1304 ἀνάγκην
2616 1231 2904 1302 καθἰστᾷν.
2955 1230 3131 1298 Ἐπεὶ,
3169 1231 3254 1285 ὅτι
3297 1247 3362 1301 γε
3403 1232 3464 1286 οὐ
3508 1248 3599 1302 μι-

1899 1318 2037 1387 κράν
2067 1329 2091 1358 ο
2131 1318 2236 1390 τὴν
2265 1318 2469 1390 ζημίαν
2502 1321 2637 1390 ἡμῖν
2669 1319 2975 1390 ἐπήγαγες,
3017 1314 3176 1373 οἶσθα
3199 1318 3292 1373 καὶ
3328 1318 3516 1384 αὐτὸς,
3548 1317 3602 1373 ιῑ

1899 1422 1962 1475 γε
1996 1399 2273 1476 μέμνησαι
2305 1407 2413 1459 τῶν
2465 1408 2750 1478 ῥημάτων,
2794 1405 3022 1460 καὶτῶν
3051 1405 3205 1478 παρά
3242 1405 3353 1476 τῶν
3395 1405 3598 1473 ἔξωθεν

1900 1495 2029 1565 περὶ
2054 1493 2239 1562 ήμῶν,
2261 1495 2355 1547 καὶ
2384 1492 2494 1546 τῶν
2521 1495 2609 1563 ὑφ’
2638 1493 2798 1566 ήμῶν
2827 1493 3143 1566 λεγομένων
3171 1494 3294 1548 ἀεί·
3321 1493 3498 1547 ταῦτα
3537 1494 3596 1548 δὲ

1897 1576 1989 1651 ἦν,
2030 1581 2111 1633 ὅτι
2137 1580 2274 1633 πολὺ
2317 1581 2508 1653 κέρδος
2531 1582 2662 1653 ήμῖν
2697 1581 2998 1652 όμοψύχοις
3033 1579 3175 1635 εἶναί
3207 1599 3267 1636 τε
3303 1581 3599 1653 καὶιφράτ-

1899 1667 2088 1722 τεσθαι
2113 1671 2180 1740 τῇ
2212 1668 2349 1740 πρὸς
2372 1669 2636 1741 ἀλλήλους
2666 1671 2840 1740 φιλία.
2867 1670 2980 1724 Καὶ
3004 1672 3054 1725 οἱ
3085 1671 3184 1740 μὲν
3203 1670 3353 1724 ἄλλοι
3391 1670 3596 1734 πάντες

1898 1754 2124 1824 ἔλεγον,
2176 1757 2272 1808 καὶ⁹
2321 1757 2531 1827 ἑτέροις
2589 1756 2804 1820 πολλοῖς
2836 1758 2896 1810 οὑ
2941 1758 3148 1829 μικρὰν
3180 1757 3455 1828 ὠφέλειαν
3495 1757 3620 1830 τήν·

1900 1845 2176 1916 ἡμετέραν
2217 1845 2387 1898 οἴσειν
2427 1845 2716 1916 ὁμόνοιανο
2757 1845 2870 1913 ἐγὼ
2897 1845 2955 1899 δέ
2985 1845 3258 1916 ὠφέλειαν
3310 1845 3410 1916 μὲν
3438 1845 3597 1900 οὑδέο

1900 1949 2028 1985 ποτε
2055 1932 2336 2003 ἐνενόησα,
2362 1932 2424 1986 τό
2448 1949 2511 2002 γε
2543 1934 2624 1997 είς
2655 1932 2756 2002 ἐμὲ
2787 1928 2945 2006 ἧκον,
2974 1933 3235 2006 παρέξειν
3263 1934 3437 1986 τισίν·
3475 1934 3596 1987 ἐλε-

1899 2036 1995 2088 γον
2015 2020 2092 2087 δέ,
2118 2021 2205 2073 ὅτι
2231 2019 2390 2074 τοῦτο
2423 2021 2556 2089 γοῦν
2583 2023 2678 2075 ἀπ’
2705 2019 2878 2092 αὐτῆς
2915 2020 3296 2092 κερδανοῦμεν
3319 2022 3512 2093 κέρδος
3531 2024 3595 2076 οὐ

1903 2106 2121 2178 μικρὸν,
2150 2107 2213 2160 τὸ
2235 2106 2588 2180 δυσχείρωτοι
2613 2108 2871 2177 γενέσθαι
2911 2109 2931 2148 ί
2966 2108 3594 2178 τοῖςνκαταγωνίσασθαι

1900 2194 2242 2266 βουλομένοις
2254 2196 2421 2265 ἡμᾶς.
2438 2197 2550 2249 Καὶ
2567 2196 2741 2250 ταῦτά
2764 2213 2825 2249 σε
2843 2197 3281 2268 ὑπομιμνήσκων
3308 2197 3412 2251 οὐκ
3430 2198 3597 2252 ἐπαυ-

1899 2281 2082 2352 σάμην
2105 2281 2257 2335 ποτέ.
2285 2282 2538 2346 Χαλεπδς
2565 2284 2595 2335 ό
2617 2282 2838 2355 καιρός·
2881 2285 2931 2337 οἱ
2977 2283 3427 2349 ἐπιϐουλεύοντες
3465 2284 3597 2338 πολ-

1897 2369 2006 2422 λοί·
2035 2371 2096 2424 τὸ
2128 2371 2228 2442 τῆς
2261 2372 2485 2443 ἀγάπης
2519 2373 2744 2444 γνήσιον
2788 2373 3071 2428 ἀπόλωλεν
3095 2391 3109 2405 ·
3149 2359 3594 2445 ἀντεισῆκταιῗέ

1896 2458 1925 2510 ό
1960 2458 2061 2529 τῆς
2105 2457 2406 2529 βασκανίας
2447 2459 2700 2533 ὄλεθρος·
2727 2463 2786 2514 ἐν
2841 2462 2994 2533 μέσῳ
3034 2462 3279 2530 παγίδων
3321 2462 3596 2516 διαϐαίνο-

1901 2560 2024 2613 μεν,
2062 2546 2158 2598 καὶ
2196 2544 2290 2598 ἐπὶ
2339 2544 2623 2612 ἐπάλξεων
2662 2546 2876 2601 πόλεων
2908 2547 3326 2619 περιπατοῦμεν
3349 2563 3364 2578 ο
3402 2550 3453 2600 οί
3491 2541 3614 2619 μέν’

1898 2631 2105 2701 ἕτοιμοι
2129 2634 2245 2695 τοῖς
2265 2633 2558 2704 ἡμετέροις
2581 2634 2889 2706 ἐφησθῆναι
2920 2637 3132 2699 κακοῖς,
3151 2634 3353 2689 εἴποτέ
3375 2652 3429 2690 τι
3455 2652 3598 2707 συμ-

1899 2717 2028 2788 ϐαίη
2045 2758 2062 2784 ,
2090 2719 2276 2774 πολλοὶ
2307 2721 2400 2774 καὶ
2439 2720 2772 2797 πολλαχόθεν
2801 2726 2828 2763 ⁸
2845 2724 3214 2796 ἐφεστήκασιν
3231 2740 3243 2753 ·
3271 2723 3372 2778 ὀδέ
3398 2723 3598 2778 συναλ-

1899 2805 2087 2876 γήσων
2124 2805 2303 2869 οὐδεὶς
2328 2846 2344 2872 ,
2377 2806 2411 2877 ἢ
2456 2809 2551 2860 καὶ
2584 2807 2950 2878 εὐαρίθμητοι
2997 2809 3141 2862 λίαν.
3175 2809 3323 2880 Ὅρα
3370 2811 3446 2880 μὴ
3475 2809 3596 2863 δια-

1900 2893 2124 2957 στάντες
2147 2891 2280 2946 ποτέ
2312 2894 2481 2948 πολὺν
2514 2895 2606 2947 τὸν
2634 2894 2847 2963 γέλωτα
2867 2895 3216 2966 όφλήσωμεν.
3252 2895 3474 2974 καὶῇτοῦ
3499 2896 3596 2965 γέ-

1896 2978 2067 3042 λωτος
2117 2979 2342 3051 μείζονα
2382 2979 2480 3059 τὴν
2528 2981 2734 3054 ζημίαν
2755 2999 2771 3015 ο
2823 2983 3110 3064 Ἀδεβφὸς
3148 2984 3271 3039 ὑπὸ
3320 2983 3594 3054 ἁδενὶφοῦ

1890 3070 2308 3139 ,βοηθούμενος
2329 3071 2410 3137 ὠς
2441 3074 2622 3139 πόλις
2643 3075 2854 3143 ὀχυρὰ,
2880 3067 2994 3130 καί
3013 3076 3094 3142 ὡς
3126 3077 3593 3146 μεμοχλευμένη

1892 3158 2205 3223 βασιλεία.
2257 3159 2349 3230 Μὴ
2389 3159 2455 3230 δὴ
2508 3161 2770 3234 διαλύσῃς
2815 3162 3021 3234 ταύτην
3072 3163 3174 3234 τὴιν
3233 3164 3592 3236 γνησιότητα,

1900 3245 2035 3316 μηδὲ
2055 3245 2320 3319 διακόψῃς
2339 3247 2430 3301 τὸν
2462 3248 2679 3318 μοχλόν.
2701 3249 2889 3304 Ταῦτα
2914 3251 3010 3305 καὶ⁵
3036 3249 3108 3303 τά
3139 3250 3347 3305 τούτων
3369 3252 3594 3307 πλείονα

1899 3333 2085 3401 ἔλεγον
2121 3334 2360 3404 συνεχῶς
2387 3373 2403 3399 ,
2459 3335 2612 3389 ούδέν
2648 3337 2749 3407 μέν
2798 3355 2931 3392 ποτε
2967 3338 3306 3391 ὑποπτεύων-
3327 3338 3593 3403 τοιοῦτον.

1897 3421 2036 3476 ἀλλά
2060 3422 2155 3475 καὶ
2179 3422 2322 3491 πάνυ
2364 3439 2423 3476 σε
2467 3421 2536 3475 τά
2582 3420 2721 3494 πρὸς
2755 3426 2904 3496 ήμᾶς
2933 3425 3198 3494 ὑγιαίνειν
3232 3425 3493 3497 νομίζων,
3528 3429 3594 3482 ἐκ

1899 3510 2218 3581 περιουσίας
2249 3510 2306 3563 δέ
2354 3511 2448 3564 καὶ
2487 3512 2802 3580 ὑγιαίνοντα
2843 3513 3549 3586 θεραπεύειν-βουλόμενος
3573 3533 3588 3546 ·

1900 3597 2191 3652 ἐλάνθανον
2220 3598 2298 3662 δὲ,
2326 3598 2402 3662 ὡς
2427 3599 2595 3666 ἔοικε,
2622 3600 2864 3654 νοσοῦντι
2891 3601 2960 3655 τά
2992 3603 3264 3672 φάρμακα
3298 3603 3589 3668 ἐπιτιθείς’

1899 3683 1994 3736 καὶ
2025 3683 2145 3736 ούδέ
2189 3684 2364 3749 οῦτως
2397 3688 2425 3739 ό
2468 3686 2699 3750 δείλαιος
2751 3687 2942 3757 ὢνησα
2965 3727 2980 3753 ,
3023 3687 3176 3761 [568]
3208 3690 3330 3743 ούδέ
3362 3691 3592 3760 γέγονεν

1899 3771 2021 3841 ἐμοί
2049 3789 2101 3823 τι
2131 3771 2293 3824 πλέον
2330 3775 2395 3825 ἐκ
2438 3773 2645 3845 ταύτης
2671 3775 2775 3845 τῆς
2814 3774 2955 3842 ἀγαν
2996 3777 3358 3848 προμηθείας.
3402 3780 3593 3834 Πάντα

1897 3857 2008 3927 γάρ
2038 3856 2219 3909 ἐκεῖνα
2247 3857 2409 3927 ῥίψας
2425 3858 2663 3930 ἀθρόως,
2693 3861 2803 3914 ικαὶ
2839 3862 2960 3914 ούδέ
3001 3865 3080 3926 είς
3109 3865 3250 3916 νοῦν
3270 3863 3590 3934 βαλόμενος,

1897 3945 2085 4015 ὥσπερ
2117 3946 2512 4022 ἀνερμάτιστον
2545 3949 2730 4002 πλοῖον
2771 3951 2853 4012 είς
2882 3947 3138 4019 ’πέλαγος
3178 3954 3326 4022 ἡμᾶς
3362 3952 3591 4026 ἄπειρον

1898 4035 2139 4105 ἀφῆκας,
2166 4035 2320 4088 οὐδὲν
2348 4035 2458 4088 τῶν
2490 4037 2698 4109 ἀγρίων
2729 4039 2956 4092 ἐκείνων
3001 4041 3587 4113 ἐννοήσαςικυμάτων,

1898 4121 2045 4191 ὅπερ
2077 4124 2228 4193 ἡμᾶς
2270 4123 2566 4194 ὑπομένειν
2603 4124 2842 4199 ἀνάγκη.
2886 4127 2949 4180 Εἰ
2979 4127 3087 4198 γάρ
3113 4145 3243 4182 ποτε
3281 4130 3523 4203 συμὸαίη
3557 4133 3588 4172 ³ι

1901 4212 2285 4281 συκοφαντίαν,
2312 4214 2344 4282 ἢ
2380 4214 2702 4284 χλευασίαν,
2743 4216 2777 4287 ἢ
2810 4218 2903 4270 καὶ
2935 4217 3104 4289 ἀλλην
3150 4220 3274 4273 τινὰ
3305 4220 3465 4292 ὓϐριν
3495 4223 3590 4277 καὶ

1899 4299 2162 4370 ἐπήρειαν
2190 4293 2553 4372 ἐπενεχθῆναι
2584 4303 2748 4356 ποθεν
2775 4306 2907 4375 ήμῖν
2941 4306 3240 4376 (πολλάκις
3276 4309 3334 4363 δὲ
3374 4310 3443 4364 τά
3477 4329 3588 4364 τοι-

1899 4384 2042 4439 αῦτα
2074 4387 2394 4457 συμϐαίνειν
2438 4390 2730 4469 ἀνάγκη),
2769 4392 2907 4462 πρὸς
2936 4393 3060 4448 τίνα
3091 4397 3586 4468 καταφευξὸμεθας

1898 4472 2005 4524 τίνι
2031 4475 2405 4545 κοινωσόμεθα
2436 4477 2536 4540 τάς
2569 4480 2846 4550 ήμετέρας
2879 4481 3151 4552 ἀθυμίας;
3177 4484 3261 4548 τίς
3289 4486 3420 4556 ήμῖν
3442 4488 3578 4558 ἀμῦ-

1898 4576 1987 4612 ναι
2028 4560 2265 4630 θελήσει,
2323 4565 2418 4616 καὶ
2472 4566 2600 4629 τοὺς
2637 4568 2735 4637 μὲν
2793 4568 3100 4635 λυποῦντας
3157 4572 3443 4643 ἀνακόψει,
3493 4576 3590 4628 καὶ

1900 4647 2120 4718 ποιήσει
2161 4649 2359 4719 μηκέτι
2390 4651 2581 4706 λυπεῖν
2611 4695 2626 4720 ,
2672 4656 2823 4726 ἡμᾶς
2873 4655 2930 4708 δὲ
2980 4658 3463 4729 παραμυθήσεται,
3494 4663 3589 4716 καὶ

1899 4737 2311 4803 παρασκευάσει
2369 4736 2469 4801 τάς
2519 4740 2723 4812 ἐτέρων
2775 4743 2964 4815 φέρειν
3020 4745 3420 4814 ἀπαιδευσίας;
3472 4751 3588 4804 Οὑκ

1899 4818 2048 4872 ἐστιν
2075 4821 2271 4886 οὐδεὶς,
2315 4823 2409 4877 σοῦ
2432 4826 2719 4898 πόρρωθεν
2749 4831 3042 4900 ἑστηκότος
3073 4831 3168 4885 τοῦ
3195 4832 3372 4887 δεινοῦ
3393 4835 3586 4890 τούτου

1899 4908 2160 4995 πολέμου,
2191 4911 2286 4964 καὶ
2317 4913 2454 4984 μηδέ
2493 4916 2743 4987 κραυγήν
2771 4917 3005 4972 ἀκοῦσαι
3031 4919 3335 4992 δυναμένου
3365 4924 3408 4977 ί.
3438 4905 3586 4995 Ἆρα

1897 4989 2041 5057 οῐδας
2075 4995 2199 5048 ὅσον
2230 4996 2518 5068 εἴργασταί
2551 5018 2635 5054 σοι
2668 5003 2878 5069 κακόνς
2910 5001 3020 5076 ἄρα
3056 5005 3152 5059 νῦν
3172 4989 3312 5073 *γοῦν
3356 5010 3495 5079 μετά
3519 4989 3585 5065 τὸ

1899 5079 2105 5169 πλῆξαι
2132 5081 2520 5169 ἐπιγινώσκεις
2559 5088 2635 5148 ὡς
2671 5090 2894 5160 καιρίαν
2924 5093 3056 5162 ήμῖν
3091 5093 3299 5157 ἔδωκας
3318 5095 3418 5165 τὴν
3441 5096 3584 5169 πλη-

1897 5167 2034 5237 γήνς
2069 5167 2232 5221 Ἀλλά
2259 5170 2432 5224 ταῦτα
2470 5175 2568 5244 μὲν
2590 5175 2836 5244 ἀφείσθω
2858 5195 2871 5207 ·
2908 5179 3033 5232 ούδέ
3058 5179 3168 5251 γάρ
3192 5181 3308 5234 ἐστι
3336 5183 3406 5236 τὰ
3429 5167 3586 5253 γενό-

1899 5271 2037 5345 μενα
2065 5257 2330 5345 ἀναλῦσαι
2364 5259 2571 5326 λοιπὸν,
2599 5264 2721 5318 οὺδέ
2746 5266 2915 5336 πόρον
2952 5270 3064 5332 τοῖς
3106 5269 3336 5341 ἀπόροις
3374 5273 3576 5345 εὑρεῖν.

1896 5341 1963 5393 Τί
1988 5343 2125 5414 πρὸς
2147 5346 2274 5409 τοὺς
2306 5346 2507 5412 ἔξωθεν
2537 5350 2804 5421 ἐροῦμεν;
2841 5355 2892 5407 τε
2920 5356 3058 5425 πρὸς
3099 5355 3198 5421 τὰς
3220 5359 3401 5423 αἰτίας
3437 5341 3579 5417 ἀπο-

1895 5427 2241 5502 λογησόμεθα
2272 5434 2372 5497 τὰς
2404 5437 2630 5491 ἐκείνων
2649 5455 2663 5505 ;

1958 5645 1988 5704 ξ
2004 5636 2104 5704 Αἷμίμί.
2238 5641 2303 5704 εἰς
2327 5642 2486 5704 μικρά.

1963 5694 1988 5766 ς
2005 5700 2108 5766 ‘.-_\_lii
2135 5694 2445 5766 δυσχείρὲιντὰ
2469 5704 2604 5766 εἶναι.

1957 5758 1983 5829 ς
2107 5757 2330 5829 nobdhlji
2356 5772 2508 5829 νεαρ.
2534 5765 2679 5829 Vulg.
2701 5770 2867 5818 πολλοὶ
2891 5771 2942 5820 δὲ
2961 5773 3069 5821 πολ.
3102 5773 3237 5824 Enn.

1957 5819 1984 5900 ξι
2119 5831 2256 5900 ηεοιο
2276 5824 2337 5900 ξε
2348 5820 2426 5874 vi;
2458 5819 2724 5898 et‘aliql'aoL
2737 5845 2850 5882 mss.
2883 5819 3456 5900 ιξεδείιαιῦῖσυμδαίνῃ.
3482 5840 3574 5894 Ed.

1960 5879 1978 5919 ί
2005 5884 2101 5949 Alii
2125 5883 2385 5947 δυναμένου
2400 5886 2540 5934 ποτέ.

3127 5989 3164 6046 7
