4158 6316
330 410 437 467 619

330 554 403 566 -—
427 519 995 580 CHRYSOSTOMUS.
1047 518 1226 581 Bono,
1274 515 1519 582 inquam,
1561 510 1739 564 annuo
1768 514 1916 568 esto;

332 631 506 686 neque
535 614 678 671 enim
722 612 785 664 ad
815 611 1003 664 horum
1048 615 1252 662 tantum
1298 605 1557 659 rationem
1597 596 1923 686 reddendam

333 685 550 775 paratus
580 718 721 771 sum,
753 700 845 755 sed
874 708 930 754 et
957 699 1008 752 in
1035 698 1227 765 quibus
1252 709 1349 748 nos
1372 693 1521 761 culpa
1547 691 1808 745 immunes
1837 685 1926 740 di-

333 795 548 862 misisti,
573 794 627 848 iu
649 793 713 847 iis
733 793 892 846 etiam
917 803 1012 859 pro
1041 786 1179 841 virili
1200 800 1314 840 mea
1340 781 1708 837 defensionem
1736 791 1924 848 parare

330 885 610 949 conabor;
640 898 705 938 ac
730 883 774 937 si
800 882 945 942 libet,
970 879 1036 947 ah
1057 878 1122 932 iis
1150 875 1277 946 ipsis
1302 874 1498 928 ordiar.
1516 862 1796 941 Siquidem
1823 868 1923 923 ab-

332 975 530 1034 surdus
570 971 968 1040 admodumque
1012 970 1247 1037 ingratus
1285 979 1481 1029 essem,
1528 963 1574 1016 si
1619 970 1923 1015 exterorum

334 1068 647 1138 opinionem
675 1077 891 1126 curans,
912 1060 1147 1130 nihilque
1168 1072 1276 1113 non
1301 1071 1464 1129 agens
1493 1062 1549 1107 ut
1567 1052 1614 1106 ei
1644 1050 1949 1104 accusandi

336 1160 501 1215 tinent
527 1158 747 1220 faciant.
775 1155 946 1209 virum
973 1152 1101 1206 mihi
1130 1149 1367 1203 omnium
1398 1145 1800 1206 amicissimum,
1832 1140 1925 1211 qui

336 1258 484 1304 tanta
512 1262 639 1319 erga
676 1260 765 1301 me
790 1259 919 1299 usus
956 1244 1026 1297 sit
1051 1230 1370 1319 verecundia
1393 1277 1410 1301 ,
1441 1244 1499 1290 ut
1528 1251 1595 1289 ne
1620 1233 1835 1303 quidem
1858 1232 1926 1287 de

334 1341 481 1396 illata
508 1318 639 1404 sibi,
674 1345 730 1392 ut
761 1344 929 1407 putat,
958 1334 1149 1402 injuria
1171 1318 1428 1399 conqueri
1451 1328 1597 1391 velit,
1630 1326 1737 1379 imo
1764 1325 1924 1379 etiam

336 1432 452 1487 suis
471 1428 786 1501 posthabitis
802 1428 871 1482 de
895 1425 1088 1480 nostris
1118 1423 1333 1491 insuper
1353 1413 1575 1487 salégat,
1600 1431 1705 1471 non
1728 1417 1924 1486 possim

336 1521 580 1586 flectere,
608 1532 801 1588 meque
832 1514 973 1586 apud
1013 1514 1160 1568 illum
1185 1513 1252 1567 de
1281 1507 1638 1577 illata‘injuria
1666 1520 1921 1575 purgare,

334 1610 469 1680 quin
487 1609 648 1663 etiam
672 1606 871 1675 majore
888 1619 1011 1677 erga
1040 1604 1183 1657 illum
1204 1596 1426 1671 segnitie
1447 1600 1518 1653 uti
1540 1597 1741 1660 videar,
1768 1610 1925 1667 quam

337 1700 429 1754 ille
475 1695 831 1768 sollicitudine
858 1709 980 1764 erga
1011 1708 1096 1747 me
1144 1692 1328 1748 utitur.
1355 1690 1470 1756 Qua
1516 1690 1675 1758 igitur
1712 1688 1764 1741 in
1795 1696 1928 1741 rete

314 1787 580 1853 iussimus
598 1828 614 1852 ,
642 1784 1073 1856 quandoquidem
1103 1782 1229 1837 hinc
1272 1779 1643 1858 constituimus
1669 1776 1926 1847 apologiae

338 1880 563 1950 pelagus
588 1876 829 1946 ingredi?
856 1890 923 1929 an
950 1875 1071 1945 quia
1094 1882 1145 1927 te
1168 1864 1633 1934 circumvenimus,
1667 1877 1929 1923 nostram.

335 1987 447 2040 que
475 1970 569 2025 tibi
598 1977 829 2024 mentem
859 1963 1189 2023 celavimus?
1218 1964 1374 2033 Atqui
1421 1961 1550 2017 illud
1579 1976 1699 2016 cum
1718 1976 1826 2034 pro
1854 1959 1929 2014 tui

334 2060 575 2129 decepti,
621 2067 731 2112 tum
786 2072 882 2126 pro
930 2050 1115 2111 eorum
1166 2055 1348 2114 etiam,
1374 2052 1565 2122 quibus
1593 2060 1645 2106 te
1702 2050 1931 2105 fallendo

340 2148 708 2220 prodidimus,
736 2146 959 2221 utilitate
987 2144 1228 2199 fecimus.
1260 2141 1315 2198 Si
1349 2143 1525 2211 itaque
1566 2140 1756 2195 astutia
1786 2155 1931 2194 sent-

335 2254 440 2309 ρει·
464 2237 625 2303 mala,
655 2250 827 2307 neque
873 2236 1236 2303 illa‘umquam
1262 2232 1348 2287 vel
1392 2231 1457 2286 ad
1484 2228 1757 2301 quodlibet
1784 2245 1931 2285 com-

342 2329 563 2383 modum
586 2328 659 2382 uti
691 2329 867 2393 liceat,
899 2333 1115 2396 paratus
1138 2339 1255 2379 sum
1287 2338 1471 2395 plenas
1494 2323 1623 2378 dare
1650 2337 1933 2393 quascum-

338 2435 451 2491 que
487 2420 718 2475 volueris
751 2435 764 2471 :
793 2433 890 2473 seu
920 2416 1096 2487 potius
1118 2416 1241 2485 quia
1272 2429 1560 2484 numquam
1602 2428 1671 2468 ex
1695 2428 1781 2467 me
1810 2429 1926 2481 poe-

338 2525 445 2564 nas
469 2512 683 2580 exigere
709 2498 1017 2569 sustinebis,
1045 2520 1136 2561 eas
1167 2504 1265 2574 ipsi
1295 2504 1691 2572 nobismetipsis
1728 2503 1932 2573 irroga-

340 2601 541 2664 liimns,
562 2613 693 2669 quas
715 2599 889 2654 solent
909 2596 1113 2666 judices
1139 2594 1400 2656 sontibus,
1428 2609 1547 2647 cum
1574 2593 1641 2647 ab
1662 2593 1941 2661 actoribus,

338 2690 461 2743 suis
486 2691 560 2744 rei
593 2690 787 2757 peracti
815 2687 1032 2742 fuerint.
1060 2686 1153 2741 Sin
1183 2699 1310 2738 vero
1335 2684 1526 2737 astutia
1567 2700 1673 2737 non
1717 2698 1931 2752 semper

336 2780 505 2833 noxia
534 2787 640 2841 est,
675 2778 768 2832 sed
808 2792 905 2847 pro
934 2790 1117 2830 eorum
1147 2775 1237 2845 qui
1258 2774 1349 2848 illa
1380 2782 1599 2828 utuntur
1626 2773 1805 2827 animo
1834 2765 1927 2827 séu

337 2872 485 2924 mala
507 2885 598 2923 seu
620 2869 759 2923 bona
774 2867 1020 2932 efficitur,
1044 2867 1258 2919 missam
1284 2863 1483 2919 faciens
1503 2862 1929 2917 criminationem

340 2964 503 3014 istam
524 3001 539 3023 ,
580 2972 683 3029 qua
714 2968 766 3013 te
802 2958 1221 3011 circtnnventum
1260 2954 1532 3024 quereris,
1563 2954 1724 3022 proba
1752 2967 1849 3006 nos
1877 2953 1930 3006 in

340 3044 545 3104 malum
570 3058 688 3103 astu
723 3061 848 3102 usos
876 3061 997 3102 esse
1030 3064 1043 3099 :
1076 3046 1246 3099 donec
1273 3045 1415 3099 enim
1459 3043 1509 3098 id
1540 3042 1791 3107 abfuerit,
1820 3059 1927 3096 non

337 3139 637 3204 criminari,
656 3137 748 3193 sed
767 3135 983 3191 laudare
1007 3135 1360 3205 decipientem
1379 3149 1587 3204 aequum
1613 3133 1767 3188 fuerit
1790 3133 1927 3203 apud

337 3244 441 3283 cos
477 3229 664 3282 saltem
696 3227 785 3298 qui
825 3226 1051 3295 aliquam
1082 3224 1219 3294 atqui
1251 3213 1481 3293 boniqné
1526 3223 1784 3277 rationem
1832 3225 1930 3278 ha-

336 3323 497 3373 bent.
540 3318 765 3372 Tantum
809 3318 951 3371 enim
998 3315 1130 3369 lucri
1175 3314 1335 3368 habet
1362 3323 1659 3383 opportuna
1684 3314 1929 3383 bonoque

338 3410 530 3464 animo
556 3418 737 3478 parata
765 3406 942 3473 fraus,
973 3413 1031 3460 ut
1057 3404 1208 3460 multi
1250 3418 1412 3473 saepe,
1456 3403 1595 3473 quod
1624 3418 1682 3457 ea
1714 3420 1817 3457 non
1849 3405 1926 3458 nsi

335 3499 474 3562 sint,
525 3513 705 3568 pinnas
746 3496 1011 3551 dederint.
1044 3496 1121 3550 Ac
1154 3496 1199 3550 si
1229 3496 1361 3550 velis
1407 3494 1570 3550 duces
1598 3496 1927 3549 exercituum

334 3590 653 3643 examinare
686 3589 755 3642 ab
779 3587 909 3641 orbe
946 3586 1161 3640 condito
1187 3585 1510 3640 celebriores
1529 3627 1543 3649 ,
1573 3585 1787 3639 illorum
1815 3597 1927 3638 tru-

338 3693 460 3747 paaa
482 3694 635 3746 quam
657 3677 888 3747 plurima
916 3675 1041 3730 dolo
1067 3682 1217 3744 parta
1244 3675 1561 3744 comperies,
1590 3690 1787 3743 eosque
1817 3689 1917 3727 ma»

331 3766 448 3834 ᾔοτὶ
488 3765 641 3820 laude
681 3766 979 3820 celebratos
999 3807 1015 3831 ,
1064 3780 1222 3835 quam
1250 3764 1338 3832 qui
1366 3774 1553 3835 aperto
1585 3767 1686 3818 m'ai
1704 3774 1754 3817 te
1783 3765 1926 3818 vice-

336 3866 492 3911 runt.
524 3856 651 3910 Nam
693 3842 745 3910 hi
770 3856 983 3925 quidem
1026 3856 1209 3925 majori
1240 3858 1579 3924 pecuniarum
1620 3856 1926 3909 hominum-

333 3963 453 4017 que
476 3948 751 4017 dispendio
776 3947 962 4002 hostes
982 3955 1255 4017 superant,
1288 3948 1356 4001 ita
1381 3957 1436 4001 ut
1465 3948 1773 4017 plerumque
1795 3949 1923 4003 nihil

333 4038 613 4095 commodi
642 4056 710 4094 ex
738 4040 961 4094 victoria
982 4039 1237 4103 referant,
1266 4037 1359 4093 sed
1390 4053 1498 4092 non
1519 4038 1778 4093 minorem
1803 4042 1819 4071 ¹
1849 4042 1926 4094 vi-

333 4140 525 4183 ctores
542 4143 697 4198 quam
727 4129 851 4183 victi
880 4137 987 4182 tum
1024 4128 1287 4182 exercitus
1317 4136 1425 4180 tum
1455 4127 1628 4181 aerarii
1662 4128 1922 4196 jacturam

336 4219 564 4274 faciant.
594 4217 675 4271 Ad
704 4218 820 4273 hate
846 4232 975 4273 vero
1006 4214 1111 4272 non
1141 4217 1321 4270 sinunt
1347 4231 1441 4271 eos
1468 4218 1591 4271 victi
1622 4227 1729 4271 tota
1755 4218 1924 4271 victu-

336 4312 441 4363 ria:
463 4306 628 4378 gloria
670 4306 807 4373 frui;
837 4307 1033 4363 etenim
1086 4306 1217 4377 ipsis
1242 4306 1361 4377 ejus
1403 4321 1525 4375 pars
1553 4322 1659 4362 non
1707 4308 1924 4363 minima

332 4392 506 4465 dedit,
537 4408 721 4470 utpote
764 4399 856 4469 qui
876 4399 1075 4454 'animis
1104 4400 1335 4454 victores
1357 4439 1374 4465 ,
1416 4397 1728 4469 corporibus
1751 4402 1923 4455 solum

334 4490 626 4549 inferiores
651 4490 885 4557 fuerint;
915 4492 984 4545 ita
1012 4498 1090 4556 ut,
1119 4491 1163 4545 si
1196 4492 1491 4560 potuissent
1519 4490 1751 4545 confossi
1771 4493 1793 4523 '
1818 4507 1922 4546 non

331 4584 558 4650 cadere,
582 4600 754 4655 neque
774 4597 917 4638 mors
944 4584 1063 4638 illos
1088 4584 1481 4652 prostravissct,
1504 4599 1788 4653 numquam
1815 4585 1926 4638 ala.

331 4668 585 4729 critatem
607 4674 733 4729 anni
759 4673 1082 4728 amisissent.
1110 4673 1212 4739 Qui
1238 4688 1367 4728 vero
1387 4673 1572 4728 fraude
1591 4675 1803 4729 vincere
1829 4690 1925 4745 po-

333 4766 468 4831 tuit,
494 4780 600 4819 non
619 4765 960 4820 calamitosos
982 4764 1180 4831 solum;
1203 4764 1296 4819 sed
1317 4766 1477 4819 etiam
1499 4766 1609 4820 risu
1632 4766 1819 4836 dignos
1841 4766 1922 4821 ef-

336 4855 455 4907 ficit
485 4852 684 4909 hostes.
738 4853 856 4908 Non
884 4854 1046 4919 enim,
1081 4863 1139 4908 ut
1167 4854 1295 4919 illic,
1326 4869 1505 4923 parent
1530 4855 1741 4924 tttrique
1770 4854 1924 4911 forti-

332 4944 576 5010 tudinis,
603 4944 671 4997 ita
710 4953 765 4999 et
787 4944 873 4999 hic
900 4944 1065 5010 ambo,
1085 4942 1379 5013 prudentire
1408 4943 1616 4997 laudem
1645 4944 1917 5013 referunt;

334 5032 440 5086 sed
466 5032 730 5103 integrum
746 5034 1069 5107 _,victoribus
1115 5033 1351 5088 victoria:
1405 5035 1683 5102 praemium
1735 5037 1917 5091 cedit:

339 5122 600 5193 quodque
628 5139 733 5176 non
762 5122 938 5178 minus
976 5133 1080 5188 est,
1107 5124 1342 5178 victorias
1366 5125 1691 5193 voluptatem
1720 5127 1922 5184 civitati

329 5214 609 5269 sinceram
633 5224 866 5268 servant.
896 5215 1077 5285 Neque
1105 5215 1247 5270 enim
1279 5215 1498 5285 perinde
1528 5231 1587 5270 se
1610 5217 1806 5273 habent
1823 5234 1921 5287 pe-

330 5307 618 5359 cuniarum
643 5306 795 5375 copia
826 5306 1206 5376 hominumque
1234 5307 1534 5371 multitudo,
1571 5318 1730 5380 atque
1756 5310 1919 5364 animi

333 5396 944 5467 prodentia;siquidem
975 5397 1060 5452 illa
1077 5397 1139 5466 in
1176 5412 1275 5451 usu
1294 5397 1489 5453 bellico
1510 5397 1772 5468 frequenti
1794 5414 1919 5453 con-

327 5485 479 5541 sumi
522 5486 714 5552 solent,
762 5495 936 5559 atque.
971 5502 1307 5558 possessores
1345 5501 1470 5543 suos
1500 5487 1776 5554 deserere;
1806 5489 1921 5545 haec

402 5663 423 5692 ι
456 5658 895 5720 mundanam.
918 5662 968 5711 iu
990 5662 1145 5711 tribus
1166 5668 1273 5712 uss.

397 5723 531 5771 ἐἰς
572 5720 712 5771 savtl.
778 5730 831 5770 et
891 5735 1061 5773 omnes
1120 5726 1228 5773 fere
1298 5730 1435 5782 5:55.;

326 5782 559 5834 admits.
626 5808 629 5809 ν

1513 5722 1676 5774 ttorcl.
1744 5723 1912 5782 habet,

1537 396 1624 453 DE
1656 388 2103 465 SACERDOTlO.
2148 389 2275 444 LIB.
2317 389 2359 446 l.

3516 395 3617 463 630

2033 516 2160 558 vero
2201 512 2403 573 quanto
2445 503 2613 573 magis
2668 516 2941 567 exerceas,
2990 510 3135 558 tanto
3162 503 3329 573 magis
3376 514 3617 573 augetur.

2029 594 2213 665 Neque
2235 596 2409 649 solum
2440 595 2492 649 in
2519 594 2696 661 bellis,
2728 594 2821 649 sed
2844 596 3003 650 etiam
3042 594 3194 664 pacis
3218 603 3478 665 tempore,
3503 613 3620 650 nta-

2030 701 2207 763 gnum
2230 685 2698 754 necessariumque
2724 683 2925 739 fraudis
2954 699 3105 741 usum
3127 700 3250 741 esse
3286 686 3619 757 compcrias,

2031 792 2132 857 nec
2162 785 2371 832 tantum
2396 776 2461 831 ad
2488 776 2718 832 civitatis
2758 776 2987 854 negotia,
3012 777 3105 832 sed
3134 786 3188 832 et
3213 777 3279 834 ad
3303 776 3619 844 domestica,

2030 867 2147 921 viro
2162 866 2419 920 adversus
2442 880 2686 929 uxorem,
2712 866 2867 920 uxori
2896 864 3153 921 adversus
3182 866 3375 930 virum,
3401 867 3537 937 patri
3566 867 3618 922 in

2032 953 2196 1010 filium
2223 996 2238 1022 ,
2270 956 2441 1011 amico
2467 956 2520 1010 in
2564 956 2816 1021 amicum,
2841 957 2947 1011 imo
2976 940 3134 1011 etiam
3165 957 3275 1012 lilio
3300 958 3352 1012 in
3389 968 3618 1029 patrem.

2031 1047 2212 1117 Neque
2238 1048 2380 1102 enim
2411 1048 2515 1104 alio
2543 1048 2705 1103 modo
2730 1050 2901 1119 potuit
2925 1049 3031 1104 ﬁlia
3060 1049 3238 1105 Saulis
3262 1052 3433 1106 virum
3462 1065 3617 1108 suum

2031 1138 2333 1194 emanibus
2360 1140 2475 1207 ejus
2507 1132 2729 1204 eruere,
2762 1155 2920 1208 quam
2952 1152 3154 1210 patrem
3183 1141 3512 1212 “decipienda
3542 1143 3617 1214 (Ι.

2035 1230 2161 1299 Reg.
2197 1231 2282 1286 l9.
2311 1232 2436 1302 12).
2472 1232 2707 1302 Eiusque
2752 1232 2915 1287 frater
2936 1236 3044 1302 jam
3075 1244 3315 1302 ereptum
3352 1251 3387 1291 ι
3411 1249 3617 1302 sorore,

2035 1323 2330 1393 iterumque
2357 1324 2746 1392 periclitantem
2775 1338 2990 1378 servare
3019 1325 3261 1393 cupiens,
3287 1325 3476 1381 iisdem
3506 1328 3620 1397 qui-
3646 1388 3651 1391 ,

2035 1414 2131 1467 bus
2160 1428 2300 1467 uxor
2328 1414 2599 1481 ejus‘usus
2625 1423 2705 1467 cst
2731 1415 2851 1473 telis
2879 1414 3041 1485 (Ibid.
3072 1415 3161 1469 20.
3185 1416 3266 1487 8).

2048 1562 2074 1587 .
2105 1504 2237 1559 Tum
2267 1495 2594 1570 BASILIUS,
2626 1506 2769 1561 Nihil
2810 1507 2937 1562 hate»
2961 1506 3027 1562 ad
3059 1503 3181 1575 me,
3213 1508 3415 1578 inquit,
3450 1523 3613 1580 neque

2032 1595 2172 1649 enim
2204 1595 2374 1655 hostis
2402 1612 2517 1651 sum
2548 1598 2630 1651 vel
2662 1598 2942 1661 inimicus,
2972 1613 3147 1669 neque
3190 1614 3255 1654 ex
3298 1604 3481 1655 eorum
3524 1615 3612 1655 nu-

2033 1701 2221 1762 mero,
2264 1689 2455 1757 quibus
2480 1689 2703 1745 Ludendi
2735 1690 2945 1745 animus
2987 1701 3101 1757 est;
3133 1699 3478 1769 contravero
3518 1703 3623 1749 tua:

2032 1790 2246 1845 semper
2292 1779 2571 1832 sententia:
2600 1779 2778 1834 omnia
2808 1795 2925 1835 mea
2953 1782 3220 1844 commisi,
3271 1784 3357 1837 cui
3384 1798 3625 1853 semper,

2007 1865 2245 1935 quando
2273 1874 2327 1921 tu
2352 1866 2575 1937 jussis-ti,
2604 1868 2933 1939 obsequutus
2959 1884 3099 1926 sum.

2105 1957 2158 2012 9.
2215 1957 2405 2028 Magna
2431 1975 2497 2012 ea:
2535 1961 2828 2028 tempestiva
2852 1962 3034 2032 fraude
3072 1962 3280 2017 utilitas.
3308 1992 3379 2002 —
3404 1962 3622 2018 CHRY-

2011 2047 2409 2125 SOSTOMUS.
2444 2050 2531 2113 At,
2564 2064 2596 2103 ο
2626 2051 2705 2103 vir
2729 2049 3040 2106 admirande
3067 2062 3227 2123 atque
3248 2055 3469 2123 optime,
3504 2055 3624 2109 ideo

2036 2136 2128 2189 tibi
2151 2136 2258 2206 jam
2286 2146 2443 2197 antea
2469 2138 2603 2204 dixi,
2628 2155 2732 2194 non
2757 2139 2807 2193 in
2843 2140 2981 2194 bello
3006 2150 3206 2219 tantum
3231 2151 3284 2196 et
3311 2151 3494 2197 contra
3524 2143 3623 2197 lto-

2035 2233 2165 2290 stes,
2190 2226 2283 2280 sed
2315 2228 2472 2281 etiam
2499 2229 2549 2281 in
2593 2244 2719 2299 pace
2744 2240 2797 2284 et
2820 2230 3074 2285 adversus
3101 2231 3452 2287 amicissimos
3478 2232 3625 2286 frau-
3720 2286 3723 2287 ν

2033 2314 2105 2384 de
2128 2319 2201 2370 uti
2231 2318 2493 2373 interdum
2535 2335 2668 2389 opus
2694 2336 2832 2377 esse.
2862 2322 3209 2390 Quodautem
3240 2338 3300 2379 ea
3331 2340 3434 2382 non
3463 2326 3624 2380 modo

2032 2407 2439 2477 decipientibus,
2469 2412 2561 2465 sed
2593 2413 2749 2466 etiam
2783 2412 3019 2483 deceptis
3048 2414 3190 2467 utilis
3212 2415 3297 2475 sit.
3323 2430 3351 2469 a
3373 2402 3621 2485 quopiam

2035 2501 2359 2555 medicorum
2414 2502 2705 2569 sciscitare,
2761 2519 2991 2573 quonam
3036 2504 3109 2559 illi
3158 2506 3319 2560 modo
3372 2521 3543 2576 :cgros
3593 2522 3623 2561 a

2036 2595 2224 2650 morbo
2255 2595 2517 2662 liberent;
2546 2598 2835 2665 audiesque
2858 2599 3000 2667 ipsos
3028 2614 3134 2652 non
3156 2608 3270 2652 arte
3296 2609 3498 2653 tantum
3526 2600 3622 2665 uti,

2035 2687 2129 2741 sed
2154 2696 2206 2741 et
2238 2687 2498 2742 fallaciam
2547 2688 2810 2743 interdum
2841 2689 3118 2753 adhibere,
3150 2700 3307 2758 atque
3331 2690 3447 2757 ejus
3471 2692 3624 2766 auxi-

2034 2775 2105 2829 lio
2131 2776 2367 2830 adhibito
2408 2790 2581 2847 mgros
2618 2778 2830 2831 sanitati
2865 2779 3165 2834 restituere.
3214 2780 3440 2847 Quando
3480 2781 3623 2834 enim
3664 2822 3667 2823 ν

2036 2875 2144 2919 tum
2169 2869 2354 2920 morbo
2381 2868 2732 2925 laborantium
2772 2871 3077 2936 morositas,
3111 2879 3221 2924 tum
3255 2871 3426 2925 morbi
3458 2872 3622 2940 ipsius

2033 2955 2319 3012 difficultas
2358 2958 2691 3013 medicorum
2725 2961 3008 3041 consilium
3055 2959 3160 3015 non
3202 2962 3453 3029 admittit,
3500 2966 3625 3019 tunc

2033 3048 2255 3104 fallacia:
2284 3065 2563 3119 personam
2595 3051 2820 3107 induere
2856 3062 3135 3123 coguntur,
3171 3063 3230 3109 ut
3250 3056 3625 3125 “quemadmo-

2032 3140 2159 3195 dum
2194 3142 2247 3196 in
2284 3157 2442 3198 scena
2469 3144 2544 3199 rei
2584 3146 2862 3200 veritatem
2901 3146 3154 3216 obtegere
3194 3149 3416 3216 possint.
3450 3150 3624 3217 Atque
3656 3126 3663 3136 ⁸

2034 3232 2139 3296 hic,
2172 3234 2217 3288 si
2245 3235 2437 3303 placet,
2487 3252 2647 3289 unum
2699 3236 2791 3290 tibi
2819 3253 2882 3291 ex
2910 3237 3090 3291 multis
3116 3238 3297 3291 dolum
3321 3237 3583 3294 enarrabo
3603 3282 3616 3304 ,

2031 3340 2189 3394 quem
2214 3340 2245 3378 a
2269 3326 2490 3380 medicis
2526 3327 2898 3381 concinnatum
2945 3327 3144 3382 audivi:
3190 3328 3379 3383 Incidit
3404 3329 3619 3398 quidam

2032 3404 2087 3471 in
2111 3415 2301 3472 febrim
2340 3418 2612 3472 ardentem
2642 3433 2707 3473 ac
2740 3419 3265 3473 vehementissimam
3296 3435 3312 3474 :
3345 3432 3504 3474 mstus
3536 3421 3620 3474 in-
3668 3444 3676 3449 -

2029 3521 2160 3576 gens
2187 3512 2322 3573 erat,
2356 3523 2416 3562 ac
2446 3518 2632 3561 cuncta
2659 3524 2742 3569 ea,
2765 3524 2883 3577 qua:
2907 3509 3078 3578 ignem
3100 3510 3437 3580 exstinguere
3463 3520 3617 3579 pote-

2030 3607 2170 3665 rant,
2194 3600 2480 3667 respuebat
2510 3615 2670 3669 aeger.
2701 3599 2961 3669 Cupiebat
2981 3611 3157 3655 autem
3184 3610 3239 3655 et
3262 3596 3398 3670 apud
3430 3618 3619 3658 omnes

2029 3702 2089 3743 se
2116 3688 2371 3744 adeuntes
2394 3690 2642 3755 instabat,
2667 3691 2763 3744 sibi
2787 3707 2993 3745 merum
3019 3692 3165 3761 large
3191 3694 3540 3763 porrigerent,
3563 3706 3619 3748 et

2029 3781 2306 3835 exitiosam
2330 3781 2473 3834 illaut
2496 3781 2800 3850 cupidinem
2826 3783 3047 3851 implere
3074 3794 3438 3852 procurarent.
3463 3786 3616 3852 Quod

2030 3885 2158 3925 sane
2187 3870 2509 3925 non'febrim
2538 3872 2696 3926 modo
2728 3867 3129 3938 inllammaSSet,
3161 3875 3254 3930 sed
3283 3876 3535 3930 miserum
3564 3877 3617 3931 in

2028 3960 2264 4016 furorem
2292 3963 2631 4031 conjecissct,
2663 3964 2707 4017 si
2730 3964 2846 4033 quis
2875 3973 3049 4019 tamen
3080 3966 3367 4036 talem-ipsi
3394 3969 3616 4037 gratiam

2028 4052 2385 4108 exhibuisset;
2398 4053 2531 4108 Cum
2571 4054 2658 4108 hic
2687 4069 2775 4109 ars
2804 4055 2935 4110 nihil
2967 4057 3285 4127 proficeret,
3310 4060 3617 4129 nullamque

2027 4145 2327 4201 machinam
2349 4148 2651 4215 excogitare
2672 4155 2873 4217 posset,
2894 4150 3001 4203 imo
3017 4163 3234 4218 prorsus
3251 4165 3312 4204 ea
3327 4151 3616 4221 reﬁcienda

2026 4235 2327 4303 videretur,
2371 4236 2487 4305 ejus
2527 4237 2669 4292 vices
2702 4237 2908 4293 fallacia
2947 4240 3246 4308 suscipiens
3271 4241 3375 4292 vim
3416 4249 3615 4295 tantam

2026 4328 2277 4394 ostendit,
2302 4338 2555 4397 quantam
2588 4344 2709 4383 mox
2747 4330 2951 4384 audies.
2997 4330 3209 4385 Etenim
3246 4331 3488 4387 medicus
3522 4348 3616 4387 vas

2027 4427 2315 4473 testaceum
2342 4435 2529 4475 recens
2546 4436 2575 4474 e
2595 4420 2805 4475 fornace
2820 4420 3067 4475 eductum
3085 4421 3208 4475 vino
3228 4422 3493 4489 permulto
3519 4424 3616 4476 im-

2026 4512 2213 4565 mersit
2232 4528 2243 4563 :
2267 4511 2590 4567 abstractum
2610 4512 2733 4565 hinc
2750 4526 2973 4565 vacuum
2991 4526 3111 4566 cum
3125 4526 3257 4581 aqua
3281 4512 3611 4581 replevisset,

2022 4601 2172 4669 jubet
2187 4602 2493 4671 aegrotantis
2508 4602 2809 4655 cubiculum
2834 4603 2965 4656 velis
2994 4601 3171 4657 multis
3190 4601 3516 4667 obumbrari,
3547 4619 3617 4658 ne

2024 4692 2113 4745 lux
2138 4691 2314 4744 dolum
2338 4691 2625 4760 proderet;
2660 4700 2714 4747 et
2738 4705 2885 4760 :rgro
2904 4706 2997 4745 vas
3028 4693 3178 4761 quasi
3208 4707 3357 4747 mero
3397 4693 3611 4762 plenum

2026 4785 2273 4854 propinat
2299 4800 2315 4837 :
2344 4799 2449 4859 quo
2484 4783 2567 4838 vix
2611 4783 2856 4839 ntanibus
2888 4784 3223 4854 apprehenso
3248 4794 3479 4853 aegrotus
3506 4785 3612 4839 vini

2023 4878 2188 4932 odore
2204 4877 2381 4931 statim
2398 4876 2668 4946 deceptus,
2688 4876 2828 4946 quod
2847 4875 3079 4937 oblatum
3099 4874 3266 4931 fuerat
3288 4890 3394 4930 non
3409 4877 3615 4931 curavit

2027 4969 2459 5034 examinandum,
2482 4968 2575 5023 sed
2602 4967 2768 5022 odore
2790 4967 2997 5022 illectus
3024 4982 3088 5021 ac
3113 4966 3348 5021 tenebris
3373 4966 3610 5032 delusus,

2024 5068 2247 5127 urgente
2261 5059 2421 5114 etiam
2435 5057 2704 5127 cupidine,
2720 5056 2884 5111 multa
2898 5072 3021 5112 cum
3046 5056 3299 5110 aviditate
3320 5056 3497 5109 hausit
3516 5072 3530 5118 ;
3549 5071 3612 5109 ac

2024 5151 2244 5204 satiatus
2274 5147 2678 5203 suffocatiouem
2710 5148 2889 5202 statim
2912 5148 2927 5178 ¹
2954 5148 3207 5212 excussit,
3247 5157 3302 5201 et
3327 5145 3613 5200 imminens

2024 5240 2315 5308 periculum
2361 5236 2563 5307 effugit.
2598 5237 2781 5292 Viden‘
2820 5230 3043 5291 fallacia:
3082 5236 3322 5291 lucrum?
3363 5236 3517 5303 Quod
3566 5236 3612 5289 sl

2022 5330 2143 5399 quis
2181 5314 2370 5382 omnes
2411 5328 2739 5383 medicorum
2768 5328 2920 5382 dolos
2949 5341 3232 5382 recensere
3261 5328 3406 5391 velit,
3438 5328 3610 5383 oratio

2024 5434 2154 5475 sane
2180 5419 2406 5488 longior,
2440 5434 2596 5489 quam
2620 5434 2716 5488 par
2743 5419 2831 5484 sit,
2860 5418 3068 5472 evadet.
3097 5416 3206 5471 Nec
3234 5416 3409 5471 solum
3437 5417 3493 5483 ii,
3517 5419 3612 5487 qui

2024 5518 2247 5572 corpora
2276 5512 2499 5567 curant,
2526 5503 2621 5556 sed
2645 5503 2805 5557 etiam
2838 5503 2871 5556 ii
2893 5543 2907 5564 .
2937 5501 3026 5571 qui
3057 5500 3250 5555 anima:
3282 5501 3483 5555 morbis
3518 5515 3613 5554 cu-

2025 5597 2206 5651 randis
2232 5608 2452 5661 vacam,
2488 5595 2589 5650 hoc
2622 5584 2925 5665 frequenter
2972 5592 3216 5649 remedio
3268 5591 3344 5648 uti
3383 5587 3613 5677 corripe-

2087 5723 2102 5754 ¹
2132 5729 2179 5772 In
2196 5721 2359 5772 Morel.
2384 5720 2549 5779 deest.
2569 5712 2757 5780 statim;
2773 5720 2863 5772 sed
2886 5719 3092 5771 habetur
3109 5720 3159 5768 in
3181 5716 3317 5767 savii.
3340 5716 3448 5766 etin
3467 5713 3623 5763 omni-

2024 5783 2118 5832 bus
2146 5798 2275 5845 pene
2290 5783 2549 5834 exlicilxts.
2753 5813 2755 5816 ι
