4158 6316
620 342 725 421 est

622 499 845 550 riuntur.
889 494 977 550 Sic
1002 494 1189 550 beatus
1213 492 1405 547 Paulus
1430 491 1451 561 (
1472 495 1580 544 Act.
1608 489 1698 543 21.
1716 486 1824 561 26)
1854 485 2046 539 multas
2082 482 2200 537 illas

1341 354 1398 405 S.
1440 348 1716 406 JO.\NNIS
1754 342 2225 402 CllltY'SOSTOMl
2268 340 2587 397 ARCHIEP.
2626 340 3164 397 CONSTANTINOP.

3781 343 3890 398 652

2306 460 2430 531 fecit
2456 478 2476 547 (
2500 478 2553 532 5.
2588 475 2715 549 Reg.
2746 478 2831 532 l8.
2862 478 2932 537 54
2955 478 2995 545 ).
3021 477 3151 532 Nam
3181 476 3224 531 si
3254 474 3357 531 hoc
3383 476 3820 540 concederemus.
3836 488 3890 531 et
3954 538 3965 548 ,

623 587 924 652 Jndzeorum
964 584 1230 657 myriadas
1256 583 1471 638 attraxit
1496 582 1515 652 (
1540 581 1627 635 Id.
1675 560 1760 634 l6.
1785 577 1855 649 5)
1885 578 2026 633 :hoc
2072 580 2193 629 item
2226 628 2227 631 η
2304 570 2347 620 si
2378 582 2465 622 res
2495 567 2635 634 ipsas
2674 567 2862 632 nudas,
2895 581 2999 621 non
3042 581 3277 657 expenso
3318 575 3593 621 auctorum
3624 566 3885 631 consilio,

623 678 847 732 consilio
872 676 1211 745 Timotheum
1234 672 1564 728 circumcidit
1588 672 1693 732 ille.
1713 670 1801 741 qui
1832 667 2031 737 Calatis
2057 664 2197 737 (Gal.

625 770 676 825 5.
710 766 765 838 2)
795 766 1090 822 scribebat‘
1110 765 1236 820 nihil
1266 765 1596 834 profuturum
1623 760 1889 816 Christum
1909 760 1971 813 iis
1990 758 2079 828 qui
2100 757 2204 812 cir-

623 858 1013 913 cumciduntur.
1050 856 1175 919 Ideo
1206 856 1309 923 legi
1356 870 1415 909 se
1445 853 1677 909 subdidit
1721 853 1789 918 is,
1834 857 1921 921 qui
1943 851 2202 922 justitiam

626 964 693 1002 ex
719 949 833 1017 lege
869 958 987 1017 post
1018 947 1171 1001 fidem
1204 946 1256 1000 in
1286 946 1556 999 Christum
1584 944 1959 999 detrimentum
1990 941 2205 1013 putabat

631 1040 885 1110 (Philipp.
935 1039 990 1093 5.
1023 1039 1102 1109 7).
1133 1037 1356 1092 Fraudis
1383 1038 1581 1106 quippe
1606 1051 1793 1109 magna
1825 1030 1901 1089 vis
1924 1074 1939 1097 ,
1971 1033 2096 1088 dum
2140 1049 2207 1087 ne

627 1130 811 1185 doloso
838 1120 1063 1184 consilio
1088 1130 1363 1185 offeratur.
1392 1128 1503 1182 lmo
1528 1142 1657 1181 vero
1682 1126 1796 1180 hmo
1821 1126 2038 1180 minime
2064 1124 2208 1179 fraus

627 1219 941 1288 appellanda
970 1229 1073 1284 est,
1115 1217 1206 1273 sed
1237 1219 1556 1283 oeconomia,
1584 1216 1845 1286 sapientia
1866 1224 1921 1270 et
1948 1230 2035 1270 ars
2064 1231 2208 1285 qua:-

628 1310 781 1375 tlam,
812 1324 933 1379 qua:
962 1310 1129 1378 possit
1159 1310 1353 1362 multos
1382 1309 1556 1361 exitus
1581 1308 1632 1361 in
1662 1307 1820 1361 rebus
1840 1306 2021 1361 arduis
2050 1321 2206 1374 repe-

630 1401 754 1464 rire,
796 1401 1094 1469 animmque
1122 1399 1314 1454 delicta
1336 1398 1640 1453 emendare.
1686 1399 1867 1468 Neque
1896 1398 2038 1480 enim
2081 1396 2209 1451 Phi-

630 1507 783 1547 neetn
824 1492 1140 1546 homicidam
1182 1492 1406 1545 dixerim
1439 1490 1629 1561 (Nam.
1658 1492 1748 1547 25.
1779 1492 1857 1561 7),
1885 1490 2026 1561 quod
2059 1490 2209 1559 plaga

631 1598 734 1636 una
786 1583 920 1637 duos
975 1582 1269 1637 occiderit:
1302 1581 1744 1651 quemadmodum
1799 1595 1969 1649 neque
2007 1580 2209 1635 Heliam

632 1676 706 1743 (ι.
744 1675 870 1746 Ilrg.
894 1673 1108 1747 1.9-12)
1125 1674 1193 1729 ob
1219 1673 1337 1728 illos
1352 1682 1561 1729 centum
1578 1672 1772 1727 milites
1796 1688 2087 1743 eorumque
2115 1673 2208 1728 du-

631 1782 740 1832 ces,
769 1780 833 1820 ac
857 1782 1103 1835 magnum
1144 1768 1287 1821 illum
1317 1765 1587 1835 sanguinis
1620 1771 1928 1833 torrentem,
1960 1780 2117 1835 quem
2143 1780 2210 1821 es

631 1873 815 1912 eorum
840 1858 927 1926 qui
952 1858 1253 1912 dmmonum
1292 1858 1572 1914 sacrificuli
1615 1870 1766 1913 erant
1804 1860 1952 1915 caede
1995 1877 2213 1917 manare

695 1969 710 1999 ι
738 1969 810 2017 sic
841 1969 981 2018 Savil.
1008 1968 1266 2045 etaliquot
1286 1978 1394 2022 Itss.
1418 1980 1469 2021 tn
1493 1979 1539 2021 Β.
1561 1973 1892 2024 conmzinatur.

2308 657 2609 726 expendere
2630 658 2751 727 quis
2772 658 3019 721 voluerit,
3050 658 3111 712 Al
3132 656 3316 711 rabam
3344 658 3506 712 occisi
3528 660 3634 712 nati
3661 658 3883 712 damna-

2310 763 2366 801 re
2405 747 2580 817 quivis
2634 747 2875 816 poterit(
2910 746 3038 800 Gen.
3096 747 3186 801 22.
3244 748 3310 813 5;
3339 746 3430 801 27.
3464 747 3602 816 19);
3644 750 3889 819 nepotem

2308 838 2433 891 item
2463 846 2518 891 et
2557 838 2871 905 abnepotem
2925 838 3041 906 ejus
3086 838 3329 892 maleficii
3380 847 3436 892 et
3481 838 3590 893 doli
3635 854 3889 896 accusare

2311 928 2504 1001 (Exod.
2536 930 2617 983 ll.
2644 928 2703 999 2)
2751 944 2765 981 :
2819 930 2897 983 sic
2942 930 3085 984 enim
3118 931 3205 984 ille
3233 930 3703 1001 primogenituram
3748 934 3890 989 obti-

2310 1023 2425 1075 uuit
2446 1038 2475 1086 ;_
2496 1020 2582 1076 hic
2608 1036 2756 1075 .vero
2805 1021 3177 1092 Egyptiorum
3210 1022 3421 1077 divitias
3451 1023 3503 1078 in
3532 1024 3888 1082 lsraelitarum

2311 1112 2580 1166 exercitus
2611 1112 2901 1166 transtulit.
2946 1115 3011 1166 At
3041 1128 3145 1167 non
3175 1113 3243 1168 ita
3274 1128 3334 1168 se
3359 1128 3446 1169 res
3472 1113 3652 1182 habet,
3682 1130 3789 1171 non
3820 1118 3889 1171 ita

2311 1216 2442 1256 sane
2474 1219 2488 1255 :
2520 1216 2687 1281 apage
2721 1211 2917 1256 tantam
2956 1202 3248 1257 audaciam.
3275 1202 3392 1258 Non
3419 1205 3577 1259 modo
3602 1207 3747 1262 enim
3775 1207 3893 1261 illos

2309 1292 2464 1361 culpa
2486 1307 2676 1346 vacare
2700 1293 2949 1358 dicimus,
2972 1294 3067 1355 sed
3092 1295 3248 1349 etiam
3271 1310 3335 1349 eo
3360 1297 3572 1351 nomine
3599 1299 3889 1365 miramur;

2316 1381 2746 1452 quandoquidem
2774 1383 2888 1451 ipse
2915 1384 3053 1439 Deus
3089 1385 3206 1439 illos
3233 1386 3352 1439 ideo
3378 1386 3628 1442 laudavit.
3652 1388 3892 1459 Namque

2313 1472 2402 1527 ille
2426 1471 2584 1526 fallax
2618 1473 2738 1541 jure
2766 1473 2994 1541 dicatur,
3024 1475 3114 1545 qui
3145 1475 3197 1529 id
3223 1476 3399 1546 inique
3432 1477 3756 1548 aggreditur,
3786 1493 3888 1533 non

2313 1572 2491 1616 autem
2520 1563 2611 1632 qui
2643 1578 2773 1618 sano
2800 1564 2851 1619 id
2879 1566 3102 1619 consilio
3131 1565 3257 1621 facit
3282 1568 3322 1620 ί.
3353 1567 3611 1639 Smpcque
3637 1570 3895 1640 contingit

2313 1661 2373 1706 ut
2417 1651 2598 1708 fallere
2649 1655 2717 1708 sit
2763 1669 2920 1723 Opus,
2951 1664 3012 1710 ut
3058 1671 3151 1725 per
3180 1656 3479 1725 hujusmodi
3511 1668 3681 1713 artem
3706 1675 3893 1730 magna

2316 1743 2512 1797 utilitas
2554 1744 2886 1813 importetur.
2919 1744 3019 1813 Qui
3062 1756 3237 1800 autem
3282 1756 3426 1802 recta
3471 1750 3553 1802 via
3583 1749 3813 1816 incedit,
3844 1751 3896 1804 ei

2315 1847 2472 1901 quem
2496 1832 2678 1888 fallere
2706 1836 2872 1888 noluit
2902 1850 3089 1905 magna
3116 1850 3257 1904 szrpe
3286 1838 3421 1892 mala
3452 1838 3647 1893 intulit.
3892 1826 3895 1831 I

2382 1923 2397 1953 ³
2432 1922 2559 1989 time,
2584 1936 2676 1971 non
2698 1930 2855 1973 autem
2877 1923 3109 1989 quisano
3144 1925 3196 1974 id
3233 1925 3430 1989 comitio
3465 1928 3600 1989 facit,
3631 1928 3813 1989 desunt
3851 1930 3899 1981 in

2318 1983 2525 2031 maxima
2548 1990 2654 2032 Mss.
2680 1992 2837 2047 parte,
2861 1983 2950 2034 sed
2973 1986 3211 2036 habentur
3235 1990 3285 2037 in
3306 1987 3445 2037 Savil.
3465 1983 3525 2039 'et
3548 1983 3709 2039 Morel.

629 2069 3831 2106 -———________________________________________________

1615 2151 2083 2273 LIBER
2178 2156 3015 2268 SECUNDUS.

1054 2432 1158 2467 an:
1190 2433 1359 2469 πιεσπτ
1392 2432 1530 2469 Ι.ωο
1561 2433 1788 2470 SECUNDO:

632 2528 667 2570 t.
700 2522 1022 2570 Sacerdotium
1043 2520 1228 2583 grande
1252 2533 1364 2571 esse
1387 2521 1577 2584 signum
1614 2520 1859 2573 charttatls
1915 2536 2035 2588 erga
2084 2526 2217 2575 chri-

693 2590 839 2632 stum.

632 2650 687 2691 tt.
722 2651 817 2692 ttoc
832 2643 1155 2693 ministerium
1178 2642 1285 2693 aliis
1306 2643 1626 2695 antecellere.

633 2712 701 2753 Ill.
734 2706 951 2767 Magnum
974 2705 1602 2768 et_admirandum_aniumm
1627 2708 1901 2768 requirere.

630 2773 700 2815 tv.
732 2764 848 2814 Item
871 2779 986 2816 esse
1003 2764 1193 2827 plenam
1214 2765 1539 2815 difficultatum
1556 2780 1615 2816 ac
1635 2764 1973 2828 periculorum.

632 2835 683 2875 ν.
718 2834 810 2894 Nos
832 2828 1309 2894 promercaritatem
1330 2830 1379 2876 in
1414 2829 1649 2894 Christum
1673 2842 1793 2894 rem
1818 2831 1958 2880 istam
1991 2830 2211 2894 fugisse.

634 2894 701 2935 vt.
735 2888 1088 2957 Demonstratio
1146 2889 1335 2938 virtutis
1394 2889 1565 2951 Basilii,
1614 2905 1670 2941 ac
1717 2890 2028 2943 vehementis
2056 2888 2205 2957 'ejus

701 2950 930 2998 caritatis.
2122 2950 2139 2957 ⁷
2172 2993 2174 2995 ›

634 3016 721 3057 vu.
754 3009 1003 3079 quodnon
1027 3011 1077 3059 in
1108 3010 1446 3079 contumeliam
1483 3026 1668 3073 eorum,
1693 3015 1776 3077 qui
1802 3027 1891 3064 nos
1936 3015 2210 3079 elegerant,

692 3071 1047 3143 ordinationem
1072 3069 1390 3143 efl'ugerimus
1402 3109 1413 3120 .

633 3138 740 3181 vttt.
771 3132 900 3190 Quod
926 3133 1071 3181 etiam
1102 3132 1331 3196 fugiendo
1352 3146 1381 3183 a
1404 3136 1758 3198 vituperatione
1792 3136 1901 3188 illos
1924 3141 2212 3189 eruet-umis.

703 3342 853 3409 Quod
876 3344 1033 3414 igitur
1058 3360 1123 3399 ex
1153 3359 1304 3415 atquo
1330 3356 1384 3401 et
1430 3346 1570 3402 bono
1595 3347 1795 3404 fraudis
1826 3351 1874 3404 vi
1921 3352 1995 3406 uti
2028 3352 2207 3422 liceat,

635 3434 743 3519 imo
761 3436 935 3505 potius
972 3436 1112 3506 quod
1137 3452 1253 3492 eam
1281 3453 1385 3494 non
1417 3439 1652 3531 fraudem
1682 3480 1697 3504 ,
1721 3443 1816 3497 sed
1847 3444 2209 3503 admirandam

634 3529 984 3581 meonomiam
1037 3530 1303 3597 appellare
1352 3529 1639 3601 Oporteat,
1698 3536 1937 3604 pluribus
2004 3549 2211 3609 poterat

632 3618 984 3683 comprobari.
1026 3617 1157 3685 Quia
1199 3634 1327 3674 vero
1386 3637 1503 3691 qua:
1532 3626 1773 3693 superius
1802 3626 1941 3682 dicta
1972 3638 2097 3684 sunt
2144 3630 2208 3685 ad

623 3706 685 3776 vid
734 3707 1203 3763 demonstrandum
1263 3711 1565 3777 sufficiunt,
1614 3730 1774 3785 grave
1824 3719 2210 3792 molestuntque

634 3798 860 3866 putarim
891 3814 1332 3868 supervacaneam
1392 3805 1759 3876 prolixamque
1797 3824 1857 3864 ea
1888 3810 1953 3865 de
1983 3827 2039 3867 re
2085 3828 2209 3868 ora-

635 3889 832 3944 ti0nem
864 3898 1063 3945 texere.
1098 3889 1270 3945 Tuum
1293 3892 1359 3947 de
1388 3896 1589 3965 reliquo
1613 3898 1713 3951 erit
1740 3901 2051 3967 ostendere,
2084 3920 2209 3959 num

633 3994 698 4033 ex
738 3979 1020 4035 commodo
1050 3988 1144 4035 tuo
1169 3980 1314 4036 fraus
1353 3998 1414 4038 ea
1444 3999 1472 4038 a
1519 3988 1671 4042 nobis
1697 3989 1931 4046 adhibita
1958 3994 2045 4047 sit.
2061 3974 2206 4051 $l‘um

637 4060 937 4126 BASILIUS
965 4090 977 4125 :
1008 4073 1085 4127 Ec'
1131 4074 1271 4142 quod
1297 4116 1312 4141 ,
1346 4076 1555 4146 inquit,
1604 4079 1756 4136 nobis
1785 4082 1987 4138 lucrum
2032 4101 2095 4139 ex
2121 4089 2208 4142 tali

633 4162 717 4216 vel
767 4163 1061 4217 oeconomia
1092 4164 1173 4218 vel
1223 4167 1474 4234 sapientia
1506 4208 1521 4233 ,
1561 4178 1614 4224 et
1654 4174 1920 4240 quomodo
1964 4190 2078 4230 eam
2113 4193 2207 4247 ap-

636 4252 835 4320 pellare
884 4253 1079 4318 libeat,
1128 4263 1185 4308 ut
1211 4270 1520 4324 persuasum
1570 4258 1723 4316 nobis
1759 4262 1829 4317 sit
1852 4277 2072 4321 nosale
2102 4283 2208 4323 non

632 4343 795 4399 fuisse
809 4344 1094 4416 deceptos?
1741 4357 1744 4359 λ

711 4435 762 4488 1.
792 4435 1142 4491 Sacerdotium
1189 4440 1380 4508 grande
1424 4457 1531 4495 esse
1574 4445 1769 4515 signum
1818 4448 2040 4501 caritatis
2089 4439 2211 4521 erga

635 4526 909 4581 Christum.
930 4527 1316 4585 —JOANNES
1341 4531 1380 4585 ¹.
1413 4531 1637 4602 Ecquid,
1675 4536 1908 4605 inquam,
1939 4537 2039 4593 hoc
2062 4538 2208 4594 luero

634 4618 807 4696 majus
842 4619 1001 4674 fuerit
1023 4661 1038 4685 ,
1068 4636 1228 4691 quam
1259 4623 1303 4677 si
1343 4624 1455 4679 hate
1480 4640 1697 4695 agamus
1718 4669 1733 4692 ,
1762 4645 1880 4696 quae
1910 4630 2209 4686 dilectionis

633 4694 758 4776 erga
806 4708 1072 4763 Christum
1110 4722 1416 4781 argumenta
1455 4694 1573 4770 esse
1617 4717 1749 4771 dixit
1778 4694 1889 4788 ipse
1924 4721 2161 4778 Christus
2190 4764 2205 4790 ,

632 4801 721 4869 qui
749 4801 1108 4868 apostolorum
1146 4805 1485 4874 coryphaeum
1534 4809 1613 4863 sic
1652 4809 1939 4877 alloquitur
1965 4853 1981 4879 ,
2014 4812 2164 4868 Petre
2189 4856 2204 4883 ,

630 4893 845 4961 inquit,
886 4911 1029 4948 amas
1080 4912 1158 4950 me
1187 4896 1360 4965 (Joan.
1388 4900 1477 4953 21.
1508 4900 1637 4971 15)?
1663 4902 1715 4957 id
1755 4904 1845 4958 illo
1886 4905 2203 4973 confitente,

633 4984 870 5054 adjungit
901 5004 913 5039 :
944 4987 1005 5040 Si
1050 5004 1191 5041 amas
1226 5005 1323 5064 me,
1357 5006 1506 5059 pasce
1556 5008 1669 5046 oves
1715 5010 1873 5048 meas.
1915 4995 2207 5069 interrogat

632 5075 949 5143 discipulum
973 5076 1219 5146 Magister
1246 5077 1274 5146 ζ
1298 5094 1424 5133 num
1471 5079 1720 5150 diligatur
1748 5083 1815 5138 ab
1846 5099 1912 5139 eo
1935 5125 1950 5149 ,
1989 5102 2092 5141 non
2146 5096 2208 5143 ut

637 5164 873 5219 ediscat:
906 5166 1170 5234 quomodo
1200 5153 1341 5222 enih‘tL
1367 5170 1567 5225 ediscat
1610 5187 1730 5226 cum
1760 5175 1996 5230 omnium
2047 5179 2205 5234 corda

636 5259 775 5311 norit
800 5257 827 5311 τ
857 5257 949 5311 sed
980 5267 1036 5311 ut
1086 5274 1180 5313 nos
1210 5260 1453 5328 doceret,
1489 5274 1740 5332 quantum
1768 5266 1911 5321 cordi
1940 5269 2038 5323 sibi
2065 5279 2208 5326 esset

623 5349 935 5419 ‘hujusmodi
960 5351 1133 5419 gregis
1160 5352 1486 5420 praefectura.
1524 5353 1576 5408 ld
1598 5370 1716 5409 eum
1753 5358 1925 5426 palam
1954 5353 2044 5426 sit,
2077 5362 2203 5417 illud

638 5442 762 5494 item
792 5440 1132 5496 manifestum
1159 5443 1279 5508 erit,
1310 5459 1552 5514 magnam
1582 5444 1697 5500 fore
1724 5450 2024 5505 mercedem
2055 5453 2204 5510 labo-

636 5532 770 5585 ranti
820 5533 873 5586 in
918 5534 982 5587 iis
1008 5576 1022 5597 ,
1074 5550 1191 5604 quae
1219 5551 1409 5606 magno
1450 5538 1588 5607 apud
1644 5537 1908 5596 Christum
1938 5544 1991 5599 in
2035 5548 2205 5616 pretio

699 5686 782 5758 "In
807 5682 987 5758 aliquot
1005 5686 1244 5758 codicibus
1260 5686 1335 5735 hic
1358 5689 1600 5758 inseritur,
1613 5697 1832 5750 Joamtes,
1848 5692 2038 5758 supple,
2055 5696 2205 5758 (Iug.

637 5752 876 5804 sostomus,
900 5760 1006 5808 quae
1032 5755 1107 5795 est
1126 5747 1274 5797 altera
1299 5748 1519 5812 colloquii
1544 5766 1766 5813 persona.
1792 5747 1841 5803 tn
1864 5747 1969 5805 aliis
1989 5747 2147 5811 seats.

2325 2432 2468 2479 sunt.
2509 2422 2642 2479 Nam
2680 2424 2760 2489 si,
2820 2440 2940 2479 eum
2990 2426 3246 2495 quosdam
3298 2428 3539 2485 videmus
3584 2430 3900 2489 famulorum

2322 2514 2404 2570 vel
2470 2530 2717 2584 pecorum
2776 2515 3120 2570 Inostrorum
3177 2532 3357 2573 curam
3424 2520 3659 2590 habere,
3703 2525 3901 2581 solliei-

2323 2605 2557 2661 tudinem
2611 2606 2754 2660 illam
2822 2622 2917 2676 pro
2975 2618 3289 2677 argumento
3344 2613 3543 2667 amoris
3601 2630 3727 2685 erga
3800 2632 3899 2672 nos

2325 2695 2581 2751 habemus
2604 2737 2619 2761 ,
2650 2696 2858 2751 etiamsi
2906 2699 2995 2752 illa
3028 2701 3206 2754 omnia
3251 2704 3490 2771 pecuniae
3520 2709 3690 2781 pretio
3715 2722 3900 2764 eman-

2322 2796 2407 2841 tur
2437 2807 2449 2842 :
2479 2788 2563 2857 qui
2596 2803 2701 2843 non
2758 2790 2980 2859 pecunia
3026 2800 3118 2845 aut
3157 2792 3263 2847 alio
3288 2796 3537 2864 qu0piam
3590 2794 3773 2865 simili,
3808 2799 3902 2857 sed

2320 2880 2535 2950 propria
2564 2887 2736 2942 morte
2766 2880 2906 2935 hunc
2925 2896 3138 2952 gregem
3173 2884 3331 2950 emit,
3373 2894 3425 2941 et
3455 2902 3552 2956 pro
3591 2889 3751 2944 ovilis
3778 2908 3901 2960 pre-

2319 2972 2393 3026 tio
2428 2974 2750 3043 sanguinem
2778 2973 2923 3028 dedit
2952 3014 2968 3039 ,
3000 2985 3198 3044 quanto
3241 2981 3459 3046 prmmio
3495 2990 3735 3049 pastores
3788 2986 3902 3055 ejus

2317 3066 2711 3135 remunerabit?
2736 3066 3089 3132 Quamobrem
3130 3082 3250 3122 eum
3296 3069 3520 3125 dixisset
3564 3072 3857 3144 discipulus
3885 3118 3899 3139 ,

2317 3154 2537 3223 Tuscis,
2569 3154 2785 3210 Domine
2807 3199 2820 3222 ,
2852 3156 2969 3226 quia
3012 3173 3126 3211 amo
3162 3169 3229 3223 te,
3265 3168 3317 3212 et
3360 3159 3608 3215 dilectum
3638 3164 3810 3231 ipsum
3851 3166 3899 3220 iu

2314 3246 2611 3302 dilecuonis
2634 3256 2820 3303 testem
2872 3260 3111 3304 vocasset
3147 3267 3161 3301 :
3215 3238 3431 3306 non‘hic
3456 3255 3600 3308 stetit
3628 3254 3899 3325 Servatur,

2314 3338 2407 3394 sed
2423 3338 2721 3393 dilectionis
2736 3348 3103 3410 argumentum
3119 3340 3330 3411 adjecit.
3355 3343 3464 3397 Non
3482 3345 3623 3399 enim
3641 3359 3898 3416 quantum

2314 3431 2502 3486 Petrus
2518 3446 2573 3486 se
2590 3432 2829 3502 diligeret
2846 3432 3126 3487 ostendere
3146 3441 3267 3487 tunc
3283 3434 3523 3490 volebat:
3543 3453 3663 3492 nam
3678 3439 3727 3493 id
3745 3440 3901 3497 nobis

2312 3536 2377 3576 ex
2408 3522 2584 3577 multis
2611 3524 2937 3593 argumentis
2980 3524 3089 3593 jam
3119 3526 3307 3592 palam‘
3338 3539 3488 3594 erat;
3521 3530 3615 3585 sed
3644 3542 3900 3601 quantum

2316 3611 2427 3683 ipse
2476 3612 2769 3667 Eeclesiam
2822 3614 3064 3683 diligeret
3103 3630 3296 3683 suam,
3336 3626 3390 3672 et
3441 3619 3655 3675 Pettum
3696 3632 3751 3678 et
3802 3635 3902 3680 nos

2313 3718 2498 3757 omnes
2529 3703 2737 3759 edoceri
2776 3691 2977 3771 voluit,
3009 3715 3066 3759 ut
3094 3722 3335 3777 magnam
3365 3718 3418 3763 et
3456 3726 3552 3766 nos
3597 3712 3698 3768 hac
3730 3716 3795 3777 in
3841 3731 3901 3771 re

2312 3793 2717 3848 sollicitudinem
2768 3795 3143 3852 exhiberemus
3170 3797 3342 3869 (liam.
3370 3800 3425 3855 8.
3457 3803 3571 3871 52).
3599 3804 3709 3859 Cur
3756 3808 3899 3863 enim

2314 3884 2454 3939 Deus
2483 3884 2621 3939 Filio
2647 3901 2741 3939 suo
2761 3886 3035 3955 unigenito
3060 3904 3162 3941 non
3190 3893 3458 3957 pepercit,
3488 3893 3581 3948 sed
3608 3911 3767 3964 quem
3791 3898 3900 3953 uni-

2311 3990 2432 4029 cum
2484 3974 2712 4029 habebat
2742 3976 2957 4030 tradidit
2999 3975 3178 4045 (Joaa.
3207 3980 3262 4034 5.
3296 3981 3423 4051 16)?
3451 3981 3517 4037 Ut
3542 3999 3636 4038 eos
3674 3986 3764 4054 qui
3793 3987 3898 4042 ini-

2314 4065 2452 4118 ntico
2486 4080 2609 4134 erga
2663 4081 2722 4119 se
2784 4068 2965 4121 animo
3014 4077 3194 4123 essent
3243 4070 3341 4124 sibi
3395 4074 3800 4142 reconciliaret,
3845 4088 3898 4134 et

2313 4155 2634 4225 peculiarem
2683 4156 2783 4209 sibi
2846 4158 3098 4226 papulum
3154 4158 3368 4215 faceret.
3421 4160 3532 4216 Cur
3585 4167 3896 4235 sanguinem

2311 4244 2530 4299 effudit?
2566 4244 2632 4300 Ut
2659 4246 2754 4299 has
2784 4257 2987 4301 emeret
3017 4263 3166 4315 oves,
3198 4265 3329 4318 quas
3356 4251 3514 4306 Petro
3542 4262 3595 4308 et
3610 4248 3895 4314 successo-

2310 4336 2459 4390 ribus
2510 4337 2626 4404 ejus
2666 4338 2879 4393 tradidit
2912 4338 3043 4409 (Tit.
3086 4340 3141 4394 2.
3176 4342 3427 4414 14)..Ιιπθ
3470 4348 3491 4377 ³
3535 4362 3661 4417 ergo
3689 4349 3891 4406 dicebat

2311 4428 2573 4496 Christus,
2612 4430 2856 4496 Quisnam
2884 4442 2957 4486 est
2990 4434 3155 4499 ﬁdelis
3199 4451 3367 4489 servus
3388 4448 3433 4490 et
3462 4440 3680 4507 prudens
3703 4482 3718 4506 ,
3749 4460 3895 4512 quem

2312 4519 2577 4573 constituet
2599 4519 2830 4575 dominus
2859 4523 2967 4593 ejus
2993 4539 3143 4593 super
3169 4525 3368 4578 domum
3388 4544 3532 4581 suam
3555 4530 3770 4600 (Matth.
3798 4534 3889 4589 24.

2311 4610 2440 4679 £5)?
2470 4610 2699 4694 Rursum
2736 4613 2894 4667 verba
2924 4613 3212 4677 dubitantis
3256 4626 3416 4682 sunt,
3442 4621 3539 4674 etsi
3570 4622 3659 4691 qui
3717 4622 3891 4695 loqui-

2315 4711 2401 4755 tur
2438 4689 2566 4755 nihil
2621 4702 2869 4758 dubitans
2917 4720 2980 4760 ea
3011 4706 3243 4775 proferat
3274 4726 3287 4760 :
3316 4710 3409 4764 sed
3447 4689 3891 4780 quemadmodum

2311 4808 2430 4847 eum
2460 4792 2675 4849 Petrum
2704 4795 3053 4866 interrogaret
3078 4815 3200 4851 num
3230 4815 3289 4855 se
3327 4801 3600 4871 diligeret,
3634 4820 3738 4860 non
3770 4808 3893 4863 ideo

2311 4883 2677 4938 sciscitabatur
2705 4886 2844 4954 quod
2872 4889 3031 4944 vellet
3056 4889 3296 4959 discipuli
3326 4908 3560 4949 amorem
3586 4899 3887 4967 explorare,

2311 4974 2403 5028 sed
2437 4984 2493 5028 ut
2520 4977 2716 5044 proprii
2746 4978 2941 5031 amoris
2968 4981 3377 5049 magnitudinem
3408 4984 3721 5052 declararet;
3743 4990 3810 5042 ita
3836 5002 3891 5045 et

2313 5078 2453 5117 nunc
2481 5078 2600 5117 cum
2629 5064 2784 5129 dicit,
2814 5057 3056 5132 Quisnam
3086 5079 3159 5123 est
3179 5071 3342 5139 ﬁdelis
3369 5089 3536 5129 sertas
3564 5088 3609 5128 et
3634 5080 3894 5145 prudens!

2312 5166 2415 5205 non
2446 5152 2549 5207 hoc
2602 5155 2711 5217 ait,
2743 5156 2882 5223 quod
2914 5157 2961 5211 ei
3013 5158 3221 5227 ignotus
3249 5162 3318 5215 sit
3349 5164 3516 5217 fidelis
3566 5181 3627 5220 ac
3655 5170 3888 5237 prudens

2312 5256 2518 5307 servus,
2552 5244 2644 5297 sed
2670 5244 2810 5313 quod
2836 5246 3119 5302 ostendere
3146 5250 3306 5316 velit,
3334 5268 3493 5322 quam
3524 5258 3625 5308 rari
3647 5259 3754 5311 sint
3784 5259 3883 5312 hu-

2306 5331 2535 5399 jusmodi
2566 5333 2701 5387 servi
2724 5376 2737 5398 ,
2768 5345 2823 5387 et
2861 5346 3060 5404 quanta
3103 5340 3171 5393 sit
3200 5340 3338 5398 illius
3391 5344 3726 5413 magistratus
3762 5365 3881 5404 am-

2312 5421 2536 5488 plitudo.
2566 5422 2695 5478 Vide
2739 5425 2916 5497 itaque
2954 5439 3206 5512 quantum
3234 5433 3303 5487 sit
3348 5438 3617 5503 przcmiutn
3662 5455 3675 5493 :
3716 5440 3885 5512 Super

2308 5514 2499 5579 omnia,
2549 5514 2752 5585 inquit,
2782 5516 2912 5572 bona
2939 5537 3031 5574 sua
3050 5523 3312 5579 constituet
3351 5542 3483 5581 eum.

2372 5638 2412 5729 ξ.
2425 5646 3102 5729 sic-etmpluritni
3144 5663 3192 5706 In
3216 5658 3378 5709 litorei.
3419 5669 3469 5712 ct
3510 5662 3630 5726 aliis,
3676 5668 3885 5729 [mutilo-

2306 5718 2413 5776 fit!!!
2432 5712 2887 5776 etpropinqmrum,
2913 5712 3109 5776 legitur.

2372 5769 2393 5798 ³
2424 5764 2608 5831 Αιίίιιιοὶ
2626 5764 2884 5833 διέδηάωνέ
2899 5764 3115 5830 αεῖὕιιςιε.
