4158 6316
232 369 344 424 633

314 479 372 533 Ξ.
409 477 518 532 Hoc
534 477 865 532 ministerium
882 477 995 536 aliis
1022 476 1656 532 “(eniterer-ﬁliarum
1674 474 1830 543 igitur

237 583 388 624 nunc
435 567 712 622 nobiscum
738 566 1027 628 contendes
1047 567 1198 638 quasi
1243 575 1294 621 te
1333 565 1472 620 male
1511 565 1562 618 in
1590 564 1830 618 fraudem

240 658 588 728 injecerimtis
610 696 626 722 ,
676 672 795 711 cum
843 648 1092 711 omnibus
1120 657 1213 712 Dei
1263 656 1416 711 bouis
1443 654 1829 725 pneﬁcieudus

240 751 357 809 sis,
390 747 475 801 illa
498 762 684 816 agens,
730 762 847 816 qua:
876 748 1050 816 agenti
1095 748 1249 802 Retro
1291 750 1575 815 potentiam
1617 745 1824 810 indidit,

242 833 563 906 (ueterisque
607 837 863 905 apostolis
905 838 1061 906 longe
1103 837 1439 905 anteposuit.-
1469 836 1622 901 Nam,
1655 835 1824 900 Petre,

237 931 447 997 inquit,
481 946 620 981 amas
663 939 739 983 me
777 928 890 997 plus
939 927 1056 983 his?
1095 927 1254 980 Pasce
1296 939 1409 981 om
1459 942 1615 980 meas.
1669 924 1827 994 Atqui

239 1029 456 1090 poterat
480 1021 553 1075 sic
582 1029 706 1076 eum
733 1021 930 1090 alloqui
958 1021 1046 1076 :Si
1069 1035 1214 1074 amas
1245 1019 1359 1085 ti'i'e,
1387 1019 1584 1088 jejunin
1611 1033 1824 1084 exerce,

233 1113 385 1167 humi
411 1113 568 1176 cuba,
599 1113 808 1182 Vigilias
842 1113 987 1175 cole,
1018 1111 1210 1180 injuria
1243 1109 1447 1165 affectis
1469 1110 1822 1181 patrocinarc,

229 1211 354 1257 esto
380 1202 586 1272 pupillis
608 1202 757 1271 quasi
786 1211 952 1271 pater,
974 1211 1025 1255 et
1043 1202 1193 1254 matri
1209 1216 1392 1255 eorum
1410 1200 1560 1270 quasi
1584 1200 1820 1253 maritus.

228 1292 387 1348 Nunc
407 1307 531 1348 vero
557 1293 638 1347 bis
661 1293 1032 1362 prmtertnissis
1069 1293 1337 1357 Omnibus,
1382 1292 1505 1361 quid
1532 1292 1641 1345 ait?
1668 1290 1826 1345 Pasce

233 1400 354 1437 om
383 1399 536 1438 nicas.
577 1385 665 1438 illa
689 1384 832 1438 enim
864 1400 981 1452 quae
1011 1398 1166 1454 supra
1197 1385 1304 1438 dixi
1329 1401 1392 1437 cx
1416 1383 1639 1438 subditis
1668 1382 1819 1437 multi

233 1473 395 1530 facile
435 1475 913 1544 prtcstarepossiut
935 1516 951 1541 ,
985 1491 1088 1528 non
1121 1476 1216 1528 viri
1261 1476 1432 1546 solum
1454 1489 1483 1541 ,‘
1517 1475 1612 1530 sed
1661 1475 1820 1529 etiam

233 1565 490 1620 mulieres
520 1585 531 1619 :
565 1575 619 1620 at
637 1571 766 1620 ’cum
798 1567 866 1621 de
891 1568 1140 1622 Ecclesiae
1168 1568 1479 1637 prtefectura
1499 1567 1670 1638 deque
1695 1583 1825 1622 con-

231 1656 504 1710 credenda
531 1666 604 1710 tot
625 1640 920 1710 animarum
947 1672 1071 1711 cura
1098 1659 1268 1727 agitur
1285 1698 1301 1725 ,
1331 1658 1543 1712 recedat
1563 1673 1592 1711 a
1618 1660 1822 1727 magni-

237 1750 424 1803 tudine
456 1733 583 1802 lﬁanti
607 1750 801 1819 negotii
836 1759 976 1802 totus
1003 1748 1285 1804 femininus
1311 1764 1499 1814 sexus,
1536 1749 1644 1802 imo
1664 1751 1820 1803 etiam

238 1843 477 1894 virorum
549 1856 672 1910 pars
743 1841 1014 1905 maxima;
1085 1850 1306 1911 agantur
1350 1841 1400 1895 in
1453 1842 1687 1895 medium
1732 1843 1822 1910 qui

229 1945 428 2002 magno
475 1933 761 2000 intervallo
804 1934 1014 1986 czeterls
1058 1931 1308 1986 omnibus
1344 1931 1714 1995 antecellunt,
1767 1932 1827 1986 et

225 2024 319 2091 qui
352 2022 639 2077 secundum
666 2022 829 2075 animi
857 2023 1103 2078 virtutem
1132 2023 1342 2076 caeteris
1367 2031 1511 2075 tanto
1543 2023 1816 2091 sublimio-

229 2120 322 2168 res
360 2121 511 2179 sunt,
554 2124 753 2182 quanto
806 2113 1055 2167 universa
1108 2114 1453 2167 liebrarorum
1507 2123 1663 2183 gente
1692 2113 1821 2169 Siul

229 2203 525 2259 secundum
576 2205 818 2275 corporis
857 2213 1024 2274 proce-
1047 2205 1226 2259 itatem
1281 2206 1360 2275 (l.
1398 2207 1523 2277 Reg.
1557 2206 1644 2262 t0.
1684 2205 1817 2276 23);

231 2300 345 2351 imo
394 2307 448 2354 ct
485 2300 642 2369 longe
683 2299 874 2369 majori
925 2299 1118 2368 spatio.
1145 2299 1222 2353 Ne
1247 2299 1376 2353 mihi
1419 2300 1564 2353 enim
1595 2299 1683 2352 hic
1721 2300 1819 2352 bu-

227 2399 503 2451 meror‘um
531 2390 865 2459 proceritatis
891 2399 1141 2444 mensura
1169 2399 1442 2458 quaeratur
1469 2405 1482 2441 :
1513 2389 1606 2443 sed
1627 2399 1822 2459 quanta

225 2481 472 2534 estinter
518 2480 670 2534 bruta
709 2489 762 2534 et
807 2480 1147 2536 rationabiles
1185 2480 1430 2557 homines
1478 2481 1776 2536 differentia
1803 2522 1818 2546 ,

223 2579 433 2624 tantum
460 2571 596 2626 inter
611 2580 876 2640 pastorem
896 2581 949 2626 et
965 2587 1060 2627 eos
1084 2572 1171 2641 qui
1188 2582 1475 2640 pascuntur
1496 2572 1822 2626 sitinterval-

226 2663 362 2729 lum,
387 2678 456 2716 ne
470 2664 595 2732 quid
621 2664 848 2731 amplius
865 2664 1038 2718 dicam
1067 2682 1080 2718 :
1104 2678 1224 2717 nam
1241 2664 1307 2718 de
1332 2665 1502 2718 multo
1531 2663 1820 2733 majoribus

223 2752 524 2822 periculum
547 2761 648 2807 est.
667 2752 940 2822 Siquidem
967 2754 1055 2822 qui
1076 2753 1472 2822 ovesperdidit,
1487 2755 1726 2823 autlupis
1746 2768 1822 2808 ra-

229 2844 502 2911 pientibus
523 2886 537 2910 ,
564 2851 654 2898 aut
683 2843 885 2898 furibus
907 2846 1243 2911 instantibus,
1275 2854 1365 2900 aut
1386 2852 1533 2914 peste
1557 2847 1786 2916 quadam
1803 2889 1817 2912 ,

222 2941 319 2988 aut
358 2935 465 2988 alio
491 2935 836 3004 contingente
866 2951 1018 2996 casu,
1054 2937 1284 3006 aliquam
1313 2937 1538 2992 fortasse
1569 2939 1822 2994 veniama

226 3026 451 3080 domino
503 3027 682 3096 gregis
711 3026 1108 3096 impetraverit;
1153 3027 1233 3080 sin
1267 3041 1452 3096 poenas
1483 3027 1570 3082 ille
1609 3029 1818 3098 exigat,

222 3115 451 3183 pecunia
503 3124 704 3168 tantum
745 3115 1124 3186 mulctahitur:
1157 3125 1210 3168 at
1265 3116 1351 3170 ille
1400 3116 1483 3170 cui
1535 3116 1819 3180 homines,

221 3205 559 3259 rationabilis
611 3204 809 3258 Christi
875 3218 1041 3274 grex,
1103 3206 1394 3260 concrediti
1442 3215 1603 3272 sunt,
1652 3209 1827 3276 primo

219 3294 442 3364 quidem
493 3309 590 3363 pro
638 3295 816 3347 ovium
859 3295 1094 3363 pernicie
1131 3310 1236 3348 non
1282 3298 1630 3364 pecuniarum
1659 3337 1678 3362 ,
1728 3297 1824 3353 sed

219 3385 420 3438 animm
448 3399 560 3439 sua:
586 3385 848 3452 iacturam
883 3384 1010 3438 facit
1040 3401 1054 3436 :
1084 3382 1277 3440 deinde
1316 3387 1486 3440 multo
1511 3385 1682 3459 majus
1704 3401 1826 3458 gra-

221 3474 450 3543 viusque
476 3483 745 3528 certamen
777 3473 959 3528 habet,
1004 3473 1118 3528 Non
1169 3487 1289 3529 cum
1332 3475 1470 3544 lupis
1520 3477 1619 3544 ipsi
1651 3487 1823 3546 pugna

219 3575 327 3627 eat,
359 3578 458 3618 nec
498 3564 566 3618 de
591 3563 799 3618 furibus
841 3565 1029 3618 metuit
1057 3605 1072 3628 ,
1123 3570 1297 3633 neque
1321 3572 1378 3618 ut
1407 3574 1610 3634 peetem
1642 3565 1820 3634 abigat

221 3670 252 3706 a
294 3668 455 3723 grege
509 3653 769 3707 sollicitus
807 3661 932 3716 est;
966 3653 1063 3707 sed
1107 3654 1425 3722 quibuscum
1464 3647 1660 3708 bal-idm
1707 3657 1820 3720 sit,

223 3754 281 3796 et
327 3742 608 3796 adversum
644 3755 780 3810 quos
818 3742 957 3796 lucta
1005 3742 1259 3806 ineunda,
1291 3742 1416 3796 audi
1443 3742 1654 3796 beatum
1693 3744 1824 3800 Pau-

232 3834 345 3885 lum
416 3831 682 3886 dicentem
715 3849 729 3884 ε
765 3831 885 3884 Non
933 3842 1005 3884 est
1059 3832 1225 3884 nobis“
1264 3830 1398 3884 facta
1434 3832 1673 3885 adtversus
1701 3850 1825 3885 san-

232 3926 440 3993 guinem
468 3933 513 3977 et
563 3939 765 3976 carnem
790 3963 804 3988 ,
856 3924 944 3977 sed
983 3924 1223 3976 adrasus
1253 3923 1602 3992 principatus,
1648 3924 1826 3976 adver-

226 4028 319 4070 sus
370 4024 636 4081 potestates
664 4055 681 4079 ,
740 4015 980 4067 adversus
1028 4014 1205 4066 mundi
1248 4023 1466 4066 rectores
1511 4005 1830 4067 tenebrarum

228 4107 407 4175 surculi
438 4105 588 4169 huius
616 4144 654 4168 ,.
681 4101 922 4157 advertant
961 4103 1249 4171 apiritaalia
1276 4104 1512 4172 nequitia
1561 4105 1614 4155 in
1675 4103 1824 4156 cade-

225 4199 385 4251 m’bus
413 4193 628 4264 (Ep/tea.
661 4193 714 4248 ϐ.
751 4190 861 4262 η).
889 4187 1142 4246 Ἷίόὶειὶη’
1165 4191 1497 4246 inimicorum
1534 4192 1826 4246 multitudi-

228 4301 356 4340 nem
385 4286 676 4355 ingentem,
710 4283 997 4353 phalanges
1029 4281 1234 4337 feroces
1264 4297 1367 4336 non
1401 4284 1540 4336 ferro
1572 4285 1823 4350 munitas,

224 4377 327 4432 sed
373 4376 565 4446 quibus
615 4372 809 4428 sufficit
857 4374 922 4427 ad
958 4375 1293 4442 amnigenam
1342 4383 1662 4427 armaturam
1715 4374 1824 4444 ipsa

227 4468 470 4524 natura?
530 4463 621 4520 Vis
647 4477 699 4521 et
745 4466 906 4519 alium
959 4466 1251 4518 exercitum
1297 4464 1482 4519 videre
1530 4474 1730 4518 trucem
1775 4475 1828 4520 et

229 4561 522 4613 immanem
537 4585 560 4620 ,ι
581 4557 705 4612 huic
742 4557 888 4626 gregi
919 4555 1305 4610 insidiantem?
1337 4556 1506 4625 ipsum
1532 4570 1742 4625 quoque
1762 4573 1826 4610 cx

229 4651 422 4706 eadem
467 4649 680 4718 specula
708 4649 1024 4716 conspicies.
1055 4646 1184 4700 Nam
1216 4647 1307 4715 qui
1363 4647 1430 4702 de
1473 4661 1630 4716 supra
1672 4647 1827 4701 dictis

227 4742 396 4797 verba
429 4740 588 4805 fecit,
642 4739 690 4793 is
732 4739 843 4808 ipse
877 4747 932 4792 et
977 4738 1076 4792 hos
1103 4737 1480 4792 nobisshostes
1525 4738 1720 4791 iudicat
1747 4738 1826 4792 his

207 4815 417 4888 teritis
446 4851 459 4886 :
486 4831 759 4902 Manifesta
796 4842 912 4884 sunt
936 4846 1087 4898 Opera
1108 4830 1274 4883 carnis
1309 4827 1500 4901 (Gafat.
1533 4829 1585 4883 5.
1617 4825 1702 4883 l9.
1733 4829 1823 4884 20.

232 4925 333 4991 2i)
365 4941 378 4975 :
409 4937 521 4991 qua:
556 4933 671 4976 sunt
714 4921 978 4991 fornicatio
1004 4961 1039 4985 ,_
1078 4920 1381 4972 adulterium
1409 4958 1427 4986 ,
1459 4921 1778 4973 immunditia
1808 4961 1822 4986 ,

237 5017 563 5086 impudicitia
587 5057 600 5078 ,
660 5013 916 5068 idolorum
961 5015 1172 5066 servitus
1194 5055 1208 5078 ,
1242 5013 1534 5079 veneﬁcium
1565 5040 1580 5077 ,-
1608 5012 1825 5064 inimicia

236 5107 722 5172 ti:r,_contentiones
745 5146 758 5168 ,
789 5104 1136 5157 aemulationes
1159 5144 1171 5165 ,
1206 5104 1296 5155 ira:
1319 5145 1333 5166 ,
1363 5105 1522 5164 tim,
1553 5103 1823 5155 detractio—

230 5215 325 5250 ne:
347 5222 367 5263 ,-
395 5197 589 5250 susurri
613 5237 626 5260 ,
654 5196 812 5248 animi
839 5192 1056 5247 tumores
1084 5236 1096 5256 ,
1132 5193 1464 5246 dissensiones
1486 5194 1559 5262 (Ξ.
1593 5189 1824 5248 CorQlQ.

231 5287 369 5356 20),
399 5295 455 5341 et
495 5272 596 5339 alia
627 5285 710 5338 his
741 5285 887 5353 plura
919 5302 932 5337 :
964 5298 1134 5352 neque
1172 5283 1311 5336 enim
1336 5285 1508 5336 omnia
1541 5298 1824 5338 enumera-

226 5381 344 5442 vit,
377 5379 472 5434 sed
504 5394 567 5432 ex
621 5377 704 5431 bis
757 5377 910 5431 nobis
954 5386 1148 5431 cartera
1204 5368 1427 5442 reliquit"
1464 5375 1820 5444 intelligenda.

230 5476 406 5527 l’orro
460 5470 598 5540 quod
647 5468 712 5523 ad
767 5468 1044 5522 brutorum
1099 5475 1366 5536 pastorem
1410 5467 1678 5534 pertinet,
1733 5468 1822 5536 qui

224 5575 453 5634 gregem
498 5562 721 5632 perdere
752 5561 969 5623 volunt,
1014 5559 1101 5611 ubi
1156 5558 1335 5612 vident
1382 5559 1684 5625 pra't‘c'ctum
1736 5559 1819 5612 fu-

223 5657 469 5727 gientem
500 5694 514 5712 .
562 5668 663 5704 non
723 5649 866 5704 illum
912 5656 1219 5718 oppugnant
1252 5635 1278 5710 ξ
1298 5649 1388 5701 sed
1443 5649 1569 5702 satis
1624 5647 1821 5702 habent

234 5746 286 5800 si
326 5757 532 5813 pecora
589 5743 794 5813 rapiant
839 5740 968 5796 :hic
1009 5754 1174 5797 vero.
1224 5740 1322 5793 etsi
1371 5748 1534 5793 totum
1603 5755 1818 5810 gregem

1445 366 1532 422 DE
1571 366 2018 423 SACEllDUTlU.
2059 367 2185 421 LIB.
2223 367 2284 421 ll‘.

3415 374 3519 434 63’.

1939 475 2268 545 abripuerint
2296 518 2311 545 ,
2369 493 2450 533 ne
2488 478 2564 534 sic
2610 477 2821 550 quidem
2877 496 2912 537 a
2957 489 3170 552 pastore
3209 484 3476 540 abstinent
3505 528 3522 552 ,

1934 558 2032 621 sed
2075 567 2242 637 magis
2286 569 2487 624 instant
2548 572 2822 642 magisque
2868 571 3170 639 ferociunt,
3219 586 3320 630 nec
3377 577 3522 645 prius

1935 656 2094 709 finem
2130 657 2329 711 faciunt
2362 668 2518 727 quam
2565 660 2648 714 vel
2685 661 2829 714 illum
2858 664 3238 730 prostraverint
3263 704 3279 729 ,
3307 665 3390 719 vel
3423 666 3520 734 ipsi

1936 745 2194 816 proﬂigati
2217 747 2428 802 fuerint.
2448 749 2529 803 Ad
2551 747 2662 806 tunc
2684 760 2864 808 autem
2889 752 3146 821 pecudum
3169 754 3339 809 morbi
3354 753 3523 808 mani-

1935 835 2050 889 festi
2079 844 2221 899 sunt,
2253 837 2365 890 sive
2393 836 2558 893 fames
2582 839 2670 904 sit,
2697 839 3022 918 sive‘peStis,
3041 843 3153 897 sive
3173 842 3387 907 Vulnus,
3409 844 3523 898 sive

1933 924 2074 984 aliud
2097 925 2364 995 quidpiam
2393 925 2636 983 dolorem
2673 932 2886 998 pariens
2918 949 2931 985 :
2972 933 3023 986 id
3053 937 3229 988 autem
3259 931 3364 989 non
3395 948 3513 988 [ηοε-

1933 1013 2053 1068 dico
2095 1016 2401 1086 adjumento
2449 1028 2531 1072 est
2574 1022 2640 1073 ad
2684 1023 3011 1091 mgrtttniin-is
3046 1026 3397 1081 curationem.
3426 1025 3523 1082 Est

1932 1112 1999 1173 ct.
2033 1105 2181 1158 aliud"
2224 1105 2325 1161 hoc
2355 1111 2686 1163 commodius
2721 1111 2788 1165 ad
2840 1114 3081 1186 quemvis
3121 1116 3364 1187 morbum
3412 1122 3519 1173 cito

1932 1194 2270 1264 abigendum.
2320 1199 2456 1267 Quid
2487 1202 2650 1256 illud?
2691 1203 2875 1274 Magna
2929 1213 3051 1259 cum
3095 1193 3354 1276 potestate
3421 1227 3517 1280 pa-

1932 1293 2104 1340 stores
2133 1289 2361 1355 pecudcs
2389 1304 2512 1345 suas
2539 1303 2835 1362 porrectam
2866 1296 3180 1350 medicinam
3213 1313 3404 1368 capere
3424 1316 3519 1355 co-

1930 1385 2057 1443 gunt
2083 1414 2100 1441 ,
2144 1377 2351 1433 etiamsi
2380 1379 2660 1435 obsistam.
2689 1382 2819 1437 Nam
2857 1384 3007 1440 facile
3059 1386 3222 1456 ligare
3264 1401 3514 1457 possunt,

1930 1464 1974 1517 si
2020 1465 2332 1533 adustionc,
2364 1470 2421 1524 si
2470 1472 2706 1526 sectione
2758 1489 2892 1542 opus
2933 1475 3003 1528 sit
3028 1467 3118 1542 ,si
3148 1478 3236 1531 diu
3290 1480 3520 1535 inclusas

1929 1570 2146 1613 scrvare
2173 1553 2455 1629 oporteat,
2485 1571 2540 1617 et
2565 1564 2709 1618 aliud
2740 1583 2835 1634 pro
2879 1568 2983 1622 alio
3011 1570 3257 1638 pabulum
3285 1570 3476 1627 offerre
3500 1615 3515 1639 ,

1929 1649 1975 1703 si
2001 1649 2213 1719 abigere
2251 1666 2282 1703 a
2310 1652 2437 1706 rivis
2465 1668 2717 1723 aquarum
2751 1675 2763 1709 :
2793 1666 3092 1728 caeteraquc
3121 1662 3296 1716 outuia
3333 1704 3348 1728 ,
3394 1679 3512 1732 flllic

1929 1742 2240 1817 censuerint
2265 1743 2332 1798 ad
2376 1744 2585 1799 illarum
2613 1748 3030 1805 incolumitatem
3075 1752 3338 1820 conferre,
3373 1750 3516 1811 nullo

1921 1822 2142 1898 hegotio
2169 1833 2473 1888 admovent.
2990 1842 2996 1846 ’

2000 1923 2050 1978 5.
2081 1922 2326 1994 Magnam
2350 1936 2398 1979 et
2426 1927 2781 1982 admirandum
2811 1933 3034 1985 animum
3060 1937 3326 2002 requirere.
3356 1968 3427 1976 —
3448 1940 3515 1992 At

1929 2012 2201 2068 hominum
2255 2016 2591 2072 infirmitates
2645 2021 2782 2075 haud
2817 2021 2980 2078 facile
3035 2024 3192 2080 homo
3239 2032 3443 2082 noverit
3501 2049 3543 2083 :-

1930 2103 2123 2159 Nullus
2168 2106 2300 2158 enim
2353 2108 2610 2162 hominum
2642 2112 2775 2164 novit
2819 2127 2929 2180 quae
2959 2125 3070 2166 sunt
3117 2115 3332 2170 hominis
3361 2160 3375 2182 ,
3418 2121 3516 2172 nisi

1926 2195 2135 2264 spiritus
2165 2195 2383 2250 homini:
2409 2238 2422 2261 ,
2453 2198 2541 2267 qui
2595 2201 2675 2253 est
2710 2202 2759 2253 in
2790 2201 2879 2254 illo
2911 2203 2990 2272 (l.
3019 2203 3138 2258 Cor.
3167 2206 3221 2258 2.
3257 2208 3366 2276 ll).
3414 2207 3516 2274 Qui

1929 2284 2089 2354 igitur
2117 2287 2287 2355 pbssit
2309 2289 2569 2359 quispiam
2617 2292 2908 2346 remedium
2957 2294 3240 2351 admovere
3284 2301 3471 2354 morbo
3497 2343 3513 2369 ,

1935 2372 2086 2444 cujus
2130 2377 2346 2432 modum
2396 2396 2504 2433 non
2534 2382 2714 2448 novit,
2767 2397 2890 2436 cum
2937 2385 3096 2439 etiam
3125 2402 3362 2456 ρει-εωρο
3391 2405 3516 2444 nes-

1927 2468 2044 2522 cire
2057 2469 2224 2537 possit
2251 2485 2320 2524 an
2348 2481 2569 2540 aegrotet
2598 2485 2766 2528 necne
2787 2475 2812 2526 ἲ
2841 2476 2972 2528 Cum
3003 2491 3161 2544 porro
3192 2470 3348 2533 notus
3376 2485 3517 2535 mor-

1929 2559 2027 2613 bus
2055 2569 2136 2614 est
2161 2602 2175 2624 ,
2213 2570 2337 2617 tunc
2367 2565 2537 2633 majus
2569 2567 2834 2636 negotium
2875 2568 3106 2623 facessit.
3156 2570 3340 2640 Neque
3369 2575 3514 2629 enim

1928 2661 2151 2719 possunt
2197 2654 2418 2722 quilibet
2457 2655 2700 2711 homines
2752 2660 2863 2727 pari
2917 2649 3516 2733 facilitate.curari,ac

1929 2745 2108 2809 pastor
2130 2755 2280 2797 curat
2305 2759 2478 2800 ovem.
2514 2746 2609 2800 llic
2634 2748 2777 2802 enim
2803 2760 2934 2818 opus
2962 2752 3184 2820 perinde
3217 2763 3299 2808 est
3328 2753 3509 2824 ligare,

1927 2830 1998 2886 ab
2018 2833 2270 2887 alimento
2295 2835 2526 2905 abigere,
2557 2851 2747 2904 urere,
2777 2852 2992 2906 secare;
3016 2839 3108 2896 sed
3136 2845 3369 2912 potestas
3398 2861 3512 2902 me-

1927 2924 2117 2979 dicinae
2135 2927 2457 2996 accipiendae
2489 2944 2592 2982 non
2637 2940 2803 2998 penes
2831 2931 2972 2985 illum
2993 2924 3184 3004 estqui
3215 2939 3508 2993 remedium

1928 3014 2218 3084 admovet,
2265 3019 2356 3072 sed
2387 3034 2550 3087 penes
2587 3020 2736 3074 illum
2769 3024 2857 3091 qui
2904 3026 3113 3078 morbo,
3137 3004 3516 3084 laborant-"oc

1927 3107 2069 3160 enim
2117 3122 2237 3160 cum
2294 3118 2476 3162 nosset
2529 3109 2874 3165 admirandus
2936 3115 3025 3168 ille
3075 3115 3188 3179 vir,
3229 3117 3515 3174 Corinthiis

1928 3196 2174 3251 dicebat:
2201 3197 2318 3251 Non
2340 3201 2472 3252 enim
2501 3201 2822 3254 dominamur
2847 3203 2966 3270 ﬁdei
2995 3213 3168 3258 vestrae
3192 3248 3206 3270 ,
3239 3206 3326 3259 sed
3354 3210 3509 3278 adju-

1930 3294 2063 3339 tores
2097 3304 2271 3340 sttmus
2323 3291 2499 3358 gaudii
2535 3293 2684 3344 vestri
2731 3291 2808 3361 (2.
2838 3292 2954 3346 Cor.
2987 3294 3038 3347 1.
3063 3293 3176 3365 25).
3204 3293 3516 3356 Christianis

1929 3375 2095 3454 euim_
2127 3375 2345 3431 minime
2382 3379 2619 3432 omnium
2673 3381 2794 3434 licet
2847 3380 3037 3436 delicta
3096 3385 3426 3454 peccantium
3466 3391 3517 3442 vi

1929 3451 2239 3522 emendare.
2271 3462 2455 3523 Exteri
2489 3469 2710 3539 quidem
2734 3465 2942 3541 indices
2977 3473 3305 3531 facinorosos
3347 3451 3517 3532 humi;

1930 3572 2064 3625 ues,
2107 3560 2198 3628 qui
2236 3561 2529 3617 secundum
2585 3562 2728 3633 leges
2763 3566 2904 3633 capti
2931 3575 3054 3619 sunt
3087 3607 3102 3632 ,
3152 3574 3340 3637 magna
3393 3577 3517 3624 cum
3560 3574 3562 3577 ’

1930 3652 2245 3706 auctoritate
2318 3651 2562 3707 cohibent
2586 3693 2601 3718 ,
2645 3668 2705 3708 ac
2734 3655 2813 3708 vel
2842 3656 3033 3708 invitos
3072 3672 3101 3710 a
3143 3658 3379 3734 moribus
3406 3661 3532 3728 pri-'

1930 3743 2082 3795 stinis
2109 3751 2330 3804 arcent:
2366 3744 2452 3797 hic
2487 3751 2664 3798 autem
2706 3759 2816 3800 non
2851 3748 2899 3800 vi
2942 3745 3186 3801 adactum
3218 3791 3231 3813 ,
3262 3749 3362 3803 sed
3390 3757 3513 3819 per-

1931 3845 2146 3888 suasum
2191 3835 2488 3903 hujusmodi
2539 3837 2808 3892 hominem
2864 3835 3075 3909 oportet
3119 3841 3184 3894 ad
3229 3842 3512 3897 meliorem

1935 3924 2134 3994 frugem
2191 3938 2466 3982 revocare.
2498 3927 2614 3982 Non
2646 3930 2787 3983 enim
2835 3938 2977 3983 tanta
3018 3931 3170 3985 nobis
3224 3928 3444 3986 facultas
3487 3949 3516 3987 a

1933 4015 2140 4084 legibus
2191 4016 2350 4069 datur
2397 4015 2475 4070 "ad
2548 4017 2918 4087 delinquentes
2991 4022 3362 4087 coercendos;
3411 4024 3518 4077 imo

1931 4105 2139 4159 etiamsi
2194 4105 2509 4173 dedissent,
2540 4125 2645 4162 non
2676 4124 2952 4178 possemus
2999 4112 3083 4164 illa
3129 4113 3200 4165 uti
3225 4151 3241 4178 ,
3282 4112 3520 4182 quando-

1933 4191 2145 4264 quidem
2179 4198 2315 4251 lieus
2341 4193 2569 4253 noneos
2597 4191 2837 4266 coronat,
2859 4202 2945 4270 qui
2971 4203 3016 4255 \1'
3044 4201 3211 4257 abacti
3235 4219 3262 4255 a
3287 4204 3520 4272 nequitia

1933 4287 2200 4341 abstinent
2225 4329 2239 4352 ,
2285 4289 2377 4342 sed
2404 4303 2498 4344 eos
2527 4332 2540 4354 ,
2578 4293 2666 4360 qui
2729 4305 2792 4346 ex
2826 4293 2996 4347 libero
3040 4297 3310 4363 proposito
3348 4297 3414 4349 ab
3456 4311 3517 4352 ea

1935 4377 2220 4432 declinant.
2250 4381 2604 4445 Quamobrem
2647 4383 2810 4436 multa
2835 4384 3047 4452 quidem
3075 4390 3188 4440 arte
3218 4397 3350 4456 opus
3396 4397 3474 4441 est
3501 4429 3514 4452 ,

1934 4472 1990 4521 ut
2035 4469 2161 4538 τρετὶ
2191 4469 2521 4523 sacerdotum
2557 4473 2804 4526 remediis
2853 4473 3087 4527 libenter
3144 4488 3206 4527 se
3256 4473 3519 4544 subjicere

1885 4626 1888 4627 ν
1935 4555 2256 4612 suadeantur
2287 4576 2297 4610 :
2330 4573 2502 4628 neque
2532 4560 2583 4613 id
2612 4563 2818 4627 solum,
2846 4557 2938 4616 sed
2986 4568 3040 4621 ut
3068 4564 3224 4617 etiam
3273 4566 3375 4618 illis
3406 4572 3517 4620 me:-

1935 4648 2068 4701 delae
2093 4651 2336 4717 gratiam»
2365 4649 2612 4704 habeant.
2665 4647 2795 4704 Nam
2824 4653 2870 4705 si
2899 4653 3017 4720 quis
3070 4652 3276 4708 vinctus
3322 4656 3528 4710 resiliat

1937 4739 2010 4807 (id
2052 4740 2198 4793 enim
2225 4754 2387 4807 penes
2418 4741 2587 4808 ipsum
2613 4742 2741 4810 est),
2784 4730 3004 4811 gravius
3054 4744 3155 4797 sibi
3193 4745 3388 4798 malum
3437 4746 3520 4798 efs

1936 4830 2085 4895 ficit;
2129 4830 2174 4885 si
2215 4831 2706 4895 monentis-verba,
2743 4831 2869 4887 ferri
2924 4850 3072 4887 more
3101 4837 3330 4890 secantia
3359 4877 3372 4900 ,
3429 4853 3518 4892 re-

1934 4920 2138 4987 spue-rit
2164 4961 2178 4982 ,
2210 4929 2514 4988 contemptu
2573 4933 2671 4975 suo
2703 4922 2844 4977 aliud
2876 4923 2974 4977 sibi
3005 4925 3193 4978 vulnus
3223 4926 3421 4994 adjicit.
3457 4943 3521 4982 ac

1934 5009 2155 5063 medela:
2193 5011 2476 5064 oceasitme
2516 5011 2927 5066 Vehementioris
2955 5016 3124 5069 morbi
3151 5029 3307 5070 causa
3350 5020 3551 5076 nasci-,

1935 5111 2021 5152 ιω·
2050 5118 2062 5152 :
2093 5105 2264 5168 neque
2294 5105 2438 5154 enim
2473 5111 2556 5154 est
2584 5102 2672 5171 qui
2704 5103 2808 5156 vim
2835 5101 3022 5157 afferat
3049 5145 3063 5168 ,
3098 5119 3194 5158 nec
3217 5103 3305 5174 qui
3331 5113 3520 5159 curare

1936 5191 2160 5246 invitum
2211 5193 2395 5261 possit.

2004 5281 2055 5336 Δ.
2092 5283 2219 5336 Rem
2265 5279 2369 5335 esse
2424 5283 2624 5352 plenam
2675 5283 3017 5354 diﬁicuttatum
3063 5298 3122 5336 ac
3163 5284 3522 5352 periculorum.

1931 5402 2002 5412 —-
2021 5372 2153 5439 Quid
2186 5373 2341 5442 igitur
2363 5373 2666 5442 agendum?
2688 5373 2896 5428 Etenim
2949 5375 2992 5427 si
3025 5373 3204 5427 mitius
3248 5369 3374 5444 agas
3403 5386 3523 5428 cum

1930 5478 2016 5528 co,
2043 5464 2130 5534 qui
2150 5478 2337 5533 magna
2364 5465 2600 5518 sectione
2643 5480 2777 5532 opus
2809 5465 2986 5530 habet,
3019 5479 3188 5534 neque
3210 5458 3522 5536 profundam

1931 5571 2064 5625 opus
2095 5555 2304 5608 habenti
2338 5555 2543 5625 plagam
2572 5555 2793 5624 infligas,
2822 5565 3025 5623 partem
3077 5555 3313 5610 vulneris
3339 5555 3523 5608 abstu-

1932 5649 2052 5710 listi,
2073 5656 2275 5716 partem
2295 5648 2596 5716 reliquisti;
2629 5649 2708 5700 sin
2741 5649 3042 5716 requisitum
3061 5648 3346 5702 sectionem
3376 5662 3525 5716 pror-

1929 5752 2020 5793 sus
2041 5739 2368 5807 adhibueris,
2399 5754 2540 5810 smpc
2576 5717 2660 5794 ille
2689 5740 2887 5795 doloris
2939 5741 3261 5810 impatientia
3289 5740 3522 5793 animmu
3551 5759 3557 5771 -
