  <div class='ocr_page' id='page_1' title='image "/cluster/home/n/w/nwhite01/storage/ocr_20150623/48/pst.000005712458/121.png"; bbox 0 0 4198 6324; ppageno 0'>
   <div class='ocr_carea' id='block_1_1' title="bbox 643 365 749 427">
    <p class='ocr_par' dir='ltr' id='par_1_1' title="bbox 643 365 749 427">
     <span class='ocr_line' id='line_1_1' title="bbox 643 365 749 427; baseline 0 -4"><span class='ocrx_word' id='word_1_1' title='bbox 643 365 749 427; x_wconf 75' lang='grc'><strong>655</strong></span> 
     </span>
    </p>
   </div>
   <div class='ocr_carea' id='block_1_2' title="bbox 641 448 2218 544">
    <p class='ocr_par' dir='ltr' id='par_1_2' title="bbox 641 448 2218 544">
     <span class='ocr_line' id='line_1_2' title="bbox 641 448 2218 544; baseline -0.002 -14"><span class='ocrx_word' id='word_1_2' title='bbox 641 473 1005 544; x_wconf 80' lang='lat' dir='ltr'><strong>despondeas,</strong></span> <span class='ocrx_word' id='word_1_3' title='bbox 1026 474 1273 529; x_wconf 89' lang='lat' dir='ltr'><strong>omnibus</strong></span> <span class='ocrx_word' id='word_1_4' title='bbox 1318 448 1597 529; x_wconf 84' lang='lat' dir='ltr'><strong>confertim</strong></span> <span class='ocrx_word' id='word_1_5' title='bbox 1634 474 1866 543; x_wconf 76' lang='lat' dir='ltr'><strong>rejectis,</strong></span> <span class='ocrx_word' id='word_1_6' title='bbox 1891 484 2007 529; x_wconf 85' lang='lat' dir='ltr'><strong>tum</strong></span> <span class='ocrx_word' id='word_1_7' title='bbox 2052 473 2218 529; x_wconf 64' lang='lat' dir='ltr'><strong>medi.</strong></span> 
     </span>
    </p>
   </div>
   <div class='ocr_carea' id='block_1_3' title="bbox 640 565 2230 644">
    <p class='ocr_par' dir='ltr' id='par_1_3' title="bbox 640 565 2230 644">
     <span class='ocr_line' id='line_1_3' title="bbox 640 565 2230 644; baseline -0.002 -23"><span class='ocrx_word' id='word_1_8' title='bbox 640 566 781 631; x_wconf 88' lang='lat' dir='ltr'><strong>cina,</strong></span> <span class='ocrx_word' id='word_1_9' title='bbox 815 575 925 620; x_wconf 90' lang='lat' dir='ltr'><strong>tum</strong></span> <span class='ocrx_word' id='word_1_10' title='bbox 982 566 1249 637; x_wconf 86' lang='lat' dir='ltr'><strong>ligamine,</strong></span> <span class='ocrx_word' id='word_1_11' title='bbox 1270 566 1513 635; x_wconf 86' lang='lat' dir='ltr'><strong>-seipsum</strong></span> <span class='ocrx_word' id='word_1_12' title='bbox 1552 566 1872 635; x_wconf 66' lang='lat' dir='ltr'><strong>praecipitem</strong></span> <span class='ocrx_word' id='word_1_13' title='bbox 1910 565 2074 644; x_wconf 92' lang='lat' dir='ltr'><strong>dabit,</strong></span> <span class='ocrx_word' id='word_1_14' title='bbox 2102 580 2230 619; x_wconf 92' lang='lat' dir='ltr'><strong>cou-</strong></span> 
     </span>
    </p>
   </div>
   <div class='ocr_carea' id='block_1_4' title="bbox 626 650 2224 728">
    <p class='ocr_par' dir='ltr' id='par_1_4' title="bbox 626 650 2224 728">
     <span class='ocr_line' id='line_1_4' title="bbox 626 650 2224 728; baseline 0 -17"><span class='ocrx_word' id='word_1_15' title='bbox 626 658 768 713; x_wconf 67' lang='grc' dir='ltr'><strong>πίω</strong></span> <span class='ocrx_word' id='word_1_16' title='bbox 787 658 915 728; x_wconf 83' lang='lat' dir='ltr'><strong>jugo</strong></span> <span class='ocrx_word' id='word_1_17' title='bbox 935 672 1000 714; x_wconf 90' lang='lat' dir='ltr'><strong>ac</strong></span> <span class='ocrx_word' id='word_1_18' title='bbox 1036 656 1306 714; x_wconf 77' lang='lat' dir='ltr'><strong>confracta</strong></span> <span class='ocrx_word' id='word_1_19' title='bbox 1354 657 1582 711; x_wconf 90' lang='lat' dir='ltr'><strong>vinculo.</strong></span> <span class='ocrx_word' id='word_1_20' title='bbox 1630 657 1886 726; x_wconf 85' lang='lat' dir='ltr'><strong>Equidem</strong></span> <span class='ocrx_word' id='word_1_21' title='bbox 1916 650 2110 710; x_wconf 84' lang='lat' dir='ltr'><strong>multos</strong></span> <span class='ocrx_word' id='word_1_22' title='bbox 2137 672 2224 711; x_wconf 88' lang='lat' dir='ltr'><strong>re-</strong></span> 
     </span>
    </p>
   </div>
   <div class='ocr_carea' id='block_1_5' title="bbox 641 746 2227 817">
    <p class='ocr_par' dir='ltr' id='par_1_5' title="bbox 641 746 2227 817">
     <span class='ocr_line' id='line_1_5' title="bbox 641 746 2227 817; baseline 0 -15"><span class='ocrx_word' id='word_1_23' title='bbox 641 760 863 802; x_wconf 81' lang='lat' dir='ltr'><strong>censere</strong></span> <span class='ocrx_word' id='word_1_24' title='bbox 885 762 1095 817; x_wconf 86' lang='lat' dir='ltr'><strong>possem</strong></span> <span class='ocrx_word' id='word_1_25' title='bbox 1135 748 1187 802; x_wconf 93' lang='lat' dir='ltr'><strong>in</strong></span> <span class='ocrx_word' id='word_1_26' title='bbox 1231 756 1467 802; x_wconf 87' lang='lat' dir='ltr'><strong>extrema</strong></span> <span class='ocrx_word' id='word_1_27' title='bbox 1506 746 1642 800; x_wconf 90' lang='lat' dir='ltr'><strong>mala</strong></span> <span class='ocrx_word' id='word_1_28' title='bbox 1690 746 1963 812; x_wconf 87' lang='lat' dir='ltr'><strong>deductos,</strong></span> <span class='ocrx_word' id='word_1_29' title='bbox 1989 746 2131 816; x_wconf 91' lang='lat' dir='ltr'><strong>quod</strong></span> <span class='ocrx_word' id='word_1_30' title='bbox 2159 748 2227 802; x_wconf 92' lang='lat' dir='ltr'><strong>ab</strong></span> 
     </span>
    </p>
   </div>
   <div class='ocr_carea' id='block_1_6' title="bbox 641 838 2225 914">
    <p class='ocr_par' dir='ltr' id='par_1_6' title="bbox 641 838 2225 914">
     <span class='ocr_line' id='line_1_6' title="bbox 641 838 2225 914; baseline -0.001 -20"><span class='ocrx_word' id='word_1_31' title='bbox 641 841 721 894; x_wconf 91' lang='lat' dir='ltr'><strong>eis</strong></span> <span class='ocrx_word' id='word_1_32' title='bbox 745 854 900 909; x_wconf 68' lang='lat' dir='ltr'><strong>pinna</strong></span> <span class='ocrx_word' id='word_1_33' title='bbox 947 839 1175 909; x_wconf 76' lang='lat' dir='ltr'><strong>peccatis</strong></span> <span class='ocrx_word' id='word_1_34' title='bbox 1203 853 1299 909; x_wconf 88' lang='lat' dir='ltr'><strong>par</strong></span> <span class='ocrx_word' id='word_1_35' title='bbox 1331 847 1723 907; x_wconf 81' lang='lat' dir='ltr'><strong>exposceretur.</strong></span> <span class='ocrx_word' id='word_1_36' title='bbox 1775 838 1955 914; x_wconf 79' lang='lat' dir='ltr'><strong>Neque</strong></span> <span class='ocrx_word' id='word_1_37' title='bbox 1979 838 2116 891; x_wconf 90' lang='lat' dir='ltr'><strong>enim</strong></span> <span class='ocrx_word' id='word_1_38' title='bbox 2142 847 2225 892; x_wconf 80' lang='lat' dir='ltr'><strong>te-</strong></span> 
     </span>
    </p>
   </div>
   <div class='ocr_carea' id='block_1_7' title="bbox 638 918 2223 1000">
    <p class='ocr_par' dir='ltr' id='par_1_7' title="bbox 638 918 2223 1000">
     <span class='ocr_line' id='line_1_7' title="bbox 638 918 2223 1000; baseline -0.002 -15"><span class='ocrx_word' id='word_1_39' title='bbox 638 946 788 987; x_wconf 83' lang='lat' dir='ltr'><strong>mere</strong></span> <span class='ocrx_word' id='word_1_40' title='bbox 814 931 881 985; x_wconf 81' lang='lat' dir='ltr'><strong>ad</strong></span> <span class='ocrx_word' id='word_1_41' title='bbox 911 939 1241 1000; x_wconf 79' lang='lat' dir='ltr'><strong>peccatorum</strong></span> <span class='ocrx_word' id='word_1_42' title='bbox 1264 930 1476 983; x_wconf 89' lang='lat' dir='ltr'><strong>modum</strong></span> <span class='ocrx_word' id='word_1_43' title='bbox 1502 938 1710 998; x_wconf 80' lang='lat' dir='ltr'><strong>Oportet</strong></span> <span class='ocrx_word' id='word_1_44' title='bbox 1751 918 1805 983; x_wconf 87' lang='lat' dir='ltr'><strong>et</strong></span> <span class='ocrx_word' id='word_1_45' title='bbox 1832 942 2039 997; x_wconf 66' lang='lat' dir='ltr'><strong>penam</strong></span> <span class='ocrx_word' id='word_1_46' title='bbox 2068 927 2223 982; x_wconf 85' lang='lat' dir='ltr'><strong>adhi-</strong></span> 
     </span>
    </p>
   </div>
   <div class='ocr_carea' id='block_1_8' title="bbox 641 1018 2219 1090">
    <p class='ocr_par' dir='ltr' id='par_1_8' title="bbox 641 1018 2219 1090">
     <span class='ocr_line' id='line_1_8' title="bbox 641 1018 2219 1090; baseline -0.004 -13"><span class='ocrx_word' id='word_1_47' title='bbox 641 1020 770 1077; x_wconf 88' lang='lat' dir='ltr'><strong>bere</strong></span> <span class='ocrx_word' id='word_1_48' title='bbox 794 1038 812 1088; x_wconf 88' lang='lat'><strong>;</strong></span> <span class='ocrx_word' id='word_1_49' title='bbox 860 1021 956 1076; x_wconf 87' lang='lat' dir='ltr'><strong>sed</strong></span> <span class='ocrx_word' id='word_1_50' title='bbox 986 1021 1310 1090; x_wconf 84' lang='lat' dir='ltr'><strong>peccantium</strong></span> <span class='ocrx_word' id='word_1_51' title='bbox 1337 1020 1659 1090; x_wconf 91' lang='lat' dir='ltr'><strong>propositum</strong></span> <span class='ocrx_word' id='word_1_52' title='bbox 1708 1018 2088 1089; x_wconf 89' lang='lat' dir='ltr'><strong>explorandum</strong></span> <span class='ocrx_word' id='word_1_53' title='bbox 2117 1027 2219 1085; x_wconf 92' lang='lat' dir='ltr'><strong>est,</strong></span> 
     </span>
    </p>
   </div>
   <div class='ocr_carea' id='block_1_9' title="bbox 642 1113 2217 1185">
    <p class='ocr_par' dir='ltr' id='par_1_9' title="bbox 642 1113 2217 1185">
     <span class='ocr_line' id='line_1_9' title="bbox 642 1113 2217 1185; baseline -0.003 -16"><span class='ocrx_word' id='word_1_54' title='bbox 642 1129 732 1180; x_wconf 88' lang='lat' dir='ltr'><strong>ne,</strong></span> <span class='ocrx_word' id='word_1_55' title='bbox 753 1114 879 1169; x_wconf 90' lang='lat' dir='ltr'><strong>dum</strong></span> <span class='ocrx_word' id='word_1_56' title='bbox 905 1113 1045 1185; x_wconf 91' lang='lat' dir='ltr'><strong>quod</strong></span> <span class='ocrx_word' id='word_1_57' title='bbox 1075 1115 1295 1169; x_wconf 90' lang='lat' dir='ltr'><strong>scissum</strong></span> <span class='ocrx_word' id='word_1_58' title='bbox 1340 1122 1419 1168; x_wconf 86' lang='lat' dir='ltr'><strong>est</strong></span> <span class='ocrx_word' id='word_1_59' title='bbox 1461 1128 1720 1168; x_wconf 82' lang='lat' dir='ltr'><strong>censuere</strong></span> <span class='ocrx_word' id='word_1_60' title='bbox 1763 1113 1862 1177; x_wconf 82' lang='lat' dir='ltr'><strong>vis,</strong></span> <span class='ocrx_word' id='word_1_61' title='bbox 1905 1113 2217 1167; x_wconf 85' lang='lat' dir='ltr'><strong>deteriorem</strong></span> 
     </span>
    </p>
   </div>
   <div class='ocr_carea' id='block_1_10' title="bbox 640 1193 2217 1271">
    <p class='ocr_par' dir='ltr' id='par_1_10' title="bbox 640 1193 2217 1271">
     <span class='ocr_line' id='line_1_10' title="bbox 640 1193 2217 1271; baseline -0.004 -12"><span class='ocrx_word' id='word_1_62' title='bbox 640 1204 924 1259; x_wconf 78' lang='lat' dir='ltr'><strong>scissuram</strong></span> <span class='ocrx_word' id='word_1_63' title='bbox 953 1201 1136 1268; x_wconf 89' lang='lat' dir='ltr'><strong>facias,</strong></span> <span class='ocrx_word' id='word_1_64' title='bbox 1162 1218 1287 1267; x_wconf 87' lang='lat' dir='ltr'><strong>neu,</strong></span> <span class='ocrx_word' id='word_1_65' title='bbox 1317 1193 1439 1256; x_wconf 90' lang='lat' dir='ltr'><strong>dum</strong></span> <span class='ocrx_word' id='word_1_66' title='bbox 1460 1201 1664 1271; x_wconf 90' lang='lat' dir='ltr'><strong>lapsum</strong></span> <span class='ocrx_word' id='word_1_67' title='bbox 1703 1196 1989 1255; x_wconf 82' lang='lat' dir='ltr'><strong>emendare</strong></span> <span class='ocrx_word' id='word_1_68' title='bbox 2014 1200 2217 1266; x_wconf 87' lang='lat' dir='ltr'><strong>studes,</strong></span> 
     </span>
    </p>
   </div>
   <div class='ocr_carea' id='block_1_11' title="bbox 641 1292 2219 1364">
    <p class='ocr_par' dir='ltr' id='par_1_11' title="bbox 641 1292 2219 1364">
     <span class='ocr_line' id='line_1_11' title="bbox 641 1292 2219 1364; baseline -0.003 -15"><span class='ocrx_word' id='word_1_69' title='bbox 641 1295 895 1364; x_wconf 77' lang='lat' dir='ltr'><strong>majorem</strong></span> <span class='ocrx_word' id='word_1_70' title='bbox 922 1294 1129 1348; x_wconf 88' lang='lat' dir='ltr'><strong>ruinam</strong></span> <span class='ocrx_word' id='word_1_71' title='bbox 1154 1308 1321 1363; x_wconf 86' lang='lat' dir='ltr'><strong>pares.</strong></span> <span class='ocrx_word' id='word_1_72' title='bbox 1341 1292 1473 1347; x_wconf 88' lang='lat' dir='ltr'><strong>Nam</strong></span> <span class='ocrx_word' id='word_1_73' title='bbox 1490 1293 1576 1362; x_wconf 87' lang='lat' dir='ltr'><strong>qui</strong></span> <span class='ocrx_word' id='word_1_74' title='bbox 1597 1293 1789 1346; x_wconf 90' lang='lat' dir='ltr'><strong>inﬁrmi</strong></span> <span class='ocrx_word' id='word_1_75' title='bbox 1812 1302 1933 1346; x_wconf 84' lang='lat' dir='ltr'><strong>sunt</strong></span> <span class='ocrx_word' id='word_1_76' title='bbox 1948 1307 2009 1345; x_wconf 94' lang='lat' dir='ltr'><strong>ac</strong></span> <span class='ocrx_word' id='word_1_77' title='bbox 2031 1292 2219 1345; x_wconf 88' lang='lat' dir='ltr'><strong>remis-</strong></span> 
     </span>
    </p>
   </div>
   <div class='ocr_carea' id='block_1_12' title="bbox 640 1382 2218 1453">
    <p class='ocr_par' dir='ltr' id='par_1_12' title="bbox 640 1382 2218 1453">
     <span class='ocr_line' id='line_1_12' title="bbox 640 1382 2218 1453; baseline 0 -16"><span class='ocrx_word' id='word_1_78' title='bbox 640 1382 707 1446; x_wconf 88' lang='lat' dir='ltr'><strong>si,</strong></span> <span class='ocrx_word' id='word_1_79' title='bbox 735 1384 1003 1453; x_wconf 81' lang='lat' dir='ltr'><strong>magisque</strong></span> <span class='ocrx_word' id='word_1_80' title='bbox 1025 1382 1203 1439; x_wconf 90' lang='lat' dir='ltr'><strong>mundi</strong></span> <span class='ocrx_word' id='word_1_81' title='bbox 1229 1383 1433 1439; x_wconf 82' lang='lat' dir='ltr'><strong>deliciis</strong></span> <span class='ocrx_word' id='word_1_82' title='bbox 1459 1382 1671 1447; x_wconf 86' lang='lat' dir='ltr'><strong>irretiti,</strong></span> <span class='ocrx_word' id='word_1_83' title='bbox 1716 1384 1913 1452; x_wconf 83' lang='lat' dir='ltr'><strong>quique</strong></span> <span class='ocrx_word' id='word_1_84' title='bbox 1934 1399 1994 1436; x_wconf 86' lang='lat' dir='ltr'><strong>ex</strong></span> <span class='ocrx_word' id='word_1_85' title='bbox 2025 1397 2218 1452; x_wconf 87' lang='lat' dir='ltr'><strong>genere</strong></span> 
     </span>
    </p>
   </div>
   <div class='ocr_carea' id='block_1_13' title="bbox 566 1474 2217 1546">
    <p class='ocr_par' dir='ltr' id='par_1_13' title="bbox 566 1474 2217 1546">
     <span class='ocr_line' id='line_1_13' title="bbox 566 1474 2217 1546; baseline -0.001 -16"><span class='ocrx_word' id='word_1_86' title='bbox 566 1506 567 1509; x_wconf 59' lang='grc' dir='ltr'><strong>η</strong></span> <span class='ocrx_word' id='word_1_87' title='bbox 640 1483 694 1530; x_wconf 91' lang='lat' dir='ltr'><strong>et</strong></span> <span class='ocrx_word' id='word_1_88' title='bbox 721 1476 952 1546; x_wconf 82' lang='lat' dir='ltr'><strong>potentia</strong></span> <span class='ocrx_word' id='word_1_89' title='bbox 991 1476 1154 1529; x_wconf 90' lang='lat' dir='ltr'><strong>altum</strong></span> <span class='ocrx_word' id='word_1_90' title='bbox 1176 1490 1364 1545; x_wconf 87' lang='lat' dir='ltr'><strong>sapere</strong></span> <span class='ocrx_word' id='word_1_91' title='bbox 1391 1485 1630 1543; x_wconf 84' lang='lat' dir='ltr'><strong>possunt,</strong></span> <span class='ocrx_word' id='word_1_92' title='bbox 1662 1475 1695 1530; x_wconf 94' lang='lat' dir='ltr'><strong>ii</strong></span> <span class='ocrx_word' id='word_1_93' title='bbox 1718 1475 1913 1529; x_wconf 84' lang='lat' dir='ltr'><strong>sensim</strong></span> <span class='ocrx_word' id='word_1_94' title='bbox 1944 1474 2217 1543; x_wconf 82' lang='lat' dir='ltr'><strong>paulatim-</strong></span> 
     </span>
    </p>
   </div>
   <div class='ocr_carea' id='block_1_14' title="bbox 643 1563 2214 1634">
    <p class='ocr_par' dir='ltr' id='par_1_14' title="bbox 643 1563 2214 1634">
     <span class='ocr_line' id='line_1_14' title="bbox 643 1563 2214 1634; baseline -0.001 -15"><span class='ocrx_word' id='word_1_95' title='bbox 643 1580 747 1634; x_wconf 90' lang='lat' dir='ltr'><strong>que</strong></span> <span class='ocrx_word' id='word_1_96' title='bbox 774 1579 804 1618; x_wconf 85' lang='lat' dir='ltr'><strong>a</strong></span> <span class='ocrx_word' id='word_1_97' title='bbox 832 1564 1085 1634; x_wconf 83' lang='lat' dir='ltr'><strong>peccandi</strong></span> <span class='ocrx_word' id='word_1_98' title='bbox 1115 1564 1495 1619; x_wconf 85' lang='lat' dir='ltr'><strong>consuetudine</strong></span> <span class='ocrx_word' id='word_1_99' title='bbox 1526 1565 1744 1627; x_wconf 89' lang='lat' dir='ltr'><strong>retrahi,</strong></span> <span class='ocrx_word' id='word_1_100' title='bbox 1765 1580 1828 1619; x_wconf 93' lang='lat' dir='ltr'><strong>ac</strong></span> <span class='ocrx_word' id='word_1_101' title='bbox 1855 1566 1898 1617; x_wconf 91' lang='lat' dir='ltr'><strong>si</strong></span> <span class='ocrx_word' id='word_1_102' title='bbox 1926 1579 2031 1618; x_wconf 91' lang='lat' dir='ltr'><strong>non</strong></span> <span class='ocrx_word' id='word_1_103' title='bbox 2062 1563 2214 1634; x_wconf 87' lang='lat' dir='ltr'><strong>peni-</strong></span> 
     </span>
    </p>
   </div>
   <div class='ocr_carea' id='block_1_15' title="bbox 641 1643 2215 1726">
    <p class='ocr_par' dir='ltr' id='par_1_15' title="bbox 641 1643 2215 1726">
     <span class='ocr_line' id='line_1_15' title="bbox 641 1643 2215 1726; baseline 0 -16"><span class='ocrx_word' id='word_1_104' title='bbox 641 1666 746 1722; x_wconf 88' lang='lat' dir='ltr'><strong>tus,</strong></span> <span class='ocrx_word' id='word_1_105' title='bbox 782 1656 972 1725; x_wconf 82' lang='lat' dir='ltr'><strong>partim</strong></span> <span class='ocrx_word' id='word_1_106' title='bbox 995 1643 1180 1712; x_wconf 80' lang='lat' dir='ltr'><strong>saltem</strong></span> <span class='ocrx_word' id='word_1_107' title='bbox 1208 1657 1275 1711; x_wconf 90' lang='lat' dir='ltr'><strong>ab</strong></span> <span class='ocrx_word' id='word_1_108' title='bbox 1321 1657 1405 1723; x_wconf 89' lang='lat' dir='ltr'><strong>iis,</strong></span> <span class='ocrx_word' id='word_1_109' title='bbox 1462 1657 1652 1726; x_wconf 84' lang='lat' dir='ltr'><strong>quibus</strong></span> <span class='ocrx_word' id='word_1_110' title='bbox 1693 1656 2017 1723; x_wconf 90' lang='lat' dir='ltr'><strong>detinentur,</strong></span> <span class='ocrx_word' id='word_1_111' title='bbox 2063 1656 2215 1711; x_wconf 85' lang='lat' dir='ltr'><strong>malis</strong></span> 
     </span>
    </p>
   </div>
   <div class='ocr_carea' id='block_1_16' title="bbox 638 1745 2209 1815">
    <p class='ocr_par' dir='ltr' id='par_1_16' title="bbox 638 1745 2209 1815">
     <span class='ocr_line' id='line_1_16' title="bbox 638 1745 2209 1815; baseline 0 -16"><span class='ocrx_word' id='word_1_112' title='bbox 638 1745 851 1802; x_wconf 86' lang='lat' dir='ltr'><strong>liberari</strong></span> <span class='ocrx_word' id='word_1_113' title='bbox 883 1748 1085 1815; x_wconf 85' lang='lat' dir='ltr'><strong>possint</strong></span> <span class='ocrx_word' id='word_1_114' title='bbox 1108 1764 1126 1801; x_wconf 88' lang='lat'><strong>:</strong></span> <span class='ocrx_word' id='word_1_115' title='bbox 1149 1746 1337 1815; x_wconf 83' lang='lat' dir='ltr'><strong>quibus</strong></span> <span class='ocrx_word' id='word_1_116' title='bbox 1362 1747 1406 1799; x_wconf 90' lang='lat' dir='ltr'><strong>si</strong></span> <span class='ocrx_word' id='word_1_117' title='bbox 1435 1746 1611 1800; x_wconf 85' lang='lat' dir='ltr'><strong>statim</strong></span> <span class='ocrx_word' id='word_1_118' title='bbox 1631 1747 2022 1815; x_wconf 87' lang='lat' dir='ltr'><strong>correptionem</strong></span> <span class='ocrx_word' id='word_1_119' title='bbox 2053 1747 2209 1799; x_wconf 85' lang='lat' dir='ltr'><strong>indu-</strong></span> 
     </span>
    </p>
   </div>
   <div class='ocr_carea' id='block_1_17' title="bbox 638 1838 2212 1906">
    <p class='ocr_par' dir='ltr' id='par_1_17' title="bbox 638 1838 2212 1906">
     <span class='ocr_line' id='line_1_17' title="bbox 638 1838 2212 1906; baseline -0.001 -14"><span class='ocrx_word' id='word_1_120' title='bbox 638 1851 752 1903; x_wconf 82' lang='lat' dir='ltr'><strong>cas,</strong></span> <span class='ocrx_word' id='word_1_121' title='bbox 794 1838 952 1892; x_wconf 89' lang='lat' dir='ltr'><strong>etiam</strong></span> <span class='ocrx_word' id='word_1_122' title='bbox 983 1839 1187 1892; x_wconf 89' lang='lat' dir='ltr'><strong>minore</strong></span> <span class='ocrx_word' id='word_1_123' title='bbox 1238 1838 1321 1893; x_wconf 88' lang='lat' dir='ltr'><strong>illa</strong></span> <span class='ocrx_word' id='word_1_124' title='bbox 1355 1838 1723 1893; x_wconf 89' lang='lat' dir='ltr'><strong>emendatione</strong></span> <span class='ocrx_word' id='word_1_125' title='bbox 1750 1838 1995 1906; x_wconf 79' lang='lat' dir='ltr'><strong>privabis.</strong></span> <span class='ocrx_word' id='word_1_126' title='bbox 2026 1838 2212 1891; x_wconf 84' lang='lat' dir='ltr'><strong>Anima</strong></span> 
     </span>
    </p>
   </div>
   <div class='ocr_carea' id='block_1_18' title="bbox 637 1929 2214 1999">
    <p class='ocr_par' dir='ltr' id='par_1_18' title="bbox 637 1929 2214 1999">
     <span class='ocr_line' id='line_1_18' title="bbox 637 1929 2214 1999; baseline 0 -17"><span class='ocrx_word' id='word_1_127' title='bbox 637 1929 833 1999; x_wconf 86' lang='lat' dir='ltr'><strong>quippe</strong></span> <span class='ocrx_word' id='word_1_128' title='bbox 854 1929 1129 1984; x_wconf 77' lang='lat' dir='ltr'><strong>confestim</strong></span> <span class='ocrx_word' id='word_1_129' title='bbox 1173 1930 1225 1984; x_wconf 88' lang='lat' dir='ltr'><strong>itt</strong></span> <span class='ocrx_word' id='word_1_130' title='bbox 1252 1930 1499 1984; x_wconf 89' lang='lat' dir='ltr'><strong>ruborem</strong></span> <span class='ocrx_word' id='word_1_131' title='bbox 1526 1937 1638 1982; x_wconf 88' lang='lat' dir='ltr'><strong>acta</strong></span> <span class='ocrx_word' id='word_1_132' title='bbox 1672 1930 1724 1982; x_wconf 91' lang='lat' dir='ltr'><strong>in</strong></span> <span class='ocrx_word' id='word_1_133' title='bbox 1768 1929 2108 1983; x_wconf 79' lang='lat' dir='ltr'><strong>indolentiam</strong></span> <span class='ocrx_word' id='word_1_134' title='bbox 2139 1929 2214 1982; x_wconf 82' lang='lat' dir='ltr'><strong>la-</strong></span> 
     </span>
    </p>
   </div>
   <div class='ocr_carea' id='block_1_19' title="bbox 639 2017 2211 2088">
    <p class='ocr_par' dir='ltr' id='par_1_19' title="bbox 639 2017 2211 2088">
     <span class='ocr_line' id='line_1_19' title="bbox 639 2017 2211 2088; baseline -0.001 -17"><span class='ocrx_word' id='word_1_135' title='bbox 639 2017 800 2084; x_wconf 86' lang='lat' dir='ltr'><strong>bitur,</strong></span> <span class='ocrx_word' id='word_1_136' title='bbox 834 2034 1003 2088; x_wconf 86' lang='lat' dir='ltr'><strong>neque</strong></span> <span class='ocrx_word' id='word_1_137' title='bbox 1027 2018 1237 2072; x_wconf 80' lang='lat' dir='ltr'><strong>blandis</strong></span> <span class='ocrx_word' id='word_1_138' title='bbox 1265 2029 1443 2087; x_wconf 90' lang='lat' dir='ltr'><strong>postea</strong></span> <span class='ocrx_word' id='word_1_139' title='bbox 1491 2019 1667 2072; x_wconf 86' lang='lat' dir='ltr'><strong>verbis</strong></span> <span class='ocrx_word' id='word_1_140' title='bbox 1706 2027 1873 2088; x_wconf 88' lang='lat' dir='ltr'><strong>paret,</strong></span> <span class='ocrx_word' id='word_1_141' title='bbox 1908 2032 2079 2086; x_wconf 90' lang='lat' dir='ltr'><strong>neque</strong></span> <span class='ocrx_word' id='word_1_142' title='bbox 2108 2018 2211 2070; x_wconf 86' lang='lat' dir='ltr'><strong>nti-</strong></span> 
     </span>
    </p>
   </div>
   <div class='ocr_carea' id='block_1_20' title="bbox 626 2106 2210 2174">
    <p class='ocr_par' dir='ltr' id='par_1_20' title="bbox 626 2106 2210 2174">
     <span class='ocr_line' id='line_1_20' title="bbox 626 2106 2210 2174; baseline 0 -13"><span class='ocrx_word' id='word_1_143' title='bbox 626 2106 724 2161; x_wconf 23' lang='lat' dir='ltr'><strong>.nis</strong></span> <span class='ocrx_word' id='word_1_144' title='bbox 745 2108 990 2174; x_wconf 92' lang='lat' dir='ltr'><strong>ﬁectitur,</strong></span> <span class='ocrx_word' id='word_1_145' title='bbox 1020 2124 1117 2163; x_wconf 88' lang='lat' dir='ltr'><strong>nec</strong></span> <span class='ocrx_word' id='word_1_146' title='bbox 1135 2109 1403 2163; x_wconf 87' lang='lat' dir='ltr'><strong>beneﬁciis</strong></span> <span class='ocrx_word' id='word_1_147' title='bbox 1432 2118 1708 2171; x_wconf 84' lang='lat' dir='ltr'><strong>movetur;</strong></span> <span class='ocrx_word' id='word_1_148' title='bbox 1741 2106 1834 2161; x_wconf 91' lang='lat' dir='ltr'><strong>scd</strong></span> <span class='ocrx_word' id='word_1_149' title='bbox 1874 2108 2040 2161; x_wconf 88' lang='lat' dir='ltr'><strong>multo</strong></span> <span class='ocrx_word' id='word_1_150' title='bbox 2059 2107 2210 2162; x_wconf 85' lang='lat' dir='ltr'><strong>dcte-</strong></span> 
     </span>
    </p>
   </div>
   <div class='ocr_carea' id='block_1_21' title="bbox 553 2196 2211 2266">
    <p class='ocr_par' dir='ltr' id='par_1_21' title="bbox 553 2196 2211 2266">
     <span class='ocr_line' id='line_1_21' title="bbox 553 2196 2211 2266; baseline 0.001 -17"><span class='ocrx_word' id='word_1_151' title='bbox 553 2203 565 2223; x_wconf 93' lang='lat'><em>’</em></span> <span class='ocrx_word' id='word_1_152' title='bbox 637 2196 751 2251; x_wconf 89' lang='lat' dir='ltr'><strong>rior</strong></span> <span class='ocrx_word' id='word_1_153' title='bbox 774 2197 1004 2251; x_wconf 87' lang='lat' dir='ltr'><strong>efﬁcitur</strong></span> <span class='ocrx_word' id='word_1_154' title='bbox 1046 2197 1132 2250; x_wconf 88' lang='lat' dir='ltr'><strong>illa</strong></span> <span class='ocrx_word' id='word_1_155' title='bbox 1158 2197 1369 2251; x_wconf 81' lang='lat' dir='ltr'><strong>civitate</strong></span> <span class='ocrx_word' id='word_1_156' title='bbox 1390 2237 1405 2262; x_wconf 97' lang='lat'><strong>,</strong></span> <span class='ocrx_word' id='word_1_157' title='bbox 1440 2212 1595 2266; x_wconf 89' lang='lat' dir='ltr'><strong>quam</strong></span> <span class='ocrx_word' id='word_1_158' title='bbox 1624 2196 1875 2265; x_wconf 85' lang='lat' dir='ltr'><strong>propheta</strong></span> <span class='ocrx_word' id='word_1_159' title='bbox 1906 2196 2211 2266; x_wconf 81' lang='lat' dir='ltr'><strong>vituperans</strong></span> 
     </span>
    </p>
   </div>
   <div class='ocr_carea' id='block_1_22' title="bbox 636 2286 2211 2357">
    <p class='ocr_par' dir='ltr' id='par_1_22' title="bbox 636 2286 2211 2357">
     <span class='ocr_line' id='line_1_22' title="bbox 636 2286 2211 2357; baseline -0.001 -16"><span class='ocrx_word' id='word_1_160' title='bbox 636 2287 848 2341; x_wconf 86' lang='lat' dir='ltr'><strong>dicebat</strong></span> <span class='ocrx_word' id='word_1_161' title='bbox 878 2304 891 2340; x_wconf 87' lang='lat'><strong>:</strong></span> <span class='ocrx_word' id='word_1_162' title='bbox 935 2286 1097 2340; x_wconf 76' lang='lat' dir='ltr'><strong>Facta</strong></span> <span class='ocrx_word' id='word_1_163' title='bbox 1130 2287 1313 2341; x_wconf 79' lang='lat' dir='ltr'><strong>esttibi</strong></span> <span class='ocrx_word' id='word_1_164' title='bbox 1358 2292 1497 2357; x_wconf 81' lang='lat' dir='ltr'><strong>frons</strong></span> <span class='ocrx_word' id='word_1_165' title='bbox 1526 2288 1820 2353; x_wconf 77' lang='lat' dir='ltr'><strong>meretricis,</strong></span> <span class='ocrx_word' id='word_1_166' title='bbox 1849 2290 1989 2356; x_wconf 85' lang='lat' dir='ltr'><strong>apud</strong></span> <span class='ocrx_word' id='word_1_167' title='bbox 2040 2302 2211 2340; x_wconf 80' lang='lat' dir='ltr'><strong>omnes</strong></span> 
     </span>
    </p>
   </div>
   <div class='ocr_carea' id='block_1_23' title="bbox 636 2378 2210 2450">
    <p class='ocr_par' dir='ltr' id='par_1_23' title="bbox 636 2378 2210 2450">
     <span class='ocr_line' id='line_1_23' title="bbox 636 2378 2210 2450; baseline 0.001 -18"><span class='ocrx_word' id='word_1_168' title='bbox 636 2378 965 2433; x_wconf 70' lang='lat' dir='ltr'><strong>inverecunde</strong></span> <span class='ocrx_word' id='word_1_169' title='bbox 984 2380 1127 2450; x_wconf 82' lang='lat' dir='ltr'><strong>egisti</strong></span> <span class='ocrx_word' id='word_1_170' title='bbox 1173 2378 1316 2447; x_wconf 82' lang='lat' dir='ltr'><strong>(Jer.</strong></span> <span class='ocrx_word' id='word_1_171' title='bbox 1364 2380 1417 2433; x_wconf 81' lang='grc'><strong>5.</strong></span> <span class='ocrx_word' id='word_1_172' title='bbox 1447 2378 1481 2433; x_wconf 78' lang='grc'><strong>5</strong></span> <span class='ocrx_word' id='word_1_173' title='bbox 1512 2379 1548 2447; x_wconf 91' lang='grc'><strong>).</strong></span> <span class='ocrx_word' id='word_1_174' title='bbox 1575 2378 1832 2445; x_wconf 85' lang='lat' dir='ltr'><strong>Quocirca</strong></span> <span class='ocrx_word' id='word_1_175' title='bbox 1875 2379 2036 2432; x_wconf 90' lang='lat' dir='ltr'><strong>multa</strong></span> <span class='ocrx_word' id='word_1_176' title='bbox 2076 2393 2210 2448; x_wconf 86' lang='lat' dir='ltr'><strong>opus</strong></span> 
     </span>
    </p>
   </div>
   <div class='ocr_carea' id='block_1_24' title="bbox 637 2456 2210 2537">
    <p class='ocr_par' dir='ltr' id='par_1_24' title="bbox 637 2456 2210 2537">
     <span class='ocr_line' id='line_1_24' title="bbox 637 2456 2210 2537; baseline 0.001 -18"><span class='ocrx_word' id='word_1_177' title='bbox 637 2456 720 2521; x_wconf 66' lang='lat' dir='ltr'><strong>est</strong></span> <span class='ocrx_word' id='word_1_178' title='bbox 746 2469 943 2537; x_wconf 86' lang='lat' dir='ltr'><strong>pastori</strong></span> <span class='ocrx_word' id='word_1_179' title='bbox 972 2468 1247 2537; x_wconf 87' lang='lat' dir='ltr'><strong>prudentia</strong></span> <span class='ocrx_word' id='word_1_180' title='bbox 1285 2482 1347 2522; x_wconf 85' lang='lat' dir='ltr'><strong>ac</strong></span> <span class='ocrx_word' id='word_1_181' title='bbox 1366 2467 1627 2521; x_wconf 88' lang='lat' dir='ltr'><strong>sexcentis</strong></span> <span class='ocrx_word' id='word_1_182' title='bbox 1671 2466 1854 2530; x_wconf 87' lang='lat' dir='ltr'><strong>oculis,</strong></span> <span class='ocrx_word' id='word_1_183' title='bbox 1886 2475 1942 2521; x_wconf 91' lang='lat' dir='ltr'><strong>ut</strong></span> <span class='ocrx_word' id='word_1_184' title='bbox 1979 2467 2210 2536; x_wconf 87' lang='lat' dir='ltr'><strong>undique</strong></span> 
     </span>
    </p>
   </div>
   <div class='ocr_carea' id='block_1_25' title="bbox 636 2557 2204 2627">
    <p class='ocr_par' dir='ltr' id='par_1_25' title="bbox 636 2557 2204 2627">
     <span class='ocr_line' id='line_1_25' title="bbox 636 2557 2204 2627; baseline 0.001 -17"><span class='ocrx_word' id='word_1_185' title='bbox 636 2557 827 2612; x_wconf 73' lang='lat' dir='ltr'><strong>animas</strong></span> <span class='ocrx_word' id='word_1_186' title='bbox 856 2567 1050 2612; x_wconf 89' lang='lat' dir='ltr'><strong>statum</strong></span> <span class='ocrx_word' id='word_1_187' title='bbox 1096 2558 1503 2627; x_wconf 83' lang='lat' dir='ltr'><strong>circumspiciat.</strong></span> <span class='ocrx_word' id='word_1_188' title='bbox 1555 2558 2014 2626; x_wconf 85' lang='lat' dir='ltr'><strong>Quemadmodum</strong></span> <span class='ocrx_word' id='word_1_189' title='bbox 2062 2558 2204 2612; x_wconf 89' lang='lat' dir='ltr'><strong>enim</strong></span> 
     </span>
    </p>
   </div>
   <div class='ocr_carea' id='block_1_26' title="bbox 636 2648 2210 2717">
    <p class='ocr_par' dir='ltr' id='par_1_26' title="bbox 636 2648 2210 2717">
     <span class='ocr_line' id='line_1_26' title="bbox 636 2648 2210 2717; baseline 0.001 -15"><span class='ocrx_word' id='word_1_190' title='bbox 636 2648 790 2702; x_wconf 87' lang='lat' dir='ltr'><strong>multi</strong></span> <span class='ocrx_word' id='word_1_191' title='bbox 821 2648 871 2701; x_wconf 91' lang='lat' dir='ltr'><strong>in</strong></span> <span class='ocrx_word' id='word_1_192' title='bbox 916 2650 1270 2717; x_wconf 74' lang='lat' dir='ltr'><strong>arrogantiam</strong></span> <span class='ocrx_word' id='word_1_193' title='bbox 1324 2649 1649 2703; x_wconf 89' lang='lat' dir='ltr'><strong>extolluntur</strong></span> <span class='ocrx_word' id='word_1_194' title='bbox 1674 2660 1725 2703; x_wconf 91' lang='lat' dir='ltr'><strong>et</strong></span> <span class='ocrx_word' id='word_1_195' title='bbox 1769 2650 1819 2702; x_wconf 91' lang='lat' dir='ltr'><strong>in</strong></span> <span class='ocrx_word' id='word_1_196' title='bbox 1867 2648 2052 2702; x_wconf 89' lang='lat' dir='ltr'><strong>salutis</strong></span> <span class='ocrx_word' id='word_1_197' title='bbox 2098 2664 2210 2703; x_wconf 72' lang='lat' dir='ltr'><strong>sua:</strong></span> 
     </span>
    </p>
   </div>
   <div class='ocr_carea' id='block_1_27' title="bbox 635 2738 2207 2809">
    <p class='ocr_par' dir='ltr' id='par_1_27' title="bbox 635 2738 2207 2809">
     <span class='ocr_line' id='line_1_27' title="bbox 635 2738 2207 2809; baseline -0.001 -16"><span class='ocrx_word' id='word_1_198' title='bbox 635 2738 1059 2808; x_wconf 81' lang='lat' dir='ltr'><strong>desperationem</strong></span> <span class='ocrx_word' id='word_1_199' title='bbox 1077 2739 1334 2805; x_wconf 90' lang='lat' dir='ltr'><strong>incidunt,</strong></span> <span class='ocrx_word' id='word_1_200' title='bbox 1367 2738 1509 2809; x_wconf 90' lang='lat' dir='ltr'><strong>quod</strong></span> <span class='ocrx_word' id='word_1_201' title='bbox 1537 2739 1811 2793; x_wconf 85' lang='lat' dir='ltr'><strong>acerbiora</strong></span> <span class='ocrx_word' id='word_1_202' title='bbox 1843 2739 2074 2793; x_wconf 89' lang='lat' dir='ltr'><strong>remedia</strong></span> <span class='ocrx_word' id='word_1_203' title='bbox 2100 2739 2207 2808; x_wconf 90' lang='lat' dir='ltr'><strong>pati</strong></span> 
     </span>
    </p>
   </div>
   <div class='ocr_carea' id='block_1_28' title="bbox 635 2820 2207 2900">
    <p class='ocr_par' dir='ltr' id='par_1_28' title="bbox 635 2820 2207 2900">
     <span class='ocr_line' id='line_1_28' title="bbox 635 2820 2207 2900; baseline -0.001 -16"><span class='ocrx_word' id='word_1_204' title='bbox 635 2831 1036 2899; x_wconf 78' lang='lat' dir='ltr'><strong>nequeantzita</strong></span> <span class='ocrx_word' id='word_1_205' title='bbox 1064 2838 1187 2883; x_wconf 88' lang='lat' dir='ltr'><strong>sunt</strong></span> <span class='ocrx_word' id='word_1_206' title='bbox 1215 2840 1270 2884; x_wconf 91' lang='lat' dir='ltr'><strong>et</strong></span> <span class='ocrx_word' id='word_1_207' title='bbox 1297 2830 1385 2883; x_wconf 88' lang='lat' dir='ltr'><strong>alii</strong></span> <span class='ocrx_word' id='word_1_208' title='bbox 1430 2820 1540 2900; x_wconf 74' lang='lat' dir='ltr'><strong>qui,</strong></span> <span class='ocrx_word' id='word_1_209' title='bbox 1570 2829 1710 2898; x_wconf 91' lang='lat' dir='ltr'><strong>quod</strong></span> <span class='ocrx_word' id='word_1_210' title='bbox 1766 2844 1922 2898; x_wconf 88' lang='lat' dir='ltr'><strong>pares</strong></span> <span class='ocrx_word' id='word_1_211' title='bbox 1974 2830 2207 2899; x_wconf 88' lang='lat' dir='ltr'><strong>peccatis</strong></span> 
     </span>
    </p>
   </div>
   <div class='ocr_carea' id='block_1_29' title="bbox 633 2916 2207 2989">
    <p class='ocr_par' dir='ltr' id='par_1_29' title="bbox 633 2916 2207 2989">
     <span class='ocr_line' id='line_1_29' title="bbox 633 2916 2207 2989; baseline -0.001 -15"><span class='ocrx_word' id='word_1_212' title='bbox 633 2916 745 2974; x_wconf 86' lang='lat' dir='ltr'><strong>suis</strong></span> <span class='ocrx_word' id='word_1_213' title='bbox 770 2918 1117 2987; x_wconf 64' lang='lat' dir='ltr'><strong>panaslnere</strong></span> <span class='ocrx_word' id='word_1_214' title='bbox 1138 2918 1337 2984; x_wconf 84' lang='lat' dir='ltr'><strong>nolint,</strong></span> <span class='ocrx_word' id='word_1_215' title='bbox 1385 2918 1439 2972; x_wconf 92' lang='lat' dir='ltr'><strong>in</strong></span> <span class='ocrx_word' id='word_1_216' title='bbox 1489 2918 1787 2989; x_wconf 79' lang='lat' dir='ltr'><strong>neglectum</strong></span> <span class='ocrx_word' id='word_1_217' title='bbox 1831 2926 2125 2983; x_wconf 89' lang='lat' dir='ltr'><strong>vertuntur,</strong></span> <span class='ocrx_word' id='word_1_218' title='bbox 2154 2927 2207 2972; x_wconf 88' lang='lat' dir='ltr'><strong>et</strong></span> 
     </span>
    </p>
   </div>
   <div class='ocr_carea' id='block_1_30' title="bbox 632 3008 2200 3089">
    <p class='ocr_par' dir='ltr' id='par_1_30' title="bbox 632 3008 2200 3089">
     <span class='ocr_line' id='line_1_30' title="bbox 632 3008 2200 3089; baseline -0.002 -25"><span class='ocrx_word' id='word_1_219' title='bbox 632 3008 798 3064; x_wconf 85' lang='lat' dir='ltr'><strong>multo</strong></span> <span class='ocrx_word' id='word_1_220' title='bbox 818 3008 1112 3064; x_wconf 85' lang='lat' dir='ltr'><strong>deteriores</strong></span> <span class='ocrx_word' id='word_1_221' title='bbox 1144 3010 1394 3075; x_wconf 86' lang='lat' dir='ltr'><strong>evadunt,</strong></span> <span class='ocrx_word' id='word_1_222' title='bbox 1444 3010 1803 3078; x_wconf 73' lang='lat' dir='ltr'><strong>majoremQue</strong></span> <span class='ocrx_word' id='word_1_223' title='bbox 1861 3008 2200 3089; x_wconf 72' lang='lat' dir='ltr'><strong>peccandili-</strong></span> 
     </span>
    </p>
   </div>
   <div class='ocr_carea' id='block_1_31' title="bbox 630 3096 2203 3167">
    <p class='ocr_par' dir='ltr' id='par_1_31' title="bbox 630 3096 2203 3167">
     <span class='ocr_line' id='line_1_31' title="bbox 630 3096 2203 3167; baseline 0 -15"><span class='ocrx_word' id='word_1_224' title='bbox 630 3098 859 3152; x_wconf 86' lang='lat' dir='ltr'><strong>centiam</strong></span> <span class='ocrx_word' id='word_1_225' title='bbox 892 3107 1163 3166; x_wconf 88' lang='lat' dir='ltr'><strong>usurpant.</strong></span> <span class='ocrx_word' id='word_1_226' title='bbox 1193 3097 1332 3153; x_wconf 85' lang='lat' dir='ltr'><strong>Nihil</strong></span> <span class='ocrx_word' id='word_1_227' title='bbox 1359 3099 1534 3167; x_wconf 87' lang='lat' dir='ltr'><strong>itaque</strong></span> <span class='ocrx_word' id='word_1_228' title='bbox 1554 3096 1742 3153; x_wconf 83' lang='lat' dir='ltr'><strong>horum</strong></span> <span class='ocrx_word' id='word_1_229' title='bbox 1791 3099 1907 3152; x_wconf 87' lang='lat' dir='ltr'><strong>sine</strong></span> <span class='ocrx_word' id='word_1_230' title='bbox 1954 3097 2203 3152; x_wconf 80' lang='lat' dir='ltr'><strong>examine</strong></span> 
     </span>
    </p>
   </div>
   <div class='ocr_carea' id='block_1_32' title="bbox 630 3187 2204 3266">
    <p class='ocr_par' dir='ltr' id='par_1_32' title="bbox 630 3187 2204 3266">
     <span class='ocr_line' id='line_1_32' title="bbox 630 3187 2204 3266; baseline 0 -23"><span class='ocrx_word' id='word_1_231' title='bbox 630 3187 1033 3257; x_wconf 86' lang='lat' dir='ltr'><strong>relinquendum</strong></span> <span class='ocrx_word' id='word_1_232' title='bbox 1074 3198 1174 3252; x_wconf 90' lang='lat' dir='ltr'><strong>est,</strong></span> <span class='ocrx_word' id='word_1_233' title='bbox 1229 3189 1321 3243; x_wconf 89' lang='lat' dir='ltr'><strong>sed</strong></span> <span class='ocrx_word' id='word_1_234' title='bbox 1372 3190 1618 3243; x_wconf 84' lang='lat' dir='ltr'><strong>omnibus</strong></span> <span class='ocrx_word' id='word_1_235' title='bbox 1648 3188 1750 3251; x_wconf 81' lang='lat' dir='ltr'><strong>rite</strong></span> <span class='ocrx_word' id='word_1_236' title='bbox 1773 3189 2058 3266; x_wconf 78' lang='lat' dir='ltr'><strong>exploratis</strong></span> <span class='ocrx_word' id='word_1_237' title='bbox 2088 3190 2204 3257; x_wconf 80' lang='lat' dir='ltr'><strong>epi-</strong></span> 
     </span>
    </p>
   </div>
   <div class='ocr_carea' id='block_1_33' title="bbox 630 3266 2210 3348">
    <p class='ocr_par' dir='ltr' id='par_1_33' title="bbox 630 3266 2210 3348">
     <span class='ocr_line' id='line_1_33' title="bbox 630 3266 2210 3348; baseline 0.001 -16"><span class='ocrx_word' id='word_1_238' title='bbox 630 3291 824 3348; x_wconf 78' lang='lat' dir='ltr'><strong>scapus</strong></span> <span class='ocrx_word' id='word_1_239' title='bbox 851 3287 1224 3345; x_wconf 77' lang='lat' dir='ltr'><strong>congruenter,</strong></span> <span class='ocrx_word' id='word_1_240' title='bbox 1252 3293 1371 3347; x_wconf 66' lang='lat' dir='ltr'><strong>quae</strong></span> <span class='ocrx_word' id='word_1_241' title='bbox 1410 3266 1487 3331; x_wconf 49' lang='lat' dir='ltr'><strong>‘ad</strong></span> <span class='ocrx_word' id='word_1_242' title='bbox 1536 3292 1595 3332; x_wconf 88' lang='lat' dir='ltr'><strong>se</strong></span> <span class='ocrx_word' id='word_1_243' title='bbox 1644 3277 1925 3345; x_wconf 90' lang='lat' dir='ltr'><strong>pertinent,</strong></span> <span class='ocrx_word' id='word_1_244' title='bbox 1974 3278 2210 3347; x_wconf 82' lang='lat' dir='ltr'><strong>proferat</strong></span> 
     </span>
    </p>
   </div>
   <div class='ocr_carea' id='block_1_34' title="bbox 629 3364 2206 3437">
    <p class='ocr_par' dir='ltr' id='par_1_34' title="bbox 629 3364 2206 3437">
     <span class='ocr_line' id='line_1_34' title="bbox 629 3364 2206 3437; baseline 0.002 -18"><span class='ocrx_word' id='word_1_245' title='bbox 629 3375 858 3435; x_wconf 82' lang='lat' dir='ltr'><strong>oportet,</strong></span> <span class='ocrx_word' id='word_1_246' title='bbox 876 3379 946 3422; x_wconf 89' lang='lat' dir='ltr'><strong>ne</strong></span> <span class='ocrx_word' id='word_1_247' title='bbox 972 3380 1160 3421; x_wconf 86' lang='lat' dir='ltr'><strong>vanam</strong></span> <span class='ocrx_word' id='word_1_248' title='bbox 1188 3366 1592 3436; x_wconf 83' lang='lat' dir='ltr'><strong>sollicitudinem</strong></span> <span class='ocrx_word' id='word_1_249' title='bbox 1606 3364 1876 3421; x_wconf 86' lang='lat' dir='ltr'><strong>adhibeat.</strong></span> <span class='ocrx_word' id='word_1_250' title='bbox 1901 3366 2080 3437; x_wconf 83' lang='lat' dir='ltr'><strong>Neque</strong></span> <span class='ocrx_word' id='word_1_251' title='bbox 2107 3367 2206 3422; x_wconf 87' lang='lat' dir='ltr'><strong>hac</strong></span> 
     </span>
    </p>
   </div>
   <div class='ocr_carea' id='block_1_35' title="bbox 628 3456 2234 3543">
    <p class='ocr_par' dir='ltr' id='par_1_35' title="bbox 628 3456 2234 3543">
     <span class='ocr_line' id='line_1_35' title="bbox 628 3456 2234 3543; baseline -0.001 -31"><span class='ocrx_word' id='word_1_252' title='bbox 628 3457 685 3512; x_wconf 83' lang='lat' dir='ltr'><strong>in</strong></span> <span class='ocrx_word' id='word_1_253' title='bbox 714 3472 774 3513; x_wconf 90' lang='lat' dir='ltr'><strong>re</strong></span> <span class='ocrx_word' id='word_1_254' title='bbox 799 3456 1913 3523; x_wconf 75' lang='lat' dir='ltr'><strong>tantum,sedetismlnabscissisEcelesize</strong></span> <span class='ocrx_word' id='word_1_255' title='bbox 1942 3458 2199 3513; x_wconf 88' lang='lat' dir='ltr'><strong>membris</strong></span> <span class='ocrx_word' id='word_1_256' title='bbox 2228 3536 2234 3543; x_wconf 29' lang='lat'>&#39;</span> 
     </span>
    </p>
   </div>
   <div class='ocr_carea' id='block_1_36' title="bbox 629 3546 2196 3617">
    <p class='ocr_par' dir='ltr' id='par_1_36' title="bbox 629 3546 2196 3617">
     <span class='ocr_line' id='line_1_36' title="bbox 629 3546 2196 3617; baseline -0.001 -16"><span class='ocrx_word' id='word_1_257' title='bbox 629 3547 1013 3617; x_wconf 87' lang='lat' dir='ltr'><strong>eonjungendis</strong></span> <span class='ocrx_word' id='word_1_258' title='bbox 1040 3547 1219 3602; x_wconf 91' lang='lat' dir='ltr'><strong>multis</strong></span> <span class='ocrx_word' id='word_1_259' title='bbox 1240 3548 1386 3602; x_wconf 92' lang='lat' dir='ltr'><strong>illum</strong></span> <span class='ocrx_word' id='word_1_260' title='bbox 1440 3547 1667 3616; x_wconf 85' lang='lat' dir='ltr'><strong>negotiis</strong></span> <span class='ocrx_word' id='word_1_261' title='bbox 1727 3546 1957 3602; x_wconf 89' lang='lat' dir='ltr'><strong>distendi</strong></span> <span class='ocrx_word' id='word_1_262' title='bbox 1997 3547 2196 3602; x_wconf 90' lang='lat' dir='ltr'><strong>videas.</strong></span> 
     </span>
    </p>
   </div>
   <div class='ocr_carea' id='block_1_37' title="bbox 628 3637 2200 3709">
    <p class='ocr_par' dir='ltr' id='par_1_37' title="bbox 628 3637 2200 3709">
     <span class='ocr_line' id='line_1_37' title="bbox 628 3637 2200 3709; baseline -0.001 -17"><span class='ocrx_word' id='word_1_263' title='bbox 628 3637 762 3692; x_wconf 85' lang='lat' dir='ltr'><strong>Nam</strong></span> <span class='ocrx_word' id='word_1_264' title='bbox 786 3640 961 3693; x_wconf 90' lang='lat' dir='ltr'><strong>ovium</strong></span> <span class='ocrx_word' id='word_1_265' title='bbox 983 3637 1192 3708; x_wconf 89' lang='lat' dir='ltr'><strong>quidem</strong></span> <span class='ocrx_word' id='word_1_266' title='bbox 1222 3648 1399 3709; x_wconf 86' lang='lat' dir='ltr'><strong>pastor</strong></span> <span class='ocrx_word' id='word_1_267' title='bbox 1433 3653 1646 3708; x_wconf 86' lang='lat' dir='ltr'><strong>gregem</strong></span> <span class='ocrx_word' id='word_1_268' title='bbox 1682 3638 1858 3707; x_wconf 13' lang='lat' dir='ltr'><strong>{habet</strong></span> <span class='ocrx_word' id='word_1_269' title='bbox 1892 3646 2200 3707; x_wconf 85' lang='lat' dir='ltr'><strong>sequentem</strong></span> 
     </span>
    </p>
   </div>
   <div class='ocr_carea' id='block_1_38' title="bbox 626 3719 2202 3811">
    <p class='ocr_par' dir='ltr' id='par_1_38' title="bbox 626 3719 2202 3811">
     <span class='ocr_line' id='line_1_38' title="bbox 626 3719 2202 3811; baseline 0.001 -31"><span class='ocrx_word' id='word_1_270' title='bbox 626 3741 966 3797; x_wconf 88' lang='lat' dir='ltr'><strong>quocumque</strong></span> <span class='ocrx_word' id='word_1_271' title='bbox 990 3727 1197 3783; x_wconf 84' lang='lat' dir='ltr'><strong>duxerit</strong></span> <span class='ocrx_word' id='word_1_272' title='bbox 1229 3745 1242 3780; x_wconf 90' lang='lat'><strong>:</strong></span> <span class='ocrx_word' id='word_1_273' title='bbox 1272 3727 1414 3797; x_wconf 87' lang='lat' dir='ltr'><strong>quod</strong></span> <span class='ocrx_word' id='word_1_274' title='bbox 1461 3728 1505 3781; x_wconf 88' lang='lat' dir='ltr'><strong>si</strong></span> <span class='ocrx_word' id='word_1_275' title='bbox 1546 3742 1663 3811; x_wconf 60' lang='lat' dir='ltr'><strong>qua;</strong></span> <span class='ocrx_word' id='word_1_276' title='bbox 1702 3742 1828 3783; x_wconf 88' lang='lat' dir='ltr'><strong>oves</strong></span> <span class='ocrx_word' id='word_1_277' title='bbox 1855 3725 1923 3782; x_wconf 89' lang='lat' dir='ltr'><strong>de</strong></span> <span class='ocrx_word' id='word_1_278' title='bbox 1947 3719 2089 3781; x_wconf 86' lang='lat' dir='ltr'><strong>recta</strong></span> <span class='ocrx_word' id='word_1_279' title='bbox 2121 3729 2202 3781; x_wconf 88' lang='lat' dir='ltr'><strong>via</strong></span> 
     </span>
    </p>
   </div>
   <div class='ocr_carea' id='block_1_39' title="bbox 629 3818 2203 3888">
    <p class='ocr_par' dir='ltr' id='par_1_39' title="bbox 629 3818 2203 3888">
     <span class='ocr_line' id='line_1_39' title="bbox 629 3818 2203 3888; baseline 0.002 -17"><span class='ocrx_word' id='word_1_280' title='bbox 629 3818 933 3885; x_wconf 81' lang='lat' dir='ltr'><strong>deflectant,</strong></span> <span class='ocrx_word' id='word_1_281' title='bbox 993 3818 1296 3887; x_wconf 88' lang='lat' dir='ltr'><strong>salubrique</strong></span> <span class='ocrx_word' id='word_1_282' title='bbox 1348 3819 1534 3873; x_wconf 89' lang='lat' dir='ltr'><strong>relicto</strong></span> <span class='ocrx_word' id='word_1_283' title='bbox 1580 3820 1771 3888; x_wconf 87' lang='lat' dir='ltr'><strong>pabulo</strong></span> <span class='ocrx_word' id='word_1_284' title='bbox 1817 3818 2017 3885; x_wconf 87' lang='lat' dir='ltr'><strong>sterilia</strong></span> <span class='ocrx_word' id='word_1_285' title='bbox 2045 3828 2203 3888; x_wconf 87' lang='lat' dir='ltr'><strong>atque</strong></span> 
     </span>
    </p>
   </div>
   <div class='ocr_carea' id='block_1_40' title="bbox 628 3904 2194 3977">
    <p class='ocr_par' dir='ltr' id='par_1_40' title="bbox 628 3904 2194 3977">
     <span class='ocr_line' id='line_1_40' title="bbox 628 3904 2194 3977; baseline 0.002 -18"><span class='ocrx_word' id='word_1_286' title='bbox 628 3904 852 3977; x_wconf 86' lang='lat' dir='ltr'><strong>abrupta</strong></span> <span class='ocrx_word' id='word_1_287' title='bbox 874 3908 984 3961; x_wconf 90' lang='lat' dir='ltr'><strong>loca</strong></span> <span class='ocrx_word' id='word_1_288' title='bbox 1005 3906 1311 3977; x_wconf 87' lang='lat' dir='ltr'><strong>depascant,</strong></span> <span class='ocrx_word' id='word_1_289' title='bbox 1344 3905 1471 3962; x_wconf 75' lang='lat' dir='ltr'><strong>satis</strong></span> <span class='ocrx_word' id='word_1_290' title='bbox 1497 3917 1597 3971; x_wconf 91' lang='lat' dir='ltr'><strong>est,</strong></span> <span class='ocrx_word' id='word_1_291' title='bbox 1622 3908 1667 3961; x_wconf 92' lang='lat' dir='ltr'><strong>si</strong></span> <span class='ocrx_word' id='word_1_292' title='bbox 1692 3909 1847 3962; x_wconf 89' lang='lat' dir='ltr'><strong>altius</strong></span> <span class='ocrx_word' id='word_1_293' title='bbox 1894 3908 2106 3974; x_wconf 80' lang='lat' dir='ltr'><strong>clamet,</strong></span> <span class='ocrx_word' id='word_1_294' title='bbox 2139 3917 2194 3962; x_wconf 90' lang='lat' dir='ltr'><strong>ut</strong></span> 
     </span>
    </p>
   </div>
   <div class='ocr_carea' id='block_1_41' title="bbox 542 3982 2200 4072">
    <p class='ocr_par' dir='ltr' id='par_1_41' title="bbox 542 3982 2200 4072">
     <span class='ocr_line' id='line_1_41' title="bbox 542 3982 2200 4072; baseline 0.002 -23"><span class='ocrx_word' id='word_1_295' title='bbox 542 3992 547 3998; x_wconf 80' lang='grc'><em>’</em></span> <span class='ocrx_word' id='word_1_296' title='bbox 628 4010 720 4051; x_wconf 86' lang='lat' dir='ltr'><strong>eas</strong></span> <span class='ocrx_word' id='word_1_297' title='bbox 744 4005 947 4065; x_wconf 87' lang='lat' dir='ltr'><strong>repetat</strong></span> <span class='ocrx_word' id='word_1_298' title='bbox 973 4004 1027 4051; x_wconf 93' lang='lat' dir='ltr'><strong>et</strong></span> <span class='ocrx_word' id='word_1_299' title='bbox 1053 3996 1117 4051; x_wconf 91' lang='lat' dir='ltr'><strong>ad</strong></span> <span class='ocrx_word' id='word_1_300' title='bbox 1138 4012 1349 4068; x_wconf 87' lang='lat' dir='ltr'><strong>gregem</strong></span> <span class='ocrx_word' id='word_1_301' title='bbox 1398 3997 1635 4053; x_wconf 88' lang='lat' dir='ltr'><strong>reducat.</strong></span> <span class='ocrx_word' id='word_1_302' title='bbox 1687 4000 1753 4053; x_wconf 84' lang='lat' dir='ltr'><strong>At</strong></span> <span class='ocrx_word' id='word_1_303' title='bbox 1779 4000 1821 4052; x_wconf 91' lang='lat' dir='ltr'><strong>si</strong></span> <span class='ocrx_word' id='word_1_304' title='bbox 1860 3982 1979 4068; x_wconf 82' lang='lat' dir='ltr'><strong>quis</strong></span> <span class='ocrx_word' id='word_1_305' title='bbox 2005 4015 2033 4052; x_wconf 89' lang='lat' dir='ltr'><strong>a</strong></span> <span class='ocrx_word' id='word_1_306' title='bbox 2059 4009 2200 4072; x_wconf 84' lang='lat' dir='ltr'><strong>recta</strong></span> 
     </span>
    </p>
   </div>
   <div class='ocr_carea' id='block_1_42' title="bbox 631 4083 2192 4157">
    <p class='ocr_par' dir='ltr' id='par_1_42' title="bbox 631 4083 2192 4157">
     <span class='ocr_line' id='line_1_42' title="bbox 631 4083 2192 4157; baseline 0.003 -20"><span class='ocrx_word' id='word_1_307' title='bbox 631 4083 735 4139; x_wconf 87' lang='lat' dir='ltr'><strong>ﬁde</strong></span> <span class='ocrx_word' id='word_1_308' title='bbox 754 4085 1098 4151; x_wconf 87' lang='lat' dir='ltr'><strong>aberraverit,</strong></span> <span class='ocrx_word' id='word_1_309' title='bbox 1133 4102 1376 4157; x_wconf 87' lang='lat' dir='ltr'><strong>magnum</strong></span> <span class='ocrx_word' id='word_1_310' title='bbox 1402 4088 1594 4156; x_wconf 85' lang='lat' dir='ltr'><strong>pastori</strong></span> <span class='ocrx_word' id='word_1_311' title='bbox 1618 4103 1749 4157; x_wconf 84' lang='lat' dir='ltr'><strong>Opus</strong></span> <span class='ocrx_word' id='word_1_312' title='bbox 1776 4088 2050 4153; x_wconf 90' lang='lat' dir='ltr'><strong>incumbit,</strong></span> <span class='ocrx_word' id='word_1_313' title='bbox 2081 4104 2192 4142; x_wconf 88' lang='lat' dir='ltr'><strong>ma-</strong></span> 
     </span>
    </p>
   </div>
   <div class='ocr_carea' id='block_1_43' title="bbox 626 4177 2198 4248">
    <p class='ocr_par' dir='ltr' id='par_1_43' title="bbox 626 4177 2198 4248">
     <span class='ocr_line' id='line_1_43' title="bbox 626 4177 2198 4248; baseline 0.002 -20"><span class='ocrx_word' id='word_1_314' title='bbox 626 4188 728 4244; x_wconf 85' lang='lat' dir='ltr'><strong>gna</strong></span> <span class='ocrx_word' id='word_1_315' title='bbox 752 4184 896 4247; x_wconf 64' lang='lat' dir='ltr'><strong>eget</strong></span> <span class='ocrx_word' id='word_1_316' title='bbox 928 4177 1317 4245; x_wconf 81' lang='lat' dir='ltr'><strong>perseverantia</strong></span> <span class='ocrx_word' id='word_1_317' title='bbox 1346 4186 1504 4246; x_wconf 88' lang='lat' dir='ltr'><strong>atque</strong></span> <span class='ocrx_word' id='word_1_318' title='bbox 1532 4177 1801 4246; x_wconf 81' lang='lat' dir='ltr'><strong>patientia.</strong></span> <span class='ocrx_word' id='word_1_319' title='bbox 1848 4177 2030 4248; x_wconf 82' lang='lat' dir='ltr'><strong>Neque</strong></span> <span class='ocrx_word' id='word_1_320' title='bbox 2056 4178 2198 4231; x_wconf 89' lang='lat' dir='ltr'><strong>enim</strong></span> 
     </span>
    </p>
   </div>
   <div class='ocr_carea' id='block_1_44' title="bbox 626 4269 2201 4342">
    <p class='ocr_par' dir='ltr' id='par_1_44' title="bbox 626 4269 2201 4342">
     <span class='ocr_line' id='line_1_44' title="bbox 626 4269 2201 4342; baseline -0.001 -18"><span class='ocrx_word' id='word_1_321' title='bbox 626 4278 803 4342; x_wconf 64' lang='lat' dir='ltr'><strong>)otest</strong></span> <span class='ocrx_word' id='word_1_322' title='bbox 828 4270 910 4325; x_wconf 90' lang='lat' dir='ltr'><strong>vel</strong></span> <span class='ocrx_word' id='word_1_323' title='bbox 925 4269 974 4325; x_wconf 91' lang='lat' dir='ltr'><strong>vi</strong></span> <span class='ocrx_word' id='word_1_324' title='bbox 993 4270 1279 4336; x_wconf 88' lang='lat' dir='ltr'><strong>retrahere,</strong></span> <span class='ocrx_word' id='word_1_325' title='bbox 1324 4270 1411 4325; x_wconf 85' lang='lat' dir='ltr'><strong>vel</strong></span> <span class='ocrx_word' id='word_1_326' title='bbox 1450 4280 1589 4325; x_wconf 91' lang='lat' dir='ltr'><strong>metu</strong></span> <span class='ocrx_word' id='word_1_327' title='bbox 1616 4285 1849 4341; x_wconf 87' lang='lat' dir='ltr'><strong>cogere;</strong></span> <span class='ocrx_word' id='word_1_328' title='bbox 1883 4270 1976 4326; x_wconf 89' lang='lat' dir='ltr'><strong>sed</strong></span> <span class='ocrx_word' id='word_1_329' title='bbox 1997 4270 2201 4325; x_wconf 88' lang='lat' dir='ltr'><strong>suasio-</strong></span> 
     </span>
    </p>
   </div>
   <div class='ocr_carea' id='block_1_45' title="bbox 633 4360 2197 4430">
    <p class='ocr_par' dir='ltr' id='par_1_45' title="bbox 633 4360 2197 4430">
     <span class='ocr_line' id='line_1_45' title="bbox 633 4360 2197 4430; baseline -0.001 -13"><span class='ocrx_word' id='word_1_330' title='bbox 633 4375 696 4417; x_wconf 75' lang='lat' dir='ltr'><strong>)e</strong></span> <span class='ocrx_word' id='word_1_331' title='bbox 720 4369 931 4430; x_wconf 79' lang='lat' dir='ltr'><strong>Oportet</strong></span> <span class='ocrx_word' id='word_1_332' title='bbox 952 4361 1017 4414; x_wconf 91' lang='lat' dir='ltr'><strong>ad</strong></span> <span class='ocrx_word' id='word_1_333' title='bbox 1035 4362 1306 4415; x_wconf 86' lang='lat' dir='ltr'><strong>veritatem</strong></span> <span class='ocrx_word' id='word_1_334' title='bbox 1335 4360 1607 4426; x_wconf 90' lang='lat' dir='ltr'><strong>reducere,</strong></span> <span class='ocrx_word' id='word_1_335' title='bbox 1638 4361 1778 4416; x_wconf 91' lang='lat' dir='ltr'><strong>unde</strong></span> <span class='ocrx_word' id='word_1_336' title='bbox 1805 4361 1956 4415; x_wconf 90' lang='lat' dir='ltr'><strong>initio</strong></span> <span class='ocrx_word' id='word_1_337' title='bbox 1979 4361 2197 4416; x_wconf 80' lang='lat' dir='ltr'><strong>excidit.</strong></span> 
     </span>
    </p>
   </div>
   <div class='ocr_carea' id='block_1_46' title="bbox 626 4448 2194 4519">
    <p class='ocr_par' dir='ltr' id='par_1_46' title="bbox 626 4448 2194 4519">
     <span class='ocr_line' id='line_1_46' title="bbox 626 4448 2194 4519; baseline -0.002 -13"><span class='ocrx_word' id='word_1_338' title='bbox 626 4448 899 4506; x_wconf 63' lang='lat' dir='ltr'><strong>tleneroso</strong></span> <span class='ocrx_word' id='word_1_339' title='bbox 944 4450 1119 4519; x_wconf 89' lang='lat' dir='ltr'><strong>itaque</strong></span> <span class='ocrx_word' id='word_1_340' title='bbox 1150 4450 1347 4519; x_wconf 80' lang='lat' dir='ltr'><strong>indiget</strong></span> <span class='ocrx_word' id='word_1_341' title='bbox 1387 4451 1583 4515; x_wconf 90' lang='lat' dir='ltr'><strong>animo,</strong></span> <span class='ocrx_word' id='word_1_342' title='bbox 1627 4466 1693 4505; x_wconf 91' lang='lat' dir='ltr'><strong>ne</strong></span> <span class='ocrx_word' id='word_1_343' title='bbox 1725 4451 1926 4505; x_wconf 90' lang='lat' dir='ltr'><strong>viribus</strong></span> <span class='ocrx_word' id='word_1_344' title='bbox 1963 4449 2194 4517; x_wconf 76' lang='lat' dir='ltr'><strong>deficiat,</strong></span> 
     </span>
    </p>
   </div>
   <div class='ocr_carea' id='block_1_47' title="bbox 625 4540 2199 4611">
    <p class='ocr_par' dir='ltr' id='par_1_47' title="bbox 625 4540 2199 4611">
     <span class='ocr_line' id='line_1_47' title="bbox 625 4540 2199 4611; baseline -0.001 -14"><span class='ocrx_word' id='word_1_345' title='bbox 625 4556 730 4597; x_wconf 84' lang='lat' dir='ltr'><strong>neu</strong></span> <span class='ocrx_word' id='word_1_346' title='bbox 747 4541 814 4597; x_wconf 91' lang='lat' dir='ltr'><strong>de</strong></span> <span class='ocrx_word' id='word_1_347' title='bbox 842 4540 1130 4596; x_wconf 88' lang='lat' dir='ltr'><strong>errantium</strong></span> <span class='ocrx_word' id='word_1_348' title='bbox 1149 4541 1319 4596; x_wconf 85' lang='lat' dir='ltr'><strong>salute</strong></span> <span class='ocrx_word' id='word_1_349' title='bbox 1348 4541 1617 4610; x_wconf 86' lang='lat' dir='ltr'><strong>desperet,</strong></span> <span class='ocrx_word' id='word_1_350' title='bbox 1646 4550 1703 4595; x_wconf 92' lang='lat' dir='ltr'><strong>ut</strong></span> <span class='ocrx_word' id='word_1_351' title='bbox 1754 4541 2058 4611; x_wconf 88' lang='lat' dir='ltr'><strong>frequenter</strong></span> <span class='ocrx_word' id='word_1_352' title='bbox 2085 4541 2199 4596; x_wconf 74' lang='lat' dir='ltr'><strong>btec</strong></span> 
     </span>
    </p>
   </div>
   <div class='ocr_carea' id='block_1_48' title="bbox 625 4629 2197 4701">
    <p class='ocr_par' dir='ltr' id='par_1_48' title="bbox 625 4629 2197 4701">
     <span class='ocr_line' id='line_1_48' title="bbox 625 4629 2197 4701; baseline 0 -18"><span class='ocrx_word' id='word_1_353' title='bbox 625 4631 823 4701; x_wconf 79' lang='lat' dir='ltr'><strong>cogitet</strong></span> <span class='ocrx_word' id='word_1_354' title='bbox 858 4640 913 4685; x_wconf 87' lang='lat' dir='ltr'><strong>et</strong></span> <span class='ocrx_word' id='word_1_355' title='bbox 938 4631 1201 4701; x_wconf 88' lang='lat' dir='ltr'><strong>loquatur,</strong></span> <span class='ocrx_word' id='word_1_356' title='bbox 1228 4629 1513 4701; x_wconf 80' lang='lat' dir='ltr'><strong>Nequando</strong></span> <span class='ocrx_word' id='word_1_357' title='bbox 1553 4630 1690 4684; x_wconf 83' lang='lat' dir='ltr'><strong>Deus</strong></span> <span class='ocrx_word' id='word_1_358' title='bbox 1715 4631 1797 4684; x_wconf 82' lang='lat' dir='ltr'><strong>det</strong></span> <span class='ocrx_word' id='word_1_359' title='bbox 1823 4632 1925 4685; x_wconf 77' lang='lat' dir='ltr'><strong>illis</strong></span> <span class='ocrx_word' id='word_1_360' title='bbox 1946 4633 2197 4701; x_wconf 65' lang='lat' dir='ltr'><strong>paeniten-</strong></span> 
     </span>
    </p>
   </div>
   <div class='ocr_carea' id='block_1_49' title="bbox 582 4716 2196 4799">
    <p class='ocr_par' dir='ltr' id='par_1_49' title="bbox 582 4716 2196 4799">
     <span class='ocr_line' id='line_1_49' title="bbox 582 4716 2196 4799; baseline 0.001 -25"><span class='ocrx_word' id='word_1_361' title='bbox 582 4716 585 4719; x_wconf 74' lang='grc'><em>’</em></span> <span class='ocrx_word' id='word_1_362' title='bbox 626 4722 748 4775; x_wconf 79' lang='lat' dir='ltr'><strong>tiam</strong></span> <span class='ocrx_word' id='word_1_363' title='bbox 768 4726 837 4775; x_wconf 79' lang='lat' dir='ltr'><strong>ad</strong></span> <span class='ocrx_word' id='word_1_364' title='bbox 888 4722 1283 4793; x_wconf 62' lang='lat' dir='ltr'><strong>cognoscendam</strong></span> <span class='ocrx_word' id='word_1_365' title='bbox 1316 4724 1590 4789; x_wconf 77' lang='lat' dir='ltr'><strong>veritatem,</strong></span> <span class='ocrx_word' id='word_1_366' title='bbox 1621 4731 1666 4776; x_wconf 86' lang='lat' dir='ltr'><strong>et</strong></span> <span class='ocrx_word' id='word_1_367' title='bbox 1688 4725 1987 4799; x_wconf 61' lang='lat' dir='ltr'><strong>resipiscam</strong></span> <span class='ocrx_word' id='word_1_368' title='bbox 2016 4741 2047 4776; x_wconf 87' lang='lat' dir='ltr'><strong>a</strong></span> <span class='ocrx_word' id='word_1_369' title='bbox 2077 4724 2196 4776; x_wconf 88' lang='lat' dir='ltr'><strong>dia-</strong></span> 
     </span>
    </p>
   </div>
   <div class='ocr_carea' id='block_1_50' title="bbox 625 4799 2190 4883">
    <p class='ocr_par' dir='ltr' id='par_1_50' title="bbox 625 4799 2190 4883">
     <span class='ocr_line' id='line_1_50' title="bbox 625 4799 2190 4883; baseline 0.002 -18"><span class='ocrx_word' id='word_1_370' title='bbox 625 4810 726 4865; x_wconf 82' lang='lat' dir='ltr'><strong>boli</strong></span> <span class='ocrx_word' id='word_1_371' title='bbox 744 4799 921 4880; x_wconf 62' lang='lat' dir='ltr'><strong>(nqueo</strong></span> <span class='ocrx_word' id='word_1_372' title='bbox 950 4811 969 4881; x_wconf 95' lang='lat'>(</span> <span class='ocrx_word' id='word_1_373' title='bbox 992 4812 1048 4866; x_wconf 73' lang='lat'><strong>2.</strong></span> <span class='ocrx_word' id='word_1_374' title='bbox 1074 4810 1203 4865; x_wconf 80' lang='lat' dir='ltr'><strong>Tim.</strong></span> <span class='ocrx_word' id='word_1_375' title='bbox 1228 4812 1284 4866; x_wconf 75' lang='lat'><strong>‘2.</strong></span> <span class='ocrx_word' id='word_1_376' title='bbox 1305 4811 1396 4867; x_wconf 68' lang='grc'><strong>25.</strong></span> <span class='ocrx_word' id='word_1_377' title='bbox 1420 4812 1491 4867; x_wconf 76' lang='grc'><strong>26</strong></span> <span class='ocrx_word' id='word_1_378' title='bbox 1523 4813 1561 4881; x_wconf 94' lang='grc'><strong>).</strong></span> <span class='ocrx_word' id='word_1_379' title='bbox 1609 4814 1896 4883; x_wconf 86' lang='lat' dir='ltr'><strong>Propterea</strong></span> <span class='ocrx_word' id='word_1_380' title='bbox 1936 4814 2190 4868; x_wconf 84' lang='lat' dir='ltr'><strong>Dominus</strong></span> 
     </span>
    </p>
   </div>
   <div class='ocr_carea' id='block_1_51' title="bbox 623 4902 2195 4972">
    <p class='ocr_par' dir='ltr' id='par_1_51' title="bbox 623 4902 2195 4972">
     <span class='ocr_line' id='line_1_51' title="bbox 623 4902 2195 4972; baseline 0.003 -17"><span class='ocrx_word' id='word_1_381' title='bbox 623 4902 909 4970; x_wconf 89' lang='lat' dir='ltr'><strong>discipulos</strong></span> <span class='ocrx_word' id='word_1_382' title='bbox 958 4903 1033 4957; x_wconf 89' lang='lat' dir='ltr'><strong>sic</strong></span> <span class='ocrx_word' id='word_1_383' title='bbox 1070 4903 1433 4972; x_wconf 86' lang='lat' dir='ltr'><strong>alloquebatur</strong></span> <span class='ocrx_word' id='word_1_384' title='bbox 1465 4921 1477 4957; x_wconf 92' lang='lat'><strong>:</strong></span> <span class='ocrx_word' id='word_1_385' title='bbox 1505 4905 1753 4969; x_wconf 75' lang='lat' dir='ltr'><strong>Quisnam</strong></span> <span class='ocrx_word' id='word_1_386' title='bbox 1810 4906 1976 4970; x_wconf 80' lang='lat' dir='ltr'><strong>ﬁdelis</strong></span> <span class='ocrx_word' id='word_1_387' title='bbox 2023 4922 2195 4960; x_wconf 80' lang='lat' dir='ltr'><strong>servus</strong></span> 
     </span>
    </p>
   </div>
   <div class='ocr_carea' id='block_1_52' title="bbox 618 4983 2195 5058">
    <p class='ocr_par' dir='ltr' id='par_1_52' title="bbox 618 4983 2195 5058">
     <span class='ocr_line' id='line_1_52' title="bbox 618 4983 2195 5058; baseline 0.004 -21"><span class='ocrx_word' id='word_1_388' title='bbox 618 4992 671 5037; x_wconf 85' lang='lat' dir='ltr'><strong>et</strong></span> <span class='ocrx_word' id='word_1_389' title='bbox 689 4985 908 5054; x_wconf 83' lang='lat' dir='ltr'><strong>prudens</strong></span> <span class='ocrx_word' id='word_1_390' title='bbox 935 4984 953 5054; x_wconf 88' lang='lat'>(</span> <span class='ocrx_word' id='word_1_391' title='bbox 975 4983 1275 5040; x_wconf 52' lang='grc' dir='ltr'><strong>κακὼ-24.</strong></span> <span class='ocrx_word' id='word_1_392' title='bbox 1302 4988 1371 5041; x_wconf 73' lang='grc'><strong>45</strong></span> <span class='ocrx_word' id='word_1_393' title='bbox 1406 4986 1469 5058; x_wconf 87' lang='lat'><strong>)?</strong></span> <span class='ocrx_word' id='word_1_394' title='bbox 1496 4987 1624 5041; x_wconf 88' lang='lat' dir='ltr'><strong>Nam</strong></span> <span class='ocrx_word' id='word_1_395' title='bbox 1668 4989 1756 5058; x_wconf 87' lang='lat' dir='ltr'><strong>qui</strong></span> <span class='ocrx_word' id='word_1_396' title='bbox 1778 4990 2010 5056; x_wconf 89' lang='lat' dir='ltr'><strong>seipsum</strong></span> <span class='ocrx_word' id='word_1_397' title='bbox 2038 5004 2195 5043; x_wconf 90' lang='lat' dir='ltr'><strong>exer-</strong></span> 
     </span>
    </p>
   </div>
   <div class='ocr_carea' id='block_1_53' title="bbox 621 5073 2191 5147">
    <p class='ocr_par' dir='ltr' id='par_1_53' title="bbox 621 5073 2191 5147">
     <span class='ocr_line' id='line_1_53' title="bbox 621 5073 2191 5147; baseline 0.003 -19"><span class='ocrx_word' id='word_1_398' title='bbox 621 5082 730 5141; x_wconf 81' lang='lat' dir='ltr'><strong>cet,</strong></span> <span class='ocrx_word' id='word_1_399' title='bbox 761 5074 811 5126; x_wconf 85' lang='lat' dir='ltr'><strong>in</strong></span> <span class='ocrx_word' id='word_1_400' title='bbox 836 5088 896 5127; x_wconf 91' lang='lat' dir='ltr'><strong>se</strong></span> <span class='ocrx_word' id='word_1_401' title='bbox 916 5074 1085 5128; x_wconf 91' lang='lat' dir='ltr'><strong>solum</strong></span> <span class='ocrx_word' id='word_1_402' title='bbox 1116 5073 1392 5145; x_wconf 69' lang='lat' dir='ltr'><strong>utilitatem</strong></span> <span class='ocrx_word' id='word_1_403' title='bbox 1446 5078 1834 5133; x_wconf 87' lang='lat' dir='ltr'><strong>circumscribit</strong></span> <span class='ocrx_word' id='word_1_404' title='bbox 1864 5097 1875 5131; x_wconf 87' lang='lat'><strong>:</strong></span> <span class='ocrx_word' id='word_1_405' title='bbox 1912 5078 2191 5147; x_wconf 85' lang='lat' dir='ltr'><strong>pastoralis</strong></span> 
     </span>
    </p>
   </div>
   <div class='ocr_carea' id='block_1_54' title="bbox 622 5155 2191 5239">
    <p class='ocr_par' dir='ltr' id='par_1_54' title="bbox 622 5155 2191 5239">
     <span class='ocr_line' id='line_1_54' title="bbox 622 5155 2191 5239; baseline 0.004 -24"><span class='ocrx_word' id='word_1_406' title='bbox 622 5155 798 5217; x_wconf 79' lang='lat' dir='ltr'><strong>autem</strong></span> <span class='ocrx_word' id='word_1_407' title='bbox 822 5162 986 5218; x_wconf 89' lang='lat' dir='ltr'><strong>ofﬁcii</strong></span> <span class='ocrx_word' id='word_1_408' title='bbox 1035 5161 1327 5239; x_wconf 25' lang='lat' dir='ltr'><strong>lucrum’ad</strong></span> <span class='ocrx_word' id='word_1_409' title='bbox 1359 5167 1660 5221; x_wconf 90' lang='lat' dir='ltr'><strong>universum</strong></span> <span class='ocrx_word' id='word_1_410' title='bbox 1691 5168 1945 5237; x_wconf 91' lang='lat' dir='ltr'><strong>populum</strong></span> <span class='ocrx_word' id='word_1_411' title='bbox 1990 5178 2191 5222; x_wconf 90' lang='lat' dir='ltr'><strong>manat.</strong></span> 
     </span>
    </p>
   </div>
   <div class='ocr_carea' id='block_1_55' title="bbox 622 5247 2192 5327">
    <p class='ocr_par' dir='ltr' id='par_1_55' title="bbox 622 5247 2192 5327">
     <span class='ocr_line' id='line_1_55' title="bbox 622 5247 2192 5327; baseline 0.003 -20"><span class='ocrx_word' id='word_1_412' title='bbox 622 5254 763 5309; x_wconf 85' lang='lat' dir='ltr'><strong>Sane</strong></span> <span class='ocrx_word' id='word_1_413' title='bbox 786 5256 875 5324; x_wconf 89' lang='lat' dir='ltr'><strong>qui</strong></span> <span class='ocrx_word' id='word_1_414' title='bbox 925 5247 1175 5324; x_wconf 82' lang='lat' dir='ltr'><strong>pecunias</strong></span> <span class='ocrx_word' id='word_1_415' title='bbox 1205 5257 1386 5327; x_wconf 78' lang='lat' dir='ltr'><strong>egenis</strong></span> <span class='ocrx_word' id='word_1_416' title='bbox 1429 5256 1719 5322; x_wconf 86' lang='lat' dir='ltr'><strong>distribuit,</strong></span> <span class='ocrx_word' id='word_1_417' title='bbox 1770 5267 1860 5311; x_wconf 91' lang='lat' dir='ltr'><strong>aut</strong></span> <span class='ocrx_word' id='word_1_418' title='bbox 1884 5258 2015 5312; x_wconf 84' lang='lat' dir='ltr'><strong>alias</strong></span> <span class='ocrx_word' id='word_1_419' title='bbox 2050 5258 2192 5312; x_wconf 69' lang='lat' dir='ltr'><strong>lmsis</strong></span> 
     </span>
    </p>
   </div>
   <div class='ocr_carea' id='block_1_56' title="bbox 620 5346 2191 5418">
    <p class='ocr_par' dir='ltr' id='par_1_56' title="bbox 620 5346 2191 5418">
     <span class='ocr_line' id='line_1_56' title="bbox 620 5346 2191 5418; baseline 0.002 -20"><span class='ocrx_word' id='word_1_420' title='bbox 620 5346 995 5413; x_wconf 89' lang='lat' dir='ltr'><strong>patrocinatur,</strong></span> <span class='ocrx_word' id='word_1_421' title='bbox 1029 5347 1082 5400; x_wconf 95' lang='lat' dir='ltr'><strong>in</strong></span> <span class='ocrx_word' id='word_1_422' title='bbox 1106 5349 1281 5417; x_wconf 91' lang='lat' dir='ltr'><strong>aliquo</strong></span> <span class='ocrx_word' id='word_1_423' title='bbox 1300 5348 1556 5418; x_wconf 78' lang='lat' dir='ltr'><strong>proximis</strong></span> <span class='ocrx_word' id='word_1_424' title='bbox 1578 5348 1810 5416; x_wconf 88' lang='lat' dir='ltr'><strong>ptodest,</strong></span> <span class='ocrx_word' id='word_1_425' title='bbox 1845 5346 1995 5402; x_wconf 67' lang='lat' dir='ltr'><strong>tanto‘</strong></span> <span class='ocrx_word' id='word_1_426' title='bbox 2017 5350 2191 5401; x_wconf 91' lang='lat' dir='ltr'><strong>minus</strong></span> 
     </span>
    </p>
   </div>
   <div class='ocr_carea' id='block_1_57' title="bbox 620 5439 2188 5507">
    <p class='ocr_par' dir='ltr' id='par_1_57' title="bbox 620 5439 2188 5507">
     <span class='ocr_line' id='line_1_57' title="bbox 620 5439 2188 5507; baseline 0.002 -19"><span class='ocrx_word' id='word_1_427' title='bbox 620 5446 794 5489; x_wconf 85' lang='lat' dir='ltr'><strong>tamen</strong></span> <span class='ocrx_word' id='word_1_428' title='bbox 828 5451 982 5501; x_wconf 86' lang='lat' dir='ltr'><strong>quam</strong></span> <span class='ocrx_word' id='word_1_429' title='bbox 1002 5439 1269 5504; x_wconf 88' lang='lat' dir='ltr'><strong>sacerdos,</strong></span> <span class='ocrx_word' id='word_1_430' title='bbox 1292 5450 1487 5507; x_wconf 92' lang='lat' dir='ltr'><strong>quanto</strong></span> <span class='ocrx_word' id='word_1_431' title='bbox 1510 5439 1783 5493; x_wconf 89' lang='lat' dir='ltr'><strong>intervallo</strong></span> <span class='ocrx_word' id='word_1_432' title='bbox 1812 5439 1982 5492; x_wconf 79' lang='lat' dir='ltr'><strong>anima</strong></span> <span class='ocrx_word' id='word_1_433' title='bbox 2002 5454 2188 5507; x_wconf 84' lang='lat' dir='ltr'><strong>corpo-</strong></span> 
     </span>
    </p>
   </div>
   <div class='ocr_carea' id='block_1_58' title="bbox 619 5526 2190 5598">
    <p class='ocr_par' dir='ltr' id='par_1_58' title="bbox 619 5526 2190 5598">
     <span class='ocr_line' id='line_1_58' title="bbox 619 5526 2190 5598; baseline 0.002 -20"><span class='ocrx_word' id='word_1_434' title='bbox 619 5526 662 5578; x_wconf 89' lang='lat' dir='ltr'><strong>ri</strong></span> <span class='ocrx_word' id='word_1_435' title='bbox 684 5535 916 5593; x_wconf 63' lang='lat' dir='ltr'><strong>praestat.</strong></span> <span class='ocrx_word' id='word_1_436' title='bbox 942 5526 1259 5596; x_wconf 83' lang='lat' dir='ltr'><strong>Jureitaque</strong></span> <span class='ocrx_word' id='word_1_437' title='bbox 1313 5528 1567 5581; x_wconf 84' lang='lat' dir='ltr'><strong>Dominus</strong></span> <span class='ocrx_word' id='word_1_438' title='bbox 1587 5544 1766 5582; x_wconf 90' lang='lat' dir='ltr'><strong>curam</strong></span> <span class='ocrx_word' id='word_1_439' title='bbox 1793 5529 1965 5598; x_wconf 80' lang='lat' dir='ltr'><strong>gregis</strong></span> <span class='ocrx_word' id='word_1_440' title='bbox 1994 5528 2190 5581; x_wconf 82' lang='lat' dir='ltr'><strong>amoris</strong></span> 
     </span>
    </p>
   </div>
   <div class='ocr_carea' id='block_1_59' title="bbox 621 5617 1526 5695">
    <p class='ocr_par' dir='ltr' id='par_1_59' title="bbox 621 5617 1526 5695">
     <span class='ocr_line' id='line_1_59' title="bbox 621 5617 1526 5695; baseline 0.001 -27"><span class='ocrx_word' id='word_1_441' title='bbox 621 5630 744 5683; x_wconf 85' lang='lat' dir='ltr'><strong>erga</strong></span> <span class='ocrx_word' id='word_1_442' title='bbox 770 5630 827 5670; x_wconf 87' lang='lat' dir='ltr'><strong>se</strong></span> <span class='ocrx_word' id='word_1_443' title='bbox 852 5629 1216 5685; x_wconf 82' lang='lat' dir='ltr'><strong>argumentum</strong></span> <span class='ocrx_word' id='word_1_444' title='bbox 1246 5632 1362 5671; x_wconf 87' lang='lat' dir='ltr'><strong>esse</strong></span> <span class='ocrx_word' id='word_1_445' title='bbox 1377 5617 1526 5695; x_wconf 70' lang='lat' dir='ltr'><strong>dixit.</strong></span> 
     </span>
    </p>
   </div>
   <div class='ocr_carea' id='block_1_60' title="bbox 547 5691 2186 5778">
    <p class='ocr_par' dir='ltr' id='par_1_60' title="bbox 547 5691 2186 5778">
     <span class='ocr_line' id='line_1_60' title="bbox 547 5691 2186 5778; baseline 0.002 -20"><span class='ocrx_word' id='word_1_446' title='bbox 547 5691 559 5699; x_wconf 58' lang='grc'><strong>“</strong></span> <span class='ocrx_word' id='word_1_447' title='bbox 683 5705 896 5761; x_wconf 74' lang='lat' dir='ltr'><strong>BASIL.</strong></span> <span class='ocrx_word' id='word_1_448' title='bbox 949 5705 1026 5760; x_wconf 83' lang='lat' dir='ltr'><strong>Tu</strong></span> <span class='ocrx_word' id='word_1_449' title='bbox 1073 5723 1232 5772; x_wconf 80' lang='lat' dir='ltr'><strong>vero,</strong></span> <span class='ocrx_word' id='word_1_450' title='bbox 1285 5691 1495 5778; x_wconf 81' lang='lat' dir='ltr'><strong>inquit,</strong></span> <span class='ocrx_word' id='word_1_451' title='bbox 1536 5706 1806 5763; x_wconf 77' lang='lat' dir='ltr'><strong>Christum</strong></span> <span class='ocrx_word' id='word_1_452' title='bbox 1856 5724 1961 5763; x_wconf 87' lang='lat' dir='ltr'><strong>non</strong></span> <span class='ocrx_word' id='word_1_453' title='bbox 1998 5706 2186 5757; x_wconf 70' lang='lat' dir='ltr'><strong>ama—‘5?</strong></span> 
     </span>
    </p>
   </div>
   <div class='ocr_carea' id='block_1_61' title="bbox 1385 362 3203 439">
    <p class='ocr_par' dir='ltr' id='par_1_61' title="bbox 1385 362 3203 439">
     <span class='ocr_line' id='line_1_61' title="bbox 1385 362 3203 439; baseline -0.003 -15"><span class='ocrx_word' id='word_1_454' title='bbox 1385 366 1442 424; x_wconf 85' lang='lat' dir='ltr'><strong>S.</strong></span> <span class='ocrx_word' id='word_1_455' title='bbox 1479 365 1756 422; x_wconf 69' lang='lat' dir='ltr'><strong>JOANNIS</strong></span> <span class='ocrx_word' id='word_1_456' title='bbox 1791 362 2263 420; x_wconf 64' lang='lat' dir='ltr'><strong>CIIRYSOSTOMI</strong></span> <span class='ocrx_word' id='word_1_457' title='bbox 2302 363 2614 419; x_wconf 76' lang='lat' dir='ltr'><strong>ARCﬂlEl’.</strong></span> <span class='ocrx_word' id='word_1_458' title='bbox 2657 362 3203 439; x_wconf 73' lang='lat' dir='ltr'><strong>CONSTANTINOP.</strong></span> 
     </span>
    </p>
   </div>
   <div class='ocr_carea' id='block_1_62' title="bbox 3813 364 3916 420">
    <p class='ocr_par' dir='ltr' id='par_1_62' title="bbox 3813 364 3916 420">
     <span class='ocr_line' id='line_1_62' title="bbox 3813 364 3916 420; baseline 0.058 -9"><span class='ocrx_word' id='word_1_459' title='bbox 3813 364 3916 420; x_wconf 68' lang='lat' dir='ltr'><strong>est}</strong></span> 
     </span>
    </p>
   </div>
   <div class='ocr_carea' id='block_1_63' title="bbox 2340 466 3912 545">
    <p class='ocr_par' dir='ltr' id='par_1_63' title="bbox 2340 466 3912 545">
     <span class='ocr_line' id='line_1_63' title="bbox 2340 466 3912 545; baseline 0.002 -18"><span class='ocrx_word' id='word_1_460' title='bbox 2340 466 2711 529; x_wconf 77' lang='lat' dir='ltr'><strong>CHRYSOST.</strong></span> <span class='ocrx_word' id='word_1_461' title='bbox 2766 474 2829 527; x_wconf 86' lang='lat' dir='ltr'><strong>Et</strong></span> <span class='ocrx_word' id='word_1_462' title='bbox 2874 492 3029 541; x_wconf 86' lang='lat' dir='ltr'><strong>amo,</strong></span> <span class='ocrx_word' id='word_1_463' title='bbox 3078 486 3130 530; x_wconf 86' lang='lat' dir='ltr'><strong>et</strong></span> <span class='ocrx_word' id='word_1_464' title='bbox 3172 474 3383 529; x_wconf 71' lang='lat' dir='ltr'><strong>amandi</strong></span> <span class='ocrx_word' id='word_1_465' title='bbox 3424 474 3579 528; x_wconf 86' lang='lat' dir='ltr'><strong>finem</strong></span> <span class='ocrx_word' id='word_1_466' title='bbox 3629 491 3912 545; x_wconf 75' lang='lat' dir='ltr'><strong>numquam</strong></span> 
     </span>
    </p>
   </div>
   <div class='ocr_carea' id='block_1_64' title="bbox 2335 563 3907 634">
    <p class='ocr_par' dir='ltr' id='par_1_64' title="bbox 2335 563 3907 634">
     <span class='ocr_line' id='line_1_64' title="bbox 2335 563 3907 634; baseline 0.003 -17"><span class='ocrx_word' id='word_1_467' title='bbox 2335 563 2523 619; x_wconf 88' lang='lat' dir='ltr'><strong>faciant</strong></span> <span class='ocrx_word' id='word_1_468' title='bbox 2544 575 2624 619; x_wconf 91' lang='lat' dir='ltr'><strong>:at</strong></span> <span class='ocrx_word' id='word_1_469' title='bbox 2652 581 2837 619; x_wconf 88' lang='lat' dir='ltr'><strong>vereor</strong></span> <span class='ocrx_word' id='word_1_470' title='bbox 2856 582 2942 632; x_wconf 88' lang='lat' dir='ltr'><strong>ne,</strong></span> <span class='ocrx_word' id='word_1_471' title='bbox 2965 582 3121 634; x_wconf 86' lang='lat' dir='ltr'><strong>quem</strong></span> <span class='ocrx_word' id='word_1_472' title='bbox 3140 580 3280 626; x_wconf 84' lang='lat' dir='ltr'><strong>amo,</strong></span> <span class='ocrx_word' id='word_1_473' title='bbox 3304 581 3423 619; x_wconf 90' lang='lat' dir='ltr'><strong>eum</strong></span> <span class='ocrx_word' id='word_1_474' title='bbox 3447 566 3670 620; x_wconf 86' lang='lat' dir='ltr'><strong>irritem.</strong></span> <span class='ocrx_word' id='word_1_475' title='bbox 3691 566 3907 621; x_wconf 81' lang='lat' dir='ltr'><strong>B.\SIL.</strong></span> 
     </span>
    </p>
   </div>
   <div class='ocr_carea' id='block_1_65' title="bbox 2334 657 3912 735">
    <p class='ocr_par' dir='ltr' id='par_1_65' title="bbox 2334 657 3912 735">
     <span class='ocr_line' id='line_1_65' title="bbox 2334 657 3912 735; baseline 0.001 -24"><span class='ocrx_word' id='word_1_476' title='bbox 2334 657 2548 726; x_wconf 84' lang='lat' dir='ltr'><strong>Ecquod</strong></span> <span class='ocrx_word' id='word_1_477' title='bbox 2576 658 2821 727; x_wconf 77' lang='lat' dir='ltr'><strong>:rnigma,</strong></span> <span class='ocrx_word' id='word_1_478' title='bbox 2858 657 3021 727; x_wconf 86' lang='lat' dir='ltr'><strong>inquit</strong></span> <span class='ocrx_word' id='word_1_479' title='bbox 3044 657 3365 723; x_wconf 21' lang='lat' dir='ltr'><strong>,Aobscurius</strong></span> <span class='ocrx_word' id='word_1_480' title='bbox 3395 657 3567 723; x_wconf 87' lang='lat' dir='ltr'><strong>fuerit,</strong></span> <span class='ocrx_word' id='word_1_481' title='bbox 3596 659 3639 709; x_wconf 90' lang='lat' dir='ltr'><strong>si</strong></span> <span class='ocrx_word' id='word_1_482' title='bbox 3666 657 3912 735; x_wconf 73' lang='lat' dir='ltr'><strong>Christus</strong></span> 
     </span>
    </p>
   </div>
   <div class='ocr_carea' id='block_1_66' title="bbox 2333 736 3912 819">
    <p class='ocr_par' dir='ltr' id='par_1_66' title="bbox 2333 736 3912 819">
     <span class='ocr_line' id='line_1_66' title="bbox 2333 736 3912 819; baseline 0.003 -19"><span class='ocrx_word' id='word_1_483' title='bbox 2333 747 2502 813; x_wconf 91' lang='lat' dir='ltr'><strong>illum,</strong></span> <span class='ocrx_word' id='word_1_484' title='bbox 2529 748 2617 819; x_wconf 90' lang='lat' dir='ltr'><strong>qui</strong></span> <span class='ocrx_word' id='word_1_485' title='bbox 2650 764 2708 804; x_wconf 90' lang='lat' dir='ltr'><strong>se</strong></span> <span class='ocrx_word' id='word_1_486' title='bbox 2734 758 2893 812; x_wconf 88' lang='lat' dir='ltr'><strong>amet,</strong></span> <span class='ocrx_word' id='word_1_487' title='bbox 2922 763 3049 802; x_wconf 78' lang='lat' dir='ltr'><strong>oves</strong></span> <span class='ocrx_word' id='word_1_488' title='bbox 3078 763 3200 802; x_wconf 86' lang='lat' dir='ltr'><strong>suas</strong></span> <span class='ocrx_word' id='word_1_489' title='bbox 3229 763 3444 816; x_wconf 87' lang='lat' dir='ltr'><strong>pascere</strong></span> <span class='ocrx_word' id='word_1_490' title='bbox 3469 749 3650 818; x_wconf 85' lang='lat' dir='ltr'><strong>jubeat</strong></span> <span class='ocrx_word' id='word_1_491' title='bbox 3669 766 3681 801; x_wconf 88' lang='lat'><strong>:</strong></span> <span class='ocrx_word' id='word_1_492' title='bbox 3703 758 3759 803; x_wconf 92' lang='lat' dir='ltr'><strong>tu</strong></span> <span class='ocrx_word' id='word_1_493' title='bbox 3785 736 3912 804; x_wconf 77' lang='lat' dir='ltr'><strong>vero</strong></span> 
     </span>
    </p>
   </div>
   <div class='ocr_carea' id='block_1_67' title="bbox 2331 837 3908 907">
    <p class='ocr_par' dir='ltr' id='par_1_67' title="bbox 2331 837 3908 907">
     <span class='ocr_line' id='line_1_67' title="bbox 2331 837 3908 907; baseline 0.001 -16"><span class='ocrx_word' id='word_1_494' title='bbox 2331 838 2476 893; x_wconf 83' lang='lat' dir='ltr'><strong>dicas</strong></span> <span class='ocrx_word' id='word_1_495' title='bbox 2522 839 2641 893; x_wconf 91' lang='lat' dir='ltr'><strong>ideo</strong></span> <span class='ocrx_word' id='word_1_496' title='bbox 2688 839 2831 893; x_wconf 89' lang='lat' dir='ltr'><strong>nolle</strong></span> <span class='ocrx_word' id='word_1_497' title='bbox 2883 852 3141 906; x_wconf 87' lang='lat' dir='ltr'><strong>pascere,</strong></span> <span class='ocrx_word' id='word_1_498' title='bbox 3187 838 3307 907; x_wconf 89' lang='lat' dir='ltr'><strong>quia</strong></span> <span class='ocrx_word' id='word_1_499' title='bbox 3358 837 3461 892; x_wconf 85' lang='lat' dir='ltr'><strong>hoc</strong></span> <span class='ocrx_word' id='word_1_500' title='bbox 3517 838 3908 907; x_wconf 72' lang='lat' dir='ltr'><strong>prazcipientem</strong></span> 
     </span>
    </p>
   </div>
   <div class='ocr_carea' id='block_1_68' title="bbox 2329 928 3905 1001">
    <p class='ocr_par' dir='ltr' id='par_1_68' title="bbox 2329 928 3905 1001">
     <span class='ocr_line' id='line_1_68' title="bbox 2329 928 3905 1001; baseline 0.001 -19"><span class='ocrx_word' id='word_1_501' title='bbox 2329 929 2514 983; x_wconf 83' lang='lat' dir='ltr'><strong>amas?</strong></span> <span class='ocrx_word' id='word_1_502' title='bbox 2539 929 3095 986; x_wconf 68' lang='lat' dir='ltr'><strong>CHRYSOSTOMUS.</strong></span> <span class='ocrx_word' id='word_1_503' title='bbox 3126 928 3242 984; x_wconf 90' lang='lat' dir='ltr'><strong>Non</strong></span> <span class='ocrx_word' id='word_1_504' title='bbox 3269 940 3369 993; x_wconf 88' lang='lat' dir='ltr'><strong>est,</strong></span> <span class='ocrx_word' id='word_1_505' title='bbox 3399 930 3633 999; x_wconf 87' lang='lat' dir='ltr'><strong>inquam,</strong></span> <span class='ocrx_word' id='word_1_506' title='bbox 3657 932 3905 1001; x_wconf 63' lang='lat' dir='ltr'><strong>mnigma,</strong></span> 
     </span>
    </p>
   </div>
   <div class='ocr_carea' id='block_1_69' title="bbox 2331 1015 3909 1092">
    <p class='ocr_par' dir='ltr' id='par_1_69' title="bbox 2331 1015 3909 1092">
     <span class='ocr_line' id='line_1_69' title="bbox 2331 1015 3909 1092; baseline 0.002 -18"><span class='ocrx_word' id='word_1_507' title='bbox 2331 1022 2438 1075; x_wconf 91' lang='lat' dir='ltr'><strong>imo</strong></span> <span class='ocrx_word' id='word_1_508' title='bbox 2467 1036 2553 1076; x_wconf 88' lang='lat' dir='ltr'><strong>res</strong></span> <span class='ocrx_word' id='word_1_509' title='bbox 2580 1021 2864 1075; x_wconf 83' lang='lat' dir='ltr'><strong>admodum</strong></span> <span class='ocrx_word' id='word_1_510' title='bbox 2894 1022 3035 1076; x_wconf 87' lang='lat' dir='ltr'><strong>clara</strong></span> <span class='ocrx_word' id='word_1_511' title='bbox 3064 1031 3117 1077; x_wconf 91' lang='lat' dir='ltr'><strong>et</strong></span> <span class='ocrx_word' id='word_1_512' title='bbox 3144 1015 3403 1092; x_wconf 53' lang='lat' dir='ltr'><strong>simplex:</strong></span> <span class='ocrx_word' id='word_1_513' title='bbox 3428 1021 3565 1076; x_wconf 86' lang='lat' dir='ltr'><strong>Nam</strong></span> <span class='ocrx_word' id='word_1_514' title='bbox 3602 1022 3645 1076; x_wconf 88' lang='lat' dir='ltr'><strong>si</strong></span> <span class='ocrx_word' id='word_1_515' title='bbox 3686 1022 3909 1089; x_wconf 82' lang='lat' dir='ltr'><strong>idoneus</strong></span> 
     </span>
    </p>
   </div>
   <div class='ocr_carea' id='block_1_70' title="bbox 2329 1114 3904 1185">
    <p class='ocr_par' dir='ltr' id='par_1_70' title="bbox 2329 1114 3904 1185">
     <span class='ocr_line' id='line_1_70' title="bbox 2329 1114 3904 1185; baseline 0 -18"><span class='ocrx_word' id='word_1_516' title='bbox 2329 1129 2502 1167; x_wconf 86' lang='lat' dir='ltr'><strong>essem</strong></span> <span class='ocrx_word' id='word_1_517' title='bbox 2532 1114 2950 1169; x_wconf 81' lang='lat' dir='ltr'><strong>administrando</strong></span> <span class='ocrx_word' id='word_1_518' title='bbox 2991 1114 3197 1174; x_wconf 85' lang='lat' dir='ltr'><strong>muneri</strong></span> <span class='ocrx_word' id='word_1_519' title='bbox 3222 1114 3369 1181; x_wconf 84' lang='lat' dir='ltr'><strong>juxta</strong></span> <span class='ocrx_word' id='word_1_520' title='bbox 3398 1114 3589 1169; x_wconf 86' lang='lat' dir='ltr'><strong>Christi</strong></span> <span class='ocrx_word' id='word_1_521' title='bbox 3617 1114 3866 1185; x_wconf 82' lang='lat' dir='ltr'><strong>placitum</strong></span> <span class='ocrx_word' id='word_1_522' title='bbox 3889 1154 3904 1177; x_wconf 94' lang='lat'><strong>,</strong></span> 
     </span>
    </p>
   </div>
   <div class='ocr_carea' id='block_1_71' title="bbox 2328 1202 3904 1276">
    <p class='ocr_par' dir='ltr' id='par_1_71' title="bbox 2328 1202 3904 1276">
     <span class='ocr_line' id='line_1_71' title="bbox 2328 1202 3904 1276; baseline 0 -15"><span class='ocrx_word' id='word_1_523' title='bbox 2328 1218 2382 1261; x_wconf 85' lang='lat' dir='ltr'><strong>et</strong></span> <span class='ocrx_word' id='word_1_524' title='bbox 2403 1215 2575 1261; x_wconf 89' lang='lat' dir='ltr'><strong>tamen</strong></span> <span class='ocrx_word' id='word_1_525' title='bbox 2595 1206 2902 1276; x_wconf 85' lang='lat' dir='ltr'><strong>effugerem,</strong></span> <span class='ocrx_word' id='word_1_526' title='bbox 2927 1202 3109 1275; x_wconf 85' lang='lat' dir='ltr'><strong>argute</strong></span> <span class='ocrx_word' id='word_1_527' title='bbox 3130 1220 3314 1275; x_wconf 85' lang='lat' dir='ltr'><strong>posses</strong></span> <span class='ocrx_word' id='word_1_528' title='bbox 3332 1205 3470 1259; x_wconf 86' lang='lat' dir='ltr'><strong>dicta</strong></span> <span class='ocrx_word' id='word_1_529' title='bbox 3493 1220 3608 1260; x_wconf 90' lang='lat' dir='ltr'><strong>mea</strong></span> <span class='ocrx_word' id='word_1_530' title='bbox 3630 1206 3904 1261; x_wconf 88' lang='lat' dir='ltr'><strong>refellere:</strong></span> 
     </span>
    </p>
   </div>
   <div class='ocr_carea' id='block_1_72' title="bbox 2326 1294 3901 1364">
    <p class='ocr_par' dir='ltr' id='par_1_72' title="bbox 2326 1294 3901 1364">
     <span class='ocr_line' id='line_1_72' title="bbox 2326 1294 3901 1364; baseline 0 -15"><span class='ocrx_word' id='word_1_531' title='bbox 2326 1294 2449 1364; x_wconf 87' lang='lat' dir='ltr'><strong>quia</strong></span> <span class='ocrx_word' id='word_1_532' title='bbox 2478 1310 2607 1349; x_wconf 90' lang='lat' dir='ltr'><strong>vero</strong></span> <span class='ocrx_word' id='word_1_533' title='bbox 2635 1296 2798 1349; x_wconf 86' lang='lat' dir='ltr'><strong>animi</strong></span> <span class='ocrx_word' id='word_1_534' title='bbox 2830 1295 3162 1350; x_wconf 85' lang='lat' dir='ltr'><strong>imbecillitas</strong></span> <span class='ocrx_word' id='word_1_535' title='bbox 3192 1295 3313 1351; x_wconf 88' lang='lat' dir='ltr'><strong>huic</strong></span> <span class='ocrx_word' id='word_1_536' title='bbox 3343 1310 3428 1350; x_wconf 92' lang='lat' dir='ltr'><strong>me</strong></span> <span class='ocrx_word' id='word_1_537' title='bbox 3456 1294 3634 1350; x_wconf 87' lang='lat' dir='ltr'><strong>officio</strong></span> <span class='ocrx_word' id='word_1_538' title='bbox 3665 1295 3901 1349; x_wconf 88' lang='lat' dir='ltr'><strong>inutilem</strong></span> 
     </span>
    </p>
   </div>
   <div class='ocr_carea' id='block_1_73' title="bbox 2324 1385 3907 1456">
    <p class='ocr_par' dir='ltr' id='par_1_73' title="bbox 2324 1385 3907 1456">
     <span class='ocr_line' id='line_1_73' title="bbox 2324 1385 3907 1456; baseline 0.002 -17"><span class='ocrx_word' id='word_1_539' title='bbox 2324 1386 2615 1451; x_wconf 88' lang='lat' dir='ltr'><strong>constituit,</strong></span> <span class='ocrx_word' id='word_1_540' title='bbox 2662 1401 2757 1441; x_wconf 87' lang='lat' dir='ltr'><strong>cur</strong></span> <span class='ocrx_word' id='word_1_541' title='bbox 2800 1385 3099 1456; x_wconf 89' lang='lat' dir='ltr'><strong>objectione</strong></span> <span class='ocrx_word' id='word_1_542' title='bbox 3136 1401 3269 1454; x_wconf 79' lang='lat' dir='ltr'><strong>Opus</strong></span> <span class='ocrx_word' id='word_1_543' title='bbox 3307 1387 3445 1442; x_wconf 76' lang='lat' dir='ltr'><strong>erit?</strong></span> <span class='ocrx_word' id='word_1_544' title='bbox 3481 1386 3689 1442; x_wconf 85' lang='lat' dir='ltr'><strong>Etenim</strong></span> <span class='ocrx_word' id='word_1_545' title='bbox 3716 1403 3907 1442; x_wconf 71' lang='lat' dir='ltr'><strong>vereor</strong></span> 
     </span>
    </p>
   </div>
   <div class='ocr_carea' id='block_1_74' title="bbox 2325 1474 3903 1547">
    <p class='ocr_par' dir='ltr' id='par_1_74' title="bbox 2325 1474 3903 1547">
     <span class='ocr_line' id='line_1_74' title="bbox 2325 1474 3903 1547; baseline 0.001 -19"><span class='ocrx_word' id='word_1_546' title='bbox 2325 1490 2393 1530; x_wconf 87' lang='lat' dir='ltr'><strong>ne</strong></span> <span class='ocrx_word' id='word_1_547' title='bbox 2421 1474 2465 1530; x_wconf 89' lang='lat' dir='ltr'><strong>si</strong></span> <span class='ocrx_word' id='word_1_548' title='bbox 2489 1491 2702 1546; x_wconf 81' lang='lat' dir='ltr'><strong>gregem</strong></span> <span class='ocrx_word' id='word_1_549' title='bbox 2727 1476 2920 1530; x_wconf 87' lang='lat' dir='ltr'><strong>Christi</strong></span> <span class='ocrx_word' id='word_1_550' title='bbox 2950 1477 3087 1532; x_wconf 87' lang='lat' dir='ltr'><strong>bene</strong></span> <span class='ocrx_word' id='word_1_551' title='bbox 3109 1477 3369 1545; x_wconf 74' lang='lat' dir='ltr'><strong>valentem</strong></span> <span class='ocrx_word' id='word_1_552' title='bbox 3398 1491 3461 1531; x_wconf 89' lang='lat' dir='ltr'><strong>ac</strong></span> <span class='ocrx_word' id='word_1_553' title='bbox 3485 1485 3729 1547; x_wconf 86' lang='lat' dir='ltr'><strong>vegetum</strong></span> <span class='ocrx_word' id='word_1_554' title='bbox 3759 1479 3903 1532; x_wconf 88' lang='lat' dir='ltr'><strong>acci-</strong></span> 
     </span>
    </p>
   </div>
   <div class='ocr_carea' id='block_1_75' title="bbox 2324 1565 3901 1644">
    <p class='ocr_par' dir='ltr' id='par_1_75' title="bbox 2324 1565 3901 1644">
     <span class='ocr_line' id='line_1_75' title="bbox 2324 1565 3901 1644; baseline 0.003 -27"><span class='ocrx_word' id='word_1_555' title='bbox 2324 1565 2462 1633; x_wconf 89' lang='lat' dir='ltr'><strong>piam</strong></span> <span class='ocrx_word' id='word_1_556' title='bbox 2483 1605 2498 1631; x_wconf 93' lang='lat'><strong>,</strong></span> <span class='ocrx_word' id='word_1_557' title='bbox 2542 1565 2841 1635; x_wconf 88' lang='lat' dir='ltr'><strong>delndeque</strong></span> <span class='ocrx_word' id='word_1_558' title='bbox 2871 1567 3041 1635; x_wconf 88' lang='lat' dir='ltr'><strong>ipsum</strong></span> <span class='ocrx_word' id='word_1_559' title='bbox 3086 1566 3286 1620; x_wconf 89' lang='lat' dir='ltr'><strong>incuria</strong></span> <span class='ocrx_word' id='word_1_560' title='bbox 3327 1567 3541 1644; x_wconf 86' lang='lat' dir='ltr'><strong>perdam</strong></span> <span class='ocrx_word' id='word_1_561' title='bbox 3561 1608 3575 1631; x_wconf 97' lang='lat'><strong>,</strong></span> <span class='ocrx_word' id='word_1_562' title='bbox 3610 1567 3777 1622; x_wconf 91' lang='lat' dir='ltr'><strong>Deum</strong></span> <span class='ocrx_word' id='word_1_563' title='bbox 3802 1569 3901 1622; x_wconf 86' lang='lat' dir='ltr'><strong>ad-</strong></span> 
     </span>
    </p>
   </div>
   <div class='ocr_carea' id='block_1_76' title="bbox 2324 1654 3901 1725">
    <p class='ocr_par' dir='ltr' id='par_1_76' title="bbox 2324 1654 3901 1725">
     <span class='ocr_line' id='line_1_76' title="bbox 2324 1654 3901 1725; baseline 0.003 -18"><span class='ocrx_word' id='word_1_564' title='bbox 2324 1668 2535 1708; x_wconf 85' lang='lat' dir='ltr'><strong>versum</strong></span> <span class='ocrx_word' id='word_1_565' title='bbox 2566 1670 2649 1708; x_wconf 90' lang='lat' dir='ltr'><strong>me</strong></span> <span class='ocrx_word' id='word_1_566' title='bbox 2679 1655 2879 1708; x_wconf 90' lang='lat' dir='ltr'><strong>irritem</strong></span> <span class='ocrx_word' id='word_1_567' title='bbox 2900 1694 2914 1718; x_wconf 88' lang='lat'><strong>,</strong></span> <span class='ocrx_word' id='word_1_568' title='bbox 2944 1656 3034 1725; x_wconf 91' lang='lat' dir='ltr'><strong>qui</strong></span> <span class='ocrx_word' id='word_1_569' title='bbox 3062 1656 3132 1709; x_wconf 90' lang='lat' dir='ltr'><strong>ita</strong></span> <span class='ocrx_word' id='word_1_570' title='bbox 3177 1657 3347 1723; x_wconf 88' lang='lat' dir='ltr'><strong>ipsum</strong></span> <span class='ocrx_word' id='word_1_571' title='bbox 3380 1665 3519 1709; x_wconf 89' lang='lat' dir='ltr'><strong>amat</strong></span> <span class='ocrx_word' id='word_1_572' title='bbox 3545 1695 3561 1719; x_wconf 92' lang='lat'><strong>,</strong></span> <span class='ocrx_word' id='word_1_573' title='bbox 3604 1665 3660 1709; x_wconf 90' lang='lat' dir='ltr'><strong>ut</strong></span> <span class='ocrx_word' id='word_1_574' title='bbox 3689 1654 3753 1710; x_wconf 92' lang='lat' dir='ltr'><strong>ad</strong></span> <span class='ocrx_word' id='word_1_575' title='bbox 3784 1658 3901 1725; x_wconf 88' lang='lat' dir='ltr'><strong>ejus</strong></span> 
     </span>
    </p>
   </div>
   <div class='ocr_carea' id='block_1_77' title="bbox 2321 1732 3900 1813">
    <p class='ocr_par' dir='ltr' id='par_1_77' title="bbox 2321 1732 3900 1813">
     <span class='ocr_line' id='line_1_77' title="bbox 2321 1732 3900 1813; baseline 0.002 -15"><span class='ocrx_word' id='word_1_576' title='bbox 2321 1732 2544 1799; x_wconf 84' lang='lat' dir='ltr'><strong>salutem</strong></span> <span class='ocrx_word' id='word_1_577' title='bbox 2576 1744 2627 1798; x_wconf 92' lang='lat' dir='ltr'><strong>in</strong></span> <span class='ocrx_word' id='word_1_578' title='bbox 2660 1747 2883 1813; x_wconf 86' lang='lat' dir='ltr'><strong>pretium</strong></span> <span class='ocrx_word' id='word_1_579' title='bbox 2925 1760 3043 1800; x_wconf 88' lang='lat' dir='ltr'><strong>sese</strong></span> <span class='ocrx_word' id='word_1_580' title='bbox 3082 1745 3373 1799; x_wconf 88' lang='lat' dir='ltr'><strong>tradiderit.</strong></span> <span class='ocrx_word' id='word_1_581' title='bbox 3415 1745 3738 1801; x_wconf 81' lang='lat' dir='ltr'><strong>BASILIUS.</strong></span> <span class='ocrx_word' id='word_1_582' title='bbox 3786 1746 3900 1801; x_wconf 86' lang='lat' dir='ltr'><strong>Lu-</strong></span> 
     </span>
    </p>
   </div>
   <div class='ocr_carea' id='block_1_78' title="bbox 2320 1834 3897 1907">
    <p class='ocr_par' dir='ltr' id='par_1_78' title="bbox 2320 1834 3897 1907">
     <span class='ocr_line' id='line_1_78' title="bbox 2320 1834 3897 1907; baseline 0.002 -19"><span class='ocrx_word' id='word_1_583' title='bbox 2320 1834 2473 1901; x_wconf 80' lang='lat' dir='ltr'><strong>dens,</strong></span> <span class='ocrx_word' id='word_1_584' title='bbox 2502 1836 2688 1904; x_wconf 91' lang='lat' dir='ltr'><strong>inquit,</strong></span> <span class='ocrx_word' id='word_1_585' title='bbox 2715 1835 2829 1889; x_wconf 71' lang='lat' dir='ltr'><strong>hme</strong></span> <span class='ocrx_word' id='word_1_586' title='bbox 2850 1835 2981 1890; x_wconf 91' lang='lat' dir='ltr'><strong>dicis</strong></span> <span class='ocrx_word' id='word_1_587' title='bbox 3005 1852 3019 1889; x_wconf 91' lang='lat'><strong>:</strong></span> <span class='ocrx_word' id='word_1_588' title='bbox 3045 1849 3163 1889; x_wconf 89' lang='lat' dir='ltr'><strong>nam</strong></span> <span class='ocrx_word' id='word_1_589' title='bbox 3191 1836 3233 1889; x_wconf 82' lang='lat' dir='ltr'><strong>si</strong></span> <span class='ocrx_word' id='word_1_590' title='bbox 3257 1836 3417 1898; x_wconf 88' lang='lat' dir='ltr'><strong>serio,</strong></span> <span class='ocrx_word' id='word_1_591' title='bbox 3452 1850 3555 1889; x_wconf 90' lang='lat' dir='ltr'><strong>non</strong></span> <span class='ocrx_word' id='word_1_592' title='bbox 3584 1836 3737 1891; x_wconf 87' lang='lat' dir='ltr'><strong>video</strong></span> <span class='ocrx_word' id='word_1_593' title='bbox 3761 1853 3897 1907; x_wconf 92' lang='lat' dir='ltr'><strong>quo-</strong></span> 
     </span>
    </p>
   </div>
   <div class='ocr_carea' id='block_1_79' title="bbox 2322 1924 3897 1995">
    <p class='ocr_par' dir='ltr' id='par_1_79' title="bbox 2322 1924 3897 1995">
     <span class='ocr_line' id='line_1_79' title="bbox 2322 1924 3897 1995; baseline 0.003 -17"><span class='ocrx_word' id='word_1_594' title='bbox 2322 1925 2476 1978; x_wconf 87' lang='lat' dir='ltr'><strong>modo</strong></span> <span class='ocrx_word' id='word_1_595' title='bbox 2506 1925 2697 1979; x_wconf 88' lang='lat' dir='ltr'><strong>melius</strong></span> <span class='ocrx_word' id='word_1_596' title='bbox 2745 1924 3110 1980; x_wconf 90' lang='lat' dir='ltr'><strong>demonstrare</strong></span> <span class='ocrx_word' id='word_1_597' title='bbox 3150 1924 3379 1978; x_wconf 85' lang='lat' dir='ltr'><strong>volueris</strong></span> <span class='ocrx_word' id='word_1_598' title='bbox 3408 1940 3504 1980; x_wconf 89' lang='lat' dir='ltr'><strong>nos</strong></span> <span class='ocrx_word' id='word_1_599' title='bbox 3528 1926 3646 1995; x_wconf 90' lang='lat' dir='ltr'><strong>jure</strong></span> <span class='ocrx_word' id='word_1_600' title='bbox 3676 1926 3857 1983; x_wconf 90' lang='lat' dir='ltr'><strong>dolere</strong></span> <span class='ocrx_word' id='word_1_601' title='bbox 3880 1968 3897 1994; x_wconf 96' lang='lat'><strong>,</strong></span> 
     </span>
    </p>
   </div>
   <div class='ocr_carea' id='block_1_80' title="bbox 2319 2013 3899 2086">
    <p class='ocr_par' dir='ltr' id='par_1_80' title="bbox 2319 2013 3899 2086">
     <span class='ocr_line' id='line_1_80' title="bbox 2319 2013 3899 2086; baseline 0.004 -21"><span class='ocrx_word' id='word_1_602' title='bbox 2319 2028 2474 2081; x_wconf 88' lang='lat' dir='ltr'><strong>quam</strong></span> <span class='ocrx_word' id='word_1_603' title='bbox 2507 2013 2655 2068; x_wconf 87' lang='lat' dir='ltr'><strong>hisce</strong></span> <span class='ocrx_word' id='word_1_604' title='bbox 2685 2014 2858 2068; x_wconf 82' lang='lat' dir='ltr'><strong>verbis</strong></span> <span class='ocrx_word' id='word_1_605' title='bbox 2890 2014 2992 2067; x_wconf 88' lang='lat' dir='ltr'><strong>tuis</strong></span> <span class='ocrx_word' id='word_1_606' title='bbox 3015 2054 3030 2076; x_wconf 92' lang='lat'><strong>,</strong></span> <span class='ocrx_word' id='word_1_607' title='bbox 3074 2014 3267 2083; x_wconf 90' lang='lat' dir='ltr'><strong>quibus</strong></span> <span class='ocrx_word' id='word_1_608' title='bbox 3306 2029 3589 2069; x_wconf 77' lang='lat' dir='ltr'><strong>mterorem</strong></span> <span class='ocrx_word' id='word_1_609' title='bbox 3631 2016 3899 2086; x_wconf 85' lang='lat' dir='ltr'><strong>depellere</strong></span> 
     </span>
    </p>
   </div>
   <div class='ocr_carea' id='block_1_81' title="bbox 2317 2101 3895 2173">
    <p class='ocr_par' dir='ltr' id='par_1_81' title="bbox 2317 2101 3895 2173">
     <span class='ocr_line' id='line_1_81' title="bbox 2317 2101 3895 2173; baseline 0.003 -17"><span class='ocrx_word' id='word_1_610' title='bbox 2317 2101 2562 2157; x_wconf 88' lang='lat' dir='ltr'><strong>curabas.</strong></span> <span class='ocrx_word' id='word_1_611' title='bbox 2597 2103 2704 2172; x_wconf 85' lang='lat' dir='ltr'><strong>Ego</strong></span> <span class='ocrx_word' id='word_1_612' title='bbox 2730 2103 2871 2157; x_wconf 88' lang='lat' dir='ltr'><strong>enim</strong></span> <span class='ocrx_word' id='word_1_613' title='bbox 2897 2102 3019 2158; x_wconf 90' lang='lat' dir='ltr'><strong>licet</strong></span> <span class='ocrx_word' id='word_1_614' title='bbox 3045 2102 3189 2171; x_wconf 88' lang='lat' dir='ltr'><strong>prius</strong></span> <span class='ocrx_word' id='word_1_615' title='bbox 3214 2104 3450 2158; x_wconf 86' lang='lat' dir='ltr'><strong>noverim</strong></span> <span class='ocrx_word' id='word_1_616' title='bbox 3478 2119 3562 2159; x_wconf 86' lang='lat' dir='ltr'><strong>me</strong></span> <span class='ocrx_word' id='word_1_617' title='bbox 3601 2120 3694 2173; x_wconf 86' lang='lat' dir='ltr'><strong>per</strong></span> <span class='ocrx_word' id='word_1_618' title='bbox 3722 2114 3772 2160; x_wconf 88' lang='lat' dir='ltr'><strong>te</strong></span> <span class='ocrx_word' id='word_1_619' title='bbox 3796 2106 3895 2161; x_wconf 81' lang='lat' dir='ltr'><strong>de-</strong></span> 
     </span>
    </p>
   </div>
   <div class='ocr_carea' id='block_1_82' title="bbox 2317 2185 3894 2263">
    <p class='ocr_par' dir='ltr' id='par_1_82' title="bbox 2317 2185 3894 2263">
     <span class='ocr_line' id='line_1_82' title="bbox 2317 2185 3894 2263; baseline 0.001 -17"><span class='ocrx_word' id='word_1_620' title='bbox 2317 2185 2529 2262; x_wconf 83' lang='lat' dir='ltr'><strong>ceptum</strong></span> <span class='ocrx_word' id='word_1_621' title='bbox 2556 2206 2618 2246; x_wconf 90' lang='lat' dir='ltr'><strong>ac</strong></span> <span class='ocrx_word' id='word_1_622' title='bbox 2645 2192 2909 2260; x_wconf 89' lang='lat' dir='ltr'><strong>proditum</strong></span> <span class='ocrx_word' id='word_1_623' title='bbox 2936 2190 3100 2247; x_wconf 89' lang='lat' dir='ltr'><strong>fuisse</strong></span> <span class='ocrx_word' id='word_1_624' title='bbox 3123 2232 3137 2257; x_wconf 93' lang='lat'><strong>,</strong></span> <span class='ocrx_word' id='word_1_625' title='bbox 3173 2207 3316 2246; x_wconf 91' lang='lat' dir='ltr'><strong>nunc</strong></span> <span class='ocrx_word' id='word_1_626' title='bbox 3340 2207 3468 2247; x_wconf 89' lang='lat' dir='ltr'><strong>sane</strong></span> <span class='ocrx_word' id='word_1_627' title='bbox 3493 2193 3661 2248; x_wconf 87' lang='lat' dir='ltr'><strong>multo</strong></span> <span class='ocrx_word' id='word_1_628' title='bbox 3690 2195 3856 2263; x_wconf 81' lang='lat' dir='ltr'><strong>magis</strong></span> <span class='ocrx_word' id='word_1_629' title='bbox 3876 2236 3894 2261; x_wconf 91' lang='lat'><strong>,</strong></span> 
     </span>
    </p>
   </div>
   <div class='ocr_carea' id='block_1_83' title="bbox 2316 2281 3895 2353">
    <p class='ocr_par' dir='ltr' id='par_1_83' title="bbox 2316 2281 3895 2353">
     <span class='ocr_line' id='line_1_83' title="bbox 2316 2281 3895 2353; baseline 0.004 -20"><span class='ocrx_word' id='word_1_630' title='bbox 2316 2281 2528 2351; x_wconf 88' lang='lat' dir='ltr'><strong>quando</strong></span> <span class='ocrx_word' id='word_1_631' title='bbox 2564 2281 2768 2353; x_wconf 86' lang='lat' dir='ltr'><strong>objecta</strong></span> <span class='ocrx_word' id='word_1_632' title='bbox 2816 2282 2905 2336; x_wconf 91' lang='lat' dir='ltr'><strong>tibi</strong></span> <span class='ocrx_word' id='word_1_633' title='bbox 2950 2282 3170 2336; x_wconf 89' lang='lat' dir='ltr'><strong>crimina</strong></span> <span class='ocrx_word' id='word_1_634' title='bbox 3214 2282 3418 2337; x_wconf 88' lang='lat' dir='ltr'><strong>diluere</strong></span> <span class='ocrx_word' id='word_1_635' title='bbox 3461 2293 3680 2338; x_wconf 90' lang='lat' dir='ltr'><strong>conatus</strong></span> <span class='ocrx_word' id='word_1_636' title='bbox 3706 2300 3792 2348; x_wconf 92' lang='lat' dir='ltr'><strong>es,</strong></span> <span class='ocrx_word' id='word_1_637' title='bbox 3842 2285 3895 2339; x_wconf 87' lang='lat' dir='ltr'><strong>id</strong></span> 
     </span>
    </p>
   </div>
   <div class='ocr_carea' id='block_1_84' title="bbox 2317 2370 3895 2441">
    <p class='ocr_par' dir='ltr' id='par_1_84' title="bbox 2317 2370 3895 2441">
     <span class='ocr_line' id='line_1_84' title="bbox 2317 2370 3895 2441; baseline 0.001 -16"><span class='ocrx_word' id='word_1_638' title='bbox 2317 2371 2497 2425; x_wconf 90' lang='lat' dir='ltr'><strong>edisco</strong></span> <span class='ocrx_word' id='word_1_639' title='bbox 2521 2378 2575 2426; x_wconf 89' lang='lat' dir='ltr'><strong>et</strong></span> <span class='ocrx_word' id='word_1_640' title='bbox 2604 2370 2767 2439; x_wconf 79' lang='lat' dir='ltr'><strong>probe</strong></span> <span class='ocrx_word' id='word_1_641' title='bbox 2807 2370 3045 2441; x_wconf 88' lang='lat' dir='ltr'><strong>intelligo</strong></span> <span class='ocrx_word' id='word_1_642' title='bbox 3067 2411 3083 2437; x_wconf 91' lang='lat'><strong>,</strong></span> <span class='ocrx_word' id='word_1_643' title='bbox 3132 2387 3237 2440; x_wconf 82' lang='lat' dir='ltr'><strong>quo</strong></span> <span class='ocrx_word' id='word_1_644' title='bbox 3282 2387 3365 2427; x_wconf 90' lang='lat' dir='ltr'><strong>me</strong></span> <span class='ocrx_word' id='word_1_645' title='bbox 3396 2372 3606 2425; x_wconf 78' lang='lat' dir='ltr'><strong>tandem</strong></span> <span class='ocrx_word' id='word_1_646' title='bbox 3635 2373 3895 2432; x_wconf 85' lang='lat' dir='ltr'><strong>malorum</strong></span> 
     </span>
    </p>
   </div>
   <div class='ocr_carea' id='block_1_85' title="bbox 2317 2460 3890 2528">
    <p class='ocr_par' dir='ltr' id='par_1_85' title="bbox 2317 2460 3890 2528">
     <span class='ocr_line' id='line_1_85' title="bbox 2317 2460 3890 2528; baseline 0.001 -15"><span class='ocrx_word' id='word_1_647' title='bbox 2317 2460 2607 2515; x_wconf 88' lang='lat' dir='ltr'><strong>induxeris.</strong></span> <span class='ocrx_word' id='word_1_648' title='bbox 2638 2460 2769 2515; x_wconf 89' lang='lat' dir='ltr'><strong>Nam</strong></span> <span class='ocrx_word' id='word_1_649' title='bbox 2792 2462 2835 2515; x_wconf 90' lang='lat' dir='ltr'><strong>si</strong></span> <span class='ocrx_word' id='word_1_650' title='bbox 2855 2471 2903 2515; x_wconf 88' lang='lat' dir='ltr'><strong>te</strong></span> <span class='ocrx_word' id='word_1_651' title='bbox 2926 2460 3045 2515; x_wconf 89' lang='lat' dir='ltr'><strong>ideo</strong></span> <span class='ocrx_word' id='word_1_652' title='bbox 3061 2461 3127 2515; x_wconf 88' lang='lat' dir='ltr'><strong>ab</strong></span> <span class='ocrx_word' id='word_1_653' title='bbox 3146 2461 3247 2516; x_wconf 89' lang='lat' dir='ltr'><strong>hoc</strong></span> <span class='ocrx_word' id='word_1_654' title='bbox 3263 2460 3555 2516; x_wconf 87' lang='lat' dir='ltr'><strong>ministerio</strong></span> <span class='ocrx_word' id='word_1_655' title='bbox 3570 2462 3890 2528; x_wconf 73' lang='lat' dir='ltr'><strong>subduxisti,</strong></span> 
     </span>
    </p>
   </div>
   <div class='ocr_carea' id='block_1_86' title="bbox 2316 2550 3897 2623">
    <p class='ocr_par' dir='ltr' id='par_1_86' title="bbox 2316 2550 3897 2623">
     <span class='ocr_line' id='line_1_86' title="bbox 2316 2550 3897 2623; baseline 0.004 -19"><span class='ocrx_word' id='word_1_656' title='bbox 2316 2551 2433 2619; x_wconf 89' lang='lat' dir='ltr'><strong>quia</strong></span> <span class='ocrx_word' id='word_1_657' title='bbox 2460 2550 2693 2605; x_wconf 85' lang='lat' dir='ltr'><strong>animum</strong></span> <span class='ocrx_word' id='word_1_658' title='bbox 2724 2560 2867 2605; x_wconf 89' lang='lat' dir='ltr'><strong>tuum</strong></span> <span class='ocrx_word' id='word_1_659' title='bbox 2899 2561 3056 2605; x_wconf 70' lang='lat' dir='ltr'><strong>tanta:</strong></span> <span class='ocrx_word' id='word_1_660' title='bbox 3091 2552 3245 2606; x_wconf 90' lang='lat' dir='ltr'><strong>molis</strong></span> <span class='ocrx_word' id='word_1_661' title='bbox 3284 2552 3361 2606; x_wconf 85' lang='lat' dir='ltr'><strong>rei</strong></span> <span class='ocrx_word' id='word_1_662' title='bbox 3405 2568 3588 2623; x_wconf 86' lang='lat' dir='ltr'><strong>parem</strong></span> <span class='ocrx_word' id='word_1_663' title='bbox 3630 2570 3733 2608; x_wconf 92' lang='lat' dir='ltr'><strong>non</strong></span> <span class='ocrx_word' id='word_1_664' title='bbox 3772 2570 3897 2611; x_wconf 80' lang='lat' dir='ltr'><strong>esse</strong></span> 
     </span>
    </p>
   </div>
   <div class='ocr_carea' id='block_1_87' title="bbox 2316 2633 3891 2712">
    <p class='ocr_par' dir='ltr' id='par_1_87' title="bbox 2316 2633 3891 2712">
     <span class='ocr_line' id='line_1_87' title="bbox 2316 2633 3891 2712; baseline 0.004 -18"><span class='ocrx_word' id='word_1_665' title='bbox 2316 2633 2557 2706; x_wconf 80' lang='lat' dir='ltr'><strong>sciebas,</strong></span> <span class='ocrx_word' id='word_1_666' title='bbox 2605 2657 2690 2696; x_wconf 86' lang='lat' dir='ltr'><strong>me</strong></span> <span class='ocrx_word' id='word_1_667' title='bbox 2732 2643 2879 2711; x_wconf 90' lang='lat' dir='ltr'><strong>prius</strong></span> <span class='ocrx_word' id='word_1_668' title='bbox 2924 2652 3162 2711; x_wconf 83' lang='lat' dir='ltr'><strong>ereptum</strong></span> <span class='ocrx_word' id='word_1_669' title='bbox 3210 2646 3481 2712; x_wconf 78' lang='lat' dir='ltr'><strong>Oportuit,</strong></span> <span class='ocrx_word' id='word_1_670' title='bbox 3534 2646 3693 2700; x_wconf 86' lang='lat' dir='ltr'><strong>etiam</strong></span> <span class='ocrx_word' id='word_1_671' title='bbox 3740 2647 3785 2700; x_wconf 89' lang='lat' dir='ltr'><strong>si</strong></span> <span class='ocrx_word' id='word_1_672' title='bbox 3838 2648 3891 2701; x_wconf 86' lang='lat' dir='ltr'><strong>id</strong></span> 
     </span>
    </p>
   </div>
   <div class='ocr_carea' id='block_1_88' title="bbox 2316 2730 3890 2816">
    <p class='ocr_par' dir='ltr' id='par_1_88' title="bbox 2316 2730 3890 2816">
     <span class='ocr_line' id='line_1_88' title="bbox 2316 2730 3890 2816; baseline 0.003 -32"><span class='ocrx_word' id='word_1_673' title='bbox 2316 2745 2525 2784; x_wconf 85' lang='lat' dir='ltr'><strong>summo</strong></span> <span class='ocrx_word' id='word_1_674' title='bbox 2549 2731 2727 2785; x_wconf 88' lang='lat' dir='ltr'><strong>studio</strong></span> <span class='ocrx_word' id='word_1_675' title='bbox 2758 2730 3094 2816; x_wconf 48' lang='lat' dir='ltr'><strong>ambigissetn</strong></span> <span class='ocrx_word' id='word_1_676' title='bbox 3120 2746 3225 2813; x_wconf 88' lang='lat' dir='ltr'><strong>:ne</strong></span> <span class='ocrx_word' id='word_1_677' title='bbox 3266 2730 3441 2786; x_wconf 84' lang='lat' dir='ltr'><strong>dicam</strong></span> <span class='ocrx_word' id='word_1_678' title='bbox 3470 2748 3556 2790; x_wconf 89' lang='lat' dir='ltr'><strong>me</strong></span> <span class='ocrx_word' id='word_1_679' title='bbox 3583 2734 3673 2793; x_wconf 89' lang='lat' dir='ltr'><strong>tibi</strong></span> <span class='ocrx_word' id='word_1_680' title='bbox 3704 2735 3890 2789; x_wconf 88' lang='lat' dir='ltr'><strong>horum</strong></span> 
     </span>
    </p>
   </div>
   <div class='ocr_carea' id='block_1_89' title="bbox 2317 2812 3891 2888">
    <p class='ocr_par' dir='ltr' id='par_1_89' title="bbox 2317 2812 3891 2888">
     <span class='ocr_line' id='line_1_89' title="bbox 2317 2812 3891 2888; baseline 0.003 -14"><span class='ocrx_word' id='word_1_681' title='bbox 2317 2820 2597 2874; x_wconf 90' lang='lat' dir='ltr'><strong>consilium</strong></span> <span class='ocrx_word' id='word_1_682' title='bbox 2638 2821 2847 2888; x_wconf 88' lang='lat' dir='ltr'><strong>penitus</strong></span> <span class='ocrx_word' id='word_1_683' title='bbox 2878 2812 3228 2876; x_wconf 87' lang='lat' dir='ltr'><strong>commisisse.</strong></span> <span class='ocrx_word' id='word_1_684' title='bbox 3253 2820 3402 2876; x_wconf 84' lang='lat' dir='ltr'><strong>Nunc</strong></span> <span class='ocrx_word' id='word_1_685' title='bbox 3425 2836 3555 2876; x_wconf 89' lang='lat' dir='ltr'><strong>vero</strong></span> <span class='ocrx_word' id='word_1_686' title='bbox 3582 2838 3691 2877; x_wconf 87' lang='lat' dir='ltr'><strong>rem</strong></span> <span class='ocrx_word' id='word_1_687' title='bbox 3719 2825 3891 2879; x_wconf 87' lang='lat' dir='ltr'><strong>solum</strong></span> 
     </span>
    </p>
   </div>
   <div class='ocr_carea' id='block_1_90' title="bbox 2313 2910 3891 2984">
    <p class='ocr_par' dir='ltr' id='par_1_90' title="bbox 2313 2910 3891 2984">
     <span class='ocr_line' id='line_1_90' title="bbox 2313 2910 3891 2984; baseline 0.003 -19"><span class='ocrx_word' id='word_1_688' title='bbox 2313 2920 2457 2966; x_wconf 88' lang='lat' dir='ltr'><strong>tuam</strong></span> <span class='ocrx_word' id='word_1_689' title='bbox 2500 2911 2569 2965; x_wconf 92' lang='lat' dir='ltr'><strong>ob</strong></span> <span class='ocrx_word' id='word_1_690' title='bbox 2595 2913 2778 2966; x_wconf 88' lang='lat' dir='ltr'><strong>oculos</strong></span> <span class='ocrx_word' id='word_1_691' title='bbox 2820 2912 3021 2967; x_wconf 89' lang='lat' dir='ltr'><strong>habens</strong></span> <span class='ocrx_word' id='word_1_692' title='bbox 3050 2926 3219 2966; x_wconf 82' lang='lat' dir='ltr'><strong>meam</strong></span> <span class='ocrx_word' id='word_1_693' title='bbox 3260 2910 3554 2982; x_wconf 83' lang='lat' dir='ltr'><strong>neglexisti.</strong></span> <span class='ocrx_word' id='word_1_694' title='bbox 3581 2916 3751 2984; x_wconf 86' lang='lat' dir='ltr'><strong>Atque</strong></span> <span class='ocrx_word' id='word_1_695' title='bbox 3782 2917 3891 2969; x_wconf 88' lang='lat' dir='ltr'><strong>uti—</strong></span> 
     </span>
    </p>
   </div>
   <div class='ocr_carea' id='block_1_91' title="bbox 2317 3001 3890 3072">
    <p class='ocr_par' dir='ltr' id='par_1_91' title="bbox 2317 3001 3890 3072">
     <span class='ocr_line' id='line_1_91' title="bbox 2317 3001 3890 3072; baseline 0.002 -18"><span class='ocrx_word' id='word_1_696' title='bbox 2317 3017 2437 3055; x_wconf 88' lang='lat' dir='ltr'><strong>nam</strong></span> <span class='ocrx_word' id='word_1_697' title='bbox 2469 3002 2822 3072; x_wconf 85' lang='lat' dir='ltr'><strong>neglexissesl</strong></span> <span class='ocrx_word' id='word_1_698' title='bbox 2852 3001 2903 3056; x_wconf 92' lang='lat' dir='ltr'><strong>id</strong></span> <span class='ocrx_word' id='word_1_699' title='bbox 2927 3016 3055 3056; x_wconf 88' lang='lat' dir='ltr'><strong>sane</strong></span> <span class='ocrx_word' id='word_1_700' title='bbox 3081 3001 3370 3071; x_wconf 85' lang='lat' dir='ltr'><strong>optandum</strong></span> <span class='ocrx_word' id='word_1_701' title='bbox 3393 3012 3532 3057; x_wconf 87' lang='lat' dir='ltr'><strong>esset</strong></span> <span class='ocrx_word' id='word_1_702' title='bbox 3559 3022 3571 3057; x_wconf 90' lang='lat'><strong>:</strong></span> <span class='ocrx_word' id='word_1_703' title='bbox 3599 3008 3780 3061; x_wconf 85' lang='lat' dir='ltr'><strong>verum</strong></span> <span class='ocrx_word' id='word_1_704' title='bbox 3810 3017 3890 3071; x_wconf 89' lang='lat' dir='ltr'><strong>tu,</strong></span> 
     </span>
    </p>
   </div>
   <div class='ocr_carea' id='block_1_92' title="bbox 2313 3092 3891 3162">
    <p class='ocr_par' dir='ltr' id='par_1_92' title="bbox 2313 3092 3891 3162">
     <span class='ocr_line' id='line_1_92' title="bbox 2313 3092 3891 3162; baseline 0.004 -17"><span class='ocrx_word' id='word_1_705' title='bbox 2313 3100 2370 3145; x_wconf 93' lang='lat' dir='ltr'><strong>ut</strong></span> <span class='ocrx_word' id='word_1_706' title='bbox 2398 3092 2602 3146; x_wconf 89' lang='lat' dir='ltr'><strong>facilius</strong></span> <span class='ocrx_word' id='word_1_707' title='bbox 2624 3108 2652 3146; x_wconf 93' lang='lat' dir='ltr'><strong>a</strong></span> <span class='ocrx_word' id='word_1_708' title='bbox 2683 3092 3044 3162; x_wconf 69' lang='lat' dir='ltr'><strong>quaerentibus</strong></span> <span class='ocrx_word' id='word_1_709' title='bbox 3080 3106 3304 3162; x_wconf 89' lang='lat' dir='ltr'><strong>caperer</strong></span> <span class='ocrx_word' id='word_1_710' title='bbox 3323 3132 3337 3155; x_wconf 96' lang='lat'><strong>,</strong></span> <span class='ocrx_word' id='word_1_711' title='bbox 3386 3092 3603 3147; x_wconf 89' lang='lat' dir='ltr'><strong>insidias</strong></span> <span class='ocrx_word' id='word_1_712' title='bbox 3628 3097 3891 3151; x_wconf 83' lang='lat' dir='ltr'><strong>struxisti.</strong></span> 
     </span>
    </p>
   </div>
   <div class='ocr_carea' id='block_1_93' title="bbox 2311 3181 3895 3252">
    <p class='ocr_par' dir='ltr' id='par_1_93' title="bbox 2311 3181 3895 3252">
     <span class='ocr_line' id='line_1_93' title="bbox 2311 3181 3895 3252; baseline 0.003 -16"><span class='ocrx_word' id='word_1_713' title='bbox 2311 3181 2493 3252; x_wconf 84' lang='lat' dir='ltr'><strong>Neque</strong></span> <span class='ocrx_word' id='word_1_714' title='bbox 2519 3182 2657 3237; x_wconf 89' lang='lat' dir='ltr'><strong>enim</strong></span> <span class='ocrx_word' id='word_1_715' title='bbox 2681 3182 2806 3236; x_wconf 91' lang='lat' dir='ltr'><strong>illud</strong></span> <span class='ocrx_word' id='word_1_716' title='bbox 2832 3182 3006 3252; x_wconf 86' lang='lat' dir='ltr'><strong>eﬁ‘ugii</strong></span> <span class='ocrx_word' id='word_1_717' title='bbox 3040 3182 3130 3236; x_wconf 90' lang='lat' dir='ltr'><strong>tibi</strong></span> <span class='ocrx_word' id='word_1_718' title='bbox 3165 3182 3497 3252; x_wconf 89' lang='lat' dir='ltr'><strong>relinquitur,</strong></span> <span class='ocrx_word' id='word_1_719' title='bbox 3525 3184 3665 3251; x_wconf 85' lang='lat' dir='ltr'><strong>quod</strong></span> <span class='ocrx_word' id='word_1_720' title='bbox 3697 3185 3895 3240; x_wconf 85' lang='lat' dir='ltr'><strong>videli-</strong></span> 
     </span>
    </p>
   </div>
   <div class='ocr_carea' id='block_1_94' title="bbox 2311 3272 3894 3343">
    <p class='ocr_par' dir='ltr' id='par_1_94' title="bbox 2311 3272 3894 3343">
     <span class='ocr_line' id='line_1_94' title="bbox 2311 3272 3894 3343; baseline 0.001 -16"><span class='ocrx_word' id='word_1_721' title='bbox 2311 3281 2396 3327; x_wconf 88' lang='lat' dir='ltr'><strong>cet</strong></span> <span class='ocrx_word' id='word_1_722' title='bbox 2418 3274 2557 3341; x_wconf 84' lang='lat' dir='ltr'><strong>vulgi</strong></span> <span class='ocrx_word' id='word_1_723' title='bbox 2584 3273 2763 3341; x_wconf 92' lang='lat' dir='ltr'><strong>opinio</strong></span> <span class='ocrx_word' id='word_1_724' title='bbox 2792 3281 2840 3326; x_wconf 87' lang='lat' dir='ltr'><strong>te</strong></span> <span class='ocrx_word' id='word_1_725' title='bbox 2860 3272 3160 3341; x_wconf 90' lang='lat' dir='ltr'><strong>deceperit,</strong></span> <span class='ocrx_word' id='word_1_726' title='bbox 3185 3281 3338 3340; x_wconf 91' lang='lat' dir='ltr'><strong>teque</strong></span> <span class='ocrx_word' id='word_1_727' title='bbox 3366 3272 3431 3325; x_wconf 83' lang='lat' dir='ltr'><strong>ad</strong></span> <span class='ocrx_word' id='word_1_728' title='bbox 3458 3288 3643 3343; x_wconf 85' lang='lat' dir='ltr'><strong>magna</strong></span> <span class='ocrx_word' id='word_1_729' title='bbox 3672 3275 3894 3328; x_wconf 85' lang='lat' dir='ltr'><strong>mirabi-</strong></span> 
     </span>
    </p>
   </div>
   <div class='ocr_carea' id='block_1_95' title="bbox 2312 3353 3897 3431">
    <p class='ocr_par' dir='ltr' id='par_1_95' title="bbox 2312 3353 3897 3431">
     <span class='ocr_line' id='line_1_95' title="bbox 2312 3353 3897 3431; baseline 0.003 -16"><span class='ocrx_word' id='word_1_730' title='bbox 2312 3361 2487 3431; x_wconf 88' lang='lat' dir='ltr'><strong>liaque</strong></span> <span class='ocrx_word' id='word_1_731' title='bbox 2514 3362 2696 3426; x_wconf 79' lang='lat' dir='ltr'><strong>deme</strong></span> <span class='ocrx_word' id='word_1_732' title='bbox 2725 3353 3073 3416; x_wconf 73' lang='lat' dir='ltr'><strong>existim’anda</strong></span> <span class='ocrx_word' id='word_1_733' title='bbox 3100 3361 3400 3416; x_wconf 89' lang='lat' dir='ltr'><strong>deduxerit.</strong></span> <span class='ocrx_word' id='word_1_734' title='bbox 3431 3361 3545 3416; x_wconf 87' lang='lat' dir='ltr'><strong>Non</strong></span> <span class='ocrx_word' id='word_1_735' title='bbox 3573 3364 3713 3417; x_wconf 90' lang='lat' dir='ltr'><strong>enim</strong></span> <span class='ocrx_word' id='word_1_736' title='bbox 3751 3364 3897 3420; x_wconf 88' lang='lat' dir='ltr'><strong>inter</strong></span> 
     </span>
    </p>
   </div>
   <div class='ocr_carea' id='block_1_96' title="bbox 2310 3453 3894 3525">
    <p class='ocr_par' dir='ltr' id='par_1_96' title="bbox 2310 3453 3894 3525">
     <span class='ocr_line' id='line_1_96' title="bbox 2310 3453 3894 3525; baseline 0.004 -18"><span class='ocrx_word' id='word_1_737' title='bbox 2310 3453 2650 3508; x_wconf 85' lang='lat' dir='ltr'><strong>admirandos</strong></span> <span class='ocrx_word' id='word_1_738' title='bbox 2676 3462 2730 3507; x_wconf 90' lang='lat' dir='ltr'><strong>et</strong></span> <span class='ocrx_word' id='word_1_739' title='bbox 2754 3454 3072 3522; x_wconf 90' lang='lat' dir='ltr'><strong>conspicuos</strong></span> <span class='ocrx_word' id='word_1_740' title='bbox 3097 3468 3378 3508; x_wconf 89' lang='lat' dir='ltr'><strong>censemur</strong></span> <span class='ocrx_word' id='word_1_741' title='bbox 3403 3473 3416 3508; x_wconf 89' lang='lat'><strong>:</strong></span> <span class='ocrx_word' id='word_1_742' title='bbox 3445 3471 3635 3525; x_wconf 90' lang='lat' dir='ltr'><strong>neque,</strong></span> <span class='ocrx_word' id='word_1_743' title='bbox 3680 3458 3894 3515; x_wconf 86' lang='lat' dir='ltr'><strong>etiamsi</strong></span> 
     </span>
    </p>
   </div>
   <div class='ocr_carea' id='block_1_97' title="bbox 2312 3532 3891 3613">
    <p class='ocr_par' dir='ltr' id='par_1_97' title="bbox 2312 3532 3891 3613">
     <span class='ocr_line' id='line_1_97' title="bbox 2312 3532 3891 3613; baseline 0.003 -14"><span class='ocrx_word' id='word_1_744' title='bbox 2312 3560 2399 3607; x_wconf 86' lang='lat' dir='ltr'><strong>res</strong></span> <span class='ocrx_word' id='word_1_745' title='bbox 2440 3546 2507 3599; x_wconf 89' lang='lat' dir='ltr'><strong>ita</strong></span> <span class='ocrx_word' id='word_1_746' title='bbox 2538 3560 2597 3599; x_wconf 89' lang='lat' dir='ltr'><strong>se</strong></span> <span class='ocrx_word' id='word_1_747' title='bbox 2640 3544 2951 3609; x_wconf 85' lang='lat' dir='ltr'><strong>habuisset,</strong></span> <span class='ocrx_word' id='word_1_748' title='bbox 2980 3545 3265 3597; x_wconf 88' lang='lat' dir='ltr'><strong>multorum</strong></span> <span class='ocrx_word' id='word_1_749' title='bbox 3300 3532 3477 3613; x_wconf 87' lang='lat' dir='ltr'><strong>opinio</strong></span> <span class='ocrx_word' id='word_1_750' title='bbox 3500 3547 3707 3601; x_wconf 87' lang='lat' dir='ltr'><strong>veritati</strong></span> <span class='ocrx_word' id='word_1_751' title='bbox 3731 3558 3891 3603; x_wconf 88' lang='lat' dir='ltr'><strong>ante-</strong></span> 
     </span>
    </p>
   </div>
   <div class='ocr_carea' id='block_1_98' title="bbox 2312 3634 3892 3705">
    <p class='ocr_par' dir='ltr' id='par_1_98' title="bbox 2312 3634 3892 3705">
     <span class='ocr_line' id='line_1_98' title="bbox 2312 3634 3892 3705; baseline 0.002 -16"><span class='ocrx_word' id='word_1_752' title='bbox 2312 3636 2553 3705; x_wconf 89' lang='lat' dir='ltr'><strong>ponenda</strong></span> <span class='ocrx_word' id='word_1_753' title='bbox 2586 3635 2789 3689; x_wconf 90' lang='lat' dir='ltr'><strong>fuisset.</strong></span> <span class='ocrx_word' id='word_1_754' title='bbox 2819 3634 2949 3688; x_wconf 88' lang='lat' dir='ltr'><strong>Nam</strong></span> <span class='ocrx_word' id='word_1_755' title='bbox 2976 3635 3022 3689; x_wconf 88' lang='lat' dir='ltr'><strong>si</strong></span> <span class='ocrx_word' id='word_1_756' title='bbox 3053 3634 3144 3688; x_wconf 91' lang='lat' dir='ltr'><strong>tibi</strong></span> <span class='ocrx_word' id='word_1_757' title='bbox 3173 3649 3457 3703; x_wconf 90' lang='lat' dir='ltr'><strong>numquam</strong></span> <span class='ocrx_word' id='word_1_758' title='bbox 3484 3650 3579 3704; x_wconf 88' lang='lat' dir='ltr'><strong>per</strong></span> <span class='ocrx_word' id='word_1_759' title='bbox 3606 3652 3703 3689; x_wconf 92' lang='lat' dir='ltr'><strong>nos</strong></span> <span class='ocrx_word' id='word_1_760' title='bbox 3730 3648 3892 3694; x_wconf 88' lang='lat' dir='ltr'><strong>antea</strong></span> 
     </span>
    </p>
   </div>
   <div class='ocr_carea' id='block_1_99' title="bbox 2310 3724 3891 3793">
    <p class='ocr_par' dir='ltr' id='par_1_99' title="bbox 2310 3724 3891 3793">
     <span class='ocr_line' id='line_1_99' title="bbox 2310 3724 3891 3793; baseline 0.002 -14"><span class='ocrx_word' id='word_1_761' title='bbox 2310 3726 2566 3790; x_wconf 89' lang='lat' dir='ltr'><strong>licuisset,</strong></span> <span class='ocrx_word' id='word_1_762' title='bbox 2599 3734 2655 3778; x_wconf 92' lang='lat' dir='ltr'><strong>ut</strong></span> <span class='ocrx_word' id='word_1_763' title='bbox 2680 3724 3076 3779; x_wconf 88' lang='lat' dir='ltr'><strong>consuetudinis</strong></span> <span class='ocrx_word' id='word_1_764' title='bbox 3109 3734 3304 3778; x_wconf 59' lang='lat' dir='ltr'><strong>nostra:</strong></span> <span class='ocrx_word' id='word_1_765' title='bbox 3333 3724 3621 3793; x_wconf 90' lang='lat' dir='ltr'><strong>periculurn</strong></span> <span class='ocrx_word' id='word_1_766' title='bbox 3653 3725 3891 3793; x_wconf 89' lang='lat' dir='ltr'><strong>faceres,</strong></span> 
     </span>
    </p>
   </div>
   <div class='ocr_carea' id='block_1_100' title="bbox 2309 3805 3889 3889">
    <p class='ocr_par' dir='ltr' id='par_1_100' title="bbox 2309 3805 3889 3889">
     <span class='ocr_line' id='line_1_100' title="bbox 2309 3805 3889 3889; baseline -0.001 -15"><span class='ocrx_word' id='word_1_767' title='bbox 2309 3820 2456 3874; x_wconf 90' lang='lat' dir='ltr'><strong>color</strong></span> <span class='ocrx_word' id='word_1_768' title='bbox 2482 3805 2670 3889; x_wconf 88' lang='lat' dir='ltr'><strong>aliquis</strong></span> <span class='ocrx_word' id='word_1_769' title='bbox 2695 3817 2883 3872; x_wconf 84' lang='lat' dir='ltr'><strong>adesse</strong></span> <span class='ocrx_word' id='word_1_770' title='bbox 2906 3816 2998 3871; x_wconf 89' lang='lat' dir='ltr'><strong>tibi</strong></span> <span class='ocrx_word' id='word_1_771' title='bbox 3025 3814 3313 3881; x_wconf 87' lang='lat' dir='ltr'><strong>videretur,</strong></span> <span class='ocrx_word' id='word_1_772' title='bbox 3334 3831 3456 3871; x_wconf 89' lang='lat' dir='ltr'><strong>cum</strong></span> <span class='ocrx_word' id='word_1_773' title='bbox 3484 3832 3552 3871; x_wconf 87' lang='lat' dir='ltr'><strong>ex</strong></span> <span class='ocrx_word' id='word_1_774' title='bbox 3580 3818 3717 3887; x_wconf 81' lang='lat' dir='ltr'><strong>vulgi</strong></span> <span class='ocrx_word' id='word_1_775' title='bbox 3745 3818 3889 3874; x_wconf 80' lang='lat' dir='ltr'><strong>fama</strong></span> 
     </span>
    </p>
   </div>
   <div class='ocr_carea' id='block_1_101' title="bbox 2310 3908 3891 3980">
    <p class='ocr_par' dir='ltr' id='par_1_101' title="bbox 2310 3908 3891 3980">
     <span class='ocr_line' id='line_1_101' title="bbox 2310 3908 3891 3980; baseline 0 -15"><span class='ocrx_word' id='word_1_776' title='bbox 2310 3912 2625 3965; x_wconf 88' lang='lat' dir='ltr'><strong>sententiam</strong></span> <span class='ocrx_word' id='word_1_777' title='bbox 2658 3910 2859 3974; x_wconf 89' lang='lat' dir='ltr'><strong>ferres;</strong></span> <span class='ocrx_word' id='word_1_778' title='bbox 2890 3909 2970 3961; x_wconf 88' lang='lat' dir='ltr'><strong>sin</strong></span> <span class='ocrx_word' id='word_1_779' title='bbox 2998 3920 3174 3962; x_wconf 89' lang='lat' dir='ltr'><strong>autem</strong></span> <span class='ocrx_word' id='word_1_780' title='bbox 3202 3908 3376 3961; x_wconf 88' lang='lat' dir='ltr'><strong>nullus</strong></span> <span class='ocrx_word' id='word_1_781' title='bbox 3403 3909 3619 3977; x_wconf 89' lang='lat' dir='ltr'><strong>perinde</strong></span> <span class='ocrx_word' id='word_1_782' title='bbox 3646 3919 3802 3980; x_wconf 88' lang='lat' dir='ltr'><strong>atque</strong></span> <span class='ocrx_word' id='word_1_783' title='bbox 3830 3921 3891 3965; x_wconf 93' lang='lat' dir='ltr'><strong>tu</strong></span> 
     </span>
    </p>
   </div>
   <div class='ocr_carea' id='block_1_102' title="bbox 2311 3998 3890 4068">
    <p class='ocr_par' dir='ltr' id='par_1_102' title="bbox 2311 3998 3890 4068">
     <span class='ocr_line' id='line_1_102' title="bbox 2311 3998 3890 4068; baseline -0.001 -13"><span class='ocrx_word' id='word_1_784' title='bbox 2311 4010 2487 4055; x_wconf 88' lang='lat' dir='ltr'><strong>nostra</strong></span> <span class='ocrx_word' id='word_1_785' title='bbox 2520 4001 2688 4066; x_wconf 91' lang='lat' dir='ltr'><strong>novit,</strong></span> <span class='ocrx_word' id='word_1_786' title='bbox 2719 4000 2825 4053; x_wconf 90' lang='lat' dir='ltr'><strong>imo</strong></span> <span class='ocrx_word' id='word_1_787' title='bbox 2850 4006 3088 4052; x_wconf 89' lang='lat' dir='ltr'><strong>nostrum</strong></span> <span class='ocrx_word' id='word_1_788' title='bbox 3118 3998 3352 4052; x_wconf 89' lang='lat' dir='ltr'><strong>animum</strong></span> <span class='ocrx_word' id='word_1_789' title='bbox 3385 3999 3575 4053; x_wconf 88' lang='lat' dir='ltr'><strong>melius</strong></span> <span class='ocrx_word' id='word_1_790' title='bbox 3599 4015 3753 4068; x_wconf 92' lang='lat' dir='ltr'><strong>quam</strong></span> <span class='ocrx_word' id='word_1_791' title='bbox 3785 4001 3890 4067; x_wconf 84' lang='lat' dir='ltr'><strong>ipsi</strong></span> 
     </span>
    </p>
   </div>
   <div class='ocr_carea' id='block_1_103' title="bbox 2310 4086 3888 4161">
    <p class='ocr_par' dir='ltr' id='par_1_103' title="bbox 2310 4086 3888 4161">
     <span class='ocr_line' id='line_1_103' title="bbox 2310 4086 3888 4161; baseline 0.001 -19"><span class='ocrx_word' id='word_1_792' title='bbox 2310 4102 2555 4161; x_wconf 79' lang='lat' dir='ltr'><strong>parentes</strong></span> <span class='ocrx_word' id='word_1_793' title='bbox 2594 4100 2648 4145; x_wconf 92' lang='lat' dir='ltr'><strong>et</strong></span> <span class='ocrx_word' id='word_1_794' title='bbox 2688 4090 2970 4145; x_wconf 90' lang='lat' dir='ltr'><strong>eductores</strong></span> <span class='ocrx_word' id='word_1_795' title='bbox 3012 4097 3348 4158; x_wconf 87' lang='lat' dir='ltr'><strong>perspectum</strong></span> <span class='ocrx_word' id='word_1_796' title='bbox 3388 4086 3589 4153; x_wconf 85' lang='lat' dir='ltr'><strong>habes,</strong></span> <span class='ocrx_word' id='word_1_797' title='bbox 3629 4104 3729 4158; x_wconf 90' lang='lat' dir='ltr'><strong>qua</strong></span> <span class='ocrx_word' id='word_1_798' title='bbox 3775 4099 3888 4144; x_wconf 88' lang='lat' dir='ltr'><strong>tam</strong></span> 
     </span>
    </p>
   </div>
   <div class='ocr_carea' id='block_1_104' title="bbox 2311 4178 3889 4252">
    <p class='ocr_par' dir='ltr' id='par_1_104' title="bbox 2311 4178 3889 4252">
     <span class='ocr_line' id='line_1_104' title="bbox 2311 4178 3889 4252; baseline -0.004 -14"><span class='ocrx_word' id='word_1_799' title='bbox 2311 4182 2567 4252; x_wconf 90' lang='lat' dir='ltr'><strong>probabili</strong></span> <span class='ocrx_word' id='word_1_800' title='bbox 2596 4182 2836 4235; x_wconf 90' lang='lat' dir='ltr'><strong>oratione</strong></span> <span class='ocrx_word' id='word_1_801' title='bbox 2865 4181 3029 4235; x_wconf 90' lang='lat' dir='ltr'><strong>utaris</strong></span> <span class='ocrx_word' id='word_1_802' title='bbox 3051 4220 3067 4246; x_wconf 95' lang='lat'><strong>,</strong></span> <span class='ocrx_word' id='word_1_803' title='bbox 3108 4187 3167 4233; x_wconf 92' lang='lat' dir='ltr'><strong>ut</strong></span> <span class='ocrx_word' id='word_1_804' title='bbox 3207 4179 3377 4249; x_wconf 91' lang='lat' dir='ltr'><strong>possis</strong></span> <span class='ocrx_word' id='word_1_805' title='bbox 3410 4178 3737 4233; x_wconf 90' lang='lat' dir='ltr'><strong>auditoribus</strong></span> <span class='ocrx_word' id='word_1_806' title='bbox 3765 4195 3889 4250; x_wconf 83' lang='lat' dir='ltr'><strong>per-</strong></span> 
     </span>
    </p>
   </div>
   <div class='ocr_carea' id='block_1_105' title="bbox 2291 4253 3869 4338">
    <p class='ocr_par' dir='ltr' id='par_1_105' title="bbox 2291 4253 3869 4338">
     <span class='ocr_line' id='line_1_105' title="bbox 2291 4253 3869 4338; baseline -0.003 -10"><span class='ocrx_word' id='word_1_807' title='bbox 2291 4253 2527 4328; x_wconf 52' lang='lat' dir='ltr'><strong>\suadere</strong></span> <span class='ocrx_word' id='word_1_808' title='bbox 2547 4312 2563 4336; x_wconf 92' lang='lat'><strong>,</strong></span> <span class='ocrx_word' id='word_1_809' title='bbox 2615 4280 2665 4325; x_wconf 81' lang='lat' dir='ltr'><strong>te</strong></span> <span class='ocrx_word' id='word_1_810' title='bbox 2702 4286 2800 4324; x_wconf 91' lang='lat' dir='ltr'><strong>nos</strong></span> <span class='ocrx_word' id='word_1_811' title='bbox 2838 4269 2891 4324; x_wconf 92' lang='lat' dir='ltr'><strong>in</strong></span> <span class='ocrx_word' id='word_1_812' title='bbox 2922 4280 3122 4323; x_wconf 90' lang='lat' dir='ltr'><strong>tantum</strong></span> <span class='ocrx_word' id='word_1_813' title='bbox 3157 4268 3375 4338; x_wconf 88' lang='lat' dir='ltr'><strong>periculi</strong></span> <span class='ocrx_word' id='word_1_814' title='bbox 3405 4283 3508 4322; x_wconf 92' lang='lat' dir='ltr'><strong>non</strong></span> <span class='ocrx_word' id='word_1_815' title='bbox 3540 4268 3677 4323; x_wconf 89' lang='lat' dir='ltr'><strong>ultro</strong></span> <span class='ocrx_word' id='word_1_816' title='bbox 3705 4271 3869 4335; x_wconf 83' lang='lat' dir='ltr'><strong>conje-</strong></span> 
     </span>
    </p>
   </div>
   <div class='ocr_carea' id='block_1_106' title="bbox 2306 4357 3885 4417">
    <p class='ocr_par' dir='ltr' id='par_1_106' title="bbox 2306 4357 3885 4417">
     <span class='ocr_line' id='line_1_106' title="bbox 2306 4357 3885 4417; baseline -0.003 0"><span class='ocrx_word' id='word_1_817' title='bbox 2306 4362 2482 4417; x_wconf 75' lang='lat' dir='ltr'><strong>cisse?</strong></span> <span class='ocrx_word' id='word_1_818' title='bbox 2527 4362 2721 4415; x_wconf 77' lang='lat' dir='ltr'><strong>Verum</strong></span> <span class='ocrx_word' id='word_1_819' title='bbox 2762 4362 2876 4414; x_wconf 69' lang='lat' dir='ltr'><strong>haec</strong></span> <span class='ocrx_word' id='word_1_820' title='bbox 2905 4374 3043 4414; x_wconf 90' lang='lat' dir='ltr'><strong>nunc</strong></span> <span class='ocrx_word' id='word_1_821' title='bbox 3071 4359 3230 4413; x_wconf 83' lang='lat' dir='ltr'><strong>missa</strong></span> <span class='ocrx_word' id='word_1_822' title='bbox 3275 4357 3566 4412; x_wconf 84' lang='lat' dir='ltr'><strong>faciamus:</strong></span> <span class='ocrx_word' id='word_1_823' title='bbox 3592 4373 3694 4411; x_wconf 89' lang='lat' dir='ltr'><strong>non</strong></span> <span class='ocrx_word' id='word_1_824' title='bbox 3736 4360 3885 4413; x_wconf 87' lang='lat' dir='ltr'><strong>enim</strong></span> 
     </span>
    </p>
   </div>
   <div class='ocr_carea' id='block_1_107' title="bbox 2312 4448 3888 4522">
    <p class='ocr_par' dir='ltr' id='par_1_107' title="bbox 2312 4448 3888 4522">
     <span class='ocr_line' id='line_1_107' title="bbox 2312 4448 3888 4522; baseline -0.001 -16"><span class='ocrx_word' id='word_1_825' title='bbox 2312 4462 2361 4507; x_wconf 91' lang='lat' dir='ltr'><strong>te</strong></span> <span class='ocrx_word' id='word_1_826' title='bbox 2393 4452 2631 4522; x_wconf 89' lang='lat' dir='ltr'><strong>cogimus</strong></span> <span class='ocrx_word' id='word_1_827' title='bbox 2660 4452 2743 4505; x_wconf 91' lang='lat' dir='ltr'><strong>bis</strong></span> <span class='ocrx_word' id='word_1_828' title='bbox 2769 4450 2837 4504; x_wconf 91' lang='lat' dir='ltr'><strong>de</strong></span> <span class='ocrx_word' id='word_1_829' title='bbox 2865 4449 3039 4504; x_wconf 86' lang='lat' dir='ltr'><strong>causis</strong></span> <span class='ocrx_word' id='word_1_830' title='bbox 3078 4450 3165 4516; x_wconf 90' lang='lat' dir='ltr'><strong>jus</strong></span> <span class='ocrx_word' id='word_1_831' title='bbox 3206 4448 3416 4502; x_wconf 89' lang='lat' dir='ltr'><strong>dicere:</strong></span> <span class='ocrx_word' id='word_1_832' title='bbox 3440 4465 3541 4517; x_wconf 89' lang='lat' dir='ltr'><strong>qua</strong></span> <span class='ocrx_word' id='word_1_833' title='bbox 3572 4448 3888 4507; x_wconf 80' lang='lat' dir='ltr'><strong>defensione</strong></span> 
     </span>
    </p>
   </div>
   <div class='ocr_carea' id='block_1_108' title="bbox 2309 4538 3887 4603">
    <p class='ocr_par' dir='ltr' id='par_1_108' title="bbox 2309 4538 3887 4603">
     <span class='ocr_line' id='line_1_108' title="bbox 2309 4538 3887 4603; baseline 0.001 -8"><span class='ocrx_word' id='word_1_834' title='bbox 2309 4552 2490 4597; x_wconf 89' lang='lat' dir='ltr'><strong>contra</strong></span> <span class='ocrx_word' id='word_1_835' title='bbox 2519 4549 2855 4603; x_wconf 87' lang='lat' dir='ltr'><strong>accusatores</strong></span> <span class='ocrx_word' id='word_1_836' title='bbox 2884 4539 3125 4592; x_wconf 81' lang='lat' dir='ltr'><strong>utemur?</strong></span> <span class='ocrx_word' id='word_1_837' title='bbox 3150 4538 3234 4591; x_wconf 90' lang='lat' dir='ltr'><strong>die</strong></span> <span class='ocrx_word' id='word_1_838' title='bbox 3259 4539 3434 4593; x_wconf 71' lang='lat' dir='ltr'><strong>Bedes.</strong></span> <span class='ocrx_word' id='word_1_839' title='bbox 3462 4538 3703 4595; x_wconf 83' lang='lat' dir='ltr'><strong>CHRYS.</strong></span> <span class='ocrx_word' id='word_1_840' title='bbox 3725 4541 3887 4597; x_wconf 84' lang='lat' dir='ltr'><strong>Certe</strong></span> 
     </span>
    </p>
   </div>
   <div class='ocr_carea' id='block_1_109' title="bbox 2307 4622 3886 4702">
    <p class='ocr_par' dir='ltr' id='par_1_109' title="bbox 2307 4622 3886 4702">
     <span class='ocr_line' id='line_1_109' title="bbox 2307 4622 3886 4702; baseline -0.001 -14"><span class='ocrx_word' id='word_1_841' title='bbox 2307 4649 2411 4688; x_wconf 91' lang='lat' dir='ltr'><strong>non</strong></span> <span class='ocrx_word' id='word_1_842' title='bbox 2444 4634 2607 4702; x_wconf 86' lang='lat' dir='ltr'><strong>prius,</strong></span> <span class='ocrx_word' id='word_1_843' title='bbox 2636 4629 2869 4701; x_wconf 86' lang='lat' dir='ltr'><strong>inquam,</strong></span> <span class='ocrx_word' id='word_1_844' title='bbox 2897 4622 2963 4685; x_wconf 85' lang='lat' dir='ltr'><strong>ad</strong></span> <span class='ocrx_word' id='word_1_845' title='bbox 2991 4631 3076 4683; x_wconf 88' lang='lat' dir='ltr'><strong>illa</strong></span> <span class='ocrx_word' id='word_1_846' title='bbox 3113 4645 3198 4684; x_wconf 91' lang='lat' dir='ltr'><strong>me</strong></span> <span class='ocrx_word' id='word_1_847' title='bbox 3226 4639 3428 4684; x_wconf 88' lang='lat' dir='ltr'><strong>vertam</strong></span> <span class='ocrx_word' id='word_1_848' title='bbox 3454 4672 3470 4696; x_wconf 91' lang='lat'><strong>,</strong></span> <span class='ocrx_word' id='word_1_849' title='bbox 3502 4647 3658 4699; x_wconf 89' lang='lat' dir='ltr'><strong>quam</strong></span> <span class='ocrx_word' id='word_1_850' title='bbox 3698 4646 3757 4687; x_wconf 90' lang='lat' dir='ltr'><strong>ea</strong></span> <span class='ocrx_word' id='word_1_851' title='bbox 3796 4634 3886 4687; x_wconf 87' lang='lat' dir='ltr'><strong>di-</strong></span> 
     </span>
    </p>
   </div>
   <div class='ocr_carea' id='block_1_110' title="bbox 2307 4720 3884 4791">
    <p class='ocr_par' dir='ltr' id='par_1_110' title="bbox 2307 4720 3884 4791">
     <span class='ocr_line' id='line_1_110' title="bbox 2307 4720 3884 4791; baseline 0.001 -15"><span class='ocrx_word' id='word_1_852' title='bbox 2307 4724 2628 4791; x_wconf 75' lang='lat' dir='ltr'><strong>luero,&#39;qu:e</strong></span> <span class='ocrx_word' id='word_1_853' title='bbox 2654 4721 2720 4775; x_wconf 90' lang='lat' dir='ltr'><strong>ad</strong></span> <span class='ocrx_word' id='word_1_854' title='bbox 2751 4730 2801 4775; x_wconf 87' lang='lat' dir='ltr'><strong>te</strong></span> <span class='ocrx_word' id='word_1_855' title='bbox 2828 4728 3088 4789; x_wconf 89' lang='lat' dir='ltr'><strong>spectant,</strong></span> <span class='ocrx_word' id='word_1_856' title='bbox 3139 4720 3347 4773; x_wconf 90' lang='lat' dir='ltr'><strong>etiamsi</strong></span> <span class='ocrx_word' id='word_1_857' title='bbox 3377 4722 3676 4775; x_wconf 84' lang='lat' dir='ltr'><strong>sexcenties</strong></span> <span class='ocrx_word' id='word_1_858' title='bbox 3714 4724 3884 4777; x_wconf 78' lang='lat' dir='ltr'><strong>instes</strong></span> 
     </span>
    </p>
   </div>
   <div class='ocr_carea' id='block_1_111' title="bbox 2305 4808 3908 4879">
    <p class='ocr_par' dir='ltr' id='par_1_111' title="bbox 2305 4808 3908 4879">
     <span class='ocr_line' id='line_1_111' title="bbox 2305 4808 3908 4879; baseline 0 -13"><span class='ocrx_word' id='word_1_859' title='bbox 2305 4822 2359 4866; x_wconf 93' lang='lat' dir='ltr'><strong>ut</strong></span> <span class='ocrx_word' id='word_1_860' title='bbox 2419 4812 2636 4865; x_wconf 90' lang='lat' dir='ltr'><strong>crimina</strong></span> <span class='ocrx_word' id='word_1_861' title='bbox 2720 4810 3001 4879; x_wconf 78' lang='lat' dir='ltr'><strong>depellam.</strong></span> <span class='ocrx_word' id='word_1_862' title='bbox 3079 4809 3425 4877; x_wconf 89' lang='lat' dir='ltr'><strong>lgnorantiam</strong></span> <span class='ocrx_word' id='word_1_863' title='bbox 3488 4810 3627 4863; x_wconf 90' lang='lat' dir='ltr'><strong>enim</strong></span> <span class='ocrx_word' id='word_1_864' title='bbox 3702 4808 3908 4868; x_wconf 38' lang='lat' dir='ltr'><strong>dixisti‘</strong></span> 
     </span>
    </p>
   </div>
   <div class='ocr_carea' id='block_1_112' title="bbox 2305 4899 3880 4961">
    <p class='ocr_par' dir='ltr' id='par_1_112' title="bbox 2305 4899 3880 4961">
     <span class='ocr_line' id='line_1_112' title="bbox 2305 4899 3880 4961; baseline 0.001 -6"><span class='ocrx_word' id='word_1_865' title='bbox 2305 4902 2514 4955; x_wconf 82' lang='lat' dir='ltr'><strong>veniam</strong></span> <span class='ocrx_word' id='word_1_866' title='bbox 2540 4902 2692 4955; x_wconf 80' lang='lat' dir='ltr'><strong>nobis</strong></span> <span class='ocrx_word' id='word_1_867' title='bbox 2712 4900 2921 4961; x_wconf 81' lang='lat' dir='ltr'><strong>aﬁ‘erre,</strong></span> <span class='ocrx_word' id='word_1_868' title='bbox 2945 4908 2998 4953; x_wconf 89' lang='lat' dir='ltr'><strong>et</strong></span> <span class='ocrx_word' id='word_1_869' title='bbox 3020 4899 3164 4953; x_wconf 87' lang='lat' dir='ltr'><strong>omni</strong></span> <span class='ocrx_word' id='word_1_870' title='bbox 3187 4913 3282 4951; x_wconf 89' lang='lat' dir='ltr'><strong>nos</strong></span> <span class='ocrx_word' id='word_1_871' title='bbox 3298 4899 3664 4955; x_wconf 83' lang='lat' dir='ltr'><strong>criminatione</strong></span> <span class='ocrx_word' id='word_1_872' title='bbox 3686 4901 3880 4957; x_wconf 78' lang='lat' dir='ltr'><strong>liberos</strong></span> 
     </span>
    </p>
   </div>
   <div class='ocr_carea' id='block_1_113' title="bbox 2304 4988 3876 5057">
    <p class='ocr_par' dir='ltr' id='par_1_113' title="bbox 2304 4988 3876 5057">
     <span class='ocr_line' id='line_1_113' title="bbox 2304 4988 3876 5057; baseline 0.001 -11"><span class='ocrx_word' id='word_1_873' title='bbox 2304 4990 2439 5055; x_wconf 89' lang='lat' dir='ltr'><strong>fore,</strong></span> <span class='ocrx_word' id='word_1_874' title='bbox 2471 4991 2515 5045; x_wconf 89' lang='lat' dir='ltr'><strong>si</strong></span> <span class='ocrx_word' id='word_1_875' title='bbox 2540 5005 2713 5044; x_wconf 90' lang='lat' dir='ltr'><strong>rerum</strong></span> <span class='ocrx_word' id='word_1_876' title='bbox 2743 4999 2947 5042; x_wconf 90' lang='lat' dir='ltr'><strong>tuarum</strong></span> <span class='ocrx_word' id='word_1_877' title='bbox 2975 4988 3161 5057; x_wconf 84' lang='lat' dir='ltr'><strong>ignari,</strong></span> <span class='ocrx_word' id='word_1_878' title='bbox 3192 4997 3241 5041; x_wconf 91' lang='lat' dir='ltr'><strong>le</strong></span> <span class='ocrx_word' id='word_1_879' title='bbox 3268 4989 3319 5041; x_wconf 91' lang='lat' dir='ltr'><strong>in</strong></span> <span class='ocrx_word' id='word_1_880' title='bbox 3342 4998 3657 5056; x_wconf 67' lang='lat' dir='ltr'><strong>praesentem</strong></span> <span class='ocrx_word' id='word_1_881' title='bbox 3683 5001 3876 5048; x_wconf 85' lang='lat' dir='ltr'><strong>statum</strong></span> 
     </span>
    </p>
   </div>
   <div class='ocr_carea' id='block_1_114' title="bbox 2304 5074 3877 5148">
    <p class='ocr_par' dir='ltr' id='par_1_114' title="bbox 2304 5074 3877 5148">
     <span class='ocr_line' id='line_1_114' title="bbox 2304 5074 3877 5148; baseline 0 -13"><span class='ocrx_word' id='word_1_882' title='bbox 2304 5074 2722 5143; x_wconf 84' lang='lat' dir='ltr'><strong>deduxerimns;</strong></span> <span class='ocrx_word' id='word_1_883' title='bbox 2768 5080 2890 5148; x_wconf 88' lang='lat' dir='ltr'><strong>quia</strong></span> <span class='ocrx_word' id='word_1_884' title='bbox 2921 5094 3046 5132; x_wconf 89' lang='lat' dir='ltr'><strong>vero</strong></span> <span class='ocrx_word' id='word_1_885' title='bbox 3075 5087 3125 5130; x_wconf 90' lang='lat' dir='ltr'><strong>te</strong></span> <span class='ocrx_word' id='word_1_886' title='bbox 3168 5093 3271 5130; x_wconf 91' lang='lat' dir='ltr'><strong>non</strong></span> <span class='ocrx_word' id='word_1_887' title='bbox 3318 5078 3618 5146; x_wconf 80' lang='lat' dir='ltr'><strong>ignorantes</strong></span> <span class='ocrx_word' id='word_1_888' title='bbox 3646 5081 3877 5148; x_wconf 60' lang='lat' dir='ltr'><strong>prodidi.</strong></span> 
     </span>
    </p>
   </div>
   <div class='ocr_carea' id='block_1_115' title="bbox 2305 5167 3880 5237">
    <p class='ocr_par' dir='ltr' id='par_1_115' title="bbox 2305 5167 3880 5237">
     <span class='ocr_line' id='line_1_115' title="bbox 2305 5167 3880 5237; baseline 0.001 -13"><span class='ocrx_word' id='word_1_889' title='bbox 2305 5186 2441 5230; x_wconf 87' lang='lat' dir='ltr'><strong>mus.</strong></span> <span class='ocrx_word' id='word_1_890' title='bbox 2473 5185 2559 5224; x_wconf 90' lang='lat' dir='ltr'><strong>res</strong></span> <span class='ocrx_word' id='word_1_891' title='bbox 2589 5179 2703 5223; x_wconf 88' lang='lat' dir='ltr'><strong>tuas</strong></span> <span class='ocrx_word' id='word_1_892' title='bbox 2728 5169 2965 5237; x_wconf 89' lang='lat' dir='ltr'><strong>apprime</strong></span> <span class='ocrx_word' id='word_1_893' title='bbox 3006 5168 3260 5221; x_wconf 88' lang='lat' dir='ltr'><strong>callentes</strong></span> <span class='ocrx_word' id='word_1_894' title='bbox 3281 5206 3295 5230; x_wconf 95' lang='lat'><strong>,</strong></span> <span class='ocrx_word' id='word_1_895' title='bbox 3337 5167 3458 5222; x_wconf 81' lang='lat' dir='ltr'><strong>ideo</strong></span> <span class='ocrx_word' id='word_1_896' title='bbox 3482 5184 3692 5225; x_wconf 89' lang='lat' dir='ltr'><strong>omnem</strong></span> <span class='ocrx_word' id='word_1_897' title='bbox 3725 5171 3880 5226; x_wconf 87' lang='lat' dir='ltr'><strong>nobis</strong></span> 
     </span>
    </p>
   </div>
   <div class='ocr_carea' id='block_1_116' title="bbox 2303 5258 3880 5327">
    <p class='ocr_par' dir='ltr' id='par_1_116' title="bbox 2303 5258 3880 5327">
     <span class='ocr_line' id='line_1_116' title="bbox 2303 5258 3880 5327; baseline 0.003 -16"><span class='ocrx_word' id='word_1_898' title='bbox 2303 5259 2499 5314; x_wconf 86' lang='lat' dir='ltr'><strong>auferri</strong></span> <span class='ocrx_word' id='word_1_899' title='bbox 2530 5258 2885 5313; x_wconf 82' lang='lat' dir='ltr'><strong>excusationis</strong></span> <span class='ocrx_word' id='word_1_900' title='bbox 2925 5265 2977 5310; x_wconf 88' lang='lat' dir='ltr'><strong>et</strong></span> <span class='ocrx_word' id='word_1_901' title='bbox 3018 5258 3356 5326; x_wconf 84' lang='lat' dir='ltr'><strong>congruentis</strong></span> <span class='ocrx_word' id='word_1_902' title='bbox 3386 5259 3639 5327; x_wconf 74' lang='lat' dir='ltr'><strong>apologia:</strong></span> <span class='ocrx_word' id='word_1_903' title='bbox 3668 5274 3880 5319; x_wconf 77' lang='lat' dir='ltr'><strong>ansam.</strong></span> 
     </span>
    </p>
   </div>
   <div class='ocr_carea' id='block_1_117' title="bbox 2304 5347 3878 5418">
    <p class='ocr_par' dir='ltr' id='par_1_117' title="bbox 2304 5347 3878 5418">
     <span class='ocr_line' id='line_1_117' title="bbox 2304 5347 3878 5418; baseline 0.003 -15"><span class='ocrx_word' id='word_1_904' title='bbox 2304 5354 2372 5403; x_wconf 85' lang='lat' dir='ltr'><strong>At</strong></span> <span class='ocrx_word' id='word_1_905' title='bbox 2395 5364 2492 5418; x_wconf 88' lang='lat' dir='ltr'><strong>ego</strong></span> <span class='ocrx_word' id='word_1_906' title='bbox 2515 5357 2693 5401; x_wconf 89' lang='lat' dir='ltr'><strong>contra</strong></span> <span class='ocrx_word' id='word_1_907' title='bbox 2716 5362 2907 5401; x_wconf 87' lang='lat' dir='ltr'><strong>censeo</strong></span> <span class='ocrx_word' id='word_1_908' title='bbox 2922 5365 2936 5402; x_wconf 92' lang='lat'><strong>:</strong></span> <span class='ocrx_word' id='word_1_909' title='bbox 2952 5347 3065 5401; x_wconf 59' lang='lat' dir='ltr'><strong>haec</strong></span> <span class='ocrx_word' id='word_1_910' title='bbox 3084 5349 3225 5401; x_wconf 90' lang='lat' dir='ltr'><strong>enim</strong></span> <span class='ocrx_word' id='word_1_911' title='bbox 3249 5348 3415 5400; x_wconf 81' lang='lat' dir='ltr'><strong>multo</strong></span> <span class='ocrx_word' id='word_1_912' title='bbox 3438 5359 3595 5417; x_wconf 86' lang='lat' dir='ltr'><strong>egent</strong></span> <span class='ocrx_word' id='word_1_913' title='bbox 3612 5353 3878 5407; x_wconf 88' lang='lat' dir='ltr'><strong>examine.</strong></span> 
     </span>
    </p>
   </div>
   <div class='ocr_carea' id='block_1_118' title="bbox 2299 5435 3881 5505">
    <p class='ocr_par' dir='ltr' id='par_1_118' title="bbox 2299 5435 3881 5505">
     <span class='ocr_line' id='line_1_118' title="bbox 2299 5435 3881 5505; baseline 0.002 -13"><span class='ocrx_word' id='word_1_914' title='bbox 2299 5438 2437 5492; x_wconf 87' lang='lat' dir='ltr'><strong>Sane</strong></span> <span class='ocrx_word' id='word_1_915' title='bbox 2485 5452 2605 5490; x_wconf 85' lang='lat' dir='ltr'><strong>cum</strong></span> <span class='ocrx_word' id='word_1_916' title='bbox 2660 5437 2749 5505; x_wconf 89' lang='lat' dir='ltr'><strong>qui</strong></span> <span class='ocrx_word' id='word_1_917' title='bbox 2800 5435 2865 5488; x_wconf 86' lang='lat' dir='ltr'><strong>ad</strong></span> <span class='ocrx_word' id='word_1_918' title='bbox 2913 5436 3266 5490; x_wconf 89' lang='lat' dir='ltr'><strong>sacerdotium</strong></span> <span class='ocrx_word' id='word_1_919' title='bbox 3315 5438 3614 5505; x_wconf 89' lang='lat' dir='ltr'><strong>quempiam</strong></span> <span class='ocrx_word' id='word_1_920' title='bbox 3666 5439 3881 5495; x_wconf 82' lang='lat' dir='ltr'><strong>tradere</strong></span> 
     </span>
    </p>
   </div>
   <div class='ocr_carea' id='block_1_119' title="bbox 2299 5526 3877 5593">
    <p class='ocr_par' dir='ltr' id='par_1_119' title="bbox 2299 5526 3877 5593">
     <span class='ocr_line' id='line_1_119' title="bbox 2299 5526 3877 5593; baseline 0.004 -14"><span class='ocrx_word' id='word_1_921' title='bbox 2299 5528 2458 5591; x_wconf 87' lang='lat' dir='ltr'><strong>velit,</strong></span> <span class='ocrx_word' id='word_1_922' title='bbox 2516 5540 2625 5579; x_wconf 83' lang='lat' dir='ltr'><strong>non</strong></span> <span class='ocrx_word' id='word_1_923' title='bbox 2666 5534 2877 5593; x_wconf 83' lang='lat' dir='ltr'><strong>oportet</strong></span> <span class='ocrx_word' id='word_1_924' title='bbox 2920 5527 3031 5579; x_wconf 88' lang='lat' dir='ltr'><strong>sola</strong></span> <span class='ocrx_word' id='word_1_925' title='bbox 3075 5526 3215 5591; x_wconf 79' lang='lat' dir='ltr'><strong>vulgi</strong></span> <span class='ocrx_word' id='word_1_926' title='bbox 3265 5526 3514 5593; x_wconf 89' lang='lat' dir='ltr'><strong>opinione</strong></span> <span class='ocrx_word' id='word_1_927' title='bbox 3564 5539 3877 5585; x_wconf 83' lang='lat' dir='ltr'><strong>contentum</strong></span> 
     </span>
    </p>
   </div>
   <div class='ocr_carea' id='block_1_120' title="bbox 2275 5614 3877 5685">
    <p class='ocr_par' dir='ltr' id='par_1_120' title="bbox 2275 5614 3877 5685">
     <span class='ocr_line' id='line_1_120' title="bbox 2275 5614 3877 5685; baseline 0.003 -16"><span class='ocrx_word' id='word_1_928' title='bbox 2275 5630 2436 5678; x_wconf 60' lang='lat' dir='ltr'><strong>-esse,</strong></span> <span class='ocrx_word' id='word_1_929' title='bbox 2466 5614 2558 5667; x_wconf 79' lang='lat' dir='ltr'><strong>sed</strong></span> <span class='ocrx_word' id='word_1_930' title='bbox 2588 5626 2642 5667; x_wconf 89' lang='lat' dir='ltr'><strong>ut</strong></span> <span class='ocrx_word' id='word_1_931' title='bbox 2669 5630 2788 5667; x_wconf 90' lang='lat' dir='ltr'><strong>cum</strong></span> <span class='ocrx_word' id='word_1_932' title='bbox 2832 5615 2917 5667; x_wconf 91' lang='lat' dir='ltr'><strong>illa</strong></span> <span class='ocrx_word' id='word_1_933' title='bbox 2967 5629 3115 5668; x_wconf 88' lang='lat' dir='ltr'><strong>suam</strong></span> <span class='ocrx_word' id='word_1_934' title='bbox 3148 5630 3255 5682; x_wconf 76' lang='lat' dir='ltr'><strong>pm:</strong></span> <span class='ocrx_word' id='word_1_935' title='bbox 3282 5615 3526 5668; x_wconf 88' lang='lat' dir='ltr'><strong>omnibus</strong></span> <span class='ocrx_word' id='word_1_936' title='bbox 3555 5616 3712 5671; x_wconf 89' lang='lat' dir='ltr'><strong>addat</strong></span> <span class='ocrx_word' id='word_1_937' title='bbox 3738 5634 3877 5685; x_wconf 85' lang='lat' dir='ltr'><strong>opus</strong></span> 
     </span>
    </p>
   </div>
   <div class='ocr_carea' id='block_1_121' title="bbox 2299 5704 3873 5774">
    <p class='ocr_par' dir='ltr' id='par_1_121' title="bbox 2299 5704 3873 5774">
     <span class='ocr_line' id='line_1_121' title="bbox 2299 5704 3873 5774; baseline 0.002 -15"><span class='ocrx_word' id='word_1_938' title='bbox 2299 5715 2409 5765; x_wconf 88' lang='lat' dir='ltr'><strong>est.</strong></span> <span class='ocrx_word' id='word_1_939' title='bbox 2455 5714 2617 5774; x_wconf 84' lang='lat' dir='ltr'><strong>utque</strong></span> <span class='ocrx_word' id='word_1_940' title='bbox 2646 5706 2696 5757; x_wconf 91' lang='lat' dir='ltr'><strong>in</strong></span> <span class='ocrx_word' id='word_1_941' title='bbox 2727 5705 2908 5773; x_wconf 81' lang='lat' dir='ltr'><strong>primis</strong></span> <span class='ocrx_word' id='word_1_942' title='bbox 2939 5705 3076 5760; x_wconf 87' lang='lat' dir='ltr'><strong>illius</strong></span> <span class='ocrx_word' id='word_1_943' title='bbox 3116 5704 3393 5760; x_wconf 80' lang='lat' dir='ltr'><strong>facultates</strong></span> <span class='ocrx_word' id='word_1_944' title='bbox 3433 5704 3691 5774; x_wconf 76' lang='lat' dir='ltr'><strong>exploret.</strong></span> <span class='ocrx_word' id='word_1_945' title='bbox 3741 5706 3873 5763; x_wconf 80' lang='lat' dir='ltr'><strong>Nam</strong></span> 
     </span>
    </p>
   </div>
  </div>
