4158 6316
145 381 247 436 057

142 510 334 562 beatus
368 506 454 563 ille
489 507 680 561 Paulus
709 485 1031 560 cum'dixit:
1061 505 1272 572 Oportet
1303 515 1470 557 autem
1502 506 1646 558 illum
1680 514 1732 576 et

145 600 482 652 testimonium
509 600 689 651 habere
713 597 905 651 bonum
927 601 987 650 ab
1011 599 1069 650 iis
1089 598 1172 666 qui
1201 597 1324 665 foris
1350 605 1466 648 sunt
1489 597 1565 665 (1.
1595 593 1736 649 Tim.

147 690 197 742 5.
232 690 309 755 7),
344 704 678 758 nequaquam
707 690 837 741 tollit
865 697 1168 746 accuratum
1200 687 1586 755 probatumque
1612 701 1738 739 exao

152 797 294 844 men,
315 797 486 850 neque
510 789 566 833 ut
586 780 905 849 prrcipuuni
950 780 1064 849 ejus
1095 780 1421 849 probationis
1448 781 1654 848 signum
1687 778 1739 832 id

152 883 415 942 proponit.
446 872 660 926 Etenim
689 871 867 925 multis
894 879 1047 925 antea
1071 871 1362 940 prmmissis
1393 871 1606 923 tandem
1637 871 1739 923 hoc

153 960 391 1027 addidit,
431 969 492 1014 ut
520 961 862 1026 ostenderet,
908 976 1014 1016 non
1059 976 1211 1014 suum
1246 969 1446 1014 tantum
1475 959 1736 1022 calculum

148 1050 392 1104 sufficere
417 1047 482 1103 ad
513 1051 646 1103 tales
684 1051 970 1104 electiones
990 1091 1005 1113 ,
1036 1049 1127 1102 sed
1154 1064 1273 1103 cum
1311 1049 1428 1102 aliis
1456 1058 1629 1103 tamen
1656 1065 1738 1103 re-

148 1141 304 1209 quiri.
349 1139 503 1209 Saepe
533 1134 761 1210 namque
787 1140 963 1194 evenit
990 1148 1045 1193 ut
1074 1139 1212 1210 vulgi
1247 1141 1433 1207 opinio
1470 1138 1599 1193 falsa
1627 1141 1694 1193 sit
1720 1157 1734 1192 :

151 1240 417 1297 prteeunte
451 1239 629 1284 autem
661 1239 910 1284 accurato
939 1230 1182 1307 examine
1214 1229 1344 1283 nihil
1381 1240 1566 1298 postea
1599 1230 1739 1299 peri-

150 1319 250 1372 culi
280 1335 341 1372 ex
374 1335 432 1373 ea
466 1321 722 1388 SllSplCﬂl‘l
746 1321 871 1374 licet
895 1308 1411 1388 :idqune'postalia
1431 1329 1734 1374 exterornm

151 1411 305 1464 etiam
339 1411 698 1469 testimonium
726 1412 969 1480 requirit.
993 1410 1180 1480 Neque
1208 1413 1349 1465 enim
1379 1413 1550 1465 solum
1578 1413 1728 1477 dixit,

153 1501 355 1569 Oportet
395 1513 562 1555 autem
592 1501 737 1555 illum
779 1511 827 1556 et
869 1504 1204 1556 testimonium
1234 1503 1415 1556 habere
1443 1504 1624 1556 bonum
1656 1504 1730 1574 (1.

150 1591 275 1645 Tim.
301 1593 353 1647 5.
380 1591 468 1664 7);
497 1593 590 1647 sed
612 1591 832 1659 addidit,
861 1593 936 1646 Ab
960 1593 1022 1646 iis
1047 1594 1132 1663 qui
1155 1594 1280 1663 foris
1309 1603 1449 1658 sunt,
1481 1604 1535 1647 ut
1563 1595 1730 1662 palam

151 1683 375 1750 faceret,
422 1695 730 1739 exterorum
760 1685 998 1754 opinioni
1039 1693 1093 1738 ct
1127 1684 1281 1739 fama:
1312 1685 1501 1754 prmire
1538 1686 1732 1739 debere

148 1784 446 1827 accuratum
482 1789 727 1829 examen.
771 1775 1033 1840 Quoniam
1071 1775 1230 1844 igitur
1257 1791 1355 1844 ego
1380 1791 1498 1845 quae
1527 1785 1577 1830 te
1606 1793 1730 1846 spe-

149 1863 357 1916 ctabant
397 1864 514 1932 plus
547 1881 706 1933 quam
744 1875 994 1934 parentes
1039 1866 1149 1931 tui,
1181 1875 1237 1919 ut
1264 1869 1376 1934 ipse
1405 1866 1606 1930 fateris,
1636 1882 1733 1919 no-

149 1967 321 2007 veram
348 1994 362 2016 ,
404 1954 523 2009 ideo
551 1954 742 2024 dignus
776 1970 892 2009 sum
924 1955 1014 2025 qui
1062 1955 1129 2009 ab
1156 1955 1300 2008 omni
1340 1955 1562 2011 crimine
1599 1956 1732 2011 liber

150 2042 398 2098 dimittar.
1584 2051 1591 2058 ’

213 2136 532 2193 BASILIUS.
560 2137 673 2193 Non
702 2138 821 2192 ideo
850 2138 1097 2208 effugeris
1121 2181 1134 2204 ,
1183 2139 1385 2209 inquit,
1419 2139 1462 2194 si
1493 2149 1544 2195 te
1586 2141 1732 2209 quis-

150 2225 280 2293 piam
327 2241 579 2298 accusare
623 2229 768 2281 velit.
821 2232 1009 2283 Annon
1061 2213 1346 2283 meministi
1400 2240 1450 2284 te
1496 2247 1524 2284 a
1576 2231 1729 2285 nobis

148 2330 282 2384 sepe
311 2317 539 2382 audisse,
569 2328 724 2387 atque
745 2319 811 2373 ab
839 2320 963 2387 ipsis
986 2320 1235 2388 operibus
1262 2319 1543 2375 edidicisse
1570 2337 1727 2389 quam

148 2421 322 2474 parum
344 2411 588 2478 generosi
611 2411 710 2464 sim
733 2412 934 2463 animi?
966 2413 1155 2472 Annon
1179 2411 1310 2466 mihi
1335 2428 1477 2481 Step0
1500 2414 1725 2469 ridendo

148 2501 622 2568 pusillanimitatem
665 2502 1028 2571 exprobrabas
1053 2540 1088 2568 ,-
1119 2504 1260 2573 quod
1314 2504 1398 2558 vel
1447 2504 1728 2562 levissimis

149 2590 280 2645 curis
301 2591 450 2646 facile
476 2574 770 2661 dejicercr?

209 2681 259 2736 5.
291 2681 397 2736 Nos
429 2692 633 2752 prapter
659 2683 916 2737 caritatem
945 2685 997 2735 in
1032 2681 1288 2737 Christum
1323 2701 1428 2738 rem
1461 2685 1609 2738 istaut
1635 2685 1721 2754 [u-

145 2773 282 2841 gisse.
311 2802 382 2822 —-.
409 2771 783 2828 CHRYSOST.
814 2772 1027 2826 Memini
1058 2789 1188 2827 sane
1218 2789 1305 2828 me
1332 2789 1478 2843 saepe
1503 2775 1602 2829 hoc
1627 2776 1723 2830 abs

147 2865 192 2916 te
217 2863 413 2930 audire,
442 2879 616 2933 neque
658 2865 862 2919 inﬁcias
889 2881 975 2919 eo.
1007 2866 1117 2935 Ego
1147 2881 1275 2919 vero
1315 2867 1359 2920 si
1395 2867 1608 2936 quando
1636 2885 1724 2920 ca-

144 2951 369 3020 villabar,
403 2954 551 3022 joco,
585 2969 692 3008 non
750 2955 912 3020 serio,
957 2955 1006 3008 id
1048 2956 1291 3024 agebam.
1324 2957 1574 3024 Attamen
1614 2972 1720 3011 non

145 3059 200 3098 ea
238 3044 303 3099 de
340 3061 397 3100 re
433 3061 578 3101 nunc
605 3047 957 3109 contendam;
1002 3062 1134 3116 rogo
1169 3057 1218 3100 te
1257 3056 1437 3101 autem
1474 3047 1718 3102 eamdem

145 3136 258 3190 mihi
277 3145 495 3205 praestes
518 3136 922 3206 ingenuitatem,
950 3137 1036 3190 ubi
1061 3134 1317 3190 virtutum
1337 3146 1543 3190 tuarum
1570 3153 1719 3191 men-

145 3227 324 3280 tionem
358 3226 567 3281 faciam.
608 3226 820 3281 Etenim
857 3227 902 3280 si
941 3227 1152 3281 coneris
1193 3241 1294 3280 nos
1335 3226 1598 3281 mendacii
1626 3242 1717 3280 ar-

146 3334 318 3387 guere,
363 3319 452 3374 tibi
497 3335 601 3372 non
644 3333 944 3387 parcemus,
983 3317 1075 3371 sed
1113 3317 1458 3372 ostendemus
1502 3326 1554 3372 te
1596 3334 1718 3371 mo-

143 3409 309 3462 destia:
334 3410 530 3478 potius,
554 3424 710 3479 quam
733 3409 975 3463 veritatis
992 3423 1152 3462 causa
1173 3407 1289 3463 haec
1313 3409 1472 3462 verba
1496 3407 1712 3475 fecisse,

145 3513 233 3552 non
263 3499 570 3568 aliisquam
600 3499 775 3553 verbis
805 3508 858 3553 et
895 3497 1048 3553 factis
1074 3500 1179 3553 tuis
1215 3500 1486 3568 usurpatis
1511 3499 1576 3554 ad
1601 3515 1713 3554 rem

144 3591 538 3645 continuandam
571 3591 813 3646 testibus.
860 3594 1036 3662 Atque
1069 3591 1297 3660 primum
1338 3592 1434 3647 abs
1476 3602 1526 3647 te
1561 3609 1724 3662 quaem

147 3696 249 3734 rere
280 3682 395 3735 volo
430 3701 444 3734 :
473 3681 696 3747 Nostin’,
729 3688 922 3750 quanta
964 3682 1035 3734 sit
1073 3682 1153 3735 vis
1185 3683 1468 3736 caritatis?
1500 3676 1710 3738 Etenim

145 3770 385 3840 Christus,
417 3759 597 3827 missis
627 3771 882 3843 prodigiis
913 3773 1181 3837 omnibus,
1215 3789 1334 3842 qua:
1362 3774 1429 3828 ab
1453 3775 1710 3842 apostolis

145 3865 327 3919 edenda
374 3874 548 3931 erant,
602 3863 667 3918 In
711 3867 836 3930 hoc,
884 3866 1074 3934 inquit,
1121 3877 1419 3936 cognoscent
1461 3867 1707 3934 homines,

146 3958 243 4022 quia
266 3958 498 4027 discipuli
526 3959 623 4011 mei
649 3958 785 4022 estis,
811 3960 854 4010 si
879 3957 1202 4011 dilectionem
1229 3958 1505 4013 habueritis
1525 3961 1594 4013 ad
1623 3961 1706 4013 in—

147 4047 275 4100 ticem
321 4047 495 4115 (Joan.
539 4049 630 4102 15.
685 4048 801 4118 55).
849 4048 1048 4102 Paulus
1093 4064 1221 4102 vero
1274 4050 1348 4102 ait
1394 4050 1538 4103 illam
1588 4065 1708 4105 esse

147 4137 255 4206 legis
281 4142 294 4170 ¹
322 4139 702 4207 plenitudinem
723 4181 738 4203 ,
778 4141 893 4195 sine
931 4156 1033 4210 qua
1063 4141 1382 4196 charismata
1423 4142 1550 4196 nihil
1583 4158 1710 4212 pro-

145 4239 245 4282 sunt
270 4229 437 4293 (Rom.
466 4231 553 4285 15.
581 4231 692 4300 10).
719 4231 854 4285 illud
879 4246 1009 4286 sane
1031 4233 1284 4286 eximium
1306 4233 1527 4298 bonum,
1549 4232 1704 4288 disci-

146 4319 360 4385 pulorum
409 4320 606 4374 Christi
653 4323 886 4390 signum,
930 4312 1073 4391 quod
1117 4323 1246 4390 ipsis
1290 4322 1704 4378 charismatibus

146 4411 359 4476 Superius
382 4419 484 4476 est,
516 4410 623 4465 vidi
652 4411 702 4464 in
733 4412 914 4466 animo
940 4421 1030 4466 tuo
1059 4428 1321 4481 generose
1348 4415 1582 4480 insitum,
1612 4414 1705 4470 eo?

146 4498 428 4570 piosumque
454 4501 684 4558 fructum
723 4503 993 4557 emittere.
1021 4503 1154 4557 Tum
1185 4503 1490 4561 BASILIUS
1530 4524 1543 4561 :
1575 4508 1701 4562 Mihi

147 4586 257 4644 hanc
292 4608 400 4646 rem
438 4608 780 4662 summopere
818 4610 960 4648 curae
991 4610 1141 4665 esse,
1179 4598 1571 4667 maximamque
1610 4616 1701 4657 me

148 4679 524 4735 sollicitudinem
557 4683 608 4736 in
640 4682 743 4737 hoc
771 4683 1046 4754 implendo
1077 4695 1348 4754 prmcepto
1376 4703 1577 4757 ponere
1616 4690 1699 4744 fa-

147 4778 240 4823 tcor
266 4790 277 4827 :
305 4773 444 4842 quod
485 4782 666 4828 autem
706 4790 774 4829 ne
811 4775 1091 4831 dimidium
1132 4778 1348 4848 quidem
1392 4780 1509 4850 ejus
1547 4797 1699 4839 asse-

145 4873 305 4926 quutus
331 4863 430 4916 sim
450 4905 465 4927 ,
486 4872 540 4918 tu
561 4864 690 4918 mihi
720 4866 869 4920 testis
892 4866 1022 4930 eris,
1046 4867 1090 4920 si
1119 4883 1224 4922 non
1247 4868 1313 4922 ad
1333 4871 1578 4938 gratiam,
1602 4873 1698 4928 sed

147 4954 402 5008 secundum
430 4956 506 5008 rei
535 4956 816 5010 veritatem
855 4957 998 5027 loqui
1030 4957 1283 5012 volueris.
1312 4959 1693 5018 CHRYSOST.

150 5040 278 5110 Igitur
301 5046 366 5100 ad
394 5057 704 5116 argumenta
730 5063 816 5101 me
842 5058 1068 5114 vertam,
1092 5059 1146 5104 et
1170 5051 1311 5121 quod
1338 5055 1696 5113 comminatus

146 5146 237 5187 sum
255 5152 389 5191 nunc
410 5137 690 5213 praestabo,
725 5148 782 5192 ut
804 5140 1081 5193 ostendam
1111 5149 1161 5195 te
1192 5142 1506 5197 modestiam
1533 5161 1693 5215 quam

148 5227 385 5282 veritatem
415 5229 582 5299 magis
609 5244 820 5284 curare.
852 5230 1091 5301 Remque
1120 5234 1350 5288 narrabo
1391 5253 1559 5306 nuper
1596 5254 1692 5308 ge-

145 5327 272 5388 stam,
303 5336 372 5375 ne
405 5321 545 5389 quis,
585 5322 630 5375 si
673 5308 860 5377 vetera
894 5339 1227 5391 recenseam,
1269 5329 1571 5397 suspicetur
1605 5346 1692 5387 me

147 5412 360 5478 temporis
401 5411 745 5467 diuturnitate
785 5415 1060 5468 veritatem
1112 5416 1404 5485 obtegere:
1449 5434 1568 5473 cum
1599 5436 1692 5476 ve-

150 5496 246 5552 ritas
279 5501 391 5570 ipsa
433 5518 537 5555 non
580 5505 851 5572 permittat
878 5519 977 5559 nos
1003 5505 1295 5577 quidquam
1317 5508 1575 5582 affingere
1605 5514 1690 5567 vel

145 5587 207 5651 iis,
230 5605 334 5660 qua
361 5593 428 5647 ad
449 5594 673 5665 gratiam
699 5593 970 5650 dicuntur.

189 5759 202 5789 ⁸
232 5763 390 5828 Aliqui,
415 5763 531 5830 legis
553 5773 598 5819 et
619 5768 979 5832 prophetarum.

1256 447 1260 451 ,
1319 393 1405 448 DE
1443 390 1893 450 SACERDOTIO.
1938 393 2064 448 LIB.
2107 395 2170 449 ll.

2752 474 2755 475 ν
3340 409 3446 465 oss
3497 419 3500 422 ’

1928 503 1980 558 6.
2023 502 2395 561 Demonstratio
2431 507 2626 566 virtutis
2665 510 2874 579 Basilii,
2913 525 2961 569 et
2996 517 3295 573 vehementis
3335 524 3445 589 ejus

1851 597 2095 650 caritatis.
2114 627 2180 636 —-
2205 598 2334 652 Cum
2361 600 2504 654 enim
2533 601 2747 671 quidam
2773 621 2839 659 ex
2866 605 3215 664 familiaribus
3246 615 3444 666 nostris

1849 689 2184 743 contumeliae
2222 699 2275 744 et
2300 695 2616 762 arrogantia:
2645 711 2742 765 per
2775 697 3097 754 calumniam
3137 715 3439 769 accusatus,
3476 745 3483 759 .

1850 776 1900 831 iu
1933 789 2173 834 extremo
2205 783 2439 850 periculo
2465 794 2644 840 esset:
2669 796 2795 842 tunc
2825 790 3037 845 nemine
3063 801 3114 846 te
3140 792 3442 860 incusante,

1847 881 1946 920 nec
1963 871 2394 941 roganteilloqui
2415 875 2830 942 periclitabatur,
2865 878 2916 931 in
2946 880 3182 934 medium
3218 891 3268 936 te
3297 889 3442 950 peri-

1849 958 2025 1010 culum
2040 959 2334 1027 conjecisti.
2360 963 2469 1016 lloc
2496 972 2548 1016 tu
2568 965 2761 1019 factum
2781 967 3012 1023 edidisti.
3027 969 3097 1024 Ut
3113 981 3290 1026 autem
3315 982 3366 1026 te
3378 990 3443 1028 ex

1846 1047 2020 1101 verbis
2040 1049 2144 1102 tuis
2164 1065 2468 1119 arguamus,
2491 1054 2688 1123 tibique
2712 1055 2825 1125 ipsa
2843 1058 3003 1112 verba
3021 1069 3108 1113 tua
3128 1062 3178 1114 in
3205 1072 3443 1118 mentem

1844 1144 2157 1194 revocemns
2183 1142 2199 1173 ¹
2232 1159 2388 1196 :cum
2437 1144 2573 1200 banc
2605 1147 2766 1202 animi
2806 1150 2877 1203 tui
2916 1154 3328 1220 generositatem
3351 1155 3443 1209 alii

1845 1233 2360 1309 nmLapprobarcnt,
2392 1236 2480 1290 alii
2514 1237 2876 1308 laudarentac
2902 1233 3244 1309 mirarentur,
3275 1260 3439 1300 accu-

1843 1324 2106 1378 satoribus
2149 1326 2253 1380 tuis
2290 1323 2470 1381 dixisti
2517 1346 2530 1380 :
2577 1329 2781 1398 Ecquid
2823 1333 3016 1400 agam?
3061 1335 3218 1390 aliter
3257 1351 3439 1390 amare

1844 1428 1948 1465 nou
1973 1414 2154 1480 didici,
2184 1416 2379 1470 nisiut
2417 1419 2578 1486 vitam
2607 1435 2797 1483 meam,
2820 1436 3105 1492 exponam,
3134 1440 3257 1479 cum
3289 1427 3437 1494 peri-

1841 1503 2112 1559 clitantem
2161 1507 2389 1560 amicum
2439 1522 2656 1564 servare
2699 1526 2834 1580 opus
2878 1521 2961 1568 cst
3001 1516 3178 1570 Latiis
3221 1518 3435 1586 quidem

1841 1594 2037 1660 verbis,
2070 1596 2162 1650 sed
2192 1598 2379 1651 eodem
2409 1612 2602 1662 sensu,
2623 1599 2819 1656 Christi
2849 1603 2990 1671 dicta
3019 1604 3294 1674 loquutus,
3317 1611 3438 1677 qui-

1839 1681 1937 1738 bus
1961 1685 2049 1739 ille
2076 1685 2351 1755 discipulis
2380 1687 2630 1758 perfectae
2657 1692 2894 1746 caritatis
2923 1694 3184 1750 terminos
3214 1699 3388 1764 posuit
3417 1715 3430 1753 :

1839 1789 1963 1829 nam
1991 1774 2241 1846 Majorem
2264 1779 2379 1843 hac,
2416 1780 2606 1850 inquit,
2629 1783 2890 1837 caritatem
2911 1801 3058 1839 nemo
3086 1786 3250 1852 habet,
3283 1805 3435 1858 quant

1840 1874 1894 1922 ut
1920 1867 2143 1920 animam
2169 1885 2314 1922 suout
2345 1871 2457 1935 quis
2487 1872 2642 1941 ponat
2671 1890 2762 1946 pro
2789 1876 2965 1929 amicis
2992 1878 3098 1931 suis
3127 1878 3309 1946 (Joan.
3345 1882 3432 1937 15.

1839 1957 1949 2027 15).
1977 1958 2137 2028 Igitur
2165 1960 2210 2013 si
2235 1960 2405 2030 major
2434 1961 2532 2017 hac
2561 1963 2787 2019 inveniri
2816 1981 2920 2020 non
2946 1977 3144 2036 potest,
3173 1969 3239 2024 ad
3272 1972 3431 2028 finem

1807 2072 1813 2077 ~
1837 2048 1952 2116 ejus
1978 2049 2288 2118 pervenisti,
2316 2067 2379 2106 ac
2405 2055 2567 2123 gestis
2600 2054 2859 2126 dictisque
2888 2059 2992 2113 tuis
3028 2061 3194 2128 ipsius
3218 2063 3431 2119 culmen

1835 2139 2073 2207 attigisti.
2115 2138 2238 2194 Ideo
2271 2151 2321 2195 te
2359 2143 2711 2213 prodidimus,
2750 2147 2872 2202 ideo
2901 2149 3084 2204 dolum
3126 2153 3431 2223 bujusmodi

1835 2231 2290 2286 concinnavimus.
2317 2232 2450 2286 Num
2482 2236 2574 2290 tibi
2604 2239 3066 2307 persuadebimus,
3093 2259 3190 2298 nos
3220 2261 3326 2300 non
3365 2263 3431 2302 ex

1834 2319 2204 2375 malevolentia
2227 2362 2241 2386 ,
2271 2337 2374 2375 non
2415 2333 2473 2377 ut
2504 2335 2552 2379 te
2596 2326 2647 2378 in
2687 2329 2982 2395 periculum
3017 2333 3428 2401 conjiceremus,

1835 2410 1928 2465 sed
1970 2411 2112 2481 quod
2158 2411 2209 2466 id
2252 2414 2378 2468 utile
2418 2413 2532 2470 fore
2571 2419 2852 2486 sciremus,
2885 2417 3023 2476 te'iu
3056 2423 3160 2480 hoc
3197 2427 3429 2483 stadium

1835 2489 2196 2571 pertraxisse?
2224 2505 2550 2564 BASlLlUS.
2583 2512 2664 2565 An
2686 2511 2752 2565 ad
2784 2515 3146 2582 proximorum
3174 2521 3429 2575 emenda—

1834 2592 2034 2648 tionem
2065 2596 2169 2648 vim
2210 2595 2446 2652 caritatis
2481 2601 2610 2654 satis
2651 2617 2771 2659 esse
2813 2607 3006 2673 putas?
3043 2608 3425 2667 CHRYSOST.

1831 2681 2060 2738 Maxime
2090 2685 2302 2753 quidem
2330 2696 2385 2742 et
2414 2704 2604 2759 magna
2631 2706 2696 2745 ex
2725 2703 2873 2762 parte
2895 2696 2961 2750 ad
2993 2697 3045 2752 id
3070 2701 3317 2758 conferre
3340 2720 3427 2758 ca-

1821 2773 1958 2856 ritas
1990 2775 2177 2842 possit.
2211 2777 2364 2844 Quod
2398 2779 2444 2832 si
2483 2781 2613 2835 velis
2641 2792 2698 2836 ut
2734 2775 3028 2852 prudentia:
3069 2805 3282 2860 quoque
3323 2803 3426 2850 tua:

1797 2865 2117 2932 ’specimina
2159 2869 2521 2937 proferamus,
2553 2872 2618 2926 ad
2659 2874 2709 2945 id
2748 2892 2962 2946 quoque
2997 2892 3085 2936 me
3121 2883 3418 2953 conferam,

1829 2958 2214 3029 ostendamque
2247 2971 2297 3016 te
2326 2964 2494 3031 magis
2521 2966 2796 3033 prudentia
2827 2971 3024 3024 valere.

1900 3047 1980 3102 Ad
2017 3048 2132 3102 haec
2169 3051 2257 3104 ille
2299 3052 2502 3121 pudore
2541 3055 2844 3126 ruboreque
2879 3060 3100 3116 affectus
3129 3063 3419 3138 (BASIL),

1825 3139 1955 3205 Quae
2011 3157 2116 3206 me,
2173 3143 2358 3213 inquit,
2413 3157 2656 3216 spectant
2701 3166 2846 3205 nunc
2891 3154 3054 3210 missa
3104 3156 3418 3216 faciamus:

1825 3246 2000 3300 neque
2029 3233 2170 3286 enim
2210 3235 2277 3288 ab
2314 3236 2465 3289 initio
2503 3237 2694 3294 borum
2724 3242 2819 3296 abs
2851 3250 2904 3297 te
2944 3246 3206 3302 rationem
3238 3252 3420 3321 exige-

1825 3323 1967 3375 bam.
1994 3324 2048 3378 Si
2092 3324 2215 3393 quid
2258 3342 2416 3393 porro
2447 3328 2612 3383 habes
2653 3332 2794 3401 quod
2833 3336 3031 3390 exteris
3063 3352 3418 3408 congruenter

1822 3426 2095 3481 opponere
2121 3415 2314 3483 possis,
2339 3417 2391 3470 id
2420 3434 2548 3473 vero
2574 3419 2802 3476 libenter
2819 3424 3053 3480 audiam.
3082 3427 3417 3500 Quapropter

1821 3505 1984 3558 missa
2019 3507 2118 3560 hac
2157 3508 2429 3563 umbratili
2458 3527 2629 3580 pugna
2652 3554 2667 3578 ,
2697 3513 2783 3568 die
2825 3531 2988 3583 quam
3016 3523 3416 3578 excusationem

1820 3596 2031 3650 caeteris
2057 3596 2362 3665 atferemus,
2393 3602 2598 3656 scilicet
2632 3603 2710 3658 iis,
2732 3607 2820 3675 qui
2856 3622 2956 3662 uos
2989 3607 3194 3666 honore
3219 3612 3415 3668 atl'ece-

1821 3696 1964 3753 runt,
2013 3704 2217 3743 necnon
2261 3692 2379 3746 aliis
2410 3694 2505 3761 qui
2548 3694 2757 3751 illorum
2798 3705 3066 3770 tamquam
3104 3703 3296 3772 injuria
3332 3705 3414 3761 af-

1819 3777 2080 3836 fectorum
2112 3781 2281 3834 vicem
2309 3781 2518 3837 dolent.

1889 3869 1946 3924 7.
1985 3870 2134 3936 Quod
2171 3860 2357 3925 nonin
2391 3876 2747 3930 contumeliam
2783 3893 2973 3947 eorum,
3004 3872 3091 3950 qui
3127 3901 3220 3938 nos
3252 3886 3414 3957 elege-

1815 3968 1952 4023 rant,
1976 3961 2344 4016 ordinationem
2373 3963 2720 4035 e/Tugerimus.
2740 3999 2813 4008 —
2837 3969 3217 4029 CHRYSOST.
3250 3978 3413 4048 Equi-

1815 4049 1940 4103 dem
1984 4045 2050 4103 ad
2094 4051 2168 4116 id,
2215 4052 2450 4121 inquam,
2497 4054 2606 4124 jam
2660 4059 2922 4126 propero;
2973 4045 3409 4134 quandoquidem

1815 4144 1957 4194 enim
1990 4142 2213 4196 rationis
2240 4144 2378 4213 apud
2419 4155 2468 4200 te
2499 4147 2784 4202 reddenda:
2825 4151 2983 4205 finem
3024 4156 3144 4221 feci,
3178 4158 3244 4210 ad
3275 4159 3410 4214 banc

1813 4233 2072 4302 apologia:
2108 4243 2312 4301 partem
2359 4234 2511 4290 facile
2555 4253 2641 4291 me
2681 4250 2906 4293 vertam.
2945 4242 3200 4308 Quianam
3249 4248 3409 4317 igitur

1814 4321 2003 4376 horum
2029 4325 2314 4389 accusatio,
2337 4342 2454 4394 qua:
2474 4327 2698 4382 crimina
2718 4331 2741 4383 ?
2762 4331 2831 4386 Se
2851 4336 3169 4389 contumelia
3188 4336 3408 4392 affectus

1812 4420 1866 4464 et
1900 4414 2080 4481 gravia
2121 4428 2304 4481 passos
2331 4427 2645 4484 queruntur,
2684 4421 2805 4490 quia
2849 4421 3128 4492 honorem,
3169 4443 3275 4495 quo
3309 4446 3405 4484 nos

1811 4517 2005 4556 ornare
2033 4503 2300 4570 volebant,
2348 4522 2453 4561 non
2493 4509 2817 4578 accepimus.
2851 4513 2965 4582 Ego
3005 4530 3133 4570 vero
3171 4519 3403 4586 primum

1810 4593 2005 4661 dicam,
2036 4611 2134 4650 nos
2163 4596 2229 4651 de
2254 4601 2592 4655 contumeliis
2621 4601 2925 4660 hominibus
2955 4607 3115 4663 illatis
3143 4610 3273 4664 nihil
3304 4628 3401 4665 cu-

1809 4703 1932 4742 rare
1952 4688 2169 4756 debere,
2198 4707 2320 4745 cum
2348 4707 2443 4761 per
2469 4695 2546 4749 eis
2578 4696 2780 4750 illatum
2809 4699 3068 4755 honorem
3097 4703 3148 4756 in
3190 4702 3284 4757 Dei
3325 4706 3401 4757 of-

1809 4779 2105 4835 fensionem
2147 4782 2424 4838 incurrere
2452 4787 2714 4856 cogimur.
2746 4788 2928 4859 Neque
2967 4794 3111 4847 enim
3149 4800 3278 4862 puto
3308 4810 3401 4850 eos

1810 4871 1955 4941 ipsos
1986 4873 2076 4941 qui
2104 4873 2466 4944 indignantur,
2500 4891 2620 4930 cum
2658 4893 2775 4933 eam
2812 4895 2923 4934 rem
2947 4882 3172 4955 moleste
3200 4882 3395 4952 ferunt,

1807 4962 2050 5030 periculo
2074 4979 2285 5032 vacare,
2315 4965 2424 5019 imo
2457 4983 2706 5037 magnum
2742 4972 2985 5040 accipere
3017 4973 3398 5032 detrimentum

1808 5054 2056 5109 dixerim.
2089 5057 2211 5111 Illos
2233 5057 2449 5128 quippe,
2475 5060 2564 5129 qui
2597 5061 2704 5114 Deo
2734 5062 2930 5118 addicti
2955 5075 3098 5132 sunt,
3131 5077 3186 5123 ct
3219 5069 3286 5123 ad
3314 5071 3399 5139 ip-

1807 5158 1923 5197 sum
1965 5145 2134 5199 solum
2180 5149 2491 5216 respiciunt,
2533 5151 2604 5204 ita
2647 5151 2731 5220 pie
2773 5153 2993 5211 aﬂ'ectos
3037 5173 3158 5214 esse
3201 5159 3396 5217 debere

1805 5251 2019 5303 censeo,
2055 5247 2111 5292 ut
2155 5239 2207 5293 id
2241 5256 2344 5294 non
2388 5257 2488 5310 pro
2525 5246 2853 5301 contumelia
2894 5248 3145 5315 habeant,
3185 5254 3396 5308 etiamsi

1805 5330 2106 5385 sexcenties
2135 5333 2211 5385 sic
2239 5331 2647 5390 iuhonorentur.
2680 5337 2835 5404 Quod
2861 5355 2991 5394 vero
3019 5342 3208 5397 similis
3234 5360 3397 5401 ausus

1805 5435 1873 5473 nc
1912 5421 1965 5474 in
2019 5431 2252 5476 mentem
2290 5424 2500 5493 quidem
2547 5429 2674 5482 mihi
2719 5446 2966 5500 umquam
2997 5436 3224 5500 venerit,
3273 5436 3396 5493 hinc

1803 5510 2058 5580 liquidum
2087 5514 2206 5566 erit.
2237 5513 2368 5568 Nam
2392 5517 2435 5570 si
2466 5517 2601 5572 fastu
2629 5520 2709 5574 vel
2734 5536 2883 5575 vana:
2908 5523 3091 5593 glorias
3119 5527 3387 5595 cupidine,

1804 5611 1862 5657 ut
1889 5618 2033 5673 saepe
2071 5604 2251 5660 dixisti
2280 5610 2562 5664 nonnullos
2583 5613 2920 5681 calumniari,
2949 5617 3013 5670 ad
3054 5618 3106 5672 id
3133 5619 3392 5676 deductus

1864 5718 1879 5748 ¹
1915 5725 2040 5794 Hac,
2087 5719 2262 5794 tibique
2290 5719 2408 5794 ipsa
2445 5723 2589 5775 verba
2643 5725 2693 5776 in
2745 5734 2949 5780 mentem
2998 5744 3270 5784 revocemus
3289 5767 3304 5794 ,
3341 5734 3389 5784 in

1800 5777 1980 5843 aliquot
2004 5789 2106 5832 Mss.
2127 5777 2319 5832 desunt.
