4198 6324
713 399 816 456 639

715 531 857 577 sum,
891 525 947 569 ut
974 514 1373 571 accusatoribus
1401 512 1715 583 adstipuler,
1744 511 2029 565 maximam
2059 526 2189 565 sane
2210 510 2299 563 in-

710 602 906 673 iuriam
930 603 1340 673 intulerim,_qui
1360 602 1703 657 admirandos
1733 612 1784 656 et
1811 603 2131 670 conspicuos
2160 601 2295 661 illos,

713 694 981 762 etiamque
1021 692 1151 748 mihi
1174 682 1469 749 A'benelicos
1511 692 1945 760 contempserim.
1998 690 2204 744 Etenim
2258 689 2305 743 si

717 784 849 837 nihil
891 778 1145 839 ltedentés
1176 783 1368 852 injuria
1406 783 1620 837 aflicere
1646 782 1905 853 supplicio
1943 776 2159 850 dignum
2200 789 2298 845 est,

714 880 919 940 quanto
963 871 1018 926 in
1059 872 1267 928 honore
1309 880 1434 926 sunt
1487 871 1715 941 habendi
1770 872 1866 935 illi,
1904 871 1995 940 qui
2047 871 2304 924 honorem

717 960 872 1014 nobis
909 960 1051 1015 ultro
1095 960 1338 1016 conferre
1373 960 1557 1015 volunt
1583 962 1636 1015 ‘2
1690 958 1873 1035 Neque
1928 960 2087 1033 enim?
2126 959 2305 1015 dicere

716 1052 835 1121 quis
864 1051 1053 1121 possit,
1082 1053 1227 1121 ipsos
1252 1054 1336 1108 vel
1380 1050 1542 1122 parvo
1567 1053 1653 1107 vel
1695 1066 1886 1122 magno
1922 1051 2182 1106 beneﬁcio
2220 1049 2304 1104 af—

724 1141 895 1197 fectos
922 1142 1092 1198 vicem
1124 1143 1415 1212 rependere
1446 1142 1701 1197 voluisse.
1734 1142 1944 1209 Quanto
1984 1141 2143 1210 igitur
2182 1156 2309 1210 sup-

716 1232 877 1301 plicia
900 1222 1091 1303 dignus
1112 1222 1256 1289 esset
1281 1232 1372 1304 qui
1395 1234 1614 1289 adversa
1638 1233 1995 1303 rependi-ret?
2017 1233 2108 1288 Sin
2129 1242 2304 1287 autem

718 1322 772 1377 id
800 1338 868 1377 ne
890 1324 1240 1393 cogitavimus
1266 1325 1501 1394 quidem,
1533 1325 1625 1379 sed
1651 1326 1760 1379 alio
1795 1325 1952 1395 longe
1984 1316 2208 1380 consilio
2236 1324 2304 1379 ab

718 1429 881 1469 onere
904 1414 1290 1470 declinavimus
1316 1433 1328 1468 :
1357 1431 1611 1485 quorsum
1635 1416 1774 1482 illos,
1798 1415 1991 1492 quibus
2013 1415 2057 1469 si
2085 1430 2188 1469 non
2211 1430 2278 1483 ap
2294 1446 2306 1457 -

717 1505 1109 1575 probationem,
1142 1507 1331 1562 saltem
1362 1506 1572 1561 veniam
1599 1506 1728 1561 dare
1754 1506 2081 1581 debuissent,
2113 1505 2302 1560 crimi-

722 1604 938 1663 nantur,
968 1597 1114 1666 quod
1140 1597 1332 1651 animae
1372 1598 1766 1666 pepercerimus
1809 1598 2045 1652 nosth
2072 1597 2304 1652 Tantum

718 1684 859 1740 enim
878 1686 1030 1741 abest
1044 1696 1106 1741 ut
1130 1688 1257 1757 ipsis
1278 1688 1650 1742 contumeliam
1679 1689 2045 1759 irrogaverim,
2064 1698 2120 1743 ut
2144 1690 2303 1744 etiam

718 1777 1014 1840 recusando
1058 1778 1203 1848 ipsos
1242 1778 1445 1835 honore
1477 1779 1719 1836 aﬂ'ecisse
1758 1796 1845 1835 me
1883 1791 2082 1851 putem.
2122 1782 2307 1852 Neque

716 1881 845 1921 vero
882 1867 1209 1938 paradoxum
1254 1884 1340 1923 me
1375 1869 1575 1924 dixisse
1608 1870 1909 1939 putaveris;
1941 1871 2137 1926 etenim
2182 1888 2303 1926 mox

719 1958 879 2028 hujus
902 1962 1312 2029 explicationem
1344 1964 1631 2031 proleram.

790 2050 845 2105 8.
875 2050 1026 2117 Quod
1054 2053 1206 2105 etiam
1241 2052 1481 2123 fugiendo
1508 2053 1625 2106 illos
1653 2068 1685 2105 a
1710 2053 2075 2122 vituperatione
2109 2038 2303 2109 erueri-

717 2158 844 2195 mus.
870 2170 944 2182 —
968 2141 1115 2196 Tunc
1149 2143 1316 2207 enim,
1361 2144 1407 2198 si
1440 2144 1613 2198 minus
1650 2130 1860 2211 omnes,
1887 2145 2075 2199 saltem
2117 2145 2172 2210 ii,
2212 2146 2304 2216 qui

716 2228 1011 2285 inaledictis
1052 2231 1402 2297 delectantur,
1441 2233 1605 2287 multa
1642 2247 1765 2288 cum
1804 2233 1872 2288 de
1909 2249 1995 2289 mc
2032 2235 2297 2301 ordinato,

718 2329 829 2374 tum
870 2321 940 2376 de
978 2322 1044 2376 iis
1084 2323 1174 2392 qui
1212 2338 1300 2377 me
1338 2323 1631 2392 elegerant,
1674 2323 1932 2393 suspicari
1971 2325 2303 2393 potuissent;

717 2411 865 2466 verbi
889 2412 1078 2481 gratia,
1108 2412 1249 2482 quod
1274 2412 1341 2467 ad
1366 2413 1579 2469 divitias
1602 2414 1952 2483 respicerent,
1981 2415 2121 2484 quod
2143 2430 2308 2485 gene-

718 2504 795 2558 ris
839 2502 1176 2569 splendorem
1226 2504 1564 2570 mirarentur,
1607 2503 1748 2574 quod
1786 2504 2089 2560 adulatione
2123 2514 2304 2560 nostra

720 2591 848 2645 moti
886 2591 952 2645 ad
988 2590 1039 2645 id
1078 2606 1176 2645 nos
1210 2592 1543 2660 cooptarint;
1584 2593 1712 2663 quin
1740 2594 1901 2648 etiam
1946 2594 2169 2663 pecunia
2209 2594 2305 2649 ad-

700 2681 905 2735 rdnctos
936 2681 986 2736 id
1012 2683 1189 2751 egisse
1228 2683 1410 2737 nescio
1448 2692 1516 2737 an
1541 2682 1714 2738 dicam
1746 2684 1977 2753 aliquem
2005 2685 2305 2754 suspicatu-

717 2784 834 2824 rnm
875 2770 1058 2826 fuisse.
1100 2770 1343 2827 Christus
1380 2772 1617 2841 quidem,
1660 2772 1971 2838 dixissent,
1989 2774 2301 2843 piscatores,

719 2861 1178 2917 tabernaculorum
1209 2862 1428 2931 opiﬁces
1465 2872 1522 2917 et
1559 2863 1868 2933 publicanos
1908 2864 1974 2917 ad
2004 2864 2305 2934 hujusmodi

716 2953 1080 3023 magistratum
1114 2956 1321 3010 vocavit
1350 2954 1562 3024 (Matth.
1601 2958 1650 3013 4.
1688 2956 1777 3028 19)
1809 2975 1823 3011 :
1856 2957 1909 3012 hi
1937 2973 2054 3024 eos,
2085 2959 2174 3027 qui
2204 2960 2304 3015 sibi

714 3045 1021 3114 quotidiana
1059 3061 1221 3116 opere
1258 3049 1453 3102 victum
1492 3059 1697 3118 parant,
1737 3060 1996 3120 respuunt
2034 3051 2169 3123 (Act.
2206 3052 2292 3107 18.

716 3136 803 3205 ‘5);
833 3135 880 3189 si
905 3136 1023 3206 quis
1044 3146 1223 3215 autem
1252 3148 1560 3193 exterarum
1586 3139 1756 3193 literis
1782 3155 1997 3209 operam
2025 3141 2136 3207 det,
2162 3143 2300 3195 otio—

714 3242 880 3297 seque
914 3227 1077 3293 vivat,
1121 3228 1261 3283 hunc
1288 3230 1583 3299 approbant
1610 3239 1664 3284 et
1704 3229 2033 3285 admirantur
2058 3220 2217 3302 .(Luc.
2251 3234 2304 3288 5.

673 3354 678 3357 -
713 3321 828 3389 27).
857 3320 988 3376 Nam
1028 3337 1125 3376 cur
1166 3321 1377 3376 tandem
1408 3337 1521 3388 eos,
1555 3324 1642 3392 qui
1690 3323 1742 3375 in
1783 3323 2037 3378 Ecclesia:
2081 3324 2306 3393 negotiis

715 3411 859 3467 mille
896 3412 1120 3467 sudores
1164 3412 1521 3481 pertulerant,
1552 3423 2018 3482 contempserunt,
2051 3428 2302 3483 cumque,

714 3503 804 3573 qui
836 3502 937 3559 hos
964 3519 1252 3574 numquam
1284 3513 1539 3574 expertus
1569 3506 1777 3561 labores
1810 3514 1971 3574 totam
2001 3514 2212 3561 aetatem
2251 3506 2303 3560 in

776 3697 794 3730 ι
830 3704 957 3755 ttae,
979 3698 1172 3760 quando
1192 3697 1434 3749 inhonora
1457 3706 1564 3749 sunt
1581 3697 1807 3757 habendi,
1827 3698 2007 3760 desunt
2033 3701 2078 3747 in
2104 3702 2310 3749 maxima

716 3759 1150 3827 manusaipwrnm
1164 3769 1316 3823 parte,
1338 3761 1426 3809 sed
1450 3760 1689 3813 habentur
1714 3762 1761 3808 in
1780 3759 1940 3808 Morel.
1969 3769 2021 3810 et
2041 3760 2184 3810 savii.

1432 400 1491 456 s.
1531 399 1808 458 tomus
1842 393 2316 455 cnnxsosrmu
2356 394 2673 456 ARCIIIEP.
2711 366 3247 456 consummati.

3892 402 4008 458 640

2412 511 2560 566 vanis
2588 521 2890 567 exterarum
2919 512 3211 581 disciplinis
3232 510 3573 578 cont'riverat,
3600 523 3778 568 statim
3802 517 3855 568 in
3878 526 4004 570 tau-

2398 602 2523 654 tum
2555 601 2810 655 honorem
2836 602 3178 669 pertraxere?
3207 586 3329 657 lla-t3
3350 614 3404 656 et
3428 604 3616 657 similia
3647 605 3824 659 dicere
3854 619 4009 673 pote-

2410 702 2550 757 rant,
2571 692 2613 745 si
2636 691 2773 746 Iannc
2793 693 3103 761 dignitatem
3125 694 3474 758 accepissem.
3490 693 3639 748 Nunc
3661 711 3787 749 vero
3810 711 4002 757 secus;

2410 781 2585 836 omnis
2615 782 2755 835 enim
2785 781 2888 836 illis
2913 781 3263 836 maledicendi
3292 784 3502 837 occasio
3531 795 3735 839 resecta
3766 795 3866 844 est.
3903 801 4010 840 nee

2412 871 2543 924 mihi
2579 870 2964 936 adulationem,
3008 884 3105 925 nec
3148 872 3252 926 illis
3293 882 3509 942 act-epla
3553 889 3773 929 munera
3802 890 4009 945 expro-

2382 959 2569 1022 ,,brare
2598 968 2841 1030 possunt,
2886 960 2988 1015 nisi
3033 960 3422 1034 fortasse'sint,
3454 960 3544 1033 qiti
3585 966 3723 1020 ultro
3767 968 4011 1023 insanire

2409 1040 2594 1133 velint.
2618 1050 2735 1118 Qua
2764 1061 2917 1121 pacto
2953 1052 3097 1106 enim
3126 1050 3432 1107 adulatione
3466 1062 3521 1108 et
3558 1053 3839 1125 largitione
3870 1072 4013 1113 usus

2409 1141 2671 1211 quispiam
2696 1141 2764 1195 ad
2803 1140 3063 1196 honorem
3094 1141 3517 1212 adipiscendum,
3550 1160 3678 1199 mox
3709 1145 4009 1216 adepturus

2410 1248 2556 1302 eum,
2584 1232 2699 1287 aliis
2735 1232 3037 1303 relinquat?
3090 1232 3315 1289 Perinde
3353 1234 3496 1289 enim
3526 1234 3652 1289 illud
3696 1245 3838 1291 esset
3867 1251 3932 1291 ac
3962 1237 4013 1291 si

2408 1323 2531 1391 quis
2549 1331 2667 1392 post
2689 1322 2924 1378 infinitos
2945 1310 2998 1377 in
3013 1322 3303 1379 excolenda
3327 1332 3465 1379 terra
3484 1324 3716 1389 labores,
3736 1336 3793 1380 ut
3808 1328 4013 1382 uberes

2413 1410 2614 1466 fructus
2657 1423 2973 1482 segetesque
3009 1412 3301 1483 colligeret,
3333 1421 3389 1468 et
3427 1414 3551 1468 vino
3590 1407 3870 1471 toreularia
3910 1431 4020 1471 res

2412 1500 2732 1568 dundarcnt,
2762 1511 2881 1571 post
2907 1503 3050 1561 mille
3072 1504 3296 1560 sudores
3321 1512 3377 1559 et
3401 1504 3621 1560 multam
3650 1508 4010 1575 pecuniarum

2409 1606 2721 1662 expensam,
2766 1608 2886 1647 cum
2936 1586 3127 1649 messis
3174 1603 3230 1650 et
3266 1593 3552 1650 vindemiae
3591 1606 3798 1665 tempus
3843 1596 4015 1654 adve-

2414 1684 2572 1750 uirct,
2623 1684 2741 1739 aliis
2791 1683 3063 1739 fructuum
3115 1695 3434 1756 proventum
3487 1686 3743 1742 traderet.
3795 1687 4008 1753 Vidett‘,

2411 1773 2620 1832 etiamsi
2646 1790 2764 1845 qum
2790 1784 2919 1831 tunc
2938 1777 3481 1847 jactabauturprocul
3502 1794 3532 1831 a
3555 1779 3778 1833 veritate
3798 1789 4008 1843 essent,

2413 1879 2656 1935 magnam
2707 1865 3065 1923 calumniandi
3120 1882 3304 1922 ansam
3348 1866 3623 1923 habituros
3670 1868 4013 1925 adversarios

2413 1954 2597 2025 fuisse,
2636 1958 2778 2028 quod
2818 1960 3023 2015 scilicet
3066 1975 3171 2015 non
3214 1971 3364 2015 recto
3396 1960 3598 2031 judicio
3639 1962 3831 2016 electio
3864 1961 4010 2016 facta

2412 2045 2619 2103 fuisset.
2653 2048 2804 2104 Nunc
2830 2061 3007 2115 autem
3037 2066 3105 2104 ne
3135 2050 3343 2105 hiscere
3370 2049 3583 2119 quidem
3612 2052 3691 2105 vel
3715 2066 3775 2105 os
3796 2053 4013 2121 aperire

2413 2152 2530 2193 mea
2571 2152 2735 2208 opera
2782 2149 3025 2209 possunt.
3071 2141 3139 2195 Et
3178 2141 3292 2195 haec
3331 2141 3545 2211 quidem
3597 2143 3871 2212 multoque
3924 2143 4014 2198 his

2414 2228 2561 2297 plura
2604 2229 2753 2284 initio
2786 2230 3064 2285 dixissent.
3105 2231 3393 2301 Postquam
3435 2244 3612 2301 autem
3652 2234 4009 2289 ministerium

2412 2318 2796 2390 attigissemns,
2824 2336 3110 2391 numquam
3150 2323 3509 2390 potuissemus
3545 2323 3883 2393 quotidianas
3911 2340 4010 2379 ac-

2409 2422 2712 2466 cusatorum
2741 2412 3039 2467 calumnias
3059 2412 3324 2479 refellere,
3356 2414 3562 2469 etiamsi
3594 2416 3859 2487 inculpite
3885 2433 4010 2471 om-

2411 2500 2494 2554 nia
2517 2501 2814 2571 egissemus
2841 2520 2851 2554 :
2878 2519 2945 2556 ne
2966 2502 3136 2557 dicam
3169 2518 3266 2557 nos
3289 2504 3386 2557 hac
3414 2514 3571 2560 aetate
3593 2522 3879 2575 rerumque
3903 2508 4011 2560 im-

2413 2592 2599 2660 peritia
2649 2592 2701 2646 in
2744 2593 2922 2647 multis
2971 2592 3291 2668 necessario,
3321 2596 3663 2651 aberraturos
3711 2597 3893 2652 fuisse.
3939 2602 4010 2652 At

2412 2696 2551 2736 nunc
2583 2682 2683 2735 illis
2708 2683 3093 2738 critniuationis
3116 2684 3421 2754 huiusmodi
3441 2690 3778 2742 occasionem
3809 2701 3999 2742 sustu-

2412 2771 2600 2825 limus:
2629 2783 2755 2827 tunc
2794 2783 2973 2828 autem
3023 2776 3232 2843 probris
3257 2791 3351 2831 eos
3402 2777 3695 2833 innumeris
3739 2780 4011 2834 obnoxios

2411 2861 2842 2917 reddidissemus.
2862 2862 2992 2931 Quis
3003 2865 3143 2919 enim
3158 2880 3264 2919 non
3285 2865 3525 2922 dicturus
3536 2877 3653 2922 erat
3674 2886 3687 2923 :
3707 2869 3812 2923 Res
3832 2880 4012 2925 tantas

2414 2964 2628 3025 tamque
2679 2954 3020 3010 admirandas
3073 2958 3254 3026 pueris
3300 2958 3669 3027 insipientibus
3714 2962 4007 3015 commisc-

2413 3057 2555 3111 runt,
2588 3046 2679 3100 Dei
2700 3063 2913 3118 gregem
2942 3048 3443 3117 pessumdederunt,
3468 3066 3555 3104 res
3576 3050 4014 3106 Christianorum

2409 3135 2529 3207 jam
2562 3136 2690 3191 risui
2729 3153 2793 3192 ac
2833 3138 3059 3193 ludibrio
3102 3143 3360 3209 exposita:
3397 3141 3560 3195 sunt?
3591 3142 3659 3195 At
3707 3157 3833 3195 vero
3862 3158 4010 3199 nunc

2417 3227 2594 3284 Omnis
2622 3229 2859 3299 iniquitas
2883 3229 3129 3300 oppilabit
3154 3247 3211 3285 os
3238 3247 3386 3285 suum
3417 3229 3586 3299 (Psal.
3630 3232 3751 3286 106.
3785 3232 3907 3301 42).
3948 3233 4009 3287 Si

2414 3320 2558 3375 enim
2589 3321 2660 3375 tui
2689 3335 2849 3375 causa
2876 3322 2973 3380 ista
3000 3322 3335 3392 protulerint,
3370 3324 3547 3376 statim
3577 3323 3693 3377 illos
3718 3339 3782 3377 ex
3812 3325 3922 3393 ipsa
3949 3342 4010 3380 re

2415 3411 2782 3490 docebis,\non
2805 3422 3052 3483 oportere
3075 3413 3409 3481 prudentiam
3434 3423 3590 3468 aetate
3609 3414 3807 3479 metiri,
3830 3431 4009 3483 neque

2416 3518 2599 3557 senem
2628 3519 2695 3558 ex
2717 3504 2912 3558 canitie
2944 3504 3223 3575 probatum
3257 3505 3473 3569 habere,
3500 3522 3671 3575 neque
3696 3506 3953 3575 juvenem
3976 3524 4009 3559 ει

2420 3594 2506 3648 tali
2540 3595 2835 3649 ministerio
2868 3609 3083 3663 prorsus
3119 3611 3326 3660 arcere,
3360 3595 3453 3650 sed
3484 3599 3831 3666 ueophytum.
3866 3583 4010 3651 Mui-

2420 3692 2527 3738 tum
2550 3696 2633 3739 est
2659 3694 2833 3739 autem
2864 3685 3003 3740 inter
3028 3697 3309 3756 utrumque
3334 3687 3641 3745 discrimen.

1703 3922 2188 4108 LIBER
2276 4003 2996 4111 TERTIUS.

1146 4344 1251 4380 Illic
1284 4343 1454 4378 ιιιςιηστ
1486 4340 1622 4376 ωηο
1653 4341 1823 4376 τειιτιο
1843 4359 1853 4374 .

716 4462 747 4504 l.
781 4458 866 4515 Qui
886 4456 1107 4515 suspicati
1132 4460 1243 4502 sunt
1275 4465 1364 4500 nos
1410 4464 1497 4515 per
1531 4453 1807 4511 superbiam
1850 4461 2122 4507 recusasse,
2166 4463 2301 4498 suam

779 4510 988 4578 lixarum
1011 4510 1423 4564 existimationem
1444 4510 1644 4578 ltesisse.

718 4584 765 4625 tl.
797 4570 892 4627 'Nos
1028 4582 1225 4644 propter
1251 4586 1417 4621 vanam
1440 4572 1640 4644 gloriam
1662 4570 1867 4644 fugisse.
1958 4633 1987 4644 ﬂ

718 4644 787 4699 ut.
810 4638 946 4699 ριωό
963 4640 1001 4687 si
1024 4629 1227 4699 gloriam
1264 4629 1741 4699 concupisceremus,'
1753 4629 1851 4681 tale
1895 4633 2051 4693 potius
2094 4632 2307 4688 ministe:

747 4698 754 4703 ’
779 4698 903 4747 rium
927 4695 1115 4761 eligere
1134 4695 1422 4761 oportuerit.

720 4765 792 4808 tv.
825 4752 1280 4827 tremendumqu'ld
1305 4768 1417 4804 esse
1439 4754 1778 4812 sacerdotium,
1808 4764 2084 4815 novumque
2123 4752 2307 4802 cultum

782 4821 937 4870 veteri
957 4816 1376 4868 formidabiliorem
1393 4829 1521 4865 esse.

725 4890 775 4928 v.
808 4887 1019 4942 lagnam
1039 4891 1155 4942 esse
1178 4877 1437 4926 sacerdotii
1460 4882 1751 4942 potestatem
1770 4881 1823 4923 et
1842 4872 2146 4942 dignitatem.

722 4948 794 4991 Vt.
817 4933 1080 4990 Ninisteria
1119 4952 1150 4989 e
1190 4950 1395 4987 numero
1449 4933 1563 4987 esse
1626 4933 1944 4984 maximorum
2004 4936 2088 4985 Dei
2154 4933 2307 4984 dono-

783 5015 909 5051 rum.

724 5069 811 5112 vlt.
847 5070 1001 5124 Ipsum
1041 5056 1435 5121 etianyhulum
1472 5056 1754 5107 formidasse
1798 5056 1856 5105 ad
1910 5065 2161 5119 aspectum
2191 5060 2310 5107 tanti

816 5125 1089 5171 rincinatus.

1100 5181 1394 5245 peccandum
1417 5179 1765 5245 inducitquiin
1783 5178 1995 5227 medium
2023 5179 2309 5241 progredia-

781 5254 878 5303 tur,
906 5240 997 5293 nisi
1013 5240 1255 5310 perquam
1275 5242 1410 5292 fortis
1431 5243 1575 5310 animi
1594 5240 1758 5310 fuerit.
1815 5301 1841 5310 γ’
1876 5301 1886 5310 .

721 5313 795 5355 Ix.
830 5301 953 5353 vana
977 5301 1357 5367 gloria'ejusttue
1379 5303 1689 5367 malisjpsum
1709 5301 1909 5367 irretiri.

722 5374 779 5415 .v.
812 5374 907 5427 Non
931 5361 1085 5427 nisum
1103 5361 1424 5413 sacerdotium
1462 5361 1631 5411 hoium
1666 5361 1897 5411 malorum
1935 5373 2124 5410 causam
2170 5374 2300 5419 esse.

780 5426 869 5475 sed
892 5435 1097 5492 nostrain
1120 5427 1372 5492 ignaviam.
1488 5483 1515 5492 __
1571 5486 1581 5492 _
1698 5483 1711 5492 _
1865 5484 1876 5492 _
2006 5484 2014 5492 _

711 5485 802 5536 XI.
840 5489 1073 5537 ambitum
1117 5483 1412 5549 principatus
1456 5483 1795 5532 eliminandum
1836 5484 1897 5532 ab
1940 5484 2099 5532 animo
2148 5495 2313 5532 sacer-

783 5550 932 5597 dotis.

712 5612 817 5661 XII.
852 5610 925 5671 (α)
952 5609 1357 5671 Sapientissimum
1371 5612 1603 5668 Oportere
1619 5618 1729 5655 esse
1747 5605 2064 5654 sacerdotem.

722 5186 830 5233 ιίιΙ.
862 5191 875 5230 ε

787 5733 859 5794 (a)
892 5740 999 5781 Hanc
1020 5744 1048 5781 a
1065 5744 1268 5794 numero
1288 5736 1358 5778 XN
1372 5741 1476 5794 non
1492 5736 1685 5779 exstant
1703 5730 1749 5777 In
1765 5728 1959 5788 Graecis,
1982 5727 2068 5777 Sed
2104 5739 2129 5776 a
2170 5728 2312 5789 priori

726 5790 996 5859 interiecto
1016 5794 1141 5865 locta
1163 5792 1313 5842 fuisse
1337 5790 1576 5841 videntur.

2411 4337 2517 4380 XIII.
2553 4340 2733 4383 Praeter
2755 4334 3010 4381 maximam
3027 4332 3366 4380 abstinentiam
3408 4329 3501 4379 alia
3522 4343 3718 4391 quoque
3752 4330 3800 4375 in
3841 4328 4008 4375 animo

2470 4396 2733 4457 sacerdotis
2748 4394 2950 4457 requiri.

2411 4460 2522 4517 χιγ.
2556 4456 2674 4504 nihil
2698 4464 2793 4505 tam
2820 4450 3077 4517 puritatem
3102 4461 3153 4503 et
3172 4454 3326 4502 aciem
3344 4452 3522 4501 mentis
3535 4450 3826 4507 obtundere,
3863 4462 4009 4510 quam

2472 4515 2761 4567 iracundiam
2783 4515 3112 4566 inordinatam.

2413 4583 2506 4625 xv.
2534 4576 2687 4650 ullam
2708 4580 2928 4641 speciem
2951 4576 3049 4627 litis
3071 4576 3264 4637 plenam
3289 4573 3612 4636 periculorum
3634 4572 4000 4632 chrysostomus

2415 4640 2791 4757 Χιῗιῗὶιυιέὲιιιω
2830 4710 2943 4761 esse
2980 4697 3447 4761 aporteateum,qui
3476 4696 3618 4744 tantis
3640 4690 4013 4754 tempestatibus

2477 4761 2793 4821 opponendus
2813 4760 2892 4808 sit.
3018 4760 3025 4761 “
3631 4816 3641 4825 ¹

2417 4828 2543 4871 xvu.
2579 4829 2791 4881 Quanms
2807 4822 2871 4871 sit
2893 4822 2943 4870 in
2964 4820 3323 4882 gubernatione
3346 4818 3585 4879 virginum
3611 4824 3770 4865 timor.

2490 5044 2543 5098 1.
2578 5042 2678 5107 Qui
2703 5040 2944 5109 suspicati
2980 5047 3099 5093 sunt
3142 5052 3233 5090 nos
3271 5051 3359 5106 per
3394 5034 3682 5104 superbiam
3724 5047 4004 5094 recusasse,

2418 5149 2563 5188 suam
2611 5130 3028 5185 existimationem
3078 5127 3283 5181 (misse.
3323 5154 3393 5164 —
3435 5123 3589 5191 Quod
3637 5132 3843 5191 spectat
3886 5136 4005 5175 eam

2421 5222 2795 5278 contumeliam
2824 5234 2922 5274 nos
2946 5209 3332 5272 honorantibus
3362 5215 3594 5275 illatam,
3620 5212 3867 5281 quodque
3894 5227 4000 5263 non

2422 5307 2516 5370 eos
2542 5292 2927 5369 dehonestandi
2968 5310 3147 5363 animo
3193 5298 3393 5360 honori
3426 5319 3522 5357 nos
3574 5301 4007 5359 snbduxerimus.

2421 5420 2484 5460 ex
2507 5405 2614 5474 jam
2635 5401 2792 5457 dictis
2816 5409 2897 5455 sat
2920 5397 3255 5467 comprobari
3281 5404 3459 5465 posset
3487 5411 3501 5447 :
3533 5393 3673 5463 quod
3704 5408 3832 5445 vero
3860 5394 4002 5444 nulla

2425 5498 2588 5551 inﬂati
2615 5494 2861 5565 superbia
2906 5492 2957 5546 id
2999 5491 3264 5561 egerimus
3284 5531 3299 5553 ,
3345 5488 3451 5557 jam
3488 5501 3584 5554 pro
3610 5485 3811 5538 viribus
3836 5483 4006 5566 palam

2426 5592 2599 5646 facere
2633 5587 2883 5643 conabor.
2936 5584 3067 5639 Nam
3112 5584 3155 5637 si
3202 5582 3285 5635 vel
3327 5580 3567 5633 militaris
3614 5577 3894 5646 legatioois
3926 5575 4036 5627 vel-

2428 5680 2631 5752 intperii
2660 5678 2815 5734 nobis
2857 5676 3003 5745 Optio
3051 5681 3437 5745 proponeretur
3466 5712 3480 5735 ,
3528 5670 3681 5737 eique
3728 5668 4000 5737 preposito

2427 5750 2726 5830 insisterem
2748 5808 2765 5838 ,
2790 5768 2908 5839 jure
2940 5775 3123 5838 posset
3146 5764 3407 5835 quispiam
3440 5761 3488 5815 id
3519 5760 3583 5815 de
3611 5776 3696 5813 me
3718 5757 4004 5826 suspicari;
