4198 6324
7 1496 14 1504 ι
36 1495 72 1506 n-J

5 4145 40 4216 Κ

0 4219 34 4293 ίί

333 418 425 471 tit!
1482 417 1569 472 ne
1608 414 2050 471 SACEllDOTlO.
2092 389 2219 474 Lm.
2246 416 2331 472 ιη.
3512 423 3619 477 on

339 536 445 586 imo
472 545 580 585 non
621 529 729 600 jam
772 530 1065 598 superbiae,
1108 529 1199 585 sed
1230 533 1473 587 amentia:
1497 547 1580 586 me
1610 545 1796 585 omnes
1830 532 1926 586 da-

340 628 592 674 mnarent
643 638 656 674 :
708 629 761 674 at
809 622 1108 676 sacerdotio
1158 622 1461 690 proposito,
1529 623 1668 692 quod
1720 631 1922 678 tantum

337 695 566 781 imperio
615 712 895 767 sublimius
941 722 1061 780 est,
1109 724 1360 784 quantum
1408 719 1545 770 inter
1590 717 1831 785 spiritum
1874 727 1929 771 et

339 817 561 856 carnem
590 811 673 857 est
708 804 1040 858 intervallum
1062 845 1076 868 ,
1119 804 1403 860 audebitne
1431 807 1690 875 quispiam
1719 823 1803 860 me
1833 823 1928 860 su-

339 892 538 960 perbiae
566 893 862 948 accusare?
915 893 1014 961 Qui
1055 909 1216 961 porro
1261 911 1366 948 non
1414 897 1700 950 absurdum
1747 897 1922 963 fuerit,

332 998 431 1037 eos
460 984 551 1052 qui
573 998 776 1038 mmora
809 995 1063 1052 respuunt
1080 986 1299 1041 insania:
1325 1001 1598 1054 accusare,
1617 1003 1708 1042 eos
1727 997 1922 1053 autem,

336 1073 425 1140 qui
459 1073 509 1125 in
540 1073 694 1143 longe
721 1074 1118 1129 sublimioribus
1156 1075 1387 1145 idipsum
1416 1076 1653 1140 faciunt,
1684 1093 1787 1132 non
1816 1079 1924 1145 jam

338 1161 391 1215 in
422 1164 669 1217 amentia:
695 1205 710 1228 ,
755 1165 848 1218 sed
878 1165 940 1218 .in
972 1166 1235 1234 superbia:
1275 1168 1478 1222 crimen
1506 1169 1734 1222 vocare?
1774 1167 1927 1238 llaud

337 1264 496 1304 secus
519 1265 584 1305 ac
607 1252 652 1306 si
680 1254 799 1322 quis
826 1269 945 1308 eum
971 1296 985 1319 ,
1016 1255 1104 1324 qui
1156 1255 1319 1310 boum
1349 1265 1649 1311 armentum
1680 1258 1925 1326 deSpice-

340 1349 441 1403 ret,
471 1355 535 1394 ac
563 1341 818 1397 bubulcus
846 1359 964 1398 esse
986 1345 1169 1411 nollet,
1201 1361 1303 1408 non
1327 1347 1720 1415 superbiaa,sed
1741 1362 1926 1400 amen-

341 1427 430 1481 tire
478 1444 776 1504 accusans,
831 1448 951 1486 eum
1008 1435 1096 1503 qui
1145 1436 1306 1488 totius
1347 1437 1490 1490 orbis
1542 1437 1820 1506 imperium
1874 1446 1929 1490 et

339 1517 580 1572 omnium
607 1519 796 1588 ubique
827 1530 1098 1575 terrarum
1114 1525 1441 1579 exercituum
1459 1525 1788 1580 dominatum
1821 1543 1925 1581 non

340 1609 642 1677 acciperet,
673 1626 778 1674 non
809 1612 1042 1668 insanire
1071 1600 1304 1680 diceret,
1337 1616 1430 1668 sed
1459 1612 1703 1686 Superbia
1731 1617 1924 1672 inﬂari.

341 1695 447 1750 Sed
474 1713 579 1751 non
608 1699 675 1751 ita
700 1708 801 1764 est,
836 1716 939 1754 non
979 1703 1046 1755 ita
1073 1718 1222 1769 sane,
1256 1720 1426 1774 neque
1443 1721 1538 1758 nos
1555 1707 1741 1776 magis,
1767 1723 1926 1777 qnam

340 1787 582 1855 seipsos,
611 1790 959 1845 criminantur
985 1793 1072 1859 qui
1105 1793 1218 1846 hcce
1239 1793 1502 1861 jactitant.
1550 1795 1683 1850 Nam
1719 1797 1799 1850 vel
1831 1813 1926 1852 co-

338 1877 539 1943 gitasse
581 1887 818 1945 tantum,
869 1883 1008 1949 quod
1044 1884 1210 1950 possit
1241 1883 1466 1938 humana
1511 1897 1696 1940 natura
1726 1895 1925 1941 tantam

340 1952 615 2034 despicere
628 1967 958 2037 dignitatem,
988 1972 1116 2025 satis
1142 1972 1338 2026 indicat
1354 1974 1479 2043 quid
1501 1976 1768 2043 opinionis
1788 1977 1925 2031 circa

341 2055 488 2109 illam
515 2056 742 2111 habeant
770 2058 861 2128 qui
892 2058 942 2112 id
976 2063 1305 2129 protulerunt
1337 2081 1350 2117 :
1383 2065 1482 2118 nisi
1514 2065 1655 2118 enim
1685 2075 1929 2134 putarent

339 2159 461 2199 esse
491 2162 602 2202 rem
635 2147 804 2202 levem
835 2166 898 2206 ac
924 2152 1070 2220 parvi
1098 2154 1251 2221 pretii
1280 2195 1294 2218 ,
1329 2169 1614 2223 numquam
1648 2156 1777 2224 ipsis
1806 2157 1927 2212 talis

342 2237 576 2303 Suspicio
606 2237 657 2290 in
700 2249 934 2294 mentem
960 2243 1211 2295 venisset.
1267 2242 1375 2296 Cur
1399 2245 1539 2297 enim
1577 2245 1642 2300 de
1687 2248 1924 2316 angelica

339 2325 598 2394 dignitate
641 2329 814 2382 nullus
852 2345 1101 2399 umquam
1150 2332 1274 2400 quid
1319 2334 1492 2388 simile
1540 2337 1796 2404 suspicari
1844 2339 1926 2393 vel

340 2415 520 2470 dicere
549 2426 708 2470 ausus
733 2427 834 2482 est,
865 2435 1056 2487 nempe
1090 2421 1374 2475 humanum
1404 2439 1526 2478 esse
1548 2427 1806 2492 animum,
1836 2427 1926 2496 qui

340 2519 452 2573 pra:
498 2508 743 2574 superbia
787 2508 916 2562 nolit
956 2509 1022 2563 ad
1066 2510 1206 2565 illius
1236 2521 1437 2567 natura:
1465 2514 1773 2583 dignitatem
1803 2533 1925 2585 per-

341 2594 567 2648 venire?
616 2595 798 2666 Magna
847 2598 1041 2668 quippe
1082 2601 1410 2668 concipimus
1456 2603 1523 2656 de
1569 2604 1925 2660 Potestatibus

340 2684 447 2738 illis
469 2722 486 2750 ,
534 2685 693 2756 idque
737 2688 955 2756 impedit
980 2691 1264 2758 quominus
1295 2691 1576 2745 credamus
1598 2735 1610 2756 ,
1640 2710 1797 2763 posse
1825 2698 1925 2751 bo-

339 2777 540 2830 minem
583 2779 850 2848 quidpiam
885 2781 1053 2850 majus
1086 2782 1289 2838 honore
1333 2784 1421 2837 illo
1466 2781 1696 2854 sapereI
1722 2788 1839 2854 Quo
1869 2787 1926 2843 lit

340 2877 401 2921 ut
423 2868 541 2936 jure
563 2871 680 2936 quis
711 2871 827 2923 illos
857 2873 1032 2939 potius
1059 2875 1324 2942 superbiae
1353 2887 1585 2944 accuset,
1615 2881 1704 2949 qui
1736 2881 1835 2934 hac
1860 2881 1928 2936 de

341 2973 401 3013 re
437 2972 534 3012 nos
560 2962 929 3016 criminantur.
981 2955 1164 3034 Neque
1190 2967 1331 3021 enim
1361 2968 1409 3022 id
1436 2969 1503 3022 de
1532 2971 1648 3024 aliis
1675 2973 1925 3042 suspicali

340 3045 568 3102 fuissent
596 3089 610 3113 ,
643 3051 743 3104 nisi
786 3053 938 3119 prius
979 3070 1092 3108 rem
1135 3056 1302 3124 ipsam
1334 3060 1485 3126 quasi
1533 3061 1726 3114 nullius
1771 3065 1926 3131 pretii

340 3142 722 3197 mstimasscnt.
765 3144 931 3200 Porro
961 3147 1002 3200 si
1043 3148 1093 3200 id
1123 3164 1207 3203 me
1237 3151 1417 3219 gloria:
1444 3167 1602 3205 causa
1631 3153 1816 3207 fecisse
1842 3154 1926 3209 di-

339 3240 466 3283 cant
485 3272 500 3294 ,
546 3247 725 3286 secum
755 3233 1037 3290 dissentire
1065 3253 1128 3291 ac
1157 3255 1389 3307 pugnare
1419 3243 1593 3311 palam
1621 3243 1927 3312 deprehen-

339 3319 578 3375 dentur:
613 3326 791 3378 nescio
830 3327 970 3379 enim
1023 3343 1180 3396 quam
1228 3330 1386 3384 aliam
1431 3332 1726 3388 orationem
1776 3351 1928 3403 qum-

341 3409 631 3476 sivissent,
679 3413 724 3466 si
769 3429 867 3469 nos
903 3416 970 3469 ab
1015 3417 1187 3472 inanis
1214 3417 1398 3489 gloria:
1436 3410 1661 3478 crimine
1699 3423 1927 3480 liberare

341 3501 653 3556 voluissent.

413 3589 468 3642 2.
513 3590 623 3646 Nos
650 3609 749 3647 non
783 3604 988 3665 propter
1014 3614 1194 3650 vanam
1214 3599 1427 3668 gloriam
1459 3601 1669 3672 fugisse.
1697 3633 1768 3643 —
1790 3604 1923 3659 Nam

343 3679 387 3731 si
417 3679 716 3748 hnjusmodi
746 3700 832 3738 me
861 3701 1108 3756 umquam
1140 3703 1289 3742 amor
1319 3690 1528 3757 invasit,
1561 3695 1802 3763 accipere
1829 3713 1927 3766 po-

345 3771 479 3835 tius,
509 3786 665 3839 quam
694 3773 872 3844 fugere
901 3781 1150 3845 oportuit.
1183 3781 1394 3847 Quare?
1437 3785 1568 3850 Quia
1601 3802 1843 3856 magnam
1874 3791 1924 3843 id
1963 3789 1966 3791 “

343 3860 500 3913 nobis
526 3862 746 3931 gloriam
777 3867 1058 3922 attulisset.
1108 3870 1378 3940 Siquidem
1410 3875 1580 3929 virum
1616 3878 1715 3933 hac
1742 3889 1921 3946 relate,

344 3951 435 4019 qui
467 3967 636 4020 nuper
663 3969 692 4007 a
723 3959 1064 4014 saecularibus
1093 3964 1235 4017 curis
1273 3979 1331 4018 se
1357 3965 1680 4022 abdicaverit
1701 4010 1716 4033 ,
1761 3985 1928 4041 usque

345 4041 482 4093 adeo
509 4043 880 4101 admirandum
922 4050 1062 4118 apud
1093 4066 1280 4106 omnes
1318 4054 1608 4125 derepente
1637 4060 1840 4127 videri,
1870 4071 1930 4118 ut

347 4131 411 4185 iis
436 4134 594 4186 etiam
619 4176 635 4200 ,
662 4138 751 4205 qui
783 4139 834 4191 in
866 4138 1168 4216 ltujusmodi
1215 4144 1484 4200 laboribus
1513 4157 1674 4202 t0tam
1713 4160 1925 4206 aetatem

345 4224 721 4280 contrivissent
748 4220 1101 4285 anteferretur
1124 4273 1139 4296 ,
1161 4243 1229 4300 et
1258 4234 1407 4303 plura
1436 4235 1520 4290 bis
1548 4240 1794 4294 omnibus
1817 4240 1929 4295 suf-

344 4311 512 4383 fragia
540 4317 839 4386 acciperet;
872 4321 923 4374 id
949 4333 1094 4377 certe
1122 4339 1364 4394 magnam
1392 4334 1446 4381 et
1470 4328 1835 4384 admirabilem
1860 4332 1929 4388 de

344 4406 500 4459 nobis
525 4408 829 4482 opinionem
864 4415 1110 4469 omnibus
1139 4417 1454 4484 indidisset,
1483 4435 1686 4490 nosque
1714 4426 1929 4492 conspi-

344 4511 478 4551 cuos
500 4507 553 4551 et
581 4500 812 4555 illustres
838 4505 1182 4560 exhibuisset.
1231 4508 1384 4563 Nunc
1427 4526 1554 4565 vero
1577 4553 1593 4577 ,
1623 4515 1801 4580 paucis
1831 4531 1926 4569 ex-

343 4586 535 4654 ceptis,
567 4588 793 4643 maxima
823 4607 946 4662 pars
978 4593 1230 4649 Ecclesiae
1259 4612 1359 4650 nos
1383 4613 1449 4652 ne
1475 4600 1689 4655 nomine
1715 4602 1926 4670 quidem

344 4684 543 4730 norunt
575 4694 588 4729 :
619 4678 754 4734 adeo
781 4691 836 4734 ut
863 4698 929 4735 ne
954 4686 1203 4740 omnibus
1225 4688 1438 4756 quidem
1479 4699 1662 4745 notum
1690 4695 1757 4748 sit
1783 4696 1925 4763 quod

343 4765 723 4835 abnuerimus,
763 4769 855 4825 sed
887 4775 1067 4841 paucis
1097 4783 1297 4830 tantum
1317 4818 1332 4843 ,
1369 4794 1504 4848 quos
1532 4791 1707 4836 tamen
1738 4799 1926 4840 omnes

345 4872 452 4912 non
495 4868 626 4928 puto
668 4863 834 4936 probe
869 4879 1026 4920 nosse
1071 4869 1193 4936 quid
1235 4881 1444 4939 gestum
1483 4875 1554 4928 sit
1587 4893 1603 4930 :
1632 4878 1925 4934 verisimile

342 4958 520 5001 autem
560 4959 642 5003 est
678 4966 862 5006 eorum
907 4956 1102 5010 multos
1137 4970 1228 5012 aut
1259 4961 1560 5030 nullatenus
1586 4980 1686 5021 nos
1722 4969 1923 5023 electos

345 5035 513 5094 fuisse
541 5055 800 5110 censere,
849 5055 908 5098 ut
951 5057 1067 5114 post
1106 5050 1696 5125 electionemedepulsos
1736 5059 1921 5125 fuisse,

344 5135 400 5181 nt
430 5142 534 5182 non
565 5140 647 5183 sat
672 5131 894 5189 idoneos
919 5137 1082 5203 visos,
1111 5155 1284 5209 neque
1312 5153 1501 5210 sponte
1527 5147 1814 5218 aufugisse.

414 5220 472 5273 3.
517 5219 582 5274 St'
624 5222 840 5292 gloriam
887 5231 1382 5296 concupisceremus,
1434 5236 1535 5289 tale
1590 5239 1923 5294 ministerium

310 5329 316 5336 α
343 5309 526 5379 eligere
559 5309 800 5381 oportuit.
828 5343 898 5353 —
919 5315 1136 5372 BASIL.
1166 5319 1235 5373 At
1272 5324 1361 5391 qui
1401 5340 1512 5378 rem
1557 5342 1682 5381 vere
1724 5330 1920 5393 sciunt,

345 5399 695 5460 mirabuntur.
726 5402 1101 5462 CllRYSOST.
1136 5412 1288 5479 Atqui
1323 5413 1420 5467 bos
1448 5415 1592 5484 ipsos
1615 5412 1792 5472 disisti
1824 5436 1923 5473 no-

343 5492 423 5544 bis
453 5507 604 5548 vana:
631 5497 817 5562 gloria:
843 5514 908 5553 ac
933 5502 1197 5570 superbia:
1234 5506 1436 5559 crimen
1477 5507 1692 5564 oll'erre.
1741 5512 1920 5568 Unde-

346 5599 464 5638 nam
487 5585 644 5654 igitur
668 5586 782 5642 laus
802 5591 1060 5658 speranda
1079 5594 1201 5646 est?
1227 5597 1270 5647 A
1301 5597 1676 5653 multitudine?
1700 5599 1767 5654 At
1785 5618 1918 5668 rem,

344 5685 400 5728 ut
421 5688 645 5767 peracta
673 5689 788 5746 est,
831 5683 1091 5738 nesciunt.
1135 5688 1174 5740 Α
1215 5689 1433 5756 paucis?
1467 5691 1570 5745 Sed
1599 5692 1684 5748 hic
1713 5710 1923 5767 quoque

344 5766 496 5823 nobis
524 5783 611 5824 res
645 5768 698 5826 in
738 5774 1062 5830 contrarium
1099 5777 1309 5832 cecidit.
1363 5778 1545 5851 Neque
1571 5782 1675 5837 alio
1703 5766 1919 5846 nomine

2039 528 2141 584 bnc
2177 532 2444 600 ingressus
2471 548 2528 587 es
2548 575 2561 598 ,
2603 548 2760 602 quam
2793 541 2848 587 ut
2873 534 3135 587 edisceres
3160 575 3173 601 ,
3221 550 3337 603 quae
3364 535 3619 591 adversus

2034 633 2127 674 eos
2153 620 2392 675 defensio
2431 623 2660 690 paranda
2703 624 2789 676 sit.
2836 623 2970 689 Quid
3001 639 3126 676 vero
3155 623 3253 677 hac
3281 623 3347 677 de
3377 639 3434 678 re
3456 639 3615 679 accu-

2034 720 2147 764 rate
2191 725 2329 764 nunc
2372 711 2676 779 proferam?
2727 713 2878 779 Quod
2931 714 3073 767 enim
3119 714 3326 767 etiamsi
3370 715 3620 770 omnibus

2035 801 2110 854 rei
2140 802 2333 856 veritas
2376 811 2500 856 nota
2545 813 2725 869 esset,
2777 819 2841 856 ne
2885 805 2961 858 sic
2991 803 3204 874 quidem
3235 805 3498 872 superbia:
3527 817 3619 860 aut

2033 905 2184 943 vanae
2229 891 2409 959 gloriae
2448 906 2696 946 accusare
2745 902 3050 961 oporteret,
3096 893 3140 946 si
3178 894 3391 961 paulum
3423 906 3617 969 exspe-

2033 989 2166 1044 ctes,
2198 980 2247 1034 id
2281 982 2492 1049 planum
2528 982 2616 1035 tibi
2648 983 2769 1048 erit,
2803 993 2961 1052 atque
2989 982 3208 1052 insuper
3239 983 3388 1050 illud,
3427 981 3619 1052 nempe

2028 1068 2138 1125 non
2171 1074 2234 1124 iis
2265 1071 2423 1126 modo
2464 1073 2551 1141 qui
2660 1073 2775 1127 ausi
2820 1073 3015 1128 fuerint
3039 1114 3054 1137 ,
3099 1074 3142 1128 si
3176 1058 3500 1144 tamen-quis
3531 1089 3620 1129 re-

2034 1165 2268 1232 periatur
2295 1166 2312 1231 (
2342 1182 2444 1218 non
2470 1167 2610 1220 enim
2658 1166 2812 1221 facile
2851 1167 3107 1235 credam)
3137 1208 3151 1231 ,
3201 1166 3296 1220 sed
3326 1167 3487 1220 etiam
3527 1167 3614 1232 iis,

2031 1254 2120 1323 qui
2163 1255 2229 1309 de
2272 1256 2388 1309 aliis
2437 1258 2808 1326 suspicantur,
2860 1258 3152 1327 periculum
3197 1273 3300 1326 non
3347 1252 3620 1313 modicum

2003 1383 2010 1388 ρ
2032 1345 2330 1401 imminere.

2102 1439 2155 1490 4.
2187 1436 2524 1492 Tremendum
2565 1454 2670 1493 esse
2706 1455 2840 1492 nunc
2881 1438 3225 1493 sacerdotium
3260 1437 3421 1507 magis
3458 1453 3614 1507 quam

2031 1528 2083 1581 in
2107 1529 2258 1583 veteri
2281 1527 2429 1599 Lege.
2463 1558 2536 1568 —-
2561 1529 2928 1601 Sacerdotium
2970 1528 3112 1582 enim
3157 1528 3206 1580 in
3239 1537 3377 1581 terra
3410 1516 3619 1596 peragi-

2034 1629 2118 1673 tur
2139 1660 2154 1684 ,
2184 1619 2278 1674 sed
2299 1620 2586 1674 caelestium
2619 1619 2863 1673 ordinum
2893 1619 3119 1673 classem
3147 1617 3349 1671 obtinet
3379 1635 3391 1670 :
3421 1627 3473 1669 et
3494 1615 3620 1686 jure

2032 1711 2244 1779 quidem
2275 1711 2484 1765 merito.
2533 1710 2647 1765 Non
2677 1711 2819 1764 enim
2861 1709 3022 1763 homo
3046 1751 3059 1772 ,
3091 1723 3194 1762 non
3221 1699 3476 1778 angelus,
3511 1723 3621 1760 non

2030 1801 2382 1872 archangelus
2407 1843 2420 1866 ,
2466 1817 2571 1855 non
2602 1802 2701 1873 alia
2733 1801 2991 1870 quaepiam
3020 1809 3198 1854 creata
3232 1809 3489 1868 potestas,
3521 1799 3619 1852 sed

2033 1893 2143 1962 ipse
2167 1892 2472 1945 Paracletus
2500 1891 2598 1949 hoc
2623 1891 2864 1945 officium
2890 1889 3190 1955 ordinavit,
3237 1890 3326 1958 qui
3359 1889 3620 1942 manenti-

2032 1980 2130 2034 bus
2157 1981 2208 2034 in
2245 1996 2406 2035 carne
2444 1991 2629 2034 auctor
2669 1981 2765 2033 fuit
2802 1987 2860 2033 ut
2904 1979 3214 2048 angelorum
3263 1976 3617 2031 ministerium

2030 2074 2210 2127 animo
2253 2074 2611 2143 conciperent.
2662 2072 2863 2126 Idcirco
2918 2070 3276 2125 sacerdotium
3325 2069 3611 2123 obeuntem

2022 2165 2101 2218 ita
2135 2179 2320 2232 purum
2348 2179 2466 2218 esse
2491 2164 2644 2218 decet
2664 2205 2678 2229 ,
2725 2178 2788 2217 ac
2814 2164 2858 2218 si
2899 2163 2952 2217 in
2976 2162 3122 2217 caelis
3158 2162 3298 2215 inter
3327 2169 3622 2230 potestates

2031 2254 2152 2308 illas
2171 2254 2465 2308 collocatus
2509 2262 2672 2308 esset.
2726 2252 3009 2308 Terribilia
3058 2265 3288 2320 namque
3318 2259 3469 2304 erant
3498 2265 3618 2319 qua:

2029 2344 2250 2413 gratiam
2265 2353 2666 2411 praecesserunt
2698 2341 2890 2414 (Exod.
2935 2341 3028 2411 28)
3058 2359 3070 2394 :
3099 2341 3274 2410 qualia
3317 2349 3472 2395 erant
3517 2343 3620 2395 tin-

2032 2433 2302 2503 tinnabula
2330 2472 2344 2497 ,
2377 2433 2512 2486 mala
2540 2433 2726 2503 punica
2751 2474 2765 2499 ,
2797 2432 2997 2501 lapides
3029 2432 3080 2484 in
3113 2439 3331 2500 pectore
3359 2431 3535 2501 positi,
3565 2442 3615 2486 et

2030 2499 2119 2575 alii
2147 2523 2198 2575 in
2245 2521 2663 2590 superhumerali
2689 2564 2702 2588 ,
2747 2523 2940 2591 mitra,
2971 2522 3164 2576 cidaris
3184 2563 3197 2586 ,
3229 2522 3489 2591 poderes,
3535 2523 3617 2575 la-

2031 2612 2172 2666 mina
2212 2602 2408 2678 aurea,
2459 2623 2640 2667 salicta
2669 2623 3005 2677 sanctorum,
3052 2614 3240 2682 ingens
3267 2613 3410 2668 intus
3439 2613 3616 2682 quies.

2030 2706 2100 2759 At
2125 2707 2168 2758 si
2197 2706 2315 2776 quis
2345 2721 2408 2760 ea
2428 2747 2441 2769 ,
2485 2721 2603 2775 qme
2629 2707 2694 2758 ad
2721 2707 2944 2774 gratiam
2974 2715 3216 2775 spectant
3241 2748 3255 2771 ,
3283 2705 3616 2768 censiderct,

1964 2851 1966 2853 ,
2032 2797 2283 2850 terribilia
2314 2797 2398 2850 illa
2425 2806 2583 2865 atque
2614 2796 2864 2849 horrifica
2887 2837 2903 2861 ,
2942 2810 3102 2865 parva
3133 2811 3252 2850 esse
3283 2797 3616 2866 comperiet:

2029 2901 2091 2938 ac
2117 2887 2255 2955 quod
2289 2885 2353 2939 de
2383 2887 2500 2955 lege
2543 2886 2742 2940 dictum
2773 2895 2888 2951 est,
2939 2887 3026 2940 hic
3066 2901 3277 2954 quoque
3307 2902 3488 2940 verum
3517 2888 3615 2941 de-

2031 2976 2421 3044 prehenderet;
2452 2991 2642 3046 nempe
2666 3018 2681 3041 ,
2717 2974 2837 3028 Non
2865 2977 3206 3044 glori/iculum
3231 2986 3306 3029 est
3345 2977 3480 3047 quod
3509 2978 3616 3028 cla.

2028 3065 2127 3118 ruit
2171 3066 2222 3118 in
2266 3066 2361 3118 hac
2394 3077 2540 3136 parte
2571 3075 2776 3136 propter
2797 3066 3117 3120 excellentem
3144 3066 3360 3137 gloriam
3385 3067 3463 3136 (2.
3492 3066 3619 3122 Cor.

2031 3157 2082 3209 5.
2120 3157 2230 3226 l0).
2262 3156 2395 3210 Cum
2437 3157 2578 3210 enim
2620 3156 2817 3210 videris
2863 3156 3143 3210 Dominum
3190 3156 3521 3212 immolatum
3563 3165 3616 3212 et

2027 3250 2326 3316 jacentem,
2365 3255 2420 3300 et
2485 3247 2815 3301 sacerdotem
2846 3247 2862 3278 ¹
2907 3247 3171 3301 sacrificio
3215 3248 3616 3304 incumbentem

2030 3351 2093 3389 ac
2134 3347 2469 3405 precantem,
2516 3351 2810 3406 omnesque
2853 3340 3087 3406 pretioso
3117 3337 3209 3391 illo
3233 3339 3490 3408 sanguine
3521 3355 3614 3393 ru-

2031 3427 2335 3493 bentes,,an
2369 3437 2522 3497 putas
2548 3438 2599 3482 te
2633 3428 2806 3483 adhuc
2831 3445 2950 3483 cum
2977 3429 3280 3484 hominibus
3310 3438 3366 3484 et
3392 3431 3444 3484 in
3476 3441 3615 3488 terra

2030 3518 2191 3584 esse?
2243 3533 2419 3572 annon
2461 3518 2634 3587 potius
2678 3520 2730 3571 in
2780 3520 2940 3574 cwlos
2986 3520 3309 3588 translatus,
3362 3523 3617 3592 omnique

2034 3609 2233 3663 carnali
2266 3607 2587 3679 Cogitatio'ne
2611 3607 2878 3663 eliminata
2902 3652 2918 3676 ,
2953 3611 3096 3664 nudo
3124 3612 3302 3667 animo
3331 3624 3618 3683 menteque

2032 3713 2162 3767 pura
2194 3714 2311 3767 qua:
2351 3699 2402 3752 in
2431 3699 2578 3753 caelis
2603 3707 2727 3752 sunt
2752 3699 3151 3768 circumspicis?
3189 3701 3232 3755 0
3260 3701 3616 3758 miraculum!

2031 3804 2064 3842 ο
2097 3789 2189 3843 Dei
2215 3789 2618 3858 benignitatem!
2673 3789 2775 3857 Qui
2818 3805 2938 3844 cum
2980 3791 3136 3845 Patre
3183 3807 3395 3846 sursum
3440 3794 3616 3861 sedet,

2033 3879 2117 3932 illa
2148 3879 2274 3932 hora
2305 3882 2541 3933 omnium
2569 3882 2812 3934 manibus
2839 3889 3051 3935 tenetur
3073 3923 3089 3947 ,
3134 3886 3359 3952 seseque
3390 3884 3617 3939 volenti-

2034 3972 2133 4027 bus
2154 3973 2246 4027 dat
2272 3973 2730 4042 complcctendum
2756 3981 2811 4028 et
2848 3974 3236 4044 accipiendum.
3270 3975 3407 4030 Illud
3436 3988 3617 4032 autem

2030 4078 2222 4119 omnes
2251 4063 2449 4117 faciunt
2473 4065 2642 4120 oculis
2672 4065 2814 4120 ﬁdei.
2863 4064 3001 4120 Num
3029 4066 3122 4120 tibi
3153 4067 3267 4120 tunc
3305 4076 3618 4136 contemptu

2031 4156 2192 4225 digna
2217 4155 2496 4210 videntur?
2543 4172 2611 4210 an
2654 4156 2958 4225 hujusmodi
2998 4171 3119 4212 esse
3139 4199 3152 4222 ,
3187 4165 3244 4210 ut
3272 4159 3443 4227 possit
3465 4159 3617 4226 quis-

2031 4247 2172 4316 piam
2225 4246 2483 4300 adversus
2529 4261 2592 4302 ea
2644 4247 2875 4303 extolli?
2927 4247 3092 4304 Visne
3143 4259 3198 4304 et
3247 4251 3617 4306 sanctimonia:

2032 4338 2172 4392 illius
2211 4325 2578 4392 excellentiam
2605 4353 2668 4392 ex
2700 4338 2805 4410 alio
2835 4339 3092 4393 miraculo
3129 4339 3469 4409 perspicere?
3513 4339 3618 4394 lle-

2033 4428 2154 4481 liam
2184 4428 2312 4481 mibi
2342 4428 2412 4482 ob
2441 4430 2622 4484 oculos
2643 4429 2868 4499 depinge
2888 4473 2902 4492 ,
2935 4431 3357 4502 immensamque
3382 4432 3618 4486 circum-

2032 4520 2203 4574 fusam
2242 4522 2485 4587 turbam,
2513 4531 2566 4576 et
2617 4521 2844 4576 hostium
2892 4523 3150 4591 lapidibus
3188 4525 3490 4592 impositam
3522 4522 3616 4597 (5.

2033 4610 2159 4679 Reg.
2195 4611 2295 4682 l8)
2331 4630 2342 4664 :
2374 4623 2533 4682 atque
2558 4627 2744 4667 omnes
2767 4613 2899 4666 alios
2931 4615 2980 4666 in
3007 4616 3184 4684 quiete
3219 4625 3271 4669 et
3310 4630 3505 4685 magno
3534 4616 3619 4671 si-

2031 4701 2197 4755 lentio
2236 4710 2438 4756 stantes
2464 4743 2477 4767 ,
2521 4703 2691 4757 solum
2729 4719 2858 4758 vero
2900 4704 3215 4773 prophetam
3261 4714 3615 4776 precantem:

2034 4803 2145 4846 tum
2171 4803 2389 4861 repente
2428 4793 2696 4848 ﬂammam
2724 4809 2792 4848 ex
2833 4795 2978 4849 cmlis
3004 4797 3069 4854 ,in
3111 4797 3428 4852 sacriﬁcium
3475 4797 3616 4868 inje-

2031 4893 2191 4938 ctam.
2219 4883 2543 4939 Admiranda
2569 4893 2695 4939 sunt
2723 4885 2838 4941 hare
2859 4926 2874 4950 ,
2907 4887 3160 4957 omnique
3186 4897 3404 4957 stupore
3431 4890 3614 4958 plena.

2031 4975 2180 5030 Illinc
2203 4985 2253 5030 te
2281 4978 2504 5032 transfer
2531 4978 2596 5031 ad
2622 4994 2680 5032 ea
2714 4993 2833 5048 qua:
2862 4994 3005 5034 nunc
3030 4991 3380 5050 peraguntur,
3413 4997 3477 5036 ac
3505 4999 3614 5037 non

2030 5068 2162 5122 mira
2193 5077 2396 5121 tantum
2424 5068 2657 5133 videbis,
2685 5069 2780 5122 sed
2800 5083 3016 5124 omnem
3045 5081 3317 5140 stuporem
3345 5087 3613 5141 superan-

2032 5160 2122 5211 tia.
2146 5159 2258 5213 Stat
2288 5161 2439 5236 enim‘
2460 5151 2728 5221 sacerdos,
2763 5175 2867 5213 non
2902 5160 3074 5230 ignem
3102 5172 3335 5231 gestans,
3366 5162 3460 5217 sed
3493 5163 3617 5232 8ρὶ-

2031 5249 2189 5302 ritum
2220 5259 2495 5314 sanctum;
2545 5255 2733 5318 preces
2781 5251 2946 5304 multo
2988 5261 3226 5321 tempore
3265 5250 3476 5316 fundit,
3506 5269 3616 5307 non

2029 5350 2087 5392 ut
2117 5341 2198 5393 fax
2222 5340 2448 5394 demissa
2477 5341 2687 5407 crclitus‘
2703 5343 2940 5410 apposita
2962 5356 3259 5409 consumat,
3289 5345 3382 5398 sed
3411 5355 3465 5397 ut
3491 5360 3622 5422 ενδ..

2003 5432 2100 5492 ~tia
2146 5433 2196 5484 in
2244 5430 2562 5484 sacriﬁcium
2601 5429 2838 5500 delapsa
2857 5446 2955 5500 per
2980 5432 3105 5486 illud
3133 5433 3370 5486 omnium
3404 5425 3628 5488 animos.

2029 5525 2358 5591 inﬂammet,
2408 5533 2463 5578 et
2509 5533 2728 5593 argento
2777 5525 2896 5594 igne
2951 5533 3176 5596 purgato
3221 5523 3614 5595 splendidiores

1973 5677 1975 5680 ,
2027 5617 2294 5673 exhibeat.
2325 5616 2436 5672 lloc
2455 5616 2631 5686 itaque
2662 5616 3106 5673 terribilissimum
3138 5617 3472 5690 mysterium,
3495 5623 3619 5690 quis

2091 5794 2109 5826 ί
2145 5788 2334 5855 Aliquot
2351 5799 2476 5854 Mss,
2501 5789 2786 5856 pauiﬁcem.
