4198 6324
662 412 771 467 ἑ)ίὸ

662 526 919 587 tandem,
969 524 1067 576 nisi
1110 520 1390 575 admodum
1440 521 1664 575 insaniat
1689 562 1703 582 ,
1738 521 1816 574 vel
1850 530 2024 574 mente
2050 530 2237 587 captus

660 618 760 682 sit,
792 614 1066 681 despicere
1090 612 1289 679 queat?
1338 612 1417 665 An
1448 611 1661 680 ignoras
1694 611 1977 664 lunnanam
2009 614 2237 663 animam

662 708 837 773 ignem
860 704 1100 757 sacriﬁcii
1126 702 1420 771 hujusmodi
1444 718 1733 770 numquam
1748 713 1956 771 gestare
1982 703 2238 769 potuisse,

663 796 757 849 sed
785 791 971 849 emnes
1002 795 1249 847 funditus
1294 795 1555 861 perituros
1596 794 1797 858 fuisse,
1852 796 1949 847 nisi
1995 808 2237 862 magnum

658 886 874 939 adesset
892 883 1074 952 gratia:
1100 884 1189 937 Dei
1212 883 1504 935 auxilium?

733 973 789 1026 5.
815 971 1053 1041 Magnam
1072 989 1177 1024 esse
1194 972 1457 1025 sacerdotii
1469 981 1757 1039 potestatem
1785 982 1827 1024 et
1841 972 2149 1039 dignitatem.
2170 1000 2237 1011 —

658 1064 712 1116 Si
745 1062 862 1131 quis
890 1061 1032 1115 enim
1060 1076 1238 1114 secum
1264 1071 1471 1129 reputet
1494 1071 1749 1130 quantum
1782 1061 1905 1114 illud
1934 1064 2018 1124 sit,
2051 1077 2240 1128 nempe

662 1157 933 1209 hominem
964 1170 1122 1209 carne
1147 1166 1200 1208 et
1239 1155 1493 1223 sanguine
1536 1156 1822 1207 involutum
1846 1194 1861 1219 ,
1907 1170 2070 1222 prope
2106 1154 2237 1207 bea—

662 1256 769 1298 tam
819 1245 959 1298 illam
1005 1253 1057 1297 et
1104 1245 1451 1302 immortalem
1500 1254 1739 1297 naturam
1786 1244 2069 1299 con-litui.
2118 1252 2240 1296 tunc

665 1334 844 1400 probe.
863 1333 1114 1403 intelliget
1143 1344 1337 1401 quanto
1372 1334 1574 1388 honore
1607 1334 1834 1401 Spiritus
1860 1335 2027 1402 gratia
2055 1348 2238 1387 sacer-

665 1424 815 1476 dotes
845 1423 1133 1477 ornaverit.
1184 1423 1313 1477 Nam
1341 1439 1434 1495 per
1460 1439 1553 1480 eos
1593 1424 1707 1477 haec
1750 1433 2069 1493 peraguntur
2105 1424 2238 1477 alia-

663 1500 888 1579 que-his
910 1512 1076 1567 nihilo
1104 1511 1349 1566 inferiora
1377 1554 1391 1577 ,
1419 1528 1537 1582 quae
1562 1514 1627 1567 ad
1652 1512 1923 1582 dignitatis
1946 1514 2238 1579 salutisque

666 1610 861 1654 mstrae
891 1600 1149 1656 rationem
1180 1610 1437 1669 spectant.
1493 1603 1696 1656 Etenim
1738 1602 1826 1670 qui
1874 1612 2065 1655 terram
2096 1602 2241 1655 inco-

665 1690 782 1742 lunt
807 1690 856 1742 iu
884 1704 1053 1758 eaque
1079 1700 1491 1753 commorantur,
1524 1691 1589 1742 ad
1620 1707 1680 1751 ea
1711 1706 1830 1759 qua:
1861 1692 1911 1743 in
1940 1691 2084 1745 melis
2109 1701 2235 1744 sunt

664 1778 1017 1844 dispensanda
1056 1779 1323 1831 commissi
1362 1787 1483 1831 sunt
1507 1820 1519 1839 .
1569 1788 1986 1847 potestatemque
2016 1794 2239 1848 accepe-

663 1879 783 1923 runt
808 1907 822 1928 ,
854 1882 1010 1935 quam
1044 1883 1214 1935 neque
1262 1869 1463 1936 angelis
1502 1860 1674 1949 neque
1718 1870 2047 1939 archangelis
2095 1872 2242 1925 dedit

664 1956 823 2009 Deus.
894 1955 1077 2025 Neque
1125 1958 1265 2011 enim
1322 1959 1423 2011 illis
1468 1958 1664 2012 dictum
1719 1970 1801 2012 est
1846 1977 1858 2012 :
1906 1960 2242 2029 Qua’cumque

662 2047 933 2117 ligcieerilis
953 2049 1003 2101 in
1032 2059 1182 2113 terra,
1212 2060 1355 2103 erunt
1382 2051 1537 2120 ligata
1562 2062 1607 2103 et
1643 2052 1693 2104 in
1724 2052 1884 2113 rwlo;
1915 2061 1959 2103 et
1983 2061 2239 2121 qiuecum-

661 2151 758 2206 que
782 2138 1023 2193 solveritis
1052 2140 1101 2192 in
1134 2150 1264 2195 terra
1283 2182 1299 2206 ,
1340 2152 1484 2196 erunt
1520 2144 1685 2195 soluta
1724 2152 1768 2195 et
1794 2144 1845 2196 in
1872 2144 1996 2197 calo
2026 2145 2235 2213 (,Ilattlt.

665 2228 751 2280 18.
789 2226 894 2297 18).
948 2227 1152 2283 Habent
1192 2232 1402 2299 quidem
1449 2231 1521 2298 ii,
1567 2233 1652 2300 qui
1687 2234 1739 2286 in
1769 2242 1907 2287 terra
1955 2227 2236 2301 imperant,

660 2326 973 2384 potestatem
1012 2318 1237 2387 ligandi,
1277 2336 1459 2374 verum
1502 2335 1724 2390 corpora
1764 2324 1934 2376 solum
1971 2341 1983 2377 :
2018 2323 2118 2377 hoc
2146 2339 2240 2377 au-

663 2413 767 2459 tem
796 2408 1065 2464 vinculum
1087 2409 1252 2477 ipsam
1283 2411 1491 2481 attingit
1517 2412 1771 2479 animam,
1800 2414 2063 2482 ett-Iusque
2093 2425 2237 2467 tran-

660 2494 869 2550 scendit
901 2515 914 2550 :
943 2513 1006 2552 ac
1046 2514 1393 2569 quacumque
1434 2500 1638 2555 inferne
1683 2502 1986 2556 sacerdotes
2015 2502 2232 2568 faciunt,

660 2584 847 2639 eadem
880 2587 1017 2642 Dens
1059 2604 1288 2657 superne
1332 2592 1646 2656 conlirmat;
1696 2608 2075 2675 servor-pmque
2119 2609 2239 2647 seo-

660 2677 878 2730 tentiam
924 2677 1039 2746 ipse
1068 2678 1321 2733 Dominus
1348 2688 1516 2734 ratam
1556 2680 1701 2735 facit.
1741 2682 1875 2749 Quid
1916 2684 2055 2737 enim
2096 2683 2237 2747 aliud

659 2766 764 2820 illis
788 2766 953 2833 dedit,
985 2784 1141 2837 quam
1168 2784 1378 2824 omnem
1408 2772 1696 2827 ctclestium
1728 2789 1762 2841 p
1784 2784 2040 2829 .testatem
2064 2778 2088 2827 ?
2115 2792 2235 2830 nam

662 2856 922 2923 Quorum,
968 2858 1166 2928 inquit,
1206 2861 1494 2915 r‘emiseritis
1534 2872 1737 2929 peccata
1763 2904 1776 2926 ,
1806 2865 2161 2933 remittuntur;
2190 2877 2235 2920 et

656 2961 868 3013 quorum
895 2946 1195 3002 retinueritis
1216 2989 1233 3011 ,
1262 2959 1450 3003 retenta
1477 2962 1593 3003 sunt
1629 2950 1806 3022 (Joan.
1838 2953 1926 3007 20.
1960 2954 2075 3021 23).
2105 2955 2235 3022 Qure

658 3034 829 3103 major
855 3034 954 3090 hac
981 3047 1215 3105 potestas
1241 3037 1437 3093 fuerit?
1470 3040 1630 3095 Omne
1642 3042 1891 3110 judicium
1920 3043 2054 3097 dedit
2080 3046 2234 3099 Pater

660 3126 795 3181 Filio
821 3127 994 3199 (Joau.
1023 3131 1077 3184 5.
1105 3129 1196 3199 29)
1234 3149 1247 3184 :
1280 3132 1537 3203 videoque
1566 3134 1735 3202 ipsum
1764 3150 1921 3189 omne
1965 3136 2095 3203 ipsis
2122 3146 2232 3190 tra-

654 3219 821 3273 ditum
851 3236 879 3273 a
908 3220 1044 3276 Filio
1072 3238 1211 3279 esse.
1242 3225 1320 3278 Ac
1348 3225 1391 3277 si
1422 3225 1691 3302 enim'jam
1725 3226 1774 3278 in
1805 3227 1966 3281 czelos
1993 3229 2233 3282 translati

654 3321 870 3375 escent,
912 3319 1072 3381 atque
1103 3313 1385 3367 humanam
1432 3324 1672 3369 naturam
1722 3327 2163 3385 exsuperassent,
2202 3333 2231 3370 a

654 3401 852 3454 nostris
893 3401 1167 3456 an‘ectibus
1207 3403 1451 3469 liberati,
1502 3405 1569 3458 ita
1618 3406 1669 3459 in
1713 3416 1914 3461 tantum
1950 3408 2229 3476 imperium

652 3494 823 3549 cvecti
853 3503 995 3547 sunt.
1039 3495 1120 3549 Ad
1158 3495 1274 3550 hmc
1296 3537 1310 3559 ,
1354 3498 1398 3550 si
1441 3497 1730 3565 Imperator
1764 3499 2093 3554 subditorum
2120 3501 2232 3553 cui-

655 3584 794 3653 piam
846 3583 986 3639 hunc
1041 3584 1296 3640 honorem
1352 3589 1673 3654 contulerit,
1727 3599 1784 3643 ut
1829 3605 1963 3660 quos
2017 3592 2229 3645 libuerit

603 3712 607 3716 ς
653 3675 822 3739 possit
872 3675 925 3737 in
969 3690 1237 3730 carcerem
1285 3679 1551 3745 conjicere
1599 3678 1825 3748 indeque
1867 3695 2093 3741 eruere,
2141 3680 2230 3734 ille

651 3763 992 3819 admirandus
1029 3774 1083 3819 et
1122 3767 1440 3835 conspicuus
1478 3767 1615 3835 apud
1655 3782 1841 3821 omnes
1888 3768 2137 3830 habetur;
2177 3778 2231 3822 at

651 3856 695 3904 is
716 3853 856 3921 quia
883 3854 991 3908 Deo
1009 3863 1155 3909 tanto
1177 3857 1430 3924 majorem
1456 3867 1768 3926 potestatem
1788 3860 2009 3927 accepit,
2032 3868 2230 3928 quanto

650 3941 838 3995 ca'lum
888 3952 1024 3997 terra
1058 3946 1339 4012 pretiosius
1367 3955 1449 4000 est
1468 3987 1482 4006 .
1512 3956 1566 4001 et
1590 3959 1787 4017 quanto
1812 3950 2003 4002 anima:
2034 3964 2226 4016 corpo-

650 4028 796 4083 ribus
816 4072 831 4097 ,
875 4032 944 4084 ita
980 4034 1229 4103 exiguum
1266 4037 1534 4090 nonnullis
1560 4038 1766 4092 videtur
1793 4038 2047 4093 honorem
2070 4054 2230 4094 acce-

650 4119 813 4187 pisse,
862 4131 918 4176 ut
942 4125 1158 4193 cogitari
1190 4126 1374 4194 possit,
1420 4129 1717 4198 quempiam
1746 4129 1847 4184 hoc
1878 4132 1975 4185 sibi
2006 4147 2229 4186 concre-

650 4209 819 4264 ditum
863 4212 1059 4267 donum
1101 4215 1396 4285 despicere.
1449 4223 1629 4288 Apage
1671 4222 1928 4276 insaniam
1965 4240 1978 4277 :
2024 4225 2224 4278 insania

650 4308 879 4363 namque
905 4296 1180 4351 manifesta
1210 4308 1309 4361 est,
1339 4310 1537 4355 tantum
1558 4305 1905 4373 principatum
1926 4306 2224 4375 despicere,

648 4384 766 4437 sine
794 4400 899 4454 quo
925 4401 1095 4456 neque
1122 4389 1341 4443 salutem
1379 4406 1548 4460 neque
1582 4396 1838 4463 promissa
1868 4396 2003 4450 bona
2027 4412 2223 4451 conse-

647 4474 736 4543 qui
783 4490 1082 4542 possumus.
1132 4478 1261 4531 Nam
1310 4481 1351 4533 si
1402 4497 1505 4534 non
1554 4492 1729 4552 potest
1779 4487 1896 4553 quis
1946 4486 2143 4539 intrare
2173 4488 2221 4540 in

648 4581 869 4636 regnum
899 4569 1165 4634 cazlorum,
1200 4573 1296 4625 nisi
1328 4590 1421 4643 per
1444 4592 1631 4644 aquam
1660 4586 1712 4629 et
1734 4578 1974 4646 spiritum
1995 4596 2227 4649 regene-

646 4668 791 4712 ratus
827 4658 981 4714 I'uerit
1010 4660 1185 4732 (Joan.
1220 4666 1272 4719 5.
1299 4667 1394 4733 5);
1442 4676 1493 4720 et
1522 4670 1618 4736 qui
1642 4685 1746 4723 non
1791 4671 2072 4725 manducat
2101 4689 2221 4726 car-

652 4746 772 4803 nem
818 4751 1059 4819 Domini,
1106 4770 1204 4809 nec
1232 4756 1360 4811 bibit
1389 4759 1503 4828 ejus
1529 4762 1859 4837 sanguinem,
1892 4776 2089 4818 mterna
2117 4769 2220 4819 vita

649 4839 885 4906 privatur
911 4840 1086 4911 (Joan.
1118 4844 1171 4898 6.
1198 4846 1289 4914 54)
1322 4864 1334 4899 :
1365 4848 1478 4905 haec
1503 4862 1680 4905 autem
1712 4854 1885 4907 omnia
1916 4869 2018 4909 non
2045 4856 2218 4923 aliter,

647 4945 806 4996 quam
837 4946 931 4999 per
955 4941 1166 4989 sanctas
1208 4937 1322 4991 illas
1363 4926 1586 5007 manus,
1630 4945 1965 5005 sacerdotum
2006 4962 2218 5016 nempe,

648 5020 1184 5105 perﬁciunturiquis
1229 5027 1343 5081 sine
1387 5028 1590 5083 illarum
1635 5048 1795 5100 opera
1836 5043 1925 5088 aut
1966 5035 2224 5105 gehennae

652 5108 825 5178 ignem
844 5108 1102 5201 effugere,
1119 5125 1208 5169 aut
1234 5119 1491 5183 repositas
1507 5123 1717 5192 assequi
1745 5137 1975 5181 coronas
1996 5126 2227 5194 poterit?

720 5202 771 5255 6.
806 5202 1051 5271 Magnum
1076 5222 1181 5259 esse
1209 5212 1523 5273 sacerdotum
1554 5229 1752 5267 munus.
1782 5243 1855 5253 —
1896 5215 1955 5269 Hi
1996 5233 2223 5287 namque

647 5304 806 5359 sunt,
842 5294 892 5346 hi
921 5305 1062 5360 sunt,
1092 5299 1280 5367 quibus
1300 5303 1587 5355 concrcditi
1614 5313 1738 5358 sunt
1765 5307 2064 5373 spirituales
2095 5324 2219 5378 par-

649 5391 734 5435 tus
761 5392 813 5437 et
849 5388 1120 5447 generatio
1149 5398 1255 5454 per
1298 5391 1614 5459 btptismum
1648 5413 1660 5447 :
1697 5412 1789 5462 per
1824 5397 1923 5450 hos
1949 5398 2216 5453 Christum

647 5474 931 5533 induimus.
958 5486 1007 5529 et
1036 5494 1152 5530 cmn
1188 5480 1318 5533 Filio
1347 5482 1435 5535 Dei
1468 5486 1752 5551 sepelimur
1776 5529 1789 5547 ,
1817 5490 2049 5543 membra
2078 5491 2219 5545 beati

648 5562 786 5617 itttus
814 5568 997 5636 capitis
1037 5568 1314 5623 eilicimur.
1366 5572 1436 5627 Ita
1469 5589 1570 5627 uo"
1615 5578 1771 5631 modo
1813 5581 2133 5648 principibus
2160 5598 2221 5638 ac

647 5656 857 5739 regibus
901 5659 1337 5716 tormidabiliores
1363 5704 1377 5725 ,
1424 5666 1514 5719 sed
1546 5669 1775 5735 patribus
1803 5671 1960 5724 etiam
1992 5687 2218 5725 venera-

644 5744 857 5801 biliores
891 5749 1182 5819 nobisjurc
1214 5755 1423 5811 iuerint.
1470 5759 1545 5813 Illi
1592 5761 1730 5815 enim
1767 5778 1829 5815 cx
1875 5765 2217 5833 sanguinibus

1372 409 1427 461 δ.
1465 408 1740 462 ,πολκκιε
1779 404 2253 461 cunvsosrmn
2296 361 2609 459 ARCttIEP.
2658 401 3191 458 coas'rax'rtxor.

3824 400 3933 455 ΘΗ

2347 531 2518 586 exque
2549 515 2816 570 voluntate
2840 517 3019 570 carnis
3054 531 3153 573 nos
3190 524 3517 585 genuerunt;
3553 512 3604 567 hi
3638 528 3762 569 vero
3789 514 3937 567 iilius

2347 623 2465 675 qua:
2507 624 2570 660 rx
2607 607 2717 660 Deo
2757 616 2838 660 est
2883 589 3243 676 generationis
3294 606 3445 660 nobis
3487 614 3733 661 auctores
3778 613 3930 662 sunt,

2348 698 2515 751 beata:
2543 713 2732 766 nempe
2777 699 2915 752 illius
2961 698 3415 767 regenerationis,
3462 711 3601 751 verat
3650 696 3934 754 libertatis,

2347 798 2400 840 et
2430 788 2568 841 illius
2604 803 2722 857 qua:
2762 787 3052 842 secundum
3078 788 3300 857 gratiam
3329 785 3409 841 est
3440 785 3758 855 adoptionis.
3788 782 3930 837 Cor-

2348 879 2491 945 poris
2514 877 2710 944 lepram
2740 892 2984 946 purgare,
3015 878 3120 930 imo
3149 877 3322 945 potius
3348 875 3647 929 nullatenus
3678 888 3934 943 purgare,

2346 967 2438 1019 sed
2472 978 2718 1035 purgatos
2758 969 2982 1035 probare
3025 978 3226 1020 tantum
3254 1007 3267 1030 ,
3302 966 3604 1021 Iudaeorum
3635 963 3935 1020 sacerdoti-

2348 1055 2446 1109 bus
2490 1057 2679 1110 licebat
2721 1056 2903 1125 (Levit.
2931 1057 3017 1127 lt)
3050 1073 3061 1109 :
3092 1066 3147 1110 et
3189 1067 3365 1111 tamen
3411 1057 3547 1110 nosti
3575 1065 3768 1124 quanta
3802 1066 3937 1109 tunc

2346 1154 2487 1198 esset
2520 1160 2612 1212 pro
2654 1146 2966 1200 sacerdotali
3005 1147 3263 1215 dignitate
3301 1146 3646 1200 concertatio.
3690 1145 3750 1199 lIi
3794 1160 3935 1198 vero

2348 1252 2450 1290 non
2482 1238 2679 1305 lepram
2708 1238 2947 1305 corporis
2967 1280 2980 1301 ,
3012 1238 3105 1293 sed
3135 1237 3521 1292 immunditiam
3552 1238 3745 1291 animm
3771 1278 3785 1299 ,
3820 1252 3935 1291 non

2347 1340 2616 1399 purgatam
2647 1330 2922 1397 probandi,
2953 1333 3045 1384 sed
3080 1346 3295 1399 prorsus
3319 1330 3571 1399 purgandi
3606 1334 3935 1399 potestatem

2345 1431 2694 1487 acta-perunt;
2732 1419 2799 1475 ita
2826 1432 2882 1475 ut
2906 1423 2993 1491 qui
3026 1423 3170 1491 ipsos
3199 1431 3547 1475 contemnunt
3574 1462 3588 1482 ,
3622 1421 3776 1489 longe
3804 1436 3937 1476 sce-

2345 1511 2620 1564 leratiores
2664 1520 2719 1565 et
2765 1514 3006 1579 graviore
3047 1512 3309 1579 supplicio
3348 1510 3623 1580 digniores
3665 1511 3769 1565 siut
3812 1511 3937 1576 ipso

2347 1600 2548 1654 Dathan
2575 1608 2629 1654 et
2653 1602 2811 1655 sociis
2836 1602 2950 1668 ejus
2976 1600 3158 1671 (Num.
3195 1604 3303 1669 16).
3338 1602 3413 1662 Illi
3444 1602 3614 1668 enim,
3647 1603 3749 1654 etsi
3784 1603 3938 1671 prin-

2343 1690 2571 1759 cipatum
2595 1690 2658 1743 ad
2688 1706 2744 1744 se
2767 1707 2868 1744 non
2899 1702 3227 1759 Spectantem
3258 1693 3354 1746 sibi
3383 1692 3747 1757 vindicarent,
3788 1702 3934 1746 atta-

2345 1794 2465 1833 men
2511 1782 2697 1833 tniratn
2738 1781 3021 1849 quamdam
3048 1782 3116 1835 de
3159 1784 3247 1834 illo
3290 1783 3593 1850 opinionem
3640 1767 3931 1846 habebant,

2344 1880 2401 1923 ut
2426 1886 2491 1924 ex
2514 1887 2704 1941 magno
2731 1873 2869 1925 illius
2891 1872 3153 1927 desiderio
3176 1874 3348 1941 palam
3374 1870 3637 1927 faciebant
3665 1890 3677 1925 :
3706 1872 3758 1925 hi
3778 1887 3933 1938 vero,

2346 1970 2621 2029 postquam
2664 1960 3020 2022 sacerdotium
3061 1972 3337 2028 tantopere
3376 1970 3621 2014 ornatum
3652 1971 3761 2021 est.
3814 1971 3934 2013 lan-

2346 2059 2563 2119 tumque
2600 2051 2801 2121 accepit
2838 2052 3221 2106 incrementum
3246 2095 3261 2116 ,
3295 2062 3477 2105 contra
3505 2067 3662 2118 quam
3694 2052 3802 2117 illi,
3833 2051 3932 2106 sed

2346 2149 2519 2194 tamen
2549 2142 2704 2209 longe
2730 2143 2972 2210 graviora
3010 2144 3122 2196 ausi
3153 2154 3317 2196 ςιιιιιι.⁸
3344 2144 3526 2212 Neque
3552 2144 3693 2197 enim
3721 2159 3819 2212 par
3847 2154 3935 2197 est.

2343 2241 2702 2299 contemptus,
2730 2248 2835 2290 non
2867 2242 3251 2302 competentem
3280 2235 3379 2288 sibi
3418 2234 3672 2305 honorem
3700 2235 3929 2301 ambire,

2343 2330 2397 2373 et
2427 2329 2566 2374 tanta
2596 2321 2731 2374 bona
2776 2320 3081 2389 despicere;
3134 2322 3226 2376 se-J
3272 2331 3416 2374 tanto
3454 2324 3669 2391 gravius
3699 2322 3798 2376 hoc
3830 2323 3926 2375 illo

2344 2420 2463 2473 cst,
2508 2420 2760 2479 quantum
2804 2420 2886 2463 est
2936 2412 3073 2464 inter
3119 2410 3384 2465 fastidium
3421 2422 3475 2466 et
3519 2412 3928 2467 admirationem

2344 2498 2694 2553 intervallum.
2740 2500 2867 2565 Quis
2894 2500 2965 2553 ita
2994 2501 3158 2555 miser
3182 2502 3355 2562 fuerit,
3393 2509 3447 2554 ut
3478 2510 3555 2554 tot
3579 2502 3713 2555 bona
3743 2501 3933 2569 desipi-

2341 2588 2485 2641 ciat?
2535 2587 2815 2643 Neminem
2843 2588 3066 2642 dixerim
3092 2629 3107 2652 ,
3144 2591 3240 2642 nisi
3268 2591 3389 2657 quis
3417 2590 3679 2644 diabolico
3708 2589 3933 2645 stimulo

2341 2678 2654 2732 concitetur.
2710 2678 2904 2731 Verum
2953 2693 3018 2732 eo
3056 2679 3167 2747 jam
3212 2680 3429 2744 redibo,
3480 2679 3619 2733 unde
3655 2679 3931 2748 digressus

2341 2784 2458 2822 sum
2489 2788 2501 2820 :
2530 2786 2698 2839 neque
2726 2772 2867 2825 enim
2912 2772 2962 2825 in
2996 2771 3261 2839 puniendo
3288 2773 3459 2825 solunt
3485 2815 3499 2837 ,
3542 2772 3635 2827 sed
3675 2775 3834 2826 etiam
3869 2774 3924 2827 iu

2342 2859 2720 2913 benefacicudo
2748 2862 2999 2928 majorem
3029 2862 3392 2916 sacerdotibus
3420 2878 3576 2932 quam
3608 2863 3923 2930 parentibus

2341 2958 2653 3016 potestatem
2682 2949 2825 3002 dedit
2861 2951 2996 3002 Dens
3027 2967 3041 3003 :
3075 2960 3325 3020 tantaque
3361 2961 3443 3006 est
3481 2952 3622 3006 inter
3664 2962 3927 3023 utrosque

2339 3038 2654 3103 dElI'erentia,
2684 3052 2877 3107 quanta
2902 3039 3039 3093 inter
3066 3052 3377 3110 praesentem
3403 3050 3457 3095 et
3477 3041 3706 3095 futuram
3734 3043 3923 3097 vitam.

2339 3127 2468 3181 Nam
2493 3129 2561 3180 illi
2594 3129 2805 3197 quidem
2830 3131 2880 3182 in
2905 3129 3040 3184 huic
3057 3132 3235 3197 vitam,
3261 3132 3312 3185 hi
3341 3133 3390 3186 in
3414 3132 3640 3186 futuram
3658 3134 3881 3203 gignunt
3907 3150 3922 3185 :

2338 3228 2495 3288 atque
2526 3220 2597 3271 illi
2634 3234 2700 3273 ue
2738 3221 3068 3289 corporalem
3111 3222 3321 3290 quidem
3367 3223 3638 3277 interitmn
3664 3242 3693 3275 a
3737 3223 3925 3279 liberis

2336 3313 2541 3367 amoliri
2594 3323 2853 3380 possunt,
2906 3328 3010 3367 non
3060 3314 3391 3384 ingruentem
3440 3316 3685 3370 morbum
3740 3315 3928 3385 depcl-

2337 3403 2479 3465 lere;
2534 3402 2587 3455 hi
2634 3418 2763 3457 vero
2802 3419 2995 3472 mgram
3040 3413 3094 3459 et
3141 3420 3265 3459 mox
3312 3406 3643 3459 interituram
3682 3407 3917 3459 animatn

2336 3507 2478 3562 sa‘pe
2506 3490 2803 3555 servarunt,
2838 3493 2955 3546 aliis
2983 3494 3341 3548 remissiorem
3372 3510 3580 3562 pmnam
3609 3494 3917 3559 redtlentes,

2336 3585 2467 3637 alios
2494 3598 2709 3653 prorsus
2748 3584 2850 3637 labi
2881 3598 2985 3637 non
3027 3585 3298 3649 sitientes;
3344 3586 3500 3655 idque
3531 3601 3632 3640 non
3662 3585 3923 3640 docti-inte

2338 3685 2539 3730 tantum
2566 3682 2726 3745 atque
2751 3676 3119 3742 monitionum,
3147 3676 3239 3730 sed
3262 3677 3421 3731 etiam
3442 3677 3741 3731 orationum
3769 3678 3927 3730 auxi-

2336 3766 2426 3855 lio.
2478 3765 2658 3834 Neque
2705 3766 2844 3819 enim
2894 3774 3099 3819 tantum
3137 3780 3256 3819 cum
3302 3781 3399 3820 nos
3443 3776 3793 3835 regenerant,
3822 3766 3920 3819 sed

2336 3854 2494 3909 etiam
2518 3865 2637 3924 post
2656 3856 3111 3924 regenerationem
3127 3854 3355 3909 admissa
3380 3868 3592 3924 peccata
3610 3855 3919 3910 condonare

2338 3955 2577 4015 possunt.
2605 3943 2736 3998 Nam
2769 3942 3101 4012 Infirmatur,
3136 3946 3337 4015 inquit,
3376 3947 3488 4015 quis
3518 3946 3569 3998 in
3599 3945 3775 3998 vobis?
3815 3946 3916 3998 ad-

2334 4046 2469 4088 vocet
2497 4032 2808 4103 presbyteros
2837 4033 3076 4087 Ecclesiae
3095 4076 3109 4100 ,
3138 4044 3183 4088 et
3210 4044 3351 4089 orent
3380 4052 3533 4105 super
3560 4051 3618 4088 eo
3635 4074 3649 4097 ,
3675 4044 3918 4104 augentes

2334 4140 2446 4178 eum
2486 4124 2594 4178 oleo
2632 4125 2683 4177 in
2718 4124 2918 4177 nomine
2947 4122 3171 4177 Domini.
3228 4125 3292 4178 Et
3336 4126 3496 4178 oratio
3543 4126 3662 4193 fidei
3705 4125 3921 4179 salvabit

2332 4222 2589 4288 inﬁrmant
2617 4236 2635 4273 :
2662 4231 2709 4272 et
2734 4221 2965 4273 excitabit
2998 4236 3111 4273 eum
3141 4218 3391 4272 Dominus
3419 4234 3437 4273 .'
3462 4229 3509 4271 et
3534 4220 3576 4273 si
3614 4228 3814 4287 peccata
3842 4221 3922 4289 fe-

2332 4312 2853 4370 cerit,remiuenturei
2880 4309 3017 4381 (Jac.
3050 4310 3102 4364 5.
3136 4312 3219 4364 14.
3253 4311 3363 4379 lii).
3396 4312 3614 4379 Insuper
3641 4310 3917 4363 naturales

2334 4411 2618 4471 parentes,
2673 4402 2715 4453 si
2765 4401 2910 4454 viros
2959 4401 3215 4470 quosdam
3268 4402 3531 4471 principes
3574 4409 3629 4454 et
3664 4409 3919 4469 potentes

2332 4504 2515 4544 eorum
2561 4490 2709 4543 liberi
2751 4490 3068 4545 offenderint
3091 4530 3104 4552 .
3155 4505 3310 4559 opem
3344 4491 3472 4558 ipsis
3498 4490 3693 4543 nullam
3719 4490 3919 4544 alI‘erte

2333 4591 2571 4650 possunt.
2599 4581 2912 4635 Sacerdotes
2954 4596 3084 4635 vero
3124 4595 3229 4634 non
3259 4581 3522 4649 principes
3546 4622 3559 4644 ,
3595 4594 3698 4633 non
3735 4593 3914 4648 rcges,

2332 4672 2426 4726 sed
2476 4674 2645 4742 ipsum
2692 4672 2860 4726 Deum
2911 4673 3102 4727 iratum
3144 4672 3251 4726 illis
3292 4687 3435 4741 smpe
3479 4670 3915 4726 reconciliatum.

2331 4765 2413 4817 An
2454 4774 2632 4832 postea
2685 4764 2945 4833 quiSpiam
2990 4765 3130 4818 ausit
3174 4778 3271 4818 nos
3311 4763 3578 4832 superbia:
3615 4774 3866 4815 accusare
3891 4761 3917 4815 Υ

2332 4852 2446 4923 Ego
2471 4854 2610 4907 enim
2640 4869 2705 4907 ex
2730 4853 2838 4923 jam
2866 4852 3022 4907 dictis
3065 4863 3266 4907 tantam
3311 4862 3438 4921 puto
3476 4853 3784 4919 religionem
3812 4866 3911 4904 au-

2330 4944 2561 4998 ditorum
2588 4946 2791 4998 animos
2813 4958 3103 5013 occupasse
3124 4984 3139 5007 ,
3174 4954 3230 4997 ut
3260 4960 3364 4997 non
3395 4944 3528 4997 ultra
3552 4957 3673 5010 eos,
3701 4942 3789 5010 qui
3824 4941 3915 4995 fu-

2328 5037 2481 5107 giunt
2501 5077 2514 5098 ,
2548 5036 2639 5088 sed
2670 5051 2764 5089 eos
2785 5036 2873 5105 qui
2915 5044 3102 5103 suopte
3133 5045 3277 5087 motu
3306 5033 3595 5097 accedunt,
3628 5045 3679 5089 et
3707 5042 3911 5086 tantum

2329 5116 2437 5183 sibi
2472 5127 2709 5180 ambiunt
2759 5127 3046 5186 honorem,
3092 5125 3406 5193 arrogantiae
3450 5136 3503 5178 et
3541 5122 3775 5176 audaciae
3812 5122 3913 5175 da~

2329 5227 2530 5273 mnent.
2574 5218 2704 5271 Nam
2736 5218 2779 5271 si
2811 5218 2843 5271 ii
2882 5218 3073 5287 quibus
3106 5216 3378 5269 civitatum
3409 5214 3749 5284 magistratus
3774 5228 3906 5267 con-

2329 5311 2514 5365 crediti
2559 5295 2715 5373 sunt,
2761 5309 2858 5361 nisi
2903 5308 3187 5361 admodum
3231 5308 3515 5376 prudentes
3542 5322 3604 5360 ac
3632 5306 3911 5374 vigilantes

2330 5400 2521 5454 iuerint
2543 5441 2557 5464 ,
2598 5414 2740 5467 saepe
2768 5398 3146 5466 rempublicam
3175 5400 3485 5466 seipsosque
3513 5397 3668 5451 simul
3698 5396 3747 5449 in
3780 5411 3908 5464 per-

2332 5491 2520 5544 niciem
2570 5490 2871 5555 dederunt,
2922 5491 3007 5558 qui
3058 5490 3253 5543 Christi
3310 5504 3561 5559 sponsam
3612 5489 3905 5544 ornandam

2330 5584 2579 5651 suscipit,
2608 5592 2802 5651 quanta
2835 5582 2924 5636 tibi
2955 5582 3159 5636 videtur
3190 5590 3449 5651 potestate
3479 5581 3712 5651 indigere
3736 5622 3752 5645 ,
3792 5589 3907 5635 tum

2329 5689 2443 5735 sua,
2476 5683 2584 5726 tum
2616 5687 2841 5740 superne
2871 5673 2988 5725 data
3019 5684 3076 5726 ut
3103 5690 3207 5726 non
3236 5674 3460 5742 peccet?

2403 5767 2454 5818 7.
2490 5765 2667 5834 Ipsum
2696 5765 2843 5819 etiam
2879 5763 3093 5818 Paulum
3123 5765 3422 5837 formidasse
3454 5768 3804 5822 sacerdotium.
3838 5794 3909 5808 -
