4198 6324
349 404 452 464 645

347 516 514 572 Nemo
539 515 811 584 Christum
838 515 1006 586 magis
1026 530 1184 586 quam
1202 515 1398 572 Paulus
1416 515 1621 583 dilexit,
1645 531 1803 573 nemo
1825 530 1937 578 ms-

344 611 432 681 jus
454 624 617 678 quam
657 607 748 667 ille
784 607 1018 681 studium
1047 607 1318 676 exhibuit,
1350 622 1508 662 nemo
1541 608 1748 677 majore
1772 608 1943 679 gratia

349 698 597 768 dignatus
643 705 746 752 est.
787 697 1036 754 Attamen
1089 707 1168 753 tot
1212 697 1376 754 fultus
1419 698 1690 769 prteclaris
1729 696 1944 755 dotibus

351 789 528 844 adhuc
577 789 798 846 timebat
845 790 1231 860 tremebatque,
1266 799 1375 844 tum
1405 789 1734 863 principatus
1760 787 1946 858 hujus-

350 880 522 945 modi,
555 890 666 934 tum
695 879 1027 938 subditorum
1054 897 1211 941 caua
1237 899 1251 937 :
1280 877 1450 938 Timeo
1476 879 1642 943 enim,
1671 877 1860 950 inquit,
1886 894 1948 932 ne

352 972 480 1024 sicut
506 986 717 1039 serpens
739 969 902 1030 Evam
919 971 1119 1030 seduxit
1139 972 1328 1030 astutia
1357 987 1450 1026 sua
1468 1011 1482 1036 ,
1516 972 1587 1025 ita
1610 959 1947 1040 corrumpan-

355 1070 438 1114 tur
472 1055 651 1116 sensus
693 1062 845 1116 vestri
887 1078 920 1114 a
955 1062 1278 1132 simplicitate
1297 1102 1313 1128 ,
1362 1077 1478 1132 qua
1525 1069 1612 1117 est
1648 1060 1703 1115 in
1749 1058 1950 1118 Christo

359 1149 459 1220 (2.
488 1149 609 1205 Cor.
642 1139 728 1211 ti.
761 1151 838 1223 ὅ)
871 1167 886 1211 :
914 1166 978 1206 ac
1018 1166 1229 1214 rursum
1259 1169 1273 1204 :
1308 1149 1374 1206 In
1418 1152 1595 1206 timore
1642 1157 1694 1205 et
1736 1159 1952 1213 tremore

354 1242 520 1296 multo
548 1245 717 1314 factus
737 1236 946 1298 sum—ad
967 1258 1054 1297 vos
1082 1240 1168 1315 (i.
1197 1240 1316 1298 Cor.
1345 1242 1399 1304 2.
1431 1243 1502 1312 5)
1529 1260 1542 1295 :
1572 1240 1734 1299 homo
1760 1241 1811 1295 in
1840 1249 1950 1295 ter-

363 1325 502 1385 tium
525 1327 717 1381 calum
741 1336 934 1397 raptus
968 1335 1134 1400 atque
1156 1324 1379 1391 arcanis
1404 1319 1502 1388 Dei
1533 1329 1949 1386 communicaris

365 1413 390 1488 (
407 1418 444 1475 2
466 1416 596 1474 Cor.
625 1419 712 1494 i2.
740 1417 795 1484 2)
815 1459 832 1486 ,
871 1427 1055 1488 totque
1082 1426 1378 1490 perpessus
1409 1429 1639 1486 mortes,
1671 1426 1806 1492 quot
1828 1419 1947 1476 dies

363 1517 491 1578 post
526 1516 840 1578 susceptam
876 1507 1035 1564 [idem
1071 1511 1282 1566 vixerat
1312 1525 1327 1568 ς
1366 1508 1529 1565 homo
1563 1508 1658 1584 qui
1688 1502 1815 1563 data
1853 1523 1950 1578 per

359 1600 633 1658 Christum
683 1610 948 1673 potestate
987 1602 1060 1658 uti
1105 1601 1307 1667 noluit,
1355 1617 1422 1656 ne
1465 1588 1584 1669 quis
1622 1600 1952 1654 credentium

365 1693 845 1747 scaudalizaretur.
868 1691 925 1748 Si
947 1693 1106 1763 igitur
1129 1692 1235 1757 ille,
1260 1692 1348 1761 qui
1376 1691 1599 1760 majora,
1631 1706 1788 1763 quam
1813 1706 1953 1762 pra:-

363 1793 515 1853 cepta
550 1768 682 1838 Dei"
713 1784 932 1848 ferrent,
960 1793 1258 1856 prmstaret,
1303 1795 1357 1840 et
1403 1799 1660 1855 nusquam
1706 1798 1952 1855 quassu:

363 1885 514 1935 erant
538 1885 804 1945 qumreret
825 1917 840 1940 ,
870 1876 967 1932 sed
997 1891 1117 1947 qua
1140 1861 1470 1934 subditorum
1493 1915 1507 1938 ,
1537 1875 1608 1928 ita
1648 1873 1958 1934 formidolo-

363 1981 460 2026 sus.
481 1976 633 2030 erat,
659 1982 779 2024 cum
810 1967 878 2021 ad
904 1966 1234 2038 principatus
1265 1965 1683 2036 magnitudinem
1717 1965 1954 2034 respice-

366 2067 476 2126 ret,
505 2046 636 2126 quid
664 2057 925 2112 hicietnus
955 2073 1053 2112 nos
1077 2101 1093 2122 ,
1120 2057 1211 2132 qui
1247 2072 1391 2132 saepe
1417 2055 1600 2116 nostra
1628 2056 1918 2125 qumrinins
1938 2094 1954 2119 ,

364 2150 450 2218 qui
483 2148 683 2205 Christi
713 2147 961 2208 mandata
989 2164 1094 2201 non
1135 2147 1307 2206 solum
1338 2162 1444 2200 non
1477 2158 1831 2214 superamus,
1864 2143 1958 2218 sed

363 2239 553 2307 majori
579 2253 646 2294 ex
679 2246 827 2307 parte
857 2236 1311 2306 transgredimur‘t
1347 2235 1475 2300 Quis
1517 2235 1829 2304 inﬁrmatur,
1878 2233 1959 2286 in-

363 2329 514 2398 quit,
547 2337 592 2381 et
632 2345 721 2398 ego
749 2344 850 2384 nan
880 2329 1113 2396 inlimmr
1130 2307 1171 2387 γ’
1198 2328 1311 2398 quis
1352 2325 1749 2388 scandalizatur,
1779 2333 1824 2378 at
1868 2337 1958 2393 ego

365 2436 466 2474 non
487 2436 609 2472 uror
640 2418 715 2488 (2.
749 2418 866 2472 Cor.
896 2419 981 2479 il.
1009 2417 1349 2489 29)?Talcm
1381 2431 1502 2472 esse
1530 2423 1740 2485 oportet
1765 2426 1952 2470 sacer-

366 2510 546 2564 dotem
569 2550 586 2575 ,
618 2510 726 2564 imo
753 2522 856 2562 non
884 2509 1044 2563 talem
1077 2507 1414 2562 solummodo
1440 2523 1453 2560 :
1482 2519 1644 2576 parva
1672 2502 1814 2563 enim
1845 2503 1960 2566 haec

371 2610 516 2665 sunt,
545 2601 653 2653 imo
679 2599 814 2655 nihil
835 2599 918 2656 his
941 2607 1267 2668 comparata,
1291 2613 1407 2672 quae
1427 2596 1537 2666 jam
1563 2595 1802 2650 dicturus
1817 2609 1958 2650 sum.

369 2691 628 2761 Quamaut
659 2690 812 2747 hch
842 2689 1115 2762 Optabam,
1147 2689 1240 2753 sit,
1270 2689 1540 2745 anathema
1565 2702 1670 2741 esse
1701 2702 1732 2738 α
1759 2684 1961 2745 Christo

374 2795 466 2852 pro
495 2780 740 2850 fratribus
767 2780 912 2843 meis,
943 2780 1028 2849 qui
1051 2788 1166 2832 sunt
1195 2777 1397 2848 cognati
1430 2777 1526 2831 mei
1549 2777 1822 2836 secundum
1847 2792 1965 2835 rar-

371 2887 486 2937 nem
508 2870 686 2944 (Rom.
709 2871 766 2926 9.
791 2871 870 2940 ὅ).
901 2868 957 2926 Si
983 2870 1104 2940 quis
1129 2869 1300 2940 possit
1324 2869 1460 2923 hanc
1486 2869 1731 2922 emittere
1752 2879 1957 2932 vocem,

374 2961 420 3022 si
449 2962 571 3032 quis
597 2976 659 3015 ea
688 2957 944 3030 praéditus
970 2961 1037 3014 sit
1064 2960 1262 3024 anima,
1294 2959 1414 3048 qua:
1441 2955 1509 3017 ad
1535 2955 1838 3048 hujusmodi
1863 2971 1961 3048 γρ-

378 3059 488 3104 tuni
517 3049 778 3104 accedere
809 3050 1004 3118 possit,
1037 3048 1080 3103 is
1101 3049 1223 3119 jure
1248 3046 1412 3116 p0ssit
1438 3047 1586 3116 argui
1615 3046 1658 3104 si
1689 3045 1867 3114 fugiat.
1896 3045 1965 3101 At

373 3140 420 3196 si
451 3142 572 3211 quis
602 3151 806 3198 tantum
832 3141 900 3194 ab
925 3140 1024 3198 hac
1053 3141 1248 3195 virtute
1288 3151 1523 3200 remotus
1564 3139 1668 3204 sit,
1705 3147 1962 3208 quantum

376 3249 475 3290 nos
501 3247 686 3291 sumus
705 3275 720 3299 ,
754 3248 858 3292 non
887 3247 1006 3287 cum
1035 3232 1260 3302 fugerit,
1287 3230 1382 3285 sed
1410 3245 1528 3283 cum
1565 3244 1758 3284 munus
1785 3244 1966 3283 susce-

374 3326 547 3397 perit,
583 3326 706 3380 odio
736 3325 928 3395 dignus
957 3335 1054 3380 est.
1085 3324 1268 3393 Neque
1307 3323 1446 3382 enim
1489 3323 1532 3375 si
1578 3337 1676 3392 qua
1723 3322 1967 3376 militaris

374 3419 650 3487 dignitatis
677 3400 868 3471 electio
911 3425 1321 3486 proponeretur,
1354 3423 1408 3468 et
1433 3413 1464 3466 ii
1493 3413 1683 3482 quibus
1714 3411 1819 3466 tale
1847 3428 1967 3471 mu.-

379 3523 480 3562 nus
507 3507 784 3566 deferendi
816 3516 1053 3578 potestas
1068 3507 1434 3569 incumberet,
1462 3504 1670 3562 fabrum
1695 3504 1963 3570 :crarium,

377 3608 471 3655 aut
494 3599 803 3663 coriarium,
834 3609 928 3657 aut
955 3598 1183 3652 similem
1211 3595 1468 3654 artiﬁcem
1499 3596 1552 3657 in
1579 3593 1811 3653 medium
1848 3609 1971 3665 per-

377 3699 605 3751 tractum
636 3690 895 3747 exercitui
920 3691 1262 3766 prmficercnt
1283 3729 1297 3753 ,
1337 3688 1501 3745 miser
1531 3686 1615 3740 ille
1641 3678 1966 3750 laudaretur,

376 3785 422 3845 si
453 3798 559 3838 non
592 3781 818 3850 fugeret,
848 3797 945 3836 nec
973 3781 1155 3841 omnia
1183 3788 1364 3850 ageret
1392 3788 1448 3832 ut
1477 3793 1582 3841 non
1608 3791 1668 3834 se
1690 3777 1741 3837 in
1770 3778 1967 3836 malum

381 3874 669 3931 imminens
695 3871 1005 3940 conjiceret.
1033 3870 1168 3928 Nam
1205 3871 1250 3926 si
1282 3872 1411 3924 satis
1453 3879 1536 3928 est
1577 3878 1843 3937 pastorem
1875 3882 1970 3921 vo-

381 3964 495 4022 cari
514 4006 529 4029 ,
558 3971 614 4018 et
644 3977 840 4018 munus
867 3972 1153 4033 utcumque
1180 3963 1451 4032 accipere,
1481 3962 1792 4030 nullumque
1831 3958 1972 4020 adsit

385 4054 680 4125 perieulum
706 4095 722 4121 ,
754 4054 926 4122 quivis
952 4069 1048 4123 pro
1077 4053 1242 4107 luhito
1271 4067 1369 4112 nos
1400 4052 1571 4108 inanis
1598 4042 1778 4121 glorize
1816 4065 1976 4109 accu-

385 4154 502 4211 set;
531 4147 614 4200 sin
646 4161 836 4215 magna
863 4145 1163 4215 prudentia,
1195 4145 1238 4200 si
1266 4153 1390 4199 ante
1421 4144 1753 4214 prudentiam
1781 4159 1970 4213 magna

384 4237 475 4292 Dei
502 4237 672 4307 gratia
697 4278 710 4297 .
738 4251 946 4291 morum
974 4237 1239 4306 probitas,
1284 4235 1406 4296 vitm
1439 4236 1643 4305 puritas
1663 4277 1679 4301 ,
1722 4245 1776 4290 et
1805 4235 1974 4304 major

384 4326 614 4388 humana
647 4328 815 4384 virtus
841 4329 1130 4400 requiritur
1153 4329 1204 4381 in
1234 4327 1346 4393 illo,
1387 4337 1437 4382 et
1478 4329 1565 4396 qui
1609 4327 1765 4381 talem
1790 4341 1971 4382 curam

385 4418 647 4486 suscipit:
683 4433 750 4472 ne
776 4433 862 4474 me
892 4420 1048 4472 venia
1093 4420 1353 4492 privatum
1386 4419 1554 4484 velis,
1586 4419 1628 4472 si
1671 4417 1867 4478 frustra
1910 4432 1973 4475 ac

385 4517 589 4566 temere
615 4525 702 4563 me
729 4510 779 4563 in
806 4510 1093 4578 perniciem
1133 4510 1262 4565 dare
1287 4510 1471 4563 nolim.
1516 4510 1724 4563 Etenim
1768 4509 1810 4566 si
1857 4510 1974 4578 quis

387 4615 576 4654 navem
607 4601 809 4656 ducens
835 4602 1126 4656 innumeris
1151 4608 1396 4654 onustam
1427 4599 1721 4664 mercibus,
1761 4599 1977 4667 remigi:

388 4691 591 4759 basque
620 4693 852 4759 plenam,
878 4707 966 4745 me
991 4691 1056 4744 ad
1082 4692 1436 4760 gubernacula
1461 4692 1802 4745 constitutum
1821 4690 1977 4758 jube-

387 4793 470 4839 ret
497 4779 741 4852 Egmum
760 4783 1167 4854 Tyrrhenumve
1195 4799 1339 4838 mare
1370 4783 1633 4850 trajicere,
1655 4782 1722 4834 ad
1745 4783 1972 4850 primum

391 4875 465 4926 rei
494 4875 733 4927 auditum
763 4874 1024 4927 resilirem
1051 4892 1064 4927 :
1093 4889 1156 4928 ac
1182 4874 1226 4927 si
1257 4875 1376 4942 quis
1399 4889 1612 4928 causam
1638 4882 1868 4943 rogaret,
1893 4888 1978 4930 me

390 4979 577 5017 navem
609 4965 1008 5019 submersurum
1038 4963 1438 5038 responderem.
1467 4962 1612 5019 itane
1634 4963 1720 5016 ubi
1744 4964 1978 5031 pecunia:

392 5065 593 5108 tantum
624 5055 828 5122 jactura
862 5056 1099 5120 timetur,
1133 5069 1234 5111 nec
1260 5055 1360 5110 nisi
1387 5069 1657 5122 corporeae
1681 5055 1866 5113 mortis
1889 5070 1981 5124 po-

393 5146 616 5218 riculum
666 5155 781 5210 est,
834 5161 990 5200 nemo
1039 5159 1222 5216 arguet
1259 5147 1302 5201 si
1342 5146 1462 5215 quis
1505 5162 1693 5216 magna
1735 5147 1981 5201 cautione

394 5247 605 5301 utatur;
635 5238 722 5291 ubi
758 5247 935 5297 autem
967 5238 1237 5306 naufragis
1268 5253 1372 5297 non
1404 5237 1454 5291 in
1484 5238 1585 5297 hoc
1616 5239 1833 5308 pelagus
1863 5254 1984 5292 corr

393 5329 676 5393 rnendum,
696 5329 790 5384 sed
813 5330 864 5382 in
888 5331 1135 5400 abyssum
1160 5331 1293 5400 ignis
1314 5330 1608 5387 cadendum
1634 5342 1734 5398 est,
1758 5341 1811 5384 ct
1839 5347 1981 5392 mors

393 5421 789 5493 exsitectanda,
839 5436 942 5474 non
988 5438 1106 5489 qua:
1145 5423 1374 5476 animam
1404 5436 1432 5473 a
1455 5436 1711 5489 corpore,
1741 5422 1833 5477 sed
1863 5438 1981 5491 quae

398 5511 534 5567 hanc
558 5527 682 5565 cum
715 5512 807 5565 illo
836 5513 886 5565 in
914 5512 1229 5583 supplicium
1271 5521 1528 5566 sternam
1570 5512 1848 5582 conjiciat,
1873 5513 1981 5582 jam

394 5603 516 5674 quia
560 5613 669 5654 non
715 5610 918 5659 temere
947 5603 998 5656 in
1032 5610 1234 5655 tantum
1264 5616 1361 5655 nos
1393 5602 1590 5656 malum
1627 5603 1982 5677 praecipitari.

397 5708 536 5756 nius,
569 5692 871 5746 irascemini
906 5707 1105 5763 nosque
1128 5691 1251 5748 odio
1275 5690 1572 5749 habebitis?

465 5817 482 5851 ⁸
518 5825 625 5885 alii,
652 5824 848 5878 Christi.

1521 403 1608 464 DE
1636 403 2086 467 SACEBDO'I'IO.
2130 395 2256 466 LIB.
2296 403 2386 458 lli.

3529 398 3632 452 σω

2129 516 2184 572 8.
2217 515 2371 587 δεῖρε
2397 512 2706 576 sacerdotem
2729 529 2966 586 peccare,
2995 514 3095 594 nisi
3121 511 3242 582 {orti
3272 511 3336 565 sit
3359 517 3548 569 atumo.
3571 535 3642 559 «.-

2049 601 2204 664 Absit
2221 621 2404 676 quaeso
2418 616 2474 665 ot
2490 605 2734 666 obsecro.
2757 601 2891 680 Βονί
2907 605 3139 672 animam
3161 617 3354 675 meam,
3373 599 3640 662 inﬁrmam

2050 697 2194 760 illam
2220 707 2276 754 et
2301 683 2573 768 exiguam,
2601 680 2810 762 necnon
2841 682 3110 766 ingentem
3134 691 3218 767 rei
3241 689 3638 764 diﬂlcultatem.

2051 786 2278 858 Ilajures
2302 801 2432 844 sane
2457 787 2651 850 auctus
2673 784 2758 850 iis.
2785 773 2921 860 quos
2951 786 3002 865 in
3032 783 3168 847 mari
3196 779 3434 860 excitant
3458 781 3635 852 venti,

2017 885 2020 888 ’
2053 878 2351 941 sacerdotis
2371 879 2607 935 animum
2637 877 2972 939 concutiunt.

2123 968 2179 1024 9.
2207 966 2566 1038 Vanwvgiaria:
2593 963 3187 1042 periculum.-—Prirntis
3207 971 3384 1026 autem
3399 957 3645 1050 omnium

2053 1066 2136 1112 est
2166 1055 2471 1127 teterriinus
2508 1057 2599 1112 ille
2644 1071 2803 1122 vana
2829 1053 3016 1128 gloriae
3045 1053 3293 1126 spiritus,
3323 1052 3479 1123 longe
3507 1050 3660 1110 infe--

2054 1147 2186 1220 stic:
2211 1147 2300 1203 illo
2325 1147 2632 1206 Sircnarum
2655 1134 2926 1217 portento,
2945 1144 3088 1215 quod
3116 1153 3288 1214 poeta:
3312 1137 3643 1221 coiiiingnnt.

2055 1237 2190 1298 illud
2215 1239 2356 1295 enim
2385 1237 2535 1303 multi
2575 1223 3082 1314 praeternavigantes
3121 1233 3353 1308 congere
3397 1233 3515 1310 sine
3548 1232 3648 1288 da-

2056 1345 2183 1390 mno
2213 1336 2488 1402 poterant;
2523 1329 2652 1383 mihi
2681 1328 2754 1390 ita
2783 1327 3042 1390 molestus
3066 1325 3151 1388 hic
3179 1319 3433 1396 scepulus
3457 1333 3564 1403 est,
3591 1334 3650 1382 ut

2057 1438 2125 1477 ne
2170 1435 2310 1478 nunc
2355 1405 2604 1490 quidem,
2655 1415 2746 1479 ubi
2793 1417 2945 1488 nulla
2982 1432 3070 1481 me
3099 1415 3153 1470 in
3195 1413 3300 1476 hoc
3333 1414 3647 1475 barathrum

2056 1511 2330 1583 compellit
2356 1510 2650 1584 necessitas
2670 1549 2685 1572 ,
2714 1523 2745 1562 a
2776 1497 3248 1578 malo‘hujusmodi
3274 1506 3503 1569 evadere
3529 1520 3653 1573 pos.-

2058 1601 2264 1660 sim.‘Si
2295 1603 2415 1678 quis
2464 1601 2815 1668 autem'hanc
2849 1599 2982 1660 mihi
3025 1597 3396 1669 pra-facturam
3434 1596 3646 1661 tradat,

2059 1693 2282 1764 perinde
2319 1691 2474 1753 faciat
2497 1708 2560 1747 ac
2589 1693 2634 1747 si
2664 1691 2840 1764 ligatis
2877 1707 2908 1746 a
2939 1699 3089 1772 tergo
3131 1689 3377 1772 manibus
3407 1703 3491 1750 me
3519 1685 3651 1769 feris

2059 1784 2218 1856 hujus
2275 1783 2478 1855 scopuli
2526 1783 2716 1839 incolis
2766 1783 3004 1854 quotidie
3050 1771 3398 1843 lacerandum
3449 1779 3644 1856 tradat.

2059 1857 2313 1952 Quaenam
2335 1875 2437 1932 illa:
2459 1873 2617 1954 ferai?
2642 1873 2756 1939 Ira,
2787 1868 2999 1930 tristitia
3020 1913 3035 1940 ,
3079 1869 3310 1946 invidia,
3352 1871 3649 1952 contentio,

2061 1964 2345 2026 calumnia:
2362 2005 2378 2036 ,
2402 1962 2830 2028 criminationes
2848 2004 2863 2035 ,
2905 1962 3240 2029 mendacium
3261 2004 3278 2031 ,
3315 1960 3614 2034 bypbcrisi's
3634 2003 3650 2027 ,

2062 2054 2301 2124 insidiae,
2343 2053 2476 2112 irze’
2506 2064 2693 2110 contra
2739 2051 2868 2113 nihil
2901 2050 3192 2119 laedentes,
3240 2050 3540 2126 voluptates
3585 2050 3654 2108 de

2063 2142 2427 2200 ministrorum
2457 2141 2779 2212 turpitudine
2797 2183 2812 2206 ,
2837 2142 3016 2198 luctus
3041 2138 3108 2194 de
3132 2131 3516 2209 prosperitate,
3539 2136 3656 2202 ιευ,

2064 2231 2189 2290 dum
2215 2230 2438 2301 cupido,
2469 2230 2685 2288 honoris
2711 2230 3035 2288 desiderium
3066 2228 3084 2299 (
3109 2222 3210 2287 hoc
3242 2229 3661 2301 enimmaxime

2064 2300 2300 2392 omnium
2338 2323 2627 2390 humanum
2669 2311 2884 2402 perimit
2925 2314 3163 2381 animum
3189 2323 3244 2392 ),
3285 2300 3544 2384 declinia:
3587 2321 3655 2390 ad

2063 2407 2389 2485 voluptatem
2413 2459 2428 2482 ,
2457 2416 2741 2473 illiberaics
2770 2415 3132 2483 adulationes,
3165 2414 3498 2488 palpationes
3533 2429 3656 2475 sor.-

2065 2504 2225 2570 didm,
2255 2507 2536 2576 despectus
2567 2522 2857 2578 pauperum
2881 2548 2896 2572 ,
2923 2507 3101 2561 cultus
3127 2506 3381 2572 divitum,
3425 2503 3657 2568 honores

2071 2595 2294 2653 indebiti
2329 2605 2383 2650 et
2407 2597 2672 2662 damnosi,
2696 2597 2986 2666 gratiarum
3019 2595 3327 2667 largitiones
3355 2593 3658 2666 periculum

2067 2697 2312 2745 creantes
2355 2698 2458 2743 tam
2497 2689 2841 2760 largientibus
2865 2705 3023 2760 quam
3054 2688 3466 2758 accipientibus,
3499 2690 3659 2753 timor

2068 2779 2280 2834 servilis
2331 2779 2709 2852 viiissimisquc
2751 2790 2955 2839 tantum
3001 2780 3281 2849 mancipiis
3325 2771 3687 2850 congruens,

2070 2871 2277 2928 fiducia:
2303 2871 2621 2938 eliminatio,
2656 2873 2970 2932 humilitatis
3001 2872 3209 2950 species
3236 2871 3449 2952 quidem
3471 2860 3658 2946 multa,

2068 2963 2308 3018 veritatis
2330 2963 2492 3031 nulla,
2513 2963 2768 3032 arguendi
2789 2972 2843 3019 et
2863 2964 3171 3039 increpandi
3191 2956 3410 3018 ihcult'as
3430 2962 3657 3034 sublata;

2071 3057 2178 3111 imo
2209 3058 2384 3125 potius
2412 3068 2595 3114 contra
2623 3044 2810 3127 inopes
2851 3057 2986 3128 ultra
3028 3071 3333 3113 mensuram
3360 3097 3374 3125 ,
3405 3054 3662 3114 adversm

2071 3161 2245 3204 autem
2278 3147 2565 3216 optimates
2598 3155 2663 3202 n'e
2695 3148 2902 3203 hiscere
2930 3133 3148 3226 quidem
3179 3147 3456 3218 quisquam
3476 3147 3660 3213 audet,

2075 3239 2198 3294 llzrc
2228 3241 2423 3310 quippe
2453 3242 2629 3295 omnia
2662 3249 2714 3294 et
2743 3239 2934 3296 horum
2966 3239 3118 3308 plura
3156 3240 3251 3300 alit
3289 3239 3539 3313 scopulus
3574 3239 3664 3295 ille

2074 3330 2301 3385 ferarum
2329 3346 2546 3400 genera,
2577 3332 2768 3400 quibus
2791 3331 2954 3388 semel
2976 3331 3138 3399 capti.
3164 3329 3215 3388 in
3247 3339 3445 3384 tantam
3474 3346 3663 3391 ncces~

2073 3421 2213 3474 sario
2252 3422 2569 3476 servitutem
2599 3420 2932 3491 rediguntur,
2968 3429 3026 3475 ut
3053 3428 3108 3476 et
3135 3421 3187 3477 in
3227 3419 3508 3483 mulierum
3537 3436 3664 3490 cra.-

2075 3511 2199 3574 tiam
2229 3512 2392 3568 multa
2422 3528 2562 3580 saepe
2591 3511 2765 3568 facere
2790 3521 3066 3583 cogantur,
3094 3527 3210 3580 quze
3235 3526 3300 3566 ne
3331 3509 3427 3571 fari
3449 3512 3661 3582 quidem

2074 3602 2248 3658 decet.
2273 3601 2407 3659 Nam
2435 3602 2516 3660 lex
2545 3600 2720 3656 divina
2751 3601 2867 3663 illas
2905 3601 2971 3656 ab
3010 3600 3118 3664 hoc
3142 3601 3439 3664 ministerio
3475 3599 3668 3677 repulit

2073 3694 2165 3765 (l.
2197 3693 2316 3750 Cor.
2341 3695 2427 3749 ii.
2453 3694 2557 3763 54)
2588 3713 2601 3747 :
2636 3695 2740 3756 illm
2761 3708 2887 3750 vero
2909 3709 2967 3748 se
2989 3693 3346 3754 intromittere
3369 3703 3661 3751 conantur:

2077 3794 2131 3840 et
2155 3785 2278 3856 quia
2309 3784 2440 3845 nihil
2475 3800 2571 3855 per
2598 3799 2657 3839 se
2686 3792 2940 3855 possunt,
2974 3799 3072 3854 per
3100 3783 3233 3838 alios
3256 3783 3433 3845 omnia
3463 3793 3655 3852 agunt,

2080 3887 2386 3949 tantamque
2430 3877 2675 3938 obtinent
2703 3884 3055 3945 potestatem,
3091 3881 3149 3934 ut
3173 3890 3308 3946 quos
3345 3876 3512 3933 velint
3550 3876 3664 3951 cpi.

2078 3984 2270 4038 scapos
2318 3969 2402 4024 vel
2448 3977 2732 4038 coeptant,
2775 3967 2860 4053 vel
2906 3967 3155 4038 eiiciam,
3201 3983 3266 4024 ac
3307 3983 3426 4037 qua:
3455 3978 3668 4027 sursum

2079 4061 2330 4120 deorsum
2381 4060 2574 4135 faciant
2606 4077 2618 4113 :
2649 4059 2752 4121 hoc
2797 4075 2928 4122 sane
2971 4059 3024 4117 in
3073 4059 3356 4128 proverbio
3399 4060 3665 4130 vulgatum

2083 4151 2213 4218 ipsis
2239 4151 2406 4205 oculis
2434 4150 2624 4226 videre
2651 4151 2814 4209 licet:
2845 4149 3111 4220 Principes
3139 4166 3257 4204 suos
3291 4161 3446 4220 agunt
3485 4141 3670 4207 sub'diti

2083 4241 2160 4312 (ι.
2189 4240 2324 4302 Tim,
2353 4241 2407 4301 ε.
2435 4240 2523 4312 12)
2553 4261 2565 4294 :
2599 4249 2759 4313 atque
2805 4241 3007 4298 utinam
3052 4241 3151 4295 viri
3175 4283 3190 4306 ,
3218 4255 3324 4301 non
3366 4240 3471 4297 ilice
3508 4241 3671 4300 etiam

2083 4332 2274 4407 quibus
2304 4346 2373 4390 ne
2397 4331 2612 4400 quidem
2640 4331 2834 4388 docere
2872 4331 3214 4400 permittitur.
3243 4331 3378 4407 Quid
3419 4331 3538 4393 dico
3572 4329 3670 4385 do-

2082 4420 2246 4494 cere?
2293 4436 2359 4475 ne
2401 4420 2546 4490 loqui
2597 4421 2810 4489 quidem
2860 4420 2914 4475 in
2964 4420 3202 4477 Ecclesia
3246 4416 3434 4478 beatus
3477 4420 3672 4477 Paulus

2084 4511 2348 4568 concessit
2378 4510 2395 4580 (
2422 4513 2471 4565 i.
2498 4511 2618 4570 (ἔρι’.
2659 4512 2743 4568 l-l.
2775 4511 2845 4565 54
2867 4508 2905 4582 ).
2936 4511 3126 4571 Audivi
3168 4520 3345 4570 tamen
3387 4510 3669 4579 quemdam

2085 4603 2372 4668 dicentem,
2400 4603 2542 4672 quod
2571 4610 2772 4660 tantum
2807 4602 2934 4671 ipsis
2961 4603 3323 4671 impertissent
3352 4603 3672 4665 libertatem,

2087 4703 2144 4747 ut
2167 4695 2327 4754 etiam
2355 4694 2722 4755 Ecclesiarum
2754 4693 3024 4748 antistites
3048 4692 3423 4766 objurgarent,
3448 4691 3675 4762 illosque

2087 4783 2333 4840 acerbius
2360 4799 2518 4853 quam
2555 4797 2738 4837 servos
2765 4782 2968 4840 domini
2997 4783 3354 4838 incesserent.

2161 4876 2248 4939 ιο.
2283 4875 2403 4929 Non
2430 4893 2534 4931 esse
2557 4876 2722 4945 ipsum
2747 4871 3357 4929 sacerdotiuntmalorum
3374 4887 3682 4927 causaris.—

2089 4967 2355 5026 Czeterum
2396 4983 2465 5022 ne
2505 4967 2766 5036 quispiam
2793 4966 3065 5022 existimet
3096 4977 3181 5019 me
3210 4977 3399 5019 omnes
3421 4962 3581 5016 simul
3613 4963 3682 5018 de

2091 5058 2400 5118 memoratis
2427 5057 2742 5116 criminibus
2786 5071 2909 5111 reos
2950 5070 3130 5126 agere.
3158 5055 3294 5111 Sunt
3317 5052 3493 5118 enim,
3522 5060 3648 5105 sunt
3668 5091 3683 5113 ,

2091 5151 2324 5220 inquam,
2357 5150 2505 5201 mulli
2537 5148 2622 5208 his
2647 5147 2850 5206 retibus
2877 5146 3218 5214 superiores,
3252 5144 3360 5197 imo
3402 5143 3582 5211 plures
3616 5141 3680 5194 iis

2091 5223 2178 5308 qui
2220 5240 2359 5306 capti
2392 5249 2535 5300 sunt.
2583 5240 2763 5306 L‘Teque
2806 5235 3360 5303 iameqsaccrdotium
3408 5244 3676 5304 tamquam

2093 5329 2280 5386 borum
2334 5344 2547 5386 causam
2605 5329 2865 5382 malorum
2920 5326 3290 5396 culpaverim:
3323 5323 3460 5378 abs‘it
3509 5331 3566 5380 ut
3608 5337 3673 5378 eo

2094 5434 2261 5490 usque
2310 5420 2602 5482 insaniam;
2640 5432 2808 5488 neque
2853 5416 2993 5473 enim
3045 5413 3239 5469 ferrum
3282 5411 3536 5478 caedium,
3585 5425 3679 5464 ne,

2094 5527 2196 5584 que
2251 5513 2429 5569 vinum
2494 5511 2796 5574 ebrietatis,
2851 5523 3024 5578 neque
3081 5505 3436 5561 fortitudinem
3495 5511 3680 5563 contu:

2095 5605 2266 5664 melis:
2287 5645 2301 5668 ,
2331 5618 2502 5672 neque
2546 5604 2708 5656 robur
2751 5599 3157 5656 inconsiderata:
3181 5597 3432 5659 audacuc,
3464 5601 3557 5652 seu
3588 5605 3682 5656 eos

2091 5694 2183 5762 qui
2238 5691 2334 5747 Dei
2385 5691 2537 5746 donis
2582 5692 2761 5747 illicito
2812 5699 3051 5758 utuntur,
3076 5702 3262 5744 omnes
3305 5699 3446 5749 ωδε
3490 5685 3682 5746 meum

2163 5829 2180 5866 ⁸
2215 5823 2320 5887 Alii,
2344 5830 2470 5881 tuta.
