4158 6316
596 416 628 470 6
642 415 692 469 Π
1296 405 1351 461 S.
1395 397 1671 460 .IOANNIS
1705 386 2183 452 CIIRYSOSTOMI

591 524 835 578 homines
859 535 1070 576 causam
1096 532 1216 578 esse
1254 515 1454 576 dicunt.
1480 513 1700 581 illosque
1727 507 1964 578 punitlut.
1993 503 2169 568 Quan-

575 614 877 690 doquidem
917 621 973 667 et
1017 609 1369 666 sacerdotium
1405 620 1504 660 nos
1545 604 1665 673 jure
1711 599 1928 667 culpare
1972 592 2169 690 possit.

588 687 637 761 si
679 685 800 760 Vnon
864 717 1007 760 recte
1068 705 1239 774 ipsum
1305 706 1592 765 tractemus
1630 710 1648 746 :
1687 703 1859 760 neque
1921 686 2060 738 enim
2116 685 2167 736 in

589 815 748 854 causa
799 809 880 856 est
921 812 1142 862 eorum,
1188 810 1306 865 qua:
1356 807 1514 862 supra
1558 787 1818 846 diximus,
1864 778 2167 833 malorum:

590 891 820 954 sednos
857 891 1027 958 ipsum
1073 888 1260 951 tantis,
1290 891 1543 954 quantum
1589 875 1807 932 facultas
1857 868 2008 932 tu‘it,
2059 865 2174 935 pol-

593 981 788 1034 luimus
832 979 1078 1033 sordibus
1129 991 1248 1030 cum
1291 970 1610 1046 quibuslibet
1656 967 1828 1034 ipsum
1877 959 2170 1046 tradimus:

589 1070 674 1140 qui
706 1085 828 1124 cum
859 1084 926 1122 ne
953 1068 1117 1134 animi
1143 1064 1356 1136 quidem
1385 1062 1463 1115 sui
1496 1061 1598 1114 vim
1629 1051 1961 1111 edidicerint,
2004 1043 2176 1114 neque

590 1165 663 1218 rei
690 1154 888 1216 molem
911 1149 1282 1221 considerent,
1312 1145 1558 1210 oblatum
1594 1161 1785 1227 munus
1813 1142 1966 1198 avide
2005 1137 2180 1227 susci~~

594 1258 783 1325 piunt;
810 1270 932 1308 cum
963 1262 1137 1306 autem
1170 1261 1360 1304 manus
1396 1241 1543 1315 Ope'ri
1573 1235 1904 1296 admovenda
1934 1232 2049 1293 est,
2080 1225 2177 1280 im-

595 1332 780 1415 peritia
808 1360 905 1400 sua
934 1341 1264 1399 obtenebrati
1289 1338 1604 1395 commissos
1628 1333 1730 1387 sibi
1775 1329 1995 1399 populos
2011 1321 2176 1375 1nalis

595 1441 803 1508 replent
831 1438 1143 1492 innumeris.
1169 1435 1286 1490 line
1308 1447 1437 1487 sane
1457 1473 1470 1495 ,
1507 1431 1606 1483 hoc
1636 1427 1807 1496 ipsum
1838 1435 1974 1491 pene
2005 1419 2055 1471 in
2087 1429 2180 1466 n.0-

597 1532 677 1585 liis
706 1517 938 1586 futurum
967 1540 1102 1596 erat,
1131 1529 1232 1584 nisi
1262 1543 1361 1582 nos
1389 1527 1528 1580 Deus
1557 1522 1732 1577 Subito
1761 1523 1823 1574 ex
1855 1514 2014 1570 tantis
2041 1510 2179 1580 peri-

581 1624 729 1677 culis
775 1623 1034 1687 eruisset,
1088 1629 1142 1676 et
1191 1618 1443 1674 Eeclesim
1490 1629 1601 1669 sua:
1647 1620 1700 1664 ct
1749 1609 1940 1663 anima:
1984 1610 2179 1657 nostra:

596 1714 898 1774 consulens.
927 1713 1198 1782 Siquidem
1238 1708 1324 1764 dic
1367 1705 1494 1760 mihi
1516 1747 1531 1772 ,
1563 1701 1703 1758 unde
1727 1711 1883 1773 putas
1924 1691 2096 1750 tanto;
2127 1693 2178 1746 in

597 1802 859 1861 Ecclesiis
887 1801 1014 1856 oriri
1060 1797 1360 1855 tumultus?
1385 1796 1497 1866 Ego
1533 1809 1660 1848 Sane
1697 1806 1802 1844 non
1827 1785 2039 1841 aliunde
2070 1784 2179 1837 cxi-

597 1895 776 1958 stimo,
808 1909 965 1963 quam
992 1893 1110 1962 quia
1161 1890 1445 1960 prmsnlum
1470 1886 1757 1941 electiones
1784 1893 1980 1934 temere
2007 1886 2061 1930 et
2099 1875 2182 1928 in-

592 1985 844 2038 consulto
883 1983 1038 2038 ﬁunt.
1086 1983 1216 2037 Nam
1271 1989 1429 2049 caput
1482 1975 1762 2047 oportebat
1821 1969 2180 2025 lirmissimum

601 2091 723 2129 esse
741 2116 758 2140 ,
790 2085 844 2128 ut
876 2087 1065 2143 pravas
1089 2072 1454 2127 cxhalationcs
1479 2084 1544 2122 ex
1572 2067 1678 2120 imo
1704 2078 1928 2131 corpore
1959 2057 2183 2112 emissas

599 2166 911 2234 dispensare
949 2173 1004 2218 et
1032 2164 1096 2217 ad
1128 2170 1507 2232 congruentem
1539 2166 1731 2211 statum
1766 2153 2020 2207 reducere
2058 2163 2123 2219 po
2154 2175 2185 2189 σ-

598 2265 705 2310 set.
728 2253 858 2308 Cum
883 2264 1059 2308 autem
1092 2267 1187 2322 per
1209 2268 1264 2306 se
1288 2259 1446 2318 caput
1471 2249 1737 2302 inlirmum
1768 2252 1851 2298 est
1869 2285 1881 2305 ,
1910 2255 2009 2294 nec
2039 2253 2181 2291 mor-

605 2347 765 2400 bosus
809 2345 930 2398 illos
970 2357 1196 2412 vapores
1247 2341 1518 2410 depellere
1573 2346 1781 2408 potest,
1837 2343 1960 2388 tunc
2014 2331 2184 2399 ipsum

606 2439 869 2494 inﬁrmius
901 2437 952 2490 in
982 2437 1096 2491 dies
1123 2434 1386 2498 redditur,
1421 2442 1472 2489 et
1503 2431 1761 2498 reliquum
1790 2440 1983 2495 corpus
2003 2436 2185 2477 secum

597 2533 660 2585 in
690 2530 978 2601 perniciem
1008 2529 1186 2582 trahit.
1217 2526 1368 2594 Quod
1399 2540 1466 2579 ne
1496 2539 1634 2577 nunc
1664 2522 1822 2575 etiam
1855 2517 1976 2582 ﬁat,
2009 2515 2060 2570 in
2093 2528 2184 2582 pe-

591 2623 733 2676 dum
762 2621 948 2674 ordine
977 2635 1075 2673 nos
1098 2619 1238 2673 Deus
1264 2617 1523 2680 servavit,
1553 2629 1657 2683 quo
1685 2613 1736 2664 in
1767 2617 1904 2664 statu
1934 2607 2000 2661 ab
2039 2604 2187 2658 initio

598 2712 821 2766 fuimus.
850 2711 1008 2765 Multa
1037 2709 1176 2764 enim
1195 2750 1212 2776 ,
1239 2707 1394 2762 Basili
1417 2748 1430 2771 ,
1461 2706 1622 2760 multa
1652 2718 1780 2756 sane
1810 2707 1932 2754 sunt
1952 2740 1966 2762 ,
1997 2705 2189 2767 prmter

590 2816 669 2856 ea
699 2818 817 2871 qua:
843 2800 1079 2855 diximus
1097 2840 1112 2866 ,
1140 2796 1404 2853 sacerdoti
1451 2792 1780 2871 necessaria,
1812 2804 1928 2858 qua:
1955 2802 2054 2840 nos
2083 2798 2188 2838 non

612 2891 888 2946 habemus.
921 2889 1050 2944 Illud
1076 2903 1203 2942 vero
1233 2901 1342 2957 pra:
1367 2886 1614 2940 omnibus
1633 2925 1647 2947 ,
1677 2894 1870 2950 nempe
1901 2877 2040 2934 illius
2069 2891 2189 2928 mu-

601 2980 754 3035 neris
779 2979 1208 3049 cottcttpiscentia
1248 2978 1456 3032 aninms
1485 2974 1601 3046 ejus
1638 2974 1857 3028 omnino
1885 2981 2084 3024 vacuus
2123 2965 2192 3018 sit

611 3081 852 3144 oportet;
892 3087 1011 3126 nam
1051 3071 1096 3124 si
1128 3070 1201 3123 ad—
1233 3082 1354 3123 eum
1397 3067 1748 3137 principatum
1794 3059 1959 3117 nimio
1999 3057 2193 3114 aﬂ'ectu

611 3162 956 3236 propendeat,
989 3176 1055 3216 eo
1078 3161 1271 3232 adepto
1303 3158 1751 3215 vehementiorem
1778 3151 2022 3208 accendit
2043 3150 2195 3204 llam-

613 3273 753 3311 mam
785 3273 801 3310 :
828 3270 893 3309 ac
921 3255 972 3308 vi
1011 3265 1230 3323 captus,
1273 3263 1330 3307 ut
1367 3267 1487 3308 eum
1516 3251 1613 3305 sibi
1646 3248 1933 3303 linmiorem
1961 3251 2187 3306 statuat,

610 3351 888 3404 innumera
932 3347 1158 3401 sustinet
1204 3346 1340 3400 mala
1365 3385 1382 3412 ,
1425 3345 1538 3398 sive
1575 3340 1891 3395 adulandum
1933 3335 2040 3398 sit,
2081 3332 2194 3387 sive

604 3439 883 3510 quidpiam
929 3437 1124 3493 servile
1165 3444 1322 3505 atque
1352 3434 1624 3503 indignum
1652 3426 2049 3490 sustinendum,
2081 3424 2194 3477 sive

611 3531 852 3603 pecunia:
882 3530 1062 3583 multa:
1105 3525 1469 3582 absumendae.
1513 3523 1647 3579 Nam
1698 3519 1840 3594 quod
1897 3517 2046 3571 multi
2079 3512 2196 3584 ejus

613 3622 882 3692 dignitatis
898 3619 1076 3689 gratia
1100 3625 1394 3688 pugnantes
1414 3613 1684 3670 Ecclesias
1703 3608 1937 3665 caedibus
1958 3607 2194 3675 replere.

618 3715 742 3778 rint,
771 3713 1118 3779 civitatesque
1146 3709 1570 3774 devastaverint,
1589 3703 1640 3762 id
1662 3703 1771 3773 jam
1792 3701 2012 3756 missum
2040 3697 2193 3760 facio,

616 3820 682 3860 ne
719 3802 1029 3874 quibusdam
1071 3799 1396 3854 incredibilia
1445 3810 1661 3855 narrare
1701 3793 1901 3847 videar.
1941 3789 2197 3858 Oporterc

617 3905 791 3950 autem
825 3904 951 3962 pulo
994 3901 1135 3946 tanta
1169 3891 1317 3946 circa
1357 3903 1472 3942 rem
1513 3888 1647 3939 hanc
1683 3885 1878 3955 pietate
1907 3879 2074 3936 teneri
2097 3921 2110 3942 ,
2145 3887 2200 3931 ut

620 3989 758 4041 illius
785 3985 976 4040 molem
1005 3998 1246 4053 onusque
1271 3981 1540 4044 declines;
1569 3977 1791 4045 adeptus
1832 3989 1935 4027 non
1962 3963 2192 4025 “aliorum

616 4078 809 4149 judicia
840 4084 1134 4144 exspectes,
1166 4074 1208 4127 si
1239 4071 1450 4144 quando
1480 4071 1532 4125 in
1559 4069 1806 4123 delictum
1856 4063 2057 4117 incidas
2105 4060 2198 4114 de-

618 4171 883 4240 positione
921 4169 1170 4236 dignum,
1221 4165 1315 4220 sed
1356 4172 1696 4219 antevertens
1741 4160 1965 4228 teipsum
2011 4155 2076 4208 ab
2110 4155 2198 4206 illo

618 4276 840 4317 munere
866 4259 1136 4314 exturbes.
1161 4257 1250 4312 Sic
1275 4256 1415 4311 enim
1445 4271 1539 4324 par
1567 4261 1648 4308 est
1679 4259 1735 4307 ut
1763 4251 1995 4305 divinam
2037 4250 2197 4301 mise-

620 4354 900 4409 ricordiam
934 4352 1183 4422 impetres
1213 4366 1226 4402 :
1256 4347 1395 4417 quod
1441 4346 1484 4398 si
1528 4355 1728 4415 prmter
1754 4342 2008 4396 decorum
2051 4338 2198 4392 obsi-

619 4458 747 4509 stas,
777 4454 829 4497 te
859 4443 1130 4512 indignum
1149 4440 1305 4498 venia
1328 4436 1624 4500 constituis,
1653 4433 1926 4502 magisque
1953 4430 2042 4484 Dei
2066 4429 2197 4482 iram

619 4534 864 4591 accendis
899 4575 913 4598 ,
980 4532 1106 4586 dum
1175 4527 1464 4584 secundum
1525 4524 1690 4580 addis
1773 4520 2010 4578 deterius
2069 4518 2198 4573 faci—

622 4636 742 4682 ιιιις.

693 4719 778 4771 Il.
812 4713 1074 4785 Cupiditas
1117 4710 1429 4783 principatus
1470 4705 1766 4777 expellenda
1805 4720 1870 4756 ea:
1909 4701 2079 4755 animo
2116 4716 2201 4753 sa-

620 4805 1069 4863 cerdotis—Sed
1119 4817 1275 4857 nemo
1315 4815 1563 4870 umquam
1615 4799 1714 4852 hoc
1759 4795 1988 4850 dedecus
2033 4795 2196 4849 susti-

620 4909 762 4954 neat.
789 4899 965 4952 Grave
994 4897 1187 4965 quippe
1215 4903 1313 4953 est,
1346 4907 1508 4962 grave
1537 4888 1821 4944 admodum
1862 4890 2000 4939 hunc
2029 4883 2199 4938 hono-

621 5007 732 5046 rem
777 4998 1047 5058 appetere.
1089 4985 1148 5046 Id
1191 5001 1317 5039 vero
1361 4984 1514 5048 dico,
1563 4998 1665 5035 non
1704 4994 1823 5033 cum
1856 4978 2010 5059 beato
2037 4975 2200 5029 Paulo

620 5064 918 5143 decertans,
943 5079 1040 5132 sed
1066 5078 1242 5140 verbis
1271 5076 1387 5147 ejus
1409 5075 1639 5129 maxime
1671 5070 2029 5125 consentiens.
2063 5066 2197 5135 Quid

621 5174 761 5226 enim
800 5171 875 5224 ait
920 5168 1046 5224 ille?
1084 5167 1147 5222 Si
1187 5169 1299 5224 auis
1342 5167 1681 5236 episcopatum
1708 5161 1978 5220 desiderat,
2017 5157 2200 5210 bonum

609 5281 746 5332 opus
774 5263 1020 5316 desiderat
1049 5261 1121 5330 (l.
1149 5259 1284 5314 Tim.
1315 5258 1364 5315 5.
1393 5255 1470 5328 1).
1505 5257 1613 5324 Ego
1642 5267 1770 5308 vero
1795 5269 1900 5307 non
1926 5266 2078 5318 opus,
2104 5247 2198 5307 sed

620 5355 987 5409 auctoritatem
1012 5362 1067 5407 et
1089 5352 1374 5421 potentiam
1396 5349 1701 5403 desiderare
1725 5361 1885 5414 grave
1909 5343 2032 5397 dico
2057 5357 2195 5396 esse.

621 5448 872 5515 Ilancque
912 5443 1393 5515 concupiscentiam
1441 5450 1548 5494 toto
1589 5437 1765 5492 studio
1795 5435 1860 5488 ab
1889 5435 2068 5489 animo
2104 5432 2199 5486 de-

621 5536 954 5601 turbandam,
976 5550 1146 5609 neque
1167 5534 1248 5587 vel
1266 5532 1412 5586 initio
1432 5528 1763 5586 retinendam
1781 5533 2057 5590 censeo,ut
2074 5538 2198 5577 cum

620 5632 864 5686 libertate
891 5627 1066 5682 omnia
1093 5625 1282 5681 lacere
1305 5623 1501 5695 possit.
1533 5620 1664 5676 Nam
1693 5619 1779 5689 qui
1811 5632 1914 5671 non
1930 5615 2197 5684 concupi-

621 5720 721 5775 scit
749 5721 802 5773 in
831 5717 926 5774 hac
943 5727 1206 5788 petestate
1235 5714 1536 5784 splendere,
1563 5712 1606 5766 is
1629 5725 1757 5765 sane
1787 5707 2058 5764 deturbari
2092 5723 2196 5761 non

618 5813 907 5870 formidat:
941 5813 984 5868 si
1012 5826 1117 5866 non
1145 5807 1420 5880 formidet,
1454 5821 1573 5864 cum
1610 5820 1668 5863 ea
1705 5820 1823 5875 qua:
1862 5800 2194 5860 Christianos

2225 383 2535 440 ARCIIIEP.
2577 382 3118 440 CONSTANTINOP.

3753 381 3854 434 648

2278 517 2432 572 decet
2463 517 2708 572 libertate
2751 517 2928 571 omnia
2958 517 3130 570 facere
3171 518 3378 585 poterit.
3410 514 3589 584 Itaque
3616 515 3706 585 qui
3738 515 3857 572 inde

2278 608 2543 662 deturbari
2571 618 2810 670 metuunt
2836 623 2897 663 ac
2917 606 3221 667 formidant,
3244 607 3432 661 duram
3462 607 3744 677 multisque
3775 609 3825 661 in

2278 702 2584 761 commodis.
2596 701 2840 756 refertam
2863 701 3128 756 sustinent
3150 700 3480 764 servitutem,
3505 709 3660 767 atque
3684 701 3734 753 in
3763 701 3832 752 ho

2281 793 2480 847 minum
2524 793 2793 863 ipsiusque
2846 793 2934 846 Dei
2988 788 3338 845 offensionem
3390 791 3661 845 incurrere
3716 806 3859 858 ωερε

2281 895 2562 956 coguntur.
2596 883 2713 940 Non
2758 886 2835 939 sic
2878 895 3057 938 autem
3101 882 3273 936 anima
3305 881 3492 936 affecta
3519 882 3639 938 esse
3667 883 3859 945 debet;

2280 975 2373 1030 sed
2405 974 2851 1044 quemadmodum
2881 976 2935 1029 in
2966 975 3170 1045 ριἐιδιίἰειΔ
3205 986 3452 1028 strenuos
3491 974 3685 1028 milites
3715 973 3861 1027 videt

2283 1081 2401 1120 Inus
2429 1068 2681 1122 alacriter
2705 1083 2957 1137 pugnare,
2993 1067 3302 1134 fortiterque
3328 1050 3543 1127 cadi-re,
3577 1063 3645 1118 ita
3668 1073 3722 1119 et
3747 1079 3860 1125 eos,

2281 1159 2368 1226 qui
2397 1157 2463 1212 ad
2493 1158 2594 1210 hoc
2620 1159 2968 1213 ministerium
2996 1157 3276 1221 accedunt,
3311 1171 3405 1225 par
3429 1165 3512 1211 est
3532 1165 3587 1210 et
3607 1155 3859 1211 sacerdo-

2282 1253 2355 1305 tio
2383 1249 2524 1321 fungi
2545 1291 2561 1315 ,
2596 1261 2650 1305 et
2675 1265 2702 1303 a
2731 1250 3024 1321 principatu
3055 1248 3210 1318 dejici
3237 1263 3302 1303 eo
3330 1248 3487 1302 modo
3512 1290 3526 1311 ,
3568 1262 3675 1317 quo
3712 1246 3865 1302 Chri-

2283 1342 2486 1395 stianos
2515 1342 2658 1397 viros
2697 1341 2851 1396 decet
2873 1357 3039 1407 ,cum
3079 1341 3250 1396 sciant
3278 1339 3436 1394 talem
3473 1338 3860 1406 depositionem

2284 1447 2388 1486 non
2419 1433 2678 1488 minorem
2700 1475 2714 1499 ,
2746 1447 2902 1502 quam
2932 1431 3103 1502 ipsum
3135 1431 3480 1500 priieipatum
3501 1470 3517 1495 ,
3547 1429 3744 1484 referre
3769 1445 3860 1484 co-

2285 1542 2487 1580 ronam.
2514 1526 2736 1594 Quando
2762 1527 2903 1580 enim
2933 1524 3081 1596 quis,
3124 1534 3181 1578 ut
3223 1522 3352 1576 nihil
3400 1523 3707 1578 indecorum
3733 1564 3748 1586 ,
3780 1523 3860 1576 vel

2284 1617 2521 1686 dignitati
2569 1633 2672 1670 non
2716 1625 3131 1672 consentaneum
3172 1615 3458 1677 sustineat,
3503 1613 3675 1668 simile
3707 1613 3864 1682 quid-

2287 1707 2423 1776 piam
2459 1707 2672 1776 patitur,
2702 1717 2756 1761 et
2781 1722 2839 1760 se
2869 1706 3062 1776 injuste
3100 1704 3488 1773 deponentibos
3524 1702 3864 1771 supplicium,

2286 1809 2340 1854 et
2368 1799 2623 1867 majorem
2651 1799 2748 1853 sibi
2782 1792 3081 1853 mercedem
3107 1798 3120 1829 ¹
3148 1805 3396 1867 procurat
3424 1815 3437 1851 :
3464 1811 3584 1849 nam
3606 1795 3774 1859 Beati,
3795 1795 3866 1848 in-

2286 1890 2419 1958 quit,
2454 1889 2588 1954 estis’,
2612 1905 2723 1942 cum
2749 1889 3154 1959 caprobraverint
3178 1903 3263 1941 vos
3291 1897 3336 1940 et
3359 1887 3642 1957 persequuti
3659 1885 3865 1956 fuerint,

2287 1993 2333 2033 et
2363 1982 2584 2034 dixerint
2607 1997 2754 2034 onme
2778 1980 2965 2033 malum
2991 1979 3195 2033 verbum
3221 1979 3487 2032 adversum
3512 1993 3596 2029 vos
3626 1977 3868 2048 mentien—

2288 2081 2358 2124 tes
2381 2111 2397 2136 ,
2443 2080 2650 2140 propter
2678 2087 2756 2124 nte
2781 2058 2802 2124 ἓ
2829 2070 3040 2141 gaudete
3067 2080 3112 2123 et
3141 2069 3388 2122 cxsultate
3410 2109 3424 2132 ,
3465 2068 3583 2136 quia
3619 2066 3776 2118 multa
3799 2075 3870 2119 est

2289 2179 2477 2218 merces
2508 2175 2669 2216 restra
2697 2163 2750 2215 in
2785 2162 2921 2216 aclis
2959 2161 3168 2231 (Matth.
3195 2161 3248 2215 5.
3279 2161 3364 2214 Η.
3392 2159 3498 2228 12).
3528 2160 3590 2212 Et
3615 2157 3730 2212 hmc
3749 2171 3869 2211 cum

2289 2269 2318 2308 a
2345 2255 2746 2320 comministris,
2773 2255 2851 2308 vel
2883 2269 2974 2322 per
2999 2253 3269 2317 invidiam,
3294 2252 3375 2305 vel
3406 2253 3470 2305 ad
3503 2252 3727 2304 aliorum
3748 2265 3870 2319 gra-

2292 2345 2440 2409 tiam,
2473 2345 2556 2400 vel
2589 2360 2685 2414 pcr
2712 2345 3062 2411 inimicitiam,
3093 2344 3174 2398 vel
3203 2343 3303 2396 alia
3335 2343 3560 2412 quadam
3599 2358 3702 2396 non
3728 2350 3870 2398 recta

2291 2437 2516 2502 ratione,
2545 2439 2664 2507 quis
2692 2454 2758 2494 ex
2788 2439 2905 2492 loco
2932 2453 3028 2492 suo
3056 2449 3316 2492 movetur.
3342 2439 3468 2492 Cum
3491 2445 3665 2490 autem
3687 2437 3754 2490 ab
3774 2435 3838 2490 ad
3859 2468 3872 2478 -

2289 2531 2542 2585 versat-iis
2571 2530 2620 2584 id
2651 2532 2868 2599 patitur,
2897 2530 3040 2584 nulla
3075 2541 3202 2598 puto
3227 2543 3347 2584 esse
3371 2529 3611 2583 oratione
3647 2545 3781 2596 opus
3806 2527 3871 2583 ad

2292 2620 2496 2676 lucrum
2529 2621 2999 2676 demonstrandum
3025 2662 3041 2686 ,
3074 2621 3212 2690 quod
3244 2621 3439 2674 malitia
3471 2635 3564 2674 sua
3593 2620 3689 2689 ipsi
3719 2621 3874 2675 colli.

2293 2721 2440 2780 gunt.
2467 2711 2520 2765 Id
2546 2727 2674 2781 ergo
2701 2712 2931 2782 undique
2971 2711 3504 2780 circumspiciendum
3542 2721 3595 2765 et
3629 2721 3877 2766 accurate

2294 2801 2674 2870 explorandum
2703 2813 2805 2865 est,
2836 2817 2903 2857 ne
2932 2817 3033 2872 qua
3062 2800 3312 2856 desiderii
3346 2802 3486 2855 illius
3514 2801 3744 2855 scintilla
3776 2817 3869 2856 aro

2295 2892 2428 2947 dens
2458 2893 2637 2948 lateat.
2660 2892 2960 2963 Optandum
2989 2895 3184 2964 quippe
3221 2905 3302 2948 est
3329 2907 3422 2947 eos
3441 2934 3454 2956 ,
3478 2894 3566 2963 qui
3596 2893 3744 2946 initio
3775 2893 3874 2948 hoc

2296 2983 2482 3039 morbo
2510 2985 2660 3040 liberi
2691 2985 2863 3050 fuere,
2895 2985 2981 3039 ubi
3012 2985 3078 3038 ad
3103 2984 3400 3052 hujusmodi
3429 2983 3736 3050 dignitatem
3758 2999 3878 3054 per-

2297 3076 2562 3140 venerint,
2584 3077 2728 3131 illum
2752 3077 2986 3146 etl‘ugere
3005 3090 3179 3143 posse.
3198 3074 3347 3142 Quod
3371 3073 3415 3127 si
3435 3073 3575 3144 quis,
3595 3084 3876 3142 autepiam

2296 3167 2551 3224 honorem
2583 3170 2729 3224 illum
2756 3179 3086 3238 assequatur,
3109 3167 3246 3222 hanc
3265 3181 3460 3222 sazvam
3486 3168 3878 3236 immanemque

2297 3259 2460 3316 feram
2489 3275 2652 3329 penes
2688 3276 2746 3314 se
2777 3260 3010 3334 nutriat,
3041 3258 3145 3312 dici
3177 3259 3356 3328 nequit
3400 3257 3450 3311 in
3492 3265 3740 3327 quantam
3773 3258 3878 3310 for-

2298 3366 2482 3406 nacem
2512 3349 2657 3404 illum
2684 3360 2870 3406 nactus
2893 3365 2950 3405 se
2979 3350 3246 3417 conjiciat.
3269 3347 3375 3403 Nos
3403 3357 3578 3402 autem
3619 3346 3638 3420 (
3662 3363 3727 3401 ne
3755 3362 3880 3401 vero

2297 3452 2451 3511 putes
2480 3441 2755 3495 modestia:
2784 3457 2943 3495 causa
2985 3457 3072 3496 me
3109 3440 3371 3493 ullatenus
3410 3438 3548 3509 apud
3591 3448 3641 3493 te
3671 3439 3879 3492 mentiri

2298 3531 2470 3605 velle)
2499 3548 2685 3603 magna
2719 3532 3020 3600 hujusmodi
3062 3531 3308 3599 cupidine
3339 3539 3618 3585 tenemur:
3646 3545 3764 3597 quze
3795 3543 3882 3583 res

2301 3639 2400 3676 una
2423 3639 2543 3677 cum
2571 3623 2689 3676 aliis
2714 3622 2958 3676 omnibus
2986 3637 3091 3676 non
3119 3637 3302 3690 parum
3327 3635 3424 3673 nos
3451 3619 3728 3676 exterruit.
3751 3629 3803 3671 et
3829 3620 3878 3671 in

2302 3714 2440 3769 hanc
2478 3713 2654 3783 fugam
2699 3713 2874 3767 vertit.
2915 3711 3372 3779 Quemadmodum
3411 3710 3552 3765 enim
3602 3724 3880 3777 corporum

2300 3817 2562 3861 amatores
2583 3849 2597 3872 ,
2625 3805 2873 3876 quamdiu
2901 3805 3023 3861 licet
3047 3819 3167 3859 cum
3197 3803 3386 3857 amatis
3413 3803 3611 3856 vet-Sari
3635 3844 3646 3862 ,
3673 3802 3883 3866 gravia.

2301 3914 2412 3953 rem
2441 3899 2612 3952 morbi
2642 3897 2931 3952 crueiatum
2964 3896 3183 3958 habent,
3215 3911 3333 3948 cum
3361 3905 3536 3949 autem
3571 3895 3752 3961 procul
3781 3893 3884 3948 illis

2303 3989 2652 4052 abducuntur,
2688 3998 2812 4042 tunc
2837 3987 3093 4043 insaniam
3126 3985 3420 4049 excutiunt,
3447 3984 3522 4037 sic
3547 3993 3597 4037 et
3627 3983 3713 4051 qui
3745 3983 3888 4049 prin-

2302 4083 2507 4150 cipatus
2557 4081 2707 4133 istius
2752 4079 2997 4148 cupidine
3043 4086 3320 4140 tenentur,
3360 4090 3478 4129 cum
3524 4088 3684 4140 penes
3736 4073 3883 4129 illum

2303 4181 2459 4237 sunt,
2509 4171 2648 4224 man
2694 4168 2910 4223 ferendo
2951 4176 3075 4220 sunt
3121 4168 3381 4235 impares;
3430 4164 3516 4216 ubi
3569 4178 3695 4216 vero
3736 4177 3886 4229 spem

2301 4265 2576 4326 amittunt,
2603 4277 2723 4317 cum
2748 4259 3139 4330 exspectatione
3163 4259 3327 4328 ipsam
3355 4255 3658 4326 cupidinem
3685 4254 3889 4312 exstin-

2303 4363 2487 4426 guunL

2375 4443 2460 4501 12.
2487 4443 2932 4513 Sapientissinmm
2957 4449 3185 4507 oportere
3206 4455 3312 4492 esse
3329 4436 3657 4491 sacerdotem.
3677 4464 3746 4474 —-
3765 4432 3887 4488 llam

2304 4550 2405 4589 una
2428 4548 2590 4588 causa
2627 4543 2708 4587 est
2744 4547 2846 4587 non
2887 4529 3213 4587 mediocris:
3247 4544 3364 4598 qum
3403 4529 3525 4581 licet
3562 4527 3673 4580 sola
3713 4535 3889 4588 esset,

2299 4643 2400 4683 nos
2425 4627 2492 4680 ab
2517 4628 2616 4681 hac
2639 4625 2892 4696 dignitate
2911 4640 3101 4701 arcere
3128 4631 3328 4694 posset.
3363 4621 3557 4675 Verum
3585 4629 3636 4674 et
3666 4620 3766 4671 alia
3799 4616 3891 4670 ad-

2303 4722 2445 4775 ditur
2477 4720 2574 4773 huc
2619 4735 2722 4773 non
2771 4717 2960 4772 minor.
2993 4715 3121 4781 Qua:
3162 4715 3286 4770 illa?
3331 4713 3644 4782 Vigilautcm
3677 4720 3894 4780 Oportet

2293 4814 2607 4882 episc0pum
2639 4824 2757 4864 esse
2778 4850 2791 4872 ,
2825 4808 3181 4878 perspicacem
3205 4847 3218 4866 ,
3251 4815 3304 4858 et
3337 4804 3630 4859 innumeris
3661 4802 3893 4870 undique

2295 4905 2580 4974 prrrditum
2609 4901 2795 4963 oculis,
2826 4907 3008 4969 utpote
3031 4899 3116 4966 qui
3147 4913 3248 4949 non
3277 4896 3374 4950 sibi
3399 4896 3590 4952 solum.
3615 4894 3705 4947 sed
3737 4903 3895 4947 tanta!

2296 4993 2621 5050 multitudini
2647 4993 2785 5044 vivat
2807 4991 2854 5062 (ι
2869 5031 2881 5043 .
2905 4989 3034 5043 Tim.
3052 4991 3109 5044 5.
3129 4987 3209 5060 ‘3).
3231 4986 3334 5040 Nos
3357 5001 3483 5040 vero
3501 4999 3691 5053 segnes
3706 4985 3896 5036 sum‘ns

2304 5095 2357 5138 et
2386 5085 2627 5150 remissi,
2657 5095 2709 5137 et
2747 5090 2942 5137 nostra:
2971 5080 3122 5134 saluti
3163 5079 3247 5133 vix
3290 5075 3635 5131 sufﬁcientes.
3670 5074 3781 5127 lloc
3809 5073 3894 5127 vel

2307 5187 2413 5231 tute
2443 5178 2657 5240 fateare,
2683 5175 2768 5244 qui
2797 5173 3024 5227 maxime
3050 5172 3282 5226 omnium
3309 5167 3554 5223 amicitim
3576 5181 3730 5220 causa
3757 5166 3894 5218 mala

2306 5278 2484 5324 nostra
2505 5269 2762 5335 obtegere
2791 5264 3019 5319 conaris.
3051 5261 3126 5316 Ne
3168 5259 3292 5314 mihi
3328 5261 3467 5313 enim
3509 5258 3594 5312 hic
3634 5256 3894 5325 jejunium

2303 5361 2518 5428 alleges,
2544 5359 2623 5414 vel
2653 5358 2874 5426 vigilias,
2899 5355 2982 5410 vel
3013 5355 3152 5407 lnuui
3177 5351 3533 5414 cubationem,
3559 5358 3608 5402 et
3632 5348 3891 5416 reliquam

2301 5451 2542 5521 eoi-poris
2573 5451 2982 5503 macerationem
3011 5463 3024 5500 :
3055 5460 3173 5498 nam
3205 5451 3458 5511 quantum
3484 5441 3549 5496 ab
3577 5439 3658 5497 his
3680 5440 3896 5494 virtuti-

2304 5544 2402 5602 bus
2427 5542 2660 5598 absimus
2693 5555 2796 5595 non
2827 5539 3056 5610 ignoras.
3092 5534 3307 5592 Etiamsi
3339 5548 3466 5590 vero
3495 5546 3526 5587 a
3550 5531 3705 5589 nobis
3729 5545 3893 5589 accu-

2373 5809 2388 5840 ι
2428 5802 2530 5866 alii,
2553 5802 2778 5852 honorem
2795 5796 3038 5859 procurat.
