4158 6316
226 474 233 477 _
297 391 406 447 sui

301 504 833 569 rauci-xeolcrentur,
866 506 998 562 nihil
1029 509 1144 564 lucc
1176 523 1274 564 nos
1302 517 1445 565 tanta
1467 513 1643 566 'auimi
1672 498 1895 585 segnitie

302 596 556 664 praalitos
576 596 644 651 ad
668 599 805 653 hanc
826 599 1193 667 pnefecturam
1210 601 1483 671 juvarent.
1509 602 1717 659 llomini
1740 605 1897 677 quip~

301 704 369 757 pe
399 689 452 742 in
474 689 794 745 domuncula
813 690 1041 760 quadam
1070 692 1274 748 incluso
1293 702 1351 749 et
1373 708 1469 748 sua
1497 695 1666 750 solum
1692 696 1899 753 curanti

302 780 422 835 hac
450 796 691 851 magnam
718 781 973 836 aﬂ'errent
998 783 1310 849 utilitatem;
1341 785 1435 840 sed
1465 764 1738 841 in'tantam
1764 785 1903 840 mul-

303 870 581 924 titudinem
609 873 799 937 scisso,
830 882 883 927 et
912 876 1169 944 cujusque
1203 875 1536 931 subditorum
1572 876 1896 947 peculiarem

299 960 713 1017 sollicitudinem
740 964 968 1032 gerenti,
996 964 1121 1035 quid
1148 966 1197 1020 id
1222 966 1355 1021 lucri
1383 966 1571 1022 aﬂ'erat
1593 967 1660 1022 ad
1687 968 1896 1023 illorum

290 1052 597 1119 profectum
618 1095 634 1120 ,
664 1054 765 1108 nisi
794 1056 1029 1110 animum
1056 1057 1262 1113 virilem
1288 1074 1352 1114 ac
1380 1060 1727 1115 fortissimum
1755 1058 1899 1115 obti-

300 1144 463 1197 neat?
1582 1158 1587 1161 ‘

375 1234 465 1287 13.
497 1232 692 1289 Ρηῑιεν
717 1238 1066 1291 abstinentiam
1098 1240 1202 1293 alia
1228 1239 1436 1310 requiri.
1467 1270 1540 1281 ——
1573 1240 1758 1311 Neque
1794 1242 1898 1297 nti-

313 1323 451 1377 rcris
472 1323 517 1377 si
544 1339 662 1378 cum
691 1334 833 1379 tanta
858 1328 1138 1381 tolerantia
1162 1332 1195 1393 ι,
1228 1330 1455 1384 alterum
1511 1332 1722 1399 postulo
1750 1313 1899 1387 fet‘tis

299 1413 466 1469 animi
502 1414 945 1484 experimentum.
976 1419 1109 1474 Nam
1135 1421 1426 1475 delicatum
1456 1423 1655 1487 cibum,
1691 1432 1896 1493 potum,

299 1505 498 1559 lectum
523 1506 821 1575 desiliet-rc,
845 1511 1025 1565 multis
1047 1511 1202 1565 facile
1223 1528 1343 1567 esse
1366 1512 1606 1569 videmus
1632 1532 1643 1568 :
1670 1516 1900 1571 maxime

300 1609 434 1649 vero
474 1596 538 1649 iis
558 1638 572 1660 ,
601 1598 689 1667 qui
726 1609 913 1653 natura
949 1604 1270 1670 agrestiores
1290 1614 1347 1657 et
1374 1622 1404 1656 a
1432 1607 1628 1660 teucris
1658 1607 1735 1661 sic
1756 1608 1899 1662 ,edu~

299 1685 409 1740 cati
433 1695 585 1751 sunt,
611 1702 673 1742 ac
697 1690 879 1744 multis
908 1692 1031 1746 item
1060 1694 1177 1746 aliis
1203 1696 1447 1764 corporis
1476 1705 1901 1765 temperamento

298 1788 461 1847 atque
494 1782 883 1838 consuetudine
924 1784 1165 1840 laborum
1213 1786 1513 1857 hujusmodi
1557 1790 1899 1858 asperitatem

300 1870 683 1940 mitigantibus.
699 1875 1175 1937 Atcoutumeliam.
1190 1876 1462 1941 damnum,
1480 1880 1759 1933 molestum
1782 1895 1901 1935 vcr-

303 1960 452 2026 hum,
476 1964 699 2018 dicti-ria
719 1966 786 2019 ab
814 1966 1154 2023 inferioribus
1181 1978 1289 2023 tum
1320 1980 1543 2037 temere,
1570 1981 1677 2025 tum
1704 1971 1756 2025 in
1784 1973 1900 2041 ipso

298 2052 500 2119 judicio
528 2056 731 2121 prolata
754 2096 770 2122 ,
801 2058 1166 2126 querimonias
1197 2060 1388 2114 frustm
1417 2071 1473 2115 et
1501 2072 1703 2117 temere
1730 2074 1838 2117 tum
1869 2079 1899 2118 a

300 2144 630 2211 principibus
664 2156 774 2199 tum
809 2162 839 2199 a
881 2148 1107 2203 subditis
1134 2150 1373 2217 oblatas,
1417 2168 1521 2205 non
1564 2153 1714 2207 multi
1762 2154 1902 2209 ferre

303 2227 564 2303 possunt,
604 2237 698 2292 sed
741 2255 877 2293 unus
921 2239 1147 2296 fortasse
1182 2242 1266 2297 vel
1306 2244 1459 2298 alter.
1493 2244 1791 2315 Videreque
1820 2256 1901 2301 cst

300 2328 461 2378 etiam
490 2329 633 2382 viros
660 2328 822 2384 fortes
846 2331 913 2385 ad
947 2333 1061 2389 haec
1087 2334 1158 2388 ita
1182 2349 1279 2389 ceu
1315 2336 1574 2404 vertigine
1599 2347 1783 2406 captos
1802 2377 1818 2402 ,
1846 2325 1904 2391 ut

300 2417 389 2471 vel
435 2419 833 2476 iuunanissimis
878 2424 1067 2479 belluis
1112 2425 1277 2480 ferius
1322 2439 1705 2498 eanpvreutur
1747 2446 1759 2480 :
1803 2428 1901 2483 hos

300 2524 432 2563 vero
462 2510 691 2566 maxime
724 2528 752 2565 a
784 2516 1068 2569 sacerdotii
1103 2520 1269 2586 septis
1295 2534 1561 2574 arcemus.
1596 2522 1899 2576 Autistitem

300 2599 499 2667 quippe
537 2618 634 2655 nec
674 2604 847 2656 inedia
876 2600 1146 2672 afflictari,
1181 2622 1280 2662 nec
1318 2610 1473 2662 nudis
1504 2600 1725 2679 pedibus
1752 2611 1900 2665 ince-

300 2691 453 2753 dere,
485 2693 533 2745 id
557 2710 684 2747 sane
712 2697 961 2751 Ecclesia:
982 2701 1140 2754 emtui
1164 2702 1291 2754 nihil
1313 2701 1498 2758 afferet
1538 2702 1849 2758 detrimenti
1884 2722 1897 2758 :

288 2782 452 2835 [uror
490 2794 669 2840 autem
710 2788 871 2841 animi
916 2798 969 2843 et
1012 2790 1085 2844 illi
1124 2802 1173 2845 ct
1216 2795 1460 2861 proximo
1505 2812 1723 2865 magnas
1764 2797 1904 2867 parit

300 2875 653 2931 calamitates.
694 2880 867 2948 Atque
909 2882 974 2935 iis
1014 2884 1260 2950 quidem,
1300 2886 1388 2954 qui
1430 2902 1587 2956 supra
1616 2888 1755 2944 dicta
1794 2905 1900 2944 non

299 2975 585 3029 praestant,
616 2968 754 3023 utilia
780 2970 949 3024 a'Deo
978 2973 1323 3027 comminatio
1352 2994 1365 3030 :
1392 2984 1448 3029 at
1478 2987 1675 3033 temere
1699 2994 1899 3046 excan-

298 3054 645 3110 descentihus
690 3068 744 3113 et
789 3060 1085 3130 gehennam
1133 3066 1489 3135 et‘gcitenna:
1538 3069 1711 3139 ignem
1750 3071 1900 3125 .lleus

298 3151 659 3221 cuntntinattls
682 3162 760 3204 est
789 3153 1000 3221 (Matth.
1027 3155 1081 3209 5.
1109 3156 1715 3227 ‘29.)..szcntadmodum
1744 3162 1901 3232 igitur

242 3292 247 3293 ,
299 3252 453 3289 vana:
501 3240 687 3307 glo:'i.e
732 3243 987 3312 cupidus,
1033 3261 1153 3300 cum
1204 3249 1488 3303 multorum
1530 3252 1899 3322 praefecturam

298 3328 445 3390 adit,
476 3331 733 3398 majorem
769 3332 873 3402 igni
908 3322 1119 3404 pra-hei
1135 3341 1446 3406 materiam,
1474 3343 1553 3396 sic
1588 3354 1641 3397 et
1675 3345 1763 3415 qui
1802 3361 1901 3401 nec

298 3423 440 3490 apud
466 3438 541 3479 se.
569 3440 669 3478 uec
692 3426 743 3480 in
771 3426 1115 3484 familiaribus
1144 3448 1429 3501 paucorum
1460 3438 1736 3507 colloquiis
1766 3440 1899 3493 iram

299 3512 578 3568 Continere
606 3517 829 3584 nequit,
857 3519 950 3573 sed
982 3519 1137 3575 facile
1167 3525 1540 3589 excandescit,
1571 3527 1695 3582 huic
1716 3530 1761 3583 si
1802 3546 1899 3599 po-

301 3605 501 3673 pularis
535 3610 874 3677 magistratus
902 3612 1161 3680 tradatur,
1185 3630 1280 3669 ceu
1310 3615 1418 3670 fera
1446 3619 1687 3685 quautam
1709 3636 1740 3675 a
1765 3622 1903 3675 mul-

300 3698 369 3749 tis
402 3696 632 3767 undique
665 3701 1002 3757 exstimulata
1028 3745 1043 3767 ,
1083 3721 1182 3760 nec
1219 3708 1399 3776 quieto
1433 3727 1679 3781 umquam
1719 3715 1900 3769 animo

298 3801 423 3841 es~e
453 3798 656 3856 potest,
688 3791 1010 3862 insuperque
1042 3798 1333 3852 commisso
1369 3800 1467 3853 sibi
1511 3804 1705 3871 populo
1739 3804 1899 3859 inuu-

302 3896 450 3934 mura
492 3894 741 3949 procurat
779 3886 937 3938 mala.
1458 3944 1463 3954 η

375 3972 461 4027 ii.
492 3971 643 4026 Nihil
671 3985 773 4028 tam
799 3978 957 4029 aciem
982 3980 1160 4033 mentis
1184 3981 1480 4049 obtundere,
1511 4000 1661 4052 quam
1689 3987 1899 4040 iracun-

300 4062 459 4115 diam.
491 4093 561 4103 —
584 4064 726 4119 Nihil
752 4068 894 4121 enim
920 4069 998 4124 sic
1028 4070 1223 4140 ingenii
1263 4074 1567 4142 puritatem,
1599 4076 1900 4147 mentisque

300 4153 471 4208 aciem
501 4156 794 4225 obturbat,
824 4166 883 4212 ut
916 4145 992 4213 ira
1034 4162 1331 4216 inordinata
1350 4204 1365 4229 ,
1394 4180 1513 4232 qua:
1538 4166 1708 4219 multo
1734 4145 1901 4222 fertur

301 4246 524 4316 impetu.
565 4247 660 4301 Ira
683 4249 825 4304 enim
839 4291 865 4317 ,
899 4251 1071 4322 inquit
1108 4254 1195 4308 ille
1214 4296 1230 4320 ,
1259 4255 1410 4307 etiam
1439 4256 1708 4325 prudentes
1735 4258 1900 4326 perdit

300 4336 483 4408 (Prov.
515 4342 602 4397 15.
633 4341 708 4414 l).
741 4343 871 4398 Nam
900 4346 1345 4415 quemadmodum
1379 4350 1429 4401 in
1464 4358 1727 4403 nocturno
1758 4365 1899 4419 pra:-

300 4433 375 4487 lio
403 4436 782 4493 obtenehratus
810 4440 1005 4495 mentis
1034 4442 1221 4496 oculus
1247 4442 1450 4498 amicos
1478 4444 1546 4498 ab
1578 4444 1899 4499 adversariis

299 4528 611 4583 discernere
655 4532 866 4601 nequit,
909 4549 1007 4587 uec
1050 4535 1254 4590 nobiles
1300 4537 1367 4591 ab
1409 4537 1759 4606 ignobilibus,
1802 4539 1898 4594 sed

297 4636 421 4673 cum
448 4622 699 4676 eutuibus
730 4623 918 4679 eodem
958 4638 1018 4679 se
1054 4626 1192 4695 gerit
1233 4627 1392 4681 modo
1412 4670 1426 4694 ,
1458 4639 1513 4684 et
1541 4629 1586 4684 si
1604 4616 1741 4699 ‘un
1773 4631 1897 4685 mali

296 4710 635 4767 Subeuudum
673 4714 741 4767 sit
763 4756 777 4775 ,
807 4716 984 4769 omnia
1018 4716 1171 4771 facile
1201 4720 1430 4788 patitur,
1464 4731 1519 4773 ut
1549 4721 1711 4774 animi
1741 4721 1894 4776 volu-

296 4815 500 4873 ptatem
530 4806 770 4874 impleat.
799 4806 929 4862 Nam
956 4819 1103 4865 certe
1132 4811 1375 4880 voluptas
1401 4811 1642 4881 quantum
1673 4820 1757 4866 cst
1783 4813 1899 4867 aui-

297 4897 370 4951 tui
402 4898 844 4961 excandescentia
868 4940 883 4965 ,
914 4910 973 4955 et
997 4902 1265 4971 voluptate
1293 4904 1550 4971 majorem
1580 4905 1630 4957 in
1659 4905 1897 4959 animum

295 5001 514 5045 exercet
541 4992 874 5062 tyrannidem
895 5036 913 5061 ,
942 4997 1283 5066 tranquillum
1312 4998 1429 5067 ejus
1458 5008 1656 5054 statum
1685 5015 1776 5054 sus
1805 5000 1898 5055 de-

294 5098 406 5152 que
429 5080 748 5140 revehens:
770 5101 890 5140 nam
923 5086 975 5141 in
1004 5090 1359 5159 arrogantiam
1391 5089 1543 5146 facile
1574 5092 1814 5161 impellit,
1843 5101 1899 5149 et

294 5172 601 5250 sinuitmtes
627 5178 1045 5247 intempestivas,
1074 5192 1127 5237 et
1154 5182 1334 5238 odium
1361 5183 1478 5239 sine
1507 5185 1608 5239 ulla
1638 5201 1818 5254 causa,
1842 5196 1898 5243 et

294 5267 625 5327 oﬂ’ettsioucs
654 5260 855 5325 temere
890 5282 1046 5326 natas
1082 5271 1387 5344 frequenter
1413 5285 1592 5346 parat,
1625 5277 1897 5350 multaque

296 5362 388 5415 his
412 5360 605 5416 similia
634 5371 689 5417 et
712 5362 890 5419 dicere
914 5372 971 5419 et
996 5363 1175 5421 facere
1199 5367 1360 5437 cogit,
1384 5368 1563 5423 animo
1584 5370 1753 5424 multo
1771 5386 1894 5425 cum

291 5454 535 5509 stridore
570 5454 744 5509 morbi
782 5458 1028 5512 molestia
1064 5459 1474 5531 ultro’citroque
1501 5471 1706 5529 tracto,
1734 5465 1805 5519 ita
1840 5473 1897 5520 ut

291 5542 449 5599 nullo
476 5545 638 5599 modo
665 5532 913 5611 stare,'ct
941 5557 1087 5602 tanto
1116 5549 1335 5619 impctui
1362 5550 1831 5623 obsistere‘queat.

370 5634 700 5694 BASiLlUS.
736 5638 847 5710 Ego
872 5644 1002 5695 vero
1030 5651 1082 5696 te
1115 5642 1194 5697 sic
1227 5623 1651 5699 dissimuiautem
1678 5660 1783 5701 nou
1811 5646 1894 5702 ul-

362 5843 389 5879 ι
418 5844 559 5895 savii.
588 5852 637 5897 et
658 5845 851 5909 quidam
867 5855 1010 5911 stes,~
1018 5855 1122 5913 pou
1143 5855 1322 5903 tantam
1344 5835 1662 5905 tolérantiam.

1509 397 1596 454 DE
1632 396 2084 470 sacsuoorto.
2119 403 2246 460 Ltu.
2292 384 2379 469 ut.

3491 420 3612 478 ~650

2016 517 2180 571 terius
2203 520 2394 589 patiar.
2427 519 2556 586 Quis
2586 522 2727 576 enim
2770 522 2975 593 ignorat
3006 535 3259 595 quantum
3288 528 3391 585 hoc
3419 533 3609 588 morbo

2006 606 2081 660 sis
2109 606 2355 662 alieuus‘t
2392 608 2860 669 CHRYSOSTOM.
2900 614 3036 682 Quid
3068 618 3256 688 igitur,
3278 616 3501 692 inquam
3527 663 3540 687 ,
3570 640 3606 676 ο

2009 700 2089 755 vir
2112 700 2286 766 beate,
2314 703 2393 757 vis
2417 719 2503 759 me
2535 704 2656 760 huic
2684 722 2814 777 rogo
2839 710 3150 775 admchre.
3178 727 3241 768 ac
3265 713 3429 769 feram
3454 716 3606 785 ψιὶος

2006 801 2249 871 sceutetn
2274 793 2526 851 irritare?
2546 796 2629 851 An
2659 797 2871 868 ignoras
2901 801 3134 861 iduobis
3163 818 3269 859 non
3299 818 3479 861 nostra
3508 808 3609 862 vir-

2008 890 2120 936 tute
2144 882 2491 951 successisse,
2519 885 2613 941 scd
2633 900 2700 945 ex
2720 889 2915 958 quieta:
2941 891 3061 946 vitae
3087 908 3305 959 amore;
3331 910 3450 950 eum
3476 913 3606 953 vero

2006 974 2094 1049 qui
2126 974 2203 1029 sic
2240 976 2463 1031 affectus
2490 987 2599 1045 cst,
2633 995 2876 1036 seorsum
2907 983 3224 1054 degentem,
3252 998 3308 1043 et
3338 1004 3441 1042 uno
3468 992 3602 1046 alte-

2007 1080 2135 1122 rore
2161 1078 2397 1122 utentem
2424 1069 2601 1125 amico
2623 1112 2641 1138 .,
2658 1092 2663 1097 ’
2680 1071 2984 1139 huiusmodi
3028 1078 3328 1134 incendium
3371 1083 3605 1153 effugere

2009 1171 2195 1225 posse;
2223 1174 2382 1214 secus
2412 1176 2543 1216 vero
2569 1162 2614 1217 si
2642 1163 2695 1218 in
2724 1174 2800 1219 tot
2821 1181 3069 1223 curarum
3092 1170 3342 1241 abyssum
3372 1172 3606 1228 incidat?

2007 1247 2156 1304 Tunc
2195 1251 2336 1311 cnim
2371 1270 2480 1309 non
2521 1270 2581 1309 se
2614 1257 2787 1311 solum
2808 1300 2823 1321 ,
2854 1260 2948 1313 scd
2974 1270 3027 1314 et
3055 1261 3189 1317 alios
3218 1264 3519 1332 permultos
3538 1266 3605 1319 ad

2008 1336 2253 1397 interitus
2291 1347 2642 1416 przccipitium
2680 1365 2863 1405 secum
2906 1352 3099 1420 trahit,
3131 1365 3185 1409 et
3220 1356 3287 1409 ad
3327 1359 3607 1425 probitatis

2006 1446 2189 1488 curam
2217 1438 2492 1503 segniores
2528 1440 2708 1496 efficit.
2746 1442 2893 1499 Solet
2919 1446 3059 1499 enim
3087 1448 3423 1506 subditorum
3452 1453 3604 1508 tmba

2008 1525 2379 1595 praefectorum
2404 1531 2507 1587 sibi
2535 1548 2715 1589 mores
2735 1550 2834 1590 ceu
2861 1536 3207 1609 archetypum
3240 1548 3295 1595 et
3319 1543 3601 1611 quamdam

2009 1616 2292 1696 imaginem
2334 1632 2606 1691 spectare,
2636 1640 2802 1696 seque
2839 1627 2904 1681 ad
2949 1628 3157 1684 illormn
3190 1631 3417 1691 formam
3441 1635 3603 1693 effin-

2004 1690 2132 1783 εει-ἓ
2181 1709 2280 1777 Qui
2312 1726 2440 1783 ergo
2483 1715 2653 1783 possit
2697 1715 2786 1773 ille
2813 1732 2997 1774 eorum
3039 1728 3281 1778 tumores
3302 1723 3528 1790 sedare,
3560 1727 3613 1779 si

2009 1798 2121 1869 ipse
2152 1804 2385 1856 tumeat?
2409 1804 2526 1873 quis
2555 1807 2794 1875 plebeius
2824 1810 3130 1866 moderatus
3158 1815 3339 1869 statim
3371 1816 3485 1870 fieri
3512 1833 3608 1871 cu—

2008 1892 2135 1960 piat,
2160 1894 2204 1947 si
2230 1893 2521 1965 priueipem
2548 1897 2858 1955 iracundum
2890 1902 3097 1971 videat?
3124 1905 3437 1979 Nc-utiquam
3460 1911 3609 1964 enim

2006 1993 2231 2051 possunt
2250 1987 2591 2046 sacerdotum
2616 1992 2741 2046 vitta
2769 1993 2955 2056 latere,
2987 1996 3081 2057 sed
3105 1999 3265 2053 etiam
3287 2000 3477 2072 exigua
3502 2003 3611 2057 cite

2006 2075 2293 2145 conspicua
2323 2086 2469 2133 sunt.
2496 2080 2769 2151 Siquidem
2802 2086 3002 2145 athleta
3031 2089 3291 2158 quamdiu
3314 2092 3455 2145 demi
3490 2110 3607 2147 ma-

2008 2176 2130 2233 _net,
2158 2176 2213 2223 et
2255 2185 2377 2225 cum
2420 2173 2563 2231 nullo
2606 2177 2984 2245 congreditur,
3027 2180 3149 2235 licet
3192 2183 3453 2238 inlirurtior
3492 2187 3561 2238 sit
3587 2228 3601 2251 ,

2007 2262 2277 2317 occultare
2316 2278 2375 2318 se
2416 2275 2625 2336 potest;
2654 2284 2776 2323 cum
2816 2279 2993 2325 autem
3037 2272 3269 2328 mutatus
3309 2276 3358 2329 iu
3388 2291 3612 2331 arenam

2007 2352 2309 2417 descendit,
2354 2356 2530 2410 statim
2571 2359 2662 2427 qui
2698 2361 3088 2417 sit‘eviucitur.
3135 2364 3387 2420 llomiues
3431 2368 3621 2435 itaque

2006 2445 2095 2513 qui
2130 2447 2354 2500 seorsim
2387 2459 2439 2502 ct
2466 2450 2516 2503 iu
2548 2453 2657 2505 otio
2687 2453 2845 2506 vitam
2874 2466 3066 2524 agunt,
3095 2456 3343 2511 vitiorum
3364 2474 3605 2512 .suorum

1936 2600 1939 2603 ν
2010 2542 2219 2605 tegmen
2252 2539 2845 2607 habentsolitudinem;
2871 2545 2920 2598 in
2950 2547 3182 2601 medium
3210 2549 3444 2614 adducti,
3470 2553 3609 2604 sicut

2009 2630 2381 2685 vestimentum
2409 2633 2747 2690 solitudinem
2778 2652 2977 2693 exuere
3004 2654 3285 2707 coguntur,
3312 2658 3488 2711 exque
3517 2661 3608 2697 ex—

2010 2722 2171 2775 ternis
2215 2723 2452 2777 motibus
2501 2726 2701 2779 nudum
2751 2729 2996 2787 omnibus
3044 2731 3280 2785 animum
3327 2734 3606 2788 exhibere.

2006 2812 2468 2879 Quemadmodum
2511 2814 2640 2888 ergo
2682 2821 2917 2889 ipsorum
2960 2823 3213 2892 pra'clara
3242 2817 3389 2894 gesta
3428 2828 3611 2883 multis

2010 2916 2230 2973 prosunt
2254 2908 2318 2961 ad
2347 2909 2521 2964 simile
2552 2912 2783 2965 studium
2811 2916 3110 2983 evocantia,
3135 2917 3212 2975 sic
3237 2926 3289 2971 ct
3318 2934 3503 2973 eorum
3532 2922 3607 2975 vi-

2008 2998 2076 3050 tia
2111 2999 2244 3051 alios
2274 2998 2340 3052 ad
2377 3000 2584 3054 virtutis
2613 3004 2927 3059 exercitium
2955 3007 3232 3075 segniores
3256 3008 3492 3064 efficiunt
3512 3052 3527 3075 ,
3554 3023 3609 3067 et

2005 3090 2071 3144 ad
2099 3091 2360 3145 bonorum
2390 3107 2615 3161 operum
2646 3096 2883 3151 laborem
2917 3108 3129 3167 torpere
3158 3082 3376 3155 faciunt.
3406 3103 3607 3169 Quam-

2005 3184 2190 3247 obrem
2220 3184 2413 3239 animm
2444 3187 2559 3255 ejus
2589 3188 3038 3256 pulchritudinem
3067 3191 3351 3260 splendere
3373 3204 3611 3260 oportet,

2004 3284 2065 3331 ut
2105 3286 2462 3345 spectatorum
2506 3278 2715 3334 animos
2744 3280 3013 3336 oblectare
3051 3283 3209 3335 simul
3247 3294 3301 3337 et
3342 3284 3608 3340 illustrare

2006 3367 2191 3435 possit.
2237 3365 2370 3420 Nam
2414 3367 2711 3438 vulgarium
2752 3368 3026 3425 hominum
3070 3382 3323 3442 peccata,
3360 3374 3510 3443 quasi
3552 3376 3608 3429 iu

2006 3459 2239 3513 tenebris
2268 3469 2591 3529 perpetrata,
2621 3472 2907 3533 peccantes
2930 3463 3075 3520 solos
3103 3465 3328 3534 perdunt
3354 3484 3367 3521 :
3391 3468 3489 3522 viri
3512 3484 3606 3523 au-

1992 3554 2112 3603 tem
2144 3550 2361 3605 illustris
2385 3559 2437 3606 et
2468 3552 2649 3606 multis
2676 3554 2872 3623 cogniti
2900 3554 3101 3621 scelus,
3124 3571 3407 3613 commune
3433 3559 3606 3613 omni-

2003 3640 2103 3697 bus
2127 3642 2279 3696 atfert
2304 3638 2704 3712 detrimentum,
2727 3644 2854 3702 dum
2883 3647 3136 3700 remissos
3160 3648 3226 3702 ad
3254 3648 3481 3706 sudores
3509 3667 3604 3719 pro

2006 3734 2158 3789 nobis
2185 3735 2445 3804 Operibus“
2462 3736 2821 3806 capessendos
2846 3738 3148 3807 supiniores
3172 3740 3331 3795 efficit
3349 3783 3365 3809 ,
3392 3757 3487 3798 eos
3510 3758 3606 3797 au-

2006 3835 2112 3881 tem
2142 3828 2230 3896 qui
2257 3827 2355 3881 sibi
2383 3827 2663 3884 attendere
2684 3829 2932 3899 cupiunt,
2960 3830 3026 3885 ad
3051 3831 3354 3900 superbiam
3384 3835 3601 3891 excitat.

2004 3918 2087 3971 Ad
2114 3916 2229 3973 hare
2257 3933 2384 3972 vero
2408 3958 2424 3983 ,
2456 3918 2751 3990 vulgarium
2778 3918 2975 3977 delicta
2998 3964 3012 3987 ,
3041 3929 3124 3977 vel
3156 3923 3208 3977 iu
3243 3925 3475 3979 medium
3506 3926 3605 3980 ad-

2004 4009 2197 4074 ducta,
2232 4009 2433 4065 nemini
2477 4010 2549 4065 ita
2589 4010 2909 4080 profundam
2946 4012 3189 4085 infligunt
3231 4016 3435 4087 plagam
3468 4035 3482 4072 :
3512 4020 3608 4089 qui

2002 4114 2183 4156 autem
2214 4101 2265 4155 in
2294 4100 2397 4157 hoc
2423 4099 2641 4175 honoris
2670 4100 2882 4173 fastigio
2905 4102 3124 4171 sedent,
3156 4107 3329 4175 primo
3356 4110 3605 4164 omnibus

2002 4200 2130 4248 sunt
2152 4194 2421 4263 conspicui
2442 4210 2459 4258 ;
2480 4194 2693 4260 deinde,
2718 4195 2844 4251 licet
2863 4196 2915 4251 in
2938 4197 3171 4253 minimis
3196 4198 3459 4264 labantur,
3482 4218 3602 4271 qua:

2004 4285 2210 4339 minora
2232 4294 2356 4340 sunt
2380 4286 2500 4341 aliis
2524 4302 2716 4356 magna
2742 4287 3009 4344 videntur.
3034 4288 3150 4344 Non
3170 4292 3311 4346 enim
3340 4290 3461 4346 facti
3486 4310 3601 4347 ma-

2002 4375 2279 4447 gnitudine
2302 4378 2340 4442 ⁸,
2379 4367 2492 4433 sed
2530 4379 2806 4449 peccantis
2840 4378 3097 4451 dignitate
3119 4391 3390 4459 peccatum
3415 4398 3602 4441 omnes

2003 4468 2312 4524 metiuntur.
2344 4467 2484 4523 Sane
2527 4469 2861 4525 sacerdotem
2898 4478 3111 4541 oportet
3146 4486 3246 4527 ceu
3284 4469 3603 4542 Quibusdam

2002 4558 2356 4615 adamantinis
2379 4559 2545 4614 armis
2580 4560 2934 4631 undequaque
2960 4562 3176 4628 muniri,
3204 4564 3419 4618 assiduo
3444 4564 3600 4619 neut-

2002 4662 2071 4719 pe
2097 4636 2273 4704 studio
2293 4690 2307 4712 ,
2338 4659 2393 4704 et
2425 4650 2643 4718 perenni
2672 4651 2815 4705 circa
2843 4651 3008 4706 vitam
3036 4650 3302 4723 vigilantia
3324 4697 3338 4717 ,
3370 4654 3598 4725 undique

2002 4740 2479 4811 circumSpiciendo
2501 4783 2516 4807 ,
2551 4758 2618 4795 ne
2646 4741 2766 4813 quis
2803 4740 2947 4797 nudo
2987 4758 3052 4798 ac
3094 4744 3335 4814 neglecto
3366 4744 3483 4799 loco
3511 4762 3598 4800 re-

2003 4845 2155 4902 perto
2185 4833 2342 4889 letale
2378 4833 2580 4903 intligat
2616 4832 2826 4890 vulnus.
2855 4834 3054 4891 Omnes
3085 4836 3227 4891 enim
3252 4837 3600 4893 circumstant

2002 4928 2189 4999 parati,
2220 4936 2281 4983 ut
2304 4928 2581 4984 vulnerent
2606 4944 2672 4985 ac
2698 4928 2968 4999 dejiciant,
2997 4945 3103 4986 non
3131 4930 3293 4986 modo
3320 4945 3384 4987 cx
3419 4931 3596 4986 inimi-

2000 5021 2080 5076 cis
2107 5022 2276 5086 multi,
2301 5020 2395 5077 sed
2424 5021 2584 5078 etiam
2611 5037 2676 5076 ex
2705 5021 2794 5089 iis,
2819 5022 2908 5093 qui
2938 5022 3223 5078 amicitiam
3248 5023 3523 5078 simulant.

2072 5110 2230 5167 Tales
2272 5111 2436 5181 igitur
2472 5111 2594 5184 eligi
2634 5121 2883 5184 oportet,
2916 5113 3089 5183 qualia
3127 5124 3432 5169 sanctorum
3468 5115 3596 5171 olim

2002 5202 2216 5261 illorum
2244 5217 2467 5273 corpora
2497 5204 2550 5259 in
2577 5203 2899 5277 Babylonica
2935 5205 3150 5262 fornace
3185 5206 3279 5262 Dei
3311 5209 3477 5277 gratia
3506 5225 3600 5277 cx-

2002 5294 2193 5351 hibuit.
2218 5292 2403 5366 Neque
2426 5297 2569 5350 enim
2600 5295 2737 5367 ignis
2764 5294 2921 5367 hujus
2946 5310 3070 5351 esca
3093 5308 3218 5351 sunt
3241 5308 3593 5368 sarmentum,

2004 5386 2090 5457 pix
2118 5395 2175 5442 et
2199 5395 2390 5456 stupa;
2416 5386 2528 5442 ‘sed
2566 5387 2650 5439 his
2683 5385 2851 5441 multo
2872 5387 3144 5456 gravium,
3167 5387 3598 5458 quandoquidem

2000 5492 2110 5532 non
2138 5476 2407 5534 sensibilis
2434 5476 2523 5531 ille
2547 5476 2683 5547 ignis
2709 5475 2948 5547 subiacet
2967 5518 2983 5543 ,
3011 5477 3106 5532 sed
3135 5477 3313 5533 omnia
3334 5477 3596 5535 devorans

2004 5567 2217 5623 invidia:
2231 5565 2459 5623 ﬂamma
2491 5567 2664 5638 ipsum
2693 5566 3059 5647 eiucumsistit,
3088 5567 3319 5640 undique
3348 5584 3407 5625 se
3433 5571 3595 5625 attol-

2002 5659 2149 5727 lens,
2177 5657 2279 5730 ipsi
2309 5658 2564 5730 iugrueus
2580 5700 2597 5726 ,
2621 5659 3027 5732 accuratiusque
3054 5659 3224 5731 ipsum
3251 5661 3591 5731 examinans,

2075 5857 2090 5890 ι
2131 5855 2233 5921 Alit,
2262 5858 2389 5909 (πω
2408 5866 2651 5908 rma.
