4198 6324
591 349 686 410 65⁵1

590 478 746 540 meum
781 476 903 524 tunc
933 465 1065 538 ignis
1094 470 1377 539 puerorum
1407 469 1614 522 illorum
1641 483 1882 535 corpora.
1912 467 2042 521 Ciun
2074 468 2170 535 ἰὲί-

591 569 677 613 tur
705 561 782 612 vel
815 561 971 613 tenue
998 559 1282 629 quodpiam
1320 560 1526 626 stipula:
1559 558 1834 626 Vestigium
1877 553 2169 617 invenerit,

590 653 765 705 Statim
810 652 1072 705 ibbzercns
1111 652 1342 703 vitiatam
1388 642 1529 702 illam
1577 657 1775 717 partem
1807 642 2015 709 exurit;
2048 638 2171 699 reli-

590 752 747 807 quam
781 751 907 795 vero
933 748 1272 803 structuram,
1300 738 1506 793 etiamsi
1534 738 1791 791 solaribus
1812 738 1971 791 radiis
1992 729 2172 805 spien-

593 831 765 884 didior
787 830 960 890 fuerit,
988 831 1127 882 fnum
1152 830 1238 882 illo
1259 828 1430 882 adurit
1449 837 1501 880 et
1521 829 1768 881 obscurat
1792 831 1970 881 totam.
1999 811 2177 880 Donec

593 922 733 988 enim
762 921 1052 974 sacerdotis
1084 922 1182 974 vita
1213 920 1374 990 probe
1401 919 1629 986 undique
1654 918 1964 971 concinnata
1998 915 2174 980 fuerit,

596 1013 798 1064 insidiis
839 1013 925 1063 ille
966 1012 1123 1064 uullls
1155 1013 1362 1076 pervius
1386 1008 1495 1072 est;
1529 1010 1610 1062 sin
1644 1007 1727 1060 vel
1761 1006 2020 1059 tantillum
2053 1006 2175 1073 quid

598 1104 983 1169 pra'tertnittat.
1014 1101 1153 1168 quod
1183 1111 1308 1153 sane
1339 1098 1491 1153 facile
1517 1097 1824 1166 contingere
1855 1103 2046 1164 pelest,
2079 1096 2173 1149 ho-

597 1206 682 1243 mo
708 1204 827 1243 cum
856 1191 924 1243 sit
944 1231 957 1249 .
989 1200 1040 1259 et
1072 1190 1339 1243 erroribus
1371 1189 1584 1257 plenum
1623 1188 1739 1239 vita:
1770 1186 1923 1255 hujus
1961 1183 2178 1255 pelagus

596 1282 836 1349 trajlrial,
872 1282 959 1334 nih
986 1283 999 1335 l
1039 1283 1235 1349 reliqua
1269 1282 1339 1333 illi
1374 1281 1507 1334 bona
1536 1290 1705 1349 opera
1738 1284 1975 1347 prosunt,
2008 1288 2064 1332 ut
2089 1286 2179 1331 ae—

596 1374 898 1425 eusatol'um
939 1379 1092 1425 voces
1128 1372 1372 1439 ell‘ugidt,
1408 1370 1499 1424 sed
1532 1374 1747 1438 parvum
1779 1370 2026 1423 delictum
2057 1367 2179 1422 reli-

596 1474 758 1528 quum
799 1466 956 1514 0|!th
1000 1462 1276 1512 obumbrat
1307 1467 1360 1513 et
1398 1460 1671 1529 obscurat,
1702 1459 1768 1511 Et
1804 1459 1868 1511 de
1908 1458 2179 1511 SdCel'dote

595 1562 783 1621 eumes
805 1568 907 1604 non
932 1550 1079 1620 qhasi
1107 1560 1267 1604 earne
1288 1550 1491 1610 induto,
1515 1560 1565 1604 et
1590 1549 1813 1602 humana
1840 1556 2021 1600 natura
2050 1563 2183 1614 pra--

595 1642 743 1705 dito,
785 1643 875 1695 sed
915 1642 1062 1709 quasi
1095 1642 1159 1695 de
1199 1641 1423 1710 angelo,
1456 1639 1596 1693 omni
1641 1640 1841 1706 reliqua
1881 1638 2182 1690 inﬁrmitate

594 1735 782 1788 libero.
808 1735 1061 1801 judicium
1086 1734 1222 1787 ferre
1246 1734 1440 1785 volunt.
1470 1735 1547 1786 Ac
1568 1732 1705 1785 sicut
1730 1742 2030 1801 tyrannum,
2054 1729 2181 1783 dum

596 1824 836 1891 imperio.
858 1824 1076 1893 potitur,
1109 1834 1294 1875 attines
1337 1821 1681 1875 reformidant
1717 1822 1919 1889 ipsique
1960 1820 2181 1871 adulan-

596 1924 707 1979 tur,
747 1914 885 1982 quod
927 1926 1044 1966 eum
1090 1913 1373 1967 deturbare
1417 1928 1521 1965 non
1568 1912 1803 1979 possint;
1842 1923 1963 1963 eum
2008 1919 2182 1962 autem

596 2022 707 2059 rem
740 2005 855 2074 ejus
879 2006 1182 2058 inclinatam
1207 2004 1404 2068 vident,
1429 2003 1728 2055 simulatum
1757 2001 1901 2053 illum
1930 2001 2182 2052 honorem

596 2096 945 2161 abjicientcs,
984 2096 1068 2162 qui
1112 2094 1266 2163 paulo
1308 2102 1431 2147 ante
1473 2092 1627 2145 amici
1672 2096 1861 2153 Erant,
1898 2089 2186 2156 derepente

598 2189 798 2241 immici
840 2198 893 2241 et
932 2186 1219 2239 adversarii
1250 2184 1513 2246 evadunt,
1544 2192 1597 2236 et
1625 2181 1817 2236 debilia
1848 2196 2069 2249 qumque
2096 2193 2187 2231 ex-

601 2280 871 2343 rlorantes
900 2276 1220 2344 irrumpunt,
1249 2275 1634 2342 imperiumque
1666 2271 1803 2325 illius
1830 2271 2039 2324 solvunt
2067 2284 2081 2321 :
2111 2270 2187 2322 sic

599 2379 651 2423 et
683 2368 1047 2422 sacerdotibus
1083 2365 1371 2435 contingit;
1404 2366 1490 2433 qui
1534 2364 1686 2431 paulo
1715 2372 1871 2427 ante,
1907 2362 2030 2414 dum
2072 2370 2189 2413 mu-

604 2474 732 2513 nere
762 2459 1037 2527 potiretur,
1070 2458 1238 2527 ipsum
1266 2456 1511 2509 colebant
1540 2468 1602 2507 ac
1634 2453 2027 2515 reverebantur,
2059 2465 2186 2517 par-

602 2562 723 2603 Vam
750 2548 1081 2603 OCCﬂaitlllcm
1113 2547 1247 2601 nacti
1276 2548 1430 2601 satim
1458 2560 1516 2598 se
1545 2543 1752 2597 fortiter
1777 2550 2102 2609 comparant,
2133 2548 2189 2592 ut

605 2655 726 2695 cum
771 2656 874 2693 non
917 2638 1068 2706 quml
1111 2649 1389 2708 tyrannum
1422 2636 1627 2697 Solum,
1657 2631 1748 2685 sed
1780 2632 1924 2699 quasi
1965 2640 2189 2699 tyranno

606 2732 923 2786 deteriOrem
951 2731 1234 2798 deponant.
1261 2728 1337 2780 Ac
1364 2723 1807 2795 quemadmodum
1840 2720 1926 2773 ille
1950 2719 2189 2786 corporis

607 2822 687 2874 Sui
731 2821 984 2875 satellites
1024 2820 1239 2881 metuit,
1274 2817 1345 2870 ita
1381 2828 1434 2870 et
1474 2816 1558 2868 hic
1602 2814 1870 2882 proximos
1908 2811 2191 2863 commini-

606 2921 848 2980 strosque
868 2919 994 2964 Suos
1015 2908 1242 2962 maxime
1265 2907 1499 2961 omnium
1531 2903 1853 2958 reformidat.
1880 2900 2012 2954 Nulli
2040 2901 2192 2969 quip—

610 3017 677 3070 pe
709 3002 796 3055 alii
837 2999 1058 3069 perinde
1086 2999 1199 3069 ejus
1224 2997 1528 3067 dignitatem
1558 2995 1820 3055 all'ettant,
1851 2991 2193 3059 ejusdemque

609 3107 697 3146 res
727 3104 879 3145 uetas
910 3090 1105 3144 habent
1129 3098 1287 3158 atque
1315 3087 1388 3141 illi
1414 3105 1429 3141 :
1455 3085 1732 3156 propinqui
1760 3085 1901 3139 enim
1924 3101 2041 3139 cum
2064 3084 2190 3148 sint,

608 3182 653 3234 si
679 3178 801 3250 quid
832 3178 1128 3249 hujusmodi
1158 3176 1448 3246 contingat,
1480 3184 1603 3228 ante
1628 3189 1811 3227 omnes
1841 3173 1889 3227 id
1931 3173 2191 3237 sentiunt,

611 3274 866 3342 facileque
888 3271 1044 3326 etiam
1068 3268 1455 3324 calumniantes
1480 3266 1644 3330 credi,
1668 3274 1721 3318 et
1746 3264 1872 3319 dum
1904 3278 2059 3335 parva
2085 3277 2196 3317 ma-

608 3380 712 3433 gna
742 3363 938 3417 faciunt
975 3376 1095 3416 eum
1142 3359 1486 3430 syc0phnntia
1526 3358 1909 3411 circumvenire
1953 3363 2191 3425 possunt.

610 3451 741 3510 Nam
782 3453 1127 3524 apostolicum
1159 3450 1285 3506 illud
1313 3450 1510 3504 dictum
1552 3449 1817 3502 inversum
1848 3455 1929 3502 est
1960 3464 1972 3501 :
2006 3445 2071 3500 Et
2097 3448 2197 3499 sive

611 3546 800 3617 patitur
824 3562 980 3599 unum
1012 3543 1314 3608 membrum,
1347 3541 1719 3610 compatiuntur
1745 3539 1913 3592 omnia
1945 3537 2196 3600 membra;

612 3639 713 3690 sive
752 3636 1069 3706 gloriﬁcatur
1112 3650 1266 3686 unum
1313 3632 1589 3685 membrum
1613 3670 1629 3692 ,
1673 3628 1988 3699 congaudent
2029 3626 2199 3681 omnia

613 3727 832 3782 membra
859 3725 937 3793 (ί.
961 3725 1076 3778 Cor.
1110 3724 1194 3779 l2.
1221 3721 1313 3795 26)
1338 3740 1352 3775 :
1382 3722 1480 3775 nisi
1506 3721 1642 3774 forte
1669 3727 1811 3772 tanta
1836 3718 1905 3771 sit
1927 3718 2111 3785 pietas,
2139 3724 2198 3769 ut

616 3817 867 3871 adversus
888 3816 1062 3869 omnia
1091 3823 1237 3868 stare
1260 3813 1443 3881 possit.
1469 3809 1549 3864 Ad
1578 3817 1780 3863 tantum
1804 3808 1978 3876 itaque
2004 3806 2198 3860 bellum

621 3921 720 3960 nos
747 3904 981 3960 emittis?
1005 3912 1059 3959 et
1083 3903 1147 3957 ad
1177 3917 1401 3972 pugnam
1432 3909 1537 3953 tam
1563 3899 1761 3952 variam
1790 3907 2001 3966 tamque
2025 3895 2202 3949 multi-

616 3993 837 4051 formem
868 3994 1104 4048 animum
1140 4001 1375 4045 nostrum
1405 3988 1650 4043 sufﬁcere
1681 4000 1837 4056 posse
1869 3975 2058 4053 putas?
2087 3983 2200 4039 Uu-

615 4086 827 4150 denant,
846 4098 1046 4154 qumso,
1070 4090 1124 4139 et
1147 4098 1175 4135 a
1206 4096 1311 4152 quo
1340 4080 1390 4134 id
1420 4078 1638 4133 edoctus
1665 4078 1766 4132 es?
1794 4076 1923 4130 Nam
1952 4076 1995 4129 si
2025 4075 2076 4128 id
2108 4075 2199 4127 tibi

616 4176 759 4231 Deus
784 4175 1057 4238 indicavit,
1090 4172 1281 4227 exhibe
1317 4170 1623 4234 oraculum,
1653 4177 1707 4223 et
1736 4182 1936 4221 morem
1975 4181 2153 4235 geram
2184 4182 2198 4218 :

616 4269 661 4320 si
689 4281 794 4320 non
820 4274 990 4335 potes,
1017 4265 1109 4319 sed
1132 4278 1195 4319 ex
1219 4262 1446 4315 humana
1475 4259 1723 4329 opinione
1747 4258 2006 4313 calculum
2029 4256 2197 4319 ducis,

614 4359 686 4411 ab
714 4358 823 4409 isto
860 4354 1070 4408 tandem
1108 4361 1294 4407 errore
1326 4359 1377 4405 te
1417 4350 1603 4404 libera.
1631 4338 1763 4404 Nam
1790 4342 1929 4401 circa
1956 4361 2015 4400 ea
2037 4387 2053 4412 ,
2083 4360 2201 4415 qua:

616 4446 681 4499 ad
709 4461 807 4499 nos
836 4452 1095 4514 spectant,
1126 4441 1277 4496 nobis
1304 4440 1469 4510 magis
1498 4437 1820 4493 credendum
1848 4452 2005 4507 quam
2033 4437 2151 4489 aliis
2185 4453 2198 4488 :

616 4535 1041 4605 quandoquidem
1075 4532 1200 4598 Qua:
1223 4542 1338 4585 sunt
1367 4530 1582 4584 hominis
1606 4544 1750 4581 nemo
1777 4527 1910 4580 novit
1930 4560 1946 4591 ,
1977 4527 2074 4579 nisi
2101 4526 2203 4596 spi-

615 4632 743 4682 ritus
787 4626 1035 4690 hominis,
1065 4624 1149 4694 qui
1184 4624 1238 4676 in
1276 4623 1387 4693 ipso
1424 4630 1496 4674 est
1533 4620 1623 4691 (1.
1655 4617 1774 4672 Cor.
1812 4618 1867 4673 Ξ.
1898 4619 1955 4673 ll
1984 4618 2023 4685 )ι
2052 4618 2201 4683 Quod

615 4720 758 4773 enim
790 4728 842 4771 et
872 4732 967 4769 nos
1003 4714 1165 4783 ipsos,
1191 4724 1245 4767 et
1270 4727 1365 4767 eos
1392 4711 1481 4781 qui
1512 4725 1607 4763 nos
1637 4710 1924 4779 elegerant,
1956 4709 2203 4763 ridiculos
2294 4727 2301 4734 ·

618 4809 872 4864 reddituri
897 4821 1134 4862 essemus
1159 4804 1261 4859 hoc
1285 4811 1532 4871 suscepto
1558 4809 1797 4864 munere,
1823 4798 2069 4868 quodque
2093 4814 2205 4851 ma-

616 4918 722 4971 gno
750 4899 1027 4969 diSpendio
1056 4907 1236 4951 nostro
1263 4899 1314 4949 in
1343 4910 1501 4959 eum,
1532 4894 1582 4946 iu
1613 4908 1717 4961 quo
1744 4908 1882 4953 nunc
1908 4907 2200 4958 versamur,

619 4992 739 5043 vita:
775 5000 967 5042 statmu
997 4985 1260 5042 reversuri
1297 4984 1599 5047 fuissemus,
1631 4983 1673 5037 si
1706 4998 1810 5036 non
1838 4982 2083 5042 antehac,
2118 4982 2204 5035 bis

619 5084 806 5136 saltem
836 5080 1010 5133 verbis
1034 5078 1123 5133 tibi
1155 5092 1479 5147 persuasnsse
1507 5066 1655 5144 puto.
1694 5074 1806 5128 Non
1835 5073 1976 5128 enim
2010 5072 2203 5127 invidia

619 5170 790 5228 stilum
810 5215 822 5235 ,
853 5172 945 5226 sed
978 5188 1092 5241 qua:
1120 5172 1284 5224 multo
1312 5168 1508 5241 invidia
1540 5166 1904 5222 vehementior
1931 5175 2015 5219 est
2048 5165 2203 5233 hujus

620 5265 944 5335 principatus
977 5261 1200 5330 copido,
1229 5261 1423 5314 multos
1463 5260 1600 5312 solet
1628 5268 1812 5311 contra
1850 5258 2017 5325 ipsum
2047 5271 2207 5309 oceu-

620 5368 830 5426 pantem
862 5370 1090 5409 armare.
1137 5356 1213 5408 Ac
1250 5352 1692 5421 quemadmodum
1726 5350 1853 5414 lilii,
1885 5350 1971 5417 qui
2013 5348 2205 5417 princi-

621 5459 798 5515 patum
825 5448 1069 5501 aliectant
1092 5447 1130 5508 ',
1160 5447 1368 5513 iungam
1399 5453 1603 5513 patrum
1630 5442 1953 5496 senectutem
1986 5443 2204 5494 moleste

621 5542 797 5594 ierunt
820 5557 833 5593 :
862 5537 936 5592 sic
960 5546 1011 5592 et
1033 5537 1245 5608 quidam
1272 5552 1477 5596 eorum,
1502 5550 1621 5589 cum
1650 5533 1827 5591 vident
1852 5532 2203 5587 sacerdotium

620 5632 671 5684 in
716 5632 1019 5682 diuturnum
1068 5627 1283 5695 produci
1327 5636 1573 5693 tempus,
1606 5624 1854 5694 quoniam
1900 5622 2205 5677 interﬁcere

684 5756 698 5790 ¹
746 5756 886 5807 savii.
924 5766 973 5807 et
1009 5756 1199 5819 plunmi
1232 5764 1341 5805 Mss.
1382 5756 1579 5814 habent;
1603 5754 1683 5816 qui
1708 5751 1898 5804 duilius
1919 5758 2164 5815 appetunt.

1291 359 1330 411 :5
1390 354 1664 411 JOANNIS
1701 346 2169 410 CIIRYSOSTOMI
2213 351 2529 407 ARClllEP.
2570 346 3105 407 CONSTANTINOP.

3753 342 3857 396 ϐέᾶ

2277 454 2422 520 nefas
2442 506 2457 530 ,
2490 466 2660 535 ipsum
2690 466 2720 518 il
2748 452 3002 532 dignitate
3041 449 3325 515 denu-bare
3368 466 3607 527 satagunt
3629 500 3643 521 ,
3675 468 3861 509 (num-8

2279 550 2417 612 illius
2436 558 2680 611 constitui
2711 540 2825 609 loro
2849 552 3144 623 cupientes,
3176 568 3238 607 ac
3265 552 3456 621 singuli
3484 537 3549 604 ad
3580 567 3637 603 se
3669 544 3859 602 dcte-iri

2281 647 2629 720 priuripalum
2657 648 3046 716 eispec‘lantes.

2352 742 2441 794 15.
2482 742 2596 793 Alia
2629 740 2728 793 litis
2766 739 2983 808 species,
3018 738 3168 809 p'le'ua
3211 737 3563 801 p‘en'cnlorum.
3595 764 3664 774 ——
3698 733 3861 785 \‘iste

2282 832 2372 884 tibi
2401 832 2556 883 aliam
2587 831 2742 897 hujus
2771 845 2957 898 pugna:
2987 829 3215 896 speciem
3244 826 3543 890 ostendam,
3573 823 3867 876 immmeris

2280 930 2488 998 plenam
2522 928 2803 997 periculis?
2836 926 2911 979 lto
2930 926 3039 994 jam
3064 964 3080 989 ,
3109 938 3173 977 ac
3200 923 3402 991 publica
3445 920 3573 973 fesm
3605 929 3865 986 spectato,

2282 1009 2367 1074 ubi
2392 1020 2620 1073 maxime
2645 1018 2709 1071 ad
2733 1018 3013 1087 dignitates
3036 1014 3421 1070 ecclesiasticas
3442 1009 3729 1063 electiones
3754 995 3869 1058 ﬁeri

2284 1125 2398 1163 mos
2426 1118 2508 1163 est
2541 1127 2553 1161 :
2587 1125 2647 1161 ac
2688 1088 2791 1161 tam
2824 1105 3003 1161 multis
3043 1104 3373 1159 sacerdotem
3412 1098 3869 1155 criminaticmibus

2284 1200 2472 1268 impoti
2492 1199 2729 1262 Videbis,
2760 1207 2953 1269 quanta
2998 1206 3074 1249 est
3108 1194 3436 1248 subditorum
3468 1190 3639 1243 turba.
3668 1187 3869 1241 Ouinea

2282 1290 2422 1343 enim
2440 1294 2604 1359 penes
2622 1304 2754 1357 quos
2774 1299 2855 1341 est
2880 1287 3021 1339 hunc
3044 1286 3295 1337 honorem
3318 1282 3583 1342 coolerre,
3607 1280 3655 1330 in
3676 1271 3874 1329 multas

2286 1389 2409 1432 tunc
2439 1378 2751 1445 scinduntur
2784 1388 2978 1444 partes,
3008 1389 3069 1427 ac
3099 1388 3270 1441 neque
3308 1384 3513 1432 mutuo,
3550 1382 3717 1436 neque
3747 1380 3871 1418 eum

2285 1479 2350 1522 eo
2378 1470 2465 1536 qui
2506 1469 2864 1537 episcopulum
2894 1462 3113 1519 sonitus
3153 1474 3268 1525 e51,
3296 1462 3726 1530 presbyterm-um
3758 1472 3870 1509 cte-

2289 1564 2396 1611 tum
2426 1559 2728 1611 consentire
2758 1542 2938 1609 videas
2966 1572 2979 1607 :
3010 1552 3102 1608 sed
3130 1551 3491 1620 unusquiSque
3520 1564 3547 1599 a
3575 1548 3684 1599 suis
3711 1546 3872 1613 parti-

2288 1651 2385 1704 bus
2414 1660 2548 1714 stat,
2586 1652 2720 1703 alius
2759 1652 2933 1714 hunc,
2977 1629 3303 1702 alius‘illum
3347 1646 3570 1713 eligens.
3607 1640 3768 1708 Cujus
3799 1640 3874 1692 rel

2286 1755 2443 1791 causa
2468 1740 2579 1793 iure
2600 1750 2703 1802 est,
2726 1739 2865 1807 quod
2894 1755 2995 1791 non
3030 1738 3168 1790 idem
3197 1748 3381 1787 omnes
3403 1734 3707 1800 respiciant,
3732 1730 3873 1798 quod

2288 1832 2554 1902 respicere
2585 1832 2868 1893 debebant,
2902 1846 3090 1899 nempe
3120 1827 3281 1881 animi
3314 1827 3599 1885 virttltem‘;
3631 1825 3722 1875 sed
3755 1819 3875 1873 alize

2289 1935 2411 1978 sunt
2442 1924 2593 1992 hujus
2620 1923 2935 1976 conciliandi
2966 1920 3182 1973 honoris
3207 1932 3380 1972 causa:
3414 1933 3426 1968 :
3461 1916 3709 1970 nimirtlm
3742 1910 3877 1964 alius

2289 2014 2451 2077 dicit,
2480 2013 2575 2068 Hic
2601 2013 2855 2081 eligatur,
2884 2012 3005 2080 quia
3052 2012 3199 2064 claro
3239 2024 3434 2078 genere
3476 2014 3626 2059 ortus
3655 2022 3667 2057 :
3697 2004 3834 2057 alius
3856 2033 3877 2068 ι

2290 2103 2428 2172 quod
2452 2104 2642 2172 Opibus
2661 2102 2914 2167 abundet,
2948 2116 3044 2154 nec
3073 2108 3225 2166 egeat
3253 2097 3515 2151 alimentis
3536 2112 3599 2148 ex
3628 2094 3879 2147 Ecclesia

2292 2194 2548 2261 proventu
2578 2182 2850 2263 quaesitis:
2878 2193 3034 2253 alius,
3063 2190 3205 2265 quod
3237 2190 3303 2241 ab
3332 2187 3653 2241 adversariis
3681 2185 3744 2237 ad
3777 2199 3877 2238 nos

2294 2284 2630 2353 trauslugerit
2660 2299 2674 2336 :
2708 2284 2796 2337 ille
2825 2270 3154 2341 familiarem,
3192 2280 3276 2332 hic
3304 2278 3401 2331 sibi
3439 2289 3634 2347 genere
3664 2275 3880 2347 prepina

2291 2377 2477 2443 qulim,
2496 2375 2631 2426 alius
2651 2371 2952 2425 adulantem
2981 2362 3078 2425 sibi
3107 2360 3223 2423 aliis
3248 2369 3356 2421 vult
3377 2365 3657 2434 anteponi;
3686 2364 3876 2416 incum

2293 2481 2420 2520 vero
2446 2506 2459 2527 ,
2497 2465 2585 2533 qui
2624 2464 2693 2516 sit
2736 2450 2959 2517 idoneus
2980 2504 2995 2525 ,
3031 2472 3187 2514 nemo
3218 2461 3326 2513 vblt
3370 2444 3637 2525 respicere
3662 2496 3677 2519 ,
3710 2464 3882 2519 neque

2292 2555 2455 2608 animi
2485 2554 2636 2607 dotes
2666 2553 2967 2620 ettplorare.
3004 2553 3072 2603 At
3101 2565 3200 2619 ego
3224 2592 3238 2615 ,
3274 2557 3476 2602 tantum
3506 2545 3658 2599 abest
3681 2585 3695 2607 ,
3730 2553 3784 2595 ut
3815 2541 3881 2594 ad

2292 2636 2624 2699 sacerdotum
2658 2644 3017 2712 pl‘obmionem
3045 2647 3232 2695 causas
3273 2637 3571 2707 hujusmodi
3601 2641 3884 2689 consentaa

2295 2748 2423 2791 neas
2451 2751 2571 2790 esse
2611 2747 2789 2804 putem
2814 2776 2829 2795 ,
2874 2746 2928 2787 ut
2966 2733 3172 2788 etiamsi
3214 2732 3330 2800 quis
3372 2730 3593 2783 multum
3635 2728 3883 2796 pietatem

2295 2825 2566 2889 exhibeat,
2590 2841 2707 2892 qua:
2738 2835 2911 2876 tamen
2937 2839 3038 2876 non
3070 2836 3251 2889 parum
3282 2820 3434 2873 nobis
3458 2818 3524 2871 ad
3552 2816 3687 2869 hanc
3714 2814 3885 2883 digni-

2299 2916 2457 2969 tatem
2481 2909 2687 2968 Confert
2705 2952 2720 2978 ,
2746 2914 2992 2966 nouideo
3014 2896 3191 2965 statim
3213 2916 3331 2963 eum
3355 2910 3550 2977 eligere
3571 2907 3759 2965 ausim,
3785 2904 3884 2957 nisi

2299 3020 2418 3058 eum
2442 3006 2639 3074 pietate
2671 3015 2855 3072 magna
2880 3004 2946 3056 sit
2969 3001 3247 3084 prudentia
3281 2993 3553 3068 pra‘ditus.
3584 2998 3712 3050 Novi
3736 2997 3887 3064 quip-

2299 3109 2365 3163 pe
2392 3090 2584 3147 multos
2610 3134 2626 3159 ,
2661 3095 2749 3162 qui
2784 3099 3036 3162 perpetuo
3066 3098 3185 3145 sese
3223 3088 3543 3144 eoerccbant
3582 3102 3646 3142 ac
3672 3087 3887 3155 jejuniis

2300 3186 2674 3249 macerabant,
2707 3187 2901 3254 quique
2941 3184 3067 3237 dum
3112 3184 3209 3237 soli
3248 3163 3440 3251 degere
3470 3192 3522 3234 et
3562 3189 3653 3234 sna
3686 3189 3886 3231 tantum

2300 3281 2487 3330 curare
2512 3285 2776 3346 poterant,
2808 3276 2914 3329 Deo
2940 3275 3139 3342 accepti
3170 3282 3343 3337 erant,
3368 3287 3430 3325 ac
3457 3272 3679 3340 singulis
3703 3269 3889 3322 diebus

2300 3366 2649 3435 philosi-phizn
2686 3382 2796 3418 su:c
2827 3364 3209 3440 incrementum
3257 3379 3360 3415 non
3405 3362 3681 3415 minimum
3720 3360 3885 3412 adde-

2301 3452 2455 3511 bant:
2475 3458 2626 3511 atuhi
2646 3458 2696 3509 in
2713 3448 2917 3509 turbam
2937 3456 3200 3526 pi‘odiére,
3227 3451 3383 3524 atque
3399 3442 3538 3522 vuig'i
3570 3451 3883 3520 imperitiam

2300 3548 2588 3605 emendare
2615 3538 2789 3601 eoaeti
2816 3558 2935 3601 sunt
2958 3587 2972 3609 ,
3007 3547 3093 3599 alii
3122 3562 3188 3599 ne
3217 3544 3480 3613 principio
3507 3543 3715 3612 quidem
3748 3552 3892 3594 tanto

2303 3643 2516 3712 negotio
2546 3648 2700 3709 pares
2729 3641 2906 3703 luere;
2938 3636 3024 3690 alii
3054 3638 3102 3689 vi
3134 3636 3327 3698 coacti,
3360 3647 3411 3688 ut
3442 3635 3492 3686 in
3526 3648 3742 3686 immere
3773 3648 3893 3699 per-

2303 3736 2607 3788 severarent
2633 3773 2647 3793 ,
2682 3731 2842 3785 missa
2875 3721 3094 3798 pristina
3134 3716 3403 3796 diligentia
3435 3724 3488 3779 et
3517 3730 3758 3790 magnum
3791 3724 3889 3790 ipsi

2299 3823 2561 3891 jacturam
2586 3822 2842 3883 fecerunt,
2868 3829 2920 3872 et
2941 3819 3057 3889 aliis
3083 3818 3211 3870 nihil
3237 3815 3567 3885 profuerunt.
3592 3814 3694 3867 Sed
3720 3822 3891 3879 neque

2304 3907 2348 3966 si
2378 3914 2496 3983 quis
2524 3916 2690 3969 tntum
2718 3912 2837 3964 vita:
2870 3920 3079 3976 tempus
3108 3910 3158 3961 in
3188 3903 3374 3960 ultimo
3402 3900 3675 3960 ministerii
3706 3904 3893 3957 ordine

2308 4006 2619 4076 ttansegel'it
2644 4046 2658 4069 ,
2686 4005 2752 4057 ad
2784 4006 3184 4069 extremamqtte
3210 3998 3510 4069 pert'euerit
3540 4002 3889 4059 senectutem,

2307 4100 2446 4154 huue
2487 4099 2664 4152 statim
2695 4104 2913 4167 preptcr
2940 4094 3112 4148 atatis
3152 4091 3503 4147 reverentiam
3533 4088 3597 4140 ad
3627 4100 3891 4141 smnmum

2309 4189 2656 4260 principatum
2702 4188 3013 4241 cilehcmus.
3054 4178 3165 4238 Cur
3201 4173 3342 4237 enim
3368 4224 3383 4245 ,
3413 4181 3491 4245 si,
3522 4180 3741 4233 decursa
3782 4178 3891 4245 jam

2307 4290 2484 4345 a-tate,
2517 4279 2692 4331 minus
2721 4283 2894 4331 tamen
2922 4275 3145 4329 idoneus
3174 4267 3419 4327 maneat?
3463 4266 3573 4323 Non
3599 4286 3705 4338 quo
3736 4270 3891 4321 velim

2306 4372 2552 4426 canitiem
2584 4369 2937 4423 dehonestare
2960 4397 2977 4431 ι
3008 4374 3109 4420 nec
3135 4366 3303 4433 legem
3332 4362 3685 4425 consuluere,
3719 4369 3774 4411 ut
3802 4359 3891 4428 qui

2307 4478 2371 4516 ex
2410 4462 2577 4514 choro
2616 4458 2997 4512 monachorum
3043 4455 3260 4509 veniunt
3284 4496 3299 4520 ,
3330 4454 3395 4507 ab
3444 4455 3541 4506 hac
3584 4451 3892 4520 prtel‘eaul‘a

2309 4554 2525 4607 omnino
2554 4560 2872 4605 arceantur:
2897 4549 3117 4618 contigit
3146 4548 3286 4601 enim
3316 4546 3508 4600 multos
3532 4554 3595 4599 ex
3623 4539 3711 4598 illo
3733 4554 3893 4613 grege

2308 4646 2576 4717 profectos
2603 4646 2655 4698 in
2688 4645 2788 4698 hac
2812 4643 3067 4713 dignitate
3092 4641 3344 4695 claruisse
3374 4654 3389 4690 :
3422 4638 3515 4693 sed
3546 4634 3644 4692 hoc
3670 4639 3893 4705 probare

2308 4725 2592 4803 contendo,
2622 4736 2664 4790 si
2695 4751 2866 4804 neque
2896 4734 3065 4804 pietas
3094 4732 3206 4785 sola
3230 4772 3242 4789 .
3277 4731 3445 4797 neque
3471 4722 3701 4796 lo‘tlgzeva
3734 4735 3892 4780 seue-

2308 4837 2423 4885 ‘ctus
2448 4829 2576 4881 satis
2601 4836 2744 4891 sunt,
2774 4835 2832 4880 ut
2855 4824 2975 4893 quis
3001 4820 3299 4875 sacerdotio
3326 4820 3483 4888 digne
3514 4808 3773 4885 iungatur,
3805 4816 3893 4869 vix

2308 4927 2437 4975 sane
2473 4925 2663 4973 eatisas
2708 4931 2867 4985 supra
2914 4922 3237 4967 memoratas
3280 4910 3380 4963 hoc
3422 4909 3593 4976 ipsum
3639 4912 3895 4974 piaestare

2311 5021 2486 5081 posse.
2518 5009 2616 5062 Alli
2648 5017 2775 5061 vero
2800 5006 2930 5059 alias
2968 5003 3169 5057 addunt
3205 5002 3362 5056 etiam
3403 4997 3741 5052 absurdiores
3782 5013 3795 5048 :
3840 4995 3891 5049 hi

2312 5105 2583 5167 nimirum,
2612 5112 2679 5156 ne
2699 5118 2757 5155 se
2784 5100 2835 5154 in
2865 5097 3291 5153 adversariorum
3325 5104 3503 5164 partes
3535 5092 3848 5146 transferant
3877 5131 3891 5154 ,

2311 5196 2364 5249 in
2385 5195 2511 5248 Cleri
2544 5191 2785 5247 onlinem
2827 5188 3173 5259 adleguntur;
3203 5186 3274 5240 illi
3297 5228 3312 5251 ,
3337 5193 3552 5254 propter
3575 5183 3887 5252 nequitiam,

2311 5304 2375 5341 ne
2395 5286 2681 5354 contempti
2702 5299 2887 5351 magna
2922 5280 3151 5336 inferant
3174 5280 3330 5331 mala.
3362 5279 3441 5330 An
3471 5275 3639 5346 possit
3666 5274 3896 5341 iniquius

2309 5379 2576 5449 quidpiam
2604 5376 2914 5443 ex'cogitari,
2937 5368 3077 5442 quod
3105 5372 3350 5445 hemines
3377 5368 3621 5434 improbi,
3647 5367 3895 5418 innume-

2310 5472 2382 5523 ris
2414 5468 2601 5536 repleti
2633 5466 2806 5531 malis,
2834 5459 2959 5518 inde
2994 5464 3254 5525 colantur,
3297 5460 3433 5513 unde
3462 5457 3721 5525 supplicio
3750 5456 3894 5524 digni

2309 5568 2494 5622 erant,
2528 5566 2582 5611 et
2622 5572 2721 5625 qua
2757 5555 2825 5609 de
2872 5560 3032 5607 caiisa
3080 5569 3145 5606 nc
3190 5553 3347 5605 limen
3389 5548 3600 5618 quidem
3645 5546 3895 5599 Ecclesiae

2313 5646 2649 5719 prauergrcdi
2679 5647 2866 5699 licebat
2910 5645 3013 5697 illis
3034 5686 3047 5703 .
3088 5643 3273 5696 eadem
3304 5641 3378 5694 illi
3409 5641 3473 5692 ad
3510 5636 3893 5692 sacerdotalem

2311 5740 2602 5798 ascendant
2627 5738 2982 5809 dignitatan
3011 5736 3273 5799 Etiamne,
3302 5731 3387 5786 dic
3415 5730 3564 5799 mihi,
3596 5732 3898 5800 querentes
