4158 6316
123 409 214 465 653
1316 396 1399 454 DE
1436 386 1887 455 SACERDOTIO.
1929 396 2057 452 LIB.
2099 397 2186 454 Ill.

124 528 300 581 duino
328 525 383 581 in
406 538 506 580 nos
526 484 637 579 ira:
646 536 862 578 causam
883 561 898 587 ,
919 520 1046 575 dum
1071 533 1158 574 res
1186 526 1294 573 tam
1319 529 1500 571 sacras
1521 557 1535 579 ,
1565 513 1700 568 adeo

128 618 414 674 tremendas
445 617 749 673 hominibus
774 623 887 670 tum
913 612 1174 682 improbis
1193 646 1208 677 ,
1233 620 1343 665 tum
1373 607 1603 677 indignis
1626 606 1725 665 la-.

127 702 454 766 lmlactandas
490 708 785 781 tradimus?
812 704 1038 773 Quando
1076 703 1218 759 enim
1250 702 1342 757 alii
1378 715 1557 755 rerum
1602 697 1704 752 sibi

130 803 330 855 minime
366 800 794 855 convenientium
820 838 836 863 ,
865 798 953 865 alii
999 796 1167 850 multo
1210 794 1471 862 majorum
1495 828 1511 855 ,
1543 804 1703 861 quam

124 893 249 945 vires
279 892 469 955 ferant,
497 891 864 960 prmfectnram
896 889 1184 956 accipiunt,
1214 887 1247 941 ii
1269 895 1419 941 certe
1442 883 1701 951 efficiunt,

128 992 174 1033 ut
202 982 434 1036 Ecclesia
465 982 591 1035 nihil
618 982 687 1035 ab
716 982 914 1051 Euripo
938 979 1170 1045 differat.

192 1076 440 1144 Equidem
472 1074 616 1143 prius
645 1083 858 1128 exteros
886 1072 1151 1142 principes
1178 1069 1488 1125 deridebam
1514 1110 1527 1131 ,
1556 1066 1701 1137 quod

129 1165 171 1217 in
210 1164 467 1219 bonorum
495 1165 895 1233 dispensatione
938 1177 1043 1216 n0n
1088 1161 1250 1215 animi
1290 1161 1578 1220 virtutem,
1609 1158 1704 1211 sed

128 1256 365 1325 pecunias
389 1265 444 1331 et
470 1270 731 1309 annorum
762 1268 1040 1308 numerum
1067 1262 1121 1306 et
1150 1252 1439 1306 humanum
1470 1250 1704 1319 patroci-

132 1348 262 1400 nium
285 1355 614 1415 spectarent;
645 1346 731 1400 ubi
760 1354 938 1399 autem
966 1344 1141 1397 audivi
1159 1344 1303 1397 hanc
1321 1343 1703 1396 absurditatem

130 1439 174 1490 in
203 1448 404 1492 nostras
433 1440 595 1492 etiam
643 1453 728 1492 res
766 1437 1085 1507 debacchari
1111 1479 1127 1503 ,
1170 1437 1373 1490 facinus
1404 1436 1705 1504 Imjnsmodi

130 1545 222 1581 non
245 1530 463 1597 perinde
485 1546 651 1600 grave
673 1531 842 1583 visum
864 1538 965 1585 est.
995 1529 1131 1597 Quid
1153 1529 1293 1584 enim
1322 1530 1511 1582 mirum
1535 1528 1579 1582 si
1602 1544 1706 1580 sre—

130 1622 322 1675 rulares
343 1622 606 1687 homines,
633 1611 942 1692 popularem
964 1636 1149 1675 auram
1169 1624 1444 1686 venantes,
1470 1621 1707 1689 pecuniae

129 1726 273 1765 causa
299 1712 423 1765 nihil
457 1725 563 1766 non
590 1723 842 1782 agentes,
882 1712 934 1765 in
965 1712 1265 1781 bnjusmodi
1298 1711 1421 1764 vitia
1457 1726 1705 1779 prorum-

130 1812 259 1869 punt,
281 1803 492 1872 quando
518 1804 574 1867 ii,
604 1805 692 1873 qui
721 1818 779 1857 se
807 1804 875 1858 ab
904 1804 967 1857 iis
991 1805 1241 1857 omnibus
1269 1803 1469 1857 liberos
1488 1817 1610 1857 esse
1632 1803 1707 1857 si-

130 1892 354 1958 mulant,
386 1892 552 1947 nihilo
592 1889 781 1948 melius
809 1908 967 1964 quam
1016 1893 1091 1947 illi
1120 1902 1245 1947 sunt
1268 1892 1465 1956 allecti,
1494 1893 1589 1947 sed
1619 1894 1706 1948 ubi

132 1981 191 2035 de
211 1984 508 2038 celestibus
528 1995 799 2063 certamen
829 1993 932 2051 est,
959 1985 1182 2054 pel'tnde
1212 1996 1371 2053 atque
1394 1987 1437 2038 si
1461 1986 1527 2039 de
1550 1994 1707 2039 terra:

129 2070 383 2141 jugeribus
418 2084 511 2127 aut
548 2075 653 2128 alio
677 2076 924 2144 quopiam
954 2076 1111 2129 simili
1143 2075 1550 2139 deliberaretur,
1580 2092 1704 2144 gre-

138 2158 306 2221 garios
358 2156 604 2208 homines
658 2158 863 2210 talibus
912 2158 1213 2225 praeﬁciunt
1251 2160 1416 2215 rebus
1462 2177 1693 2231 quarum

135 2260 285 2299 causa
316 2250 627 2315 unigenitus
651 2249 738 2301 Dei
760 2248 929 2301 Filius
960 2248 1187 2316 gloriam
1220 2266 1485 2306 evacuare
1515 2269 1693 2320 suam,

136 2333 283 2388 homo
303 2338 435 2401 fieri,
450 2339 591 2391 servi
614 2337 842 2391 formam
860 2341 1107 2407 accipere
1131 2341 1387 2412 (Philipp.
1410 2345 1546 2414 2.7),
1565 2362 1699 2401 con-

134 2429 263 2494 Spui,
288 2430 527 2497 colaphis
551 2430 681 2483 caedi
710 2428 927 2500 (Matth.
952 2431 1041 2485 ‘26.
1063 2432 1176 2502 67),
1193 2444 1418 2488 mortem
1443 2431 1696 2506 turpissi-

133 2533 257 2569 mam
273 2520 542 2572 obirenon
559 2536 780 2575 recusat
793 2523 855 2575 it?
869 2522 1051 2591 Neque
1064 2524 1149 2577 hic
1164 2533 1345 2578 tamen
1362 2528 1690 2594 consistunt,

131 2610 213 2662 sed
226 2612 329 2663 alia
354 2613 559 2665 addunt
578 2614 929 2667 absurdiora:
953 2630 1059 2668 non
1078 2617 1223 2669 enim
1243 2618 1495 2687 indignos
1515 2622 1691 2673 solum

130 2699 379 2767 deligunt,
399 2702 491 2754 sed
507 2703 668 2755 etiam
689 2702 913 2759 idoneos
929 2704 1212 2773 dejiciunt.
1227 2705 1361 2761 Nam
1380 2694 1535 2777 quasi
1555 2724 1693 2779 opus

131 2795 258 2838 ess‘t
297 2787 546 2843 Ecclesia:
585 2793 926 2847 securitatem
957 2794 1225 2866 utrimque
1266 2798 1609 2863 labefactari,
1641 2816 1704 2855 ac

131 2891 272 2928 causa
304 2878 388 2931 illa
418 2882 559 2947 prior
586 2898 692 2935 non
722 2883 993 2939 sufliceret
1021 2886 1087 2940 ad
1115 2888 1246 2941 iram
1278 2888 1370 2941 Dei
1398 2891 1702 2945 accenden-

131 2963 258 3025 dum,
280 2968 346 3019 ita
364 2969 581 3022 alteram
595 2970 848 3027 addidere
867 2990 970 3027 non
985 2976 1159 3030 minus
1176 2978 1551 3044 perniciosam.
1571 2980 1701 3035 Ete-

132 3056 227 3106 nim
247 3058 459 3123 perinde
485 3061 839 3127 perniciosum
858 3078 975 3118 esse
991 3074 1119 3134 puto
1137 3066 1293 3123 utiles
1314 3084 1519 3134 arcere,
1543 3080 1704 3141 atque

131 3146 330 3201 inutiles
358 3149 715 3207 introducere.
752 3154 804 3208 Id
830 3166 1009 3211 autem
1050 3158 1171 3214 ideo
1198 3162 1391 3229 agitur,
1424 3171 1480 3216 ut
1505 3162 1700 3218 Christi

130 3240 251 3291 ovile
284 3242 423 3293 nulla
467 3258 531 3297 ex
572 3251 732 3312 parte
770 3248 1190 3305 consolationem
1234 3252 1473 3307 invenire
1500 3263 1592 3309 aut
1618 3271 1704 3311 re-

128 3330 318 3397 spirare
344 3334 531 3389 valeat.
559 3336 683 3391 [hec
712 3353 889 3395 nonne
916 3342 1150 3396 millibus
1173 3344 1328 3414 digna
1360 3346 1704 3404 fulminibus?

132 3420 231 3473 inec
252 3439 422 3479 nonne
454 3425 835 3485 vehementiori
862 3432 1021 3487 etiam
1055 3434 1296 3503 gehenm
1318 3477 1334 3502 ,
1358 3454 1514 3507 quam
1536 3454 1704 3496 sacra:

132 3511 281 3567 litera:
306 3520 730 3576 comminemur?
770 3528 1016 3579 Attamen
1049 3528 1164 3583 ha‘c
1191 3530 1327 3583 mala
1359 3532 1584 3589 sustinet
1614 3550 1705 3603 pa-

132 3603 346 3675 titurque
373 3611 459 3678 qui
487 3627 591 3666 non
619 3615 726 3668 vult
757 3628 981 3671 mortem
1021 3622 1316 3686 peccatoris
1335 3664 1347 3686 ,
1376 3624 1468 3678 sed
1498 3636 1552 3679 ut
1579 3642 1707 3680 con-

132 3706 350 3752 vertatur
368 3710 420 3756 et
439 3702 581 3757 vivat
608 3704 834 3776 (Ezech.
866 3708 957 3763 i8.
983 3710 1076 3765 25.
1107 3721 1153 3764 ει
1176 3712 1266 3767 53.
1293 3715 1351 3767 Η
1376 3715 1416 3785 ).
1444 3714 1576 3783 Quis
1597 3734 1703 3773 non

133 3787 235 3854 t-jus
262 3792 593 3847 clementiam
623 3796 955 3853 admiretur?
981 3801 1101 3870 quis
1125 3817 1229 3856 non
1256 3803 1374 3873 ejus
1398 3807 1701 3861 misericor-

133 3878 259 3935 diam
296 3890 534 3952 stupcat?
578 3887 681 3957 Ipsi
710 3887 997 3945 Christiani
1027 3906 1090 3945 ea
1114 3930 1129 3958 ,
1160 3907 1279 3962 quae
1306 3894 1503 3949 Christi
1542 3909 1703 3965 sunt,

134 3969 237 4037 plus
260 3989 412 4040 quam
441 3975 622 4033 hostes
648 3991 702 4033 et
738 3981 935 4035 inimici
967 3984 1313 4051 pessutndanl
1340 4002 1354 4038 :
1383 3996 1438 4041 at
1466 3988 1557 4044 ille
1602 3990 1703 4043 bo-

134 4072 221 4114 nus
248 4064 415 4119 adhuc
446 4065 825 4137 benignitatem
875 4072 1089 4139 praefert
1112 4114 1127 4137 ,
1160 4084 1213 4128 et
1240 4075 1305 4129 ad
1338 4080 1703 4146 ptettitontiam

136 4156 290 4212 vocat,
322 4148 501 4206 Gloria
528 4153 641 4214 tibi.
680 4156 900 4212 Domine
920 4199 934 4224 ,
962 4158 1129 4228 gloria
1168 4161 1262 4215 tibi
1296 4179 1310 4214 :
1341 4173 1537 4234 quanta
1564 4165 1704 4235 apud

138 4243 182 4290 te
205 4237 493 4297 clementia:
521 4245 777 4317 abyssusl
808 4256 1036 4317 quantus
1064 4252 1357 4308 tolerantia:
1384 4254 1700 4314 thesaurus!

136 4328 224 4397 Qui
253 4348 344 4402 per
371 4352 560 4392 nomen
594 4325 747 4392 tuum.
769 4355 836 4395 ex
868 4342 1188 4411 ignobilibus
1227 4357 1279 4401 et
1307 4348 1551 4405 obscuris
1572 4352 1705 4406 clari

135 4431 183 4474 et
219 4427 485 4496 conspicui
525 4430 790 4505 evadunt,
825 4432 1027 4488 honore
1067 4435 1161 4489 illo
1204 4448 1390 4493 contra
1432 4438 1704 4495 honoran-

136 4518 229 4565 tetn
251 4529 308 4568 se
336 4528 549 4572 utuntur
566 4560 583 4584 ,
606 4529 659 4573 et
686 4536 792 4575 non
830 4522 1091 4578 audenda
1110 4526 1307 4581 audent
1330 4567 1345 4593 ,
1377 4537 1561 4585 sancta
1576 4544 1706 4586 con-

139 4608 350 4663 tumeliis
369 4612 622 4677 afficiunt,
652 4614 848 4683 probos
872 4617 1131 4686 repellunt
1153 4626 1209 4672 et
1231 4611 1471 4688 ejiciunt,
1491 4633 1548 4676 ut
1563 4625 1707 4692 quie-

140 4704 185 4752 te
209 4706 261 4753 (ἰ
282 4717 399 4757 cum
419 4718 627 4759 summa
644 4707 863 4769 licentia
893 4710 1204 4778 nequissimi
1233 4714 1408 4767 omnia
1443 4730 1539 4785 pro
1556 4717 1705 4772 Iibito

140 4793 427 4851 subvertere
442 4797 666 4865 possint.
689 4799 853 4869 Cujus
870 4802 995 4856 ntali
1016 4817 1204 4858 causas
1224 4805 1268 4859 si
1291 4805 1531 4863 ediscere
1550 4810 1699 4875 velis,

142 4876 243 4935 illas
268 4887 528 4952 prioribus
552 4889 753 4943 similes
783 4894 1019 4961 reperies
1043 4907 1056 4947 :
1079 4895 1313 4950 radicem
1339 4898 1480 4952 enim
1506 4940 1520 4963 ,
1553 4900 1667 4953 sive
1686 4941 1702 4966 ,

140 4980 191 5023 ut
212 4973 274 5026 ita
293 4975 487 5041 dicam,
517 4988 742 5034 matrem
772 4995 932 5037 unam
962 4984 1180 5050 habent,
1210 4987 1480 5043 invidiam.
1510 4990 1705 5046 Earum

140 5074 296 5118 Ittlt'm
336 5083 439 5122 non
470 5084 573 5123 una
606 5080 809 5125 tantum
837 5073 1043 5142 species
1065 5085 1149 5129 est
1168 5118 1182 5140 ,
1206 5078 1299 5131 sed
1328 5079 1576 5134 diverszu.
1611 5082 1706 5137 Ili.

142 5155 286 5221 enim,
310 5158 477 5223 aiunt,
502 5162 623 5227 quia
640 5161 853 5230 juvrnis
873 5172 977 5229 est,
1001 5166 1272 5232 ejiciatur;
1306 5169 1413 5232 illc,
1440 5172 1562 5238 quia
1583 5172 1706 5225 adu-

145 5241 224 5296 L'tri
255 5250 446 5313 nescit;
480 5251 617 5304 alius
636 5293 651 5316 ,
694 5253 813 5322 quia
843 5254 894 5307 in
923 5255 1218 5325 cuiuspiam
1246 5247 1592 5316 oﬂ'ensionem
1620 5264 1704 5317 ⁵η-

142 5340 312 5403 mrrit;
338 5343 496 5406 alius,
520 5357 587 5397 ne
613 5344 701 5397 ille
720 5345 979 5415 quispiam
1002 5347 1200 5414 doleat,
1229 5351 1273 5403 si
1296 5366 1384 5416 eo,
1412 5367 1569 5423 quem
1595 5355 1707 5421 ipse

144 5428 402 5499 obtulerat,
430 5434 604 5503 ejecto
631 5435 771 5491 hunc
791 5439 1017 5492 electum
1047 5440 1251 5506 videat;
1282 5442 1391 5504 ille,
1415 5445 1534 5512 quia
1559 5447 1704 5500 mitis

145 5531 183 5569 et
212 5522 395 5589 probus
422 5533 539 5589 est;
568 5526 675 5591 ille,
698 5530 819 5597 quia
842 5531 1184 5597 peccantibus
1215 5532 1496 5597 terribilis;
1527 5536 1613 5589 ille
1636 5539 1706 5590 ob

144 5610 278 5665 aliam
298 5615 524 5671 similem
554 5633 767 5673 causam
799 5638 812 5672 :
842 5600 1030 5689 neque?
1043 5622 1185 5675 enim
1211 5623 1402 5676 desunt
1428 5625 1696 5688 obtentus,

148 5714 258 5767 ‘luns
284 5720 376 5774 pro
406 5706 559 5762 Iibito
600 5708 856 5775 offerant;
907 5713 1013 5765 imo
1050 5722 1104 5766 et
1140 5712 1450 5766 facultatum
1489 5716 1698 5782 copiam

148 5797 328 5853 C'fitllIIII
371 5800 534 5868 dant,
581 5802 624 5856 si
669 5803 797 5893 nilnil
846 5804 986 5861 aliud
1033 5805 1407 5875 proferendum
1453 5805 1701 5863 habeant.

3307 408 3410 465 064

1815 514 2118 581 Quinetiam
2146 515 2274 571 illud
2295 558 2310 583 ,
2347 532 2453 571 non
2494 527 2746 587 oportere
2774 520 2952 587 statim
2985 521 3036 574 in
3070 519 3212 577 hunc
3237 519 3418 579 hono-~

1813 622 1925 661 rem
1948 608 2169 673 assumi,
2200 608 2293 663 sed
2325 610 2521 663 sensim
2548 619 2602 665 et
2634 610 2912 681 paulatim,
2941 613 3178 684 aliasque
3204 615 3411 671 similes

1813 712 1911 767 pro
1936 699 2208 753 voluntate
2245 715 2433 755 causas
2475 701 2809 756 comminisci
2859 714 3101 770 possunt.
3140 704 3254 775 Ego
3280 719 3410 761 vero

1813 790 1899 844 hic
1952 790 2121 860 libens
2156 790 2457 846 sciscitarer
2498 811 2511 846 :
2566 782 2703 860 Quid
2748 794 3055 863 episcopum
3093 805 3173 851 tot
3221 799 3408 873 ventis

1812 882 2063 949 agitatmn
2108 882 2280 935 facere
2319 898 2452 951 Opus
2494 884 2609 938 est?
2635 886 2904 953 quomodo
2933 886 3189 941 adversus
3229 898 3407 945 tantos

1813 969 2005 1025 ﬂuctus
2031 982 2185 1025 stare
2204 973 2431 1040 poterit?
2458 974 2735 1040 quomodo,
2768 983 2847 1028 tot
2876 977 3105 1045 impetus
3145 980 3411 1047 repellet?

1812 1060 1944 1137 Nam
1974 1061 2017 1116 si
2048 1072 2189 1115 recta
2218 1064 2426 1117 ratione
2456 1077 2568 1118 rem
2596 1075 2767 1134 gerat,
2795 1067 2988 1121 adsunt
3014 1084 3202 1124 omnes
3228 1080 3284 1125 et
3312 1072 3409 1140 ipsi

1812 1161 1867 1206 et
1887 1153 2072 1207 electis
2090 1154 2286 1207 inimici
2306 1162 2360 1209 et
2387 1154 2591 1221 hostes,
2616 1164 2669 1213 et
2693 1171 2786 1225 per
2809 1159 3206 1215 contentionem
3230 1163 3409 1217 omnia

1811 1257 1931 1298 cum
1952 1242 2040 1297 illo
2055 1228 2234 1313 agunt,
2253 1245 2588 1313 qnotidianas
2599 1247 2889 1303 seditiones
2906 1260 3141 1317 movent,
3159 1261 3410 1306 sexcenta

1813 1333 1938 1385 item
1951 1344 2241 1387 scommata
2261 1335 2311 1387 in
2325 1335 2523 1389 eIeclos
2538 1334 2862 1404 jaculantnr,
2878 1338 3050 1393 donec
3067 1350 3160 1394 aut
3175 1341 3293 1395 illos
3308 1342 3414 1411 eje-

1811 1426 2001 1487 cerint,
2021 1434 2117 1502 aut
2142 1439 2268 1477 suos
2290 1414 2632 1481 intruserint:
2659 1429 2877 1496 perinde
2902 1436 3059 1501 atque
3080 1432 3122 1486 si
3155 1433 3416 1502 guberna-

1814 1525 1894 1569 tor
1908 1516 1959 1570 in
1978 1490 2095 1569 navi
2115 1518 2224 1585 pira
2234 1526 2313 1571 tas
2325 1533 2504 1572 secum
2522 1520 2829 1589 navigantes
2843 1521 3054 1590 habeat,
3068 1525 3156 1592 qui
3171 1535 3222 1579 et
3241 1525 3415 1593 ipsret

1814 1608 1987 1660 nautis
2008 1616 2061 1662 et
2074 1610 2373 1663 vectoribus
2400 1611 2611 1666 assidue
2634 1611 2887 1682 horisque
2906 1614 3128 1684 singulis
3149 1615 3414 1671 insidien-v

1815 1708 1915 1752 tur.
1932 1700 2083 1765 Quod
2096 1702 2139 1754 si
2156 1700 2365 1755 illorum
2379 1705 2602 1772 gratiam
2622 1704 2777 1758 saluti
2792 1720 2902 1759 sua:
2918 1706 3413 1775 praeponat,admis-

1812 1794 1887 1847 sis
1918 1809 2023 1846 non
2051 1793 2415 1859 admittendis,
2447 1794 2659 1849 illorum
2687 1797 2803 1851 loco
2837 1797 3000 1852 Deum
3029 1799 3202 1867 ipsum
3230 1799 3412 1853 inimia

1812 1900 1932 1937 cum
1972 1882 2185 1954 habebit
2213 1902 2226 1936 :
2254 1898 2359 1952 quo
2388 1883 2513 1953 quid
2542 1886 2778 1940 deterius
2805 1901 2927 1942 csse
2960 1889 3165 1957 possit?
3190 1899 3244 1944 et
3280 1906 3404 1944 cum

1814 1974 1919 2029 illis
1936 1958 2062 2044 ipsis
2083 1976 2348 2042 negotium
2373 1974 2639 2031 difﬁcilius
2656 1993 2814 2046 quam
2833 1988 2987 2033 antea
3009 1980 3131 2047 erit,
3155 1983 3408 2037 omnibus

1813 2067 1967 2120 simul
1989 2066 2445 2120 consentientibus
2470 2108 2484 2129 ,
2515 2082 2577 2121 ac
2604 2067 2917 2124 fortioribus
2945 2086 3041 2139 per
3065 2073 3411 2128 concordiam

1812 2160 2034 2214 effectis.
2068 2154 2529 2223 Quemadmodum
2574 2160 2714 2213 cnim
2765 2161 2921 2215 smvis
2964 2177 3027 2214 ex
3057 2163 3285 2217 adverso
3316 2179 3413 2233 pu-

1810 2249 2093 2318 gnantibus
2122 2250 2291 2303 ventis
2312 2291 2324 2308 .
2358 2265 2506 2303 mare
2551 2259 2705 2304 antea
2754 2253 3089 2321 tranquillum
3121 2253 3412 2321 derepente

1811 2338 1935 2392 furit
1960 2334 2117 2405 atque
2144 2338 2477 2403 intumescit,
2504 2349 2850 2408 vectoresque
2888 2342 3090 2408 perdit;
3121 2344 3197 2395 sic
3223 2351 3277 2397 et
3301 2343 3401 2397 Ec-

1810 2428 1989 2483 Clesitu
2022 2429 2373 2495 tranquillitas
2397 2468 2410 2493 ,
2444 2432 2843 2498 corruptoribus
2874 2431 3123 2486 admissis
3148 2474 3161 2499 ,
3188 2442 3395 2504 tempe-

1811 2532 1946 2577 state
1970 2532 2022 2575 et
2051 2520 2337 2590 naufragiis
2369 2520 2651 2575 infestatur
2676 2522 2879 2576 multis.
3052 2584 3055 2587 ν

1882 2614 1969 2668 16,
2014 2614 2272 2679 Quantum
2300 2622 2526 2677 aporleat
2552 2612 2677 2669 .ess'e
2705 2631 2816 2668 eum
2838 2657 2853 2679 ,
2902 2616 2989 2685 qui
3019 2621 3172 2671 tantis
3202 2628 3389 2688 tempe-

1810 2705 2022 2760 statibus
2064 2705 2358 2773 cpponitur.
2390 2704 2667 2781 -g-Cogita
2730 2721 2858 2775 ergo
2909 2708 3117 2776 qualem
3165 2720 3411 2778 Oporteat

1810 2814 1932 2853 eum
1963 2812 2083 2851 esse
2124 2797 2209 2849 cui
2239 2792 2397 2849 tanta:
2436 2796 2740 2863 tempestati
2770 2798 3022 2851 resistere
3052 2810 3273 2854 necesse
3304 2800 3408 2866 sit,

1810 2900 1865 2943 et
1892 2896 1969 2942 tot
1999 2886 2381 2956 impedimenta
2427 2902 2604 2941 rerum
2636 2887 2909 2941 communi
2952 2890 3161 2944 utilitati
3203 2893 3410 2946 condu-

1809 2979 2040 3034 centium
2069 2977 2233 3046 probe
2262 2986 2579 3045 temperare.
2608 2976 2740 3030 Nam
2771 2989 2825 3031 et
2852 2994 3070 3048 gravem
3104 2981 3275 3049 illum,
3298 2984 3408 3038 sed

1810 3071 2027 3126 minime
2049 3071 2363 3136 fastuosum,
2393 3078 2444 3124 et
2465 3068 2872 3137 formidabilem,
2902 3072 2995 3127 sed
3022 3072 3338 3148 humanum,
3356 3089 3408 3134 et

1808 3163 2185 3234 imperiosum,
2226 3162 2318 3216 sed
2342 3176 2546 3215 comem
2577 3163 2825 3217 omnibus
2846 3204 2859 3226 ,
2892 3173 2945 3218 et
2984 3180 3263 3233 persnnam
3295 3185 3404 3222 non

1808 3253 2177 3322 accipientem,
2207 3252 2302 3306 sed
2330 3250 2647 3314 officiosum,
2674 3258 2726 3306 et
2759 3252 3037 3321 humilem,
3069 3257 3162 3310 sed
3186 3259 3406 3315 minlme

1808 3342 2083 3407 servilem,
2112 3350 2167 3397 et
2195 3341 2589 3405 vehementem,
2617 3340 2710 3395 sed
2743 3353 3076 3398 mansuetum
3098 3360 3217 3401 esse
3245 3362 3406 3415 opor-

1811 3443 1907 3498 tet,
1937 3442 2201 3487 utcontra
2230 3432 2321 3486 illa
2347 3434 2524 3486 omnia
2554 3448 2794 3503 pugnare
2823 3435 2978 3490 facile
3013 3438 3210 3504 possit:
3241 3448 3404 3508 atque

1810 3541 1935 3580 eum
1971 3525 2060 3594 qui
2086 3524 2309 3579 idoneus
2327 3524 2415 3590 sit,
2441 3524 2689 3578 omnibus
2711 3525 2835 3579 licet
2854 3528 3253 3584 obsistentibus.
3276 3547 3399 3585 eum

1810 3629 1997 3684 magna
2028 3623 2288 3683 potestate
2338 3628 2688 3682 promovere;
2736 3614 2860 3669 huic
2910 3632 3039 3670 vero
3088 3618 3403 3675 dissimilem

1808 3718 1930 3759 cum
1960 3690 2146 3758 eadem
2185 3707 2530 3767 auctoritate,
2564 3706 2810 3760 omnibus
2852 3707 3013 3762 etiam
3043 3710 3402 3776 conspiranti-

1812 3795 1929 3859 bus,
1960 3810 2067 3849 non
2096 3794 2403 3861 admittere,
2448 3794 2542 3850 sed
2574 3812 2735 3850 unum
2767 3806 2971 3852 tantum
2998 3800 3068 3852 ob
3097 3800 3281 3854 oculos
3311 3802 3405 3853 ha-

1808 3888 1938 3943 bere
1962 3930 1977 3953 ,
2008 3884 2260 3944 Ecclesiae
2306 3903 2497 3958 nempe
2537 3897 2856 3944 structuram
2882 3931 2896 3952 ,
2931 3891 3165 3961 nihilque
3206 3893 3286 3947 vel
3334 3893 3404 3949 ad

1811 3980 2141 4034 inimicitiam
2171 3981 2253 4034 vel
2281 3980 2346 4033 ad
2378 3980 2602 4049 gratiam
2650 3980 2845 4036 facere.
2874 3982 3007 4037 Num
3041 3984 3131 4039 tibi
3160 3984 3405 4039 videmur

1810 4071 1889 4126 rei
1919 4069 2220 4139 hujttsmodi
2263 4071 2619 4126 ministerium
2664 4073 2858 4127 merito
2897 4076 3210 4129 recusasse?
3238 4078 3403 4145 Atqui

1811 4160 2045 4215 nondum
2072 4162 2253 4215 omnia
2284 4164 2562 4215 recensui:
2597 4172 2884 4232 suppetunt
2912 4175 2965 4218 et
3005 4166 3108 4219 alia
3152 4167 3397 4221 dicenda.

1812 4251 2008 4307 Verum
2036 4267 2101 4307 ne
2129 4250 2434 4321 defatigeris
2457 4252 2581 4305 dum
2610 4254 2767 4307 amici
2790 4268 2853 4307 ac
2883 4270 3010 4308 vere
3034 4258 3273 4325 germani
3301 4258 3403 4312 viri

1808 4357 1929 4398 sese
1960 4342 2099 4412 apud
2128 4350 2178 4397 te
2196 4343 2500 4396 excusantis
2523 4343 2816 4397 orationem
2840 4344 3057 4399 toleras.
3087 4346 3210 4399 Haac
3241 4363 3406 4415 porro

1815 4453 1923 4492 non
1952 4435 2018 4490 ad
2063 4437 2363 4505 apologiam
2398 4435 2568 4489 modo
2609 4447 2846 4491 nostram
2891 4437 2983 4491 tibi
3011 4432 3169 4491 erunt
3210 4439 3355 4493 utilia
3382 4482 3398 4506 ,

1809 4527 1905 4582 sed
1931 4526 1999 4579 ad
2025 4527 2192 4595 ipsam
2224 4526 2448 4580 fortasse
2476 4526 2712 4580 muneris
2738 4524 2804 4579 de
2825 4542 2931 4596 quo
2956 4528 3128 4596 agitur
3158 4528 3397 4583 functio-

1809 4634 1932 4674 nem
1956 4634 2060 4673 non
2094 4631 2277 4687 parum
2302 4615 2527 4671 afferent
2548 4617 2700 4671 lucri.
2726 4617 2857 4671 Eum
2886 4633 3138 4685 namque,
3165 4620 3253 4688 qui
3280 4621 3403 4678 vita)

1812 4709 2112 4780 huiusmodi
2134 4708 2378 4763 semitam
2408 4708 2742 4778 ingressurus
2764 4717 2866 4772 est,
2895 4710 3072 4764 omnia
3102 4712 3249 4780 prius
3275 4728 3401 4780 per-

1813 4811 2129 4865 scrutatum,
2176 4802 2255 4856 sic
2281 4801 2579 4856 ministerio
2607 4816 2823 4855 manum
2852 4802 3136 4858 admovere
3164 4814 3397 4873 oportet.

1810 4891 2027 4958 Quare?
2056 4892 2187 4959 Quia
2218 4890 2317 4945 etsi
2347 4890 2493 4944 nulla
2519 4890 2621 4945 alia
2656 4890 2900 4945 subesset
2923 4906 3084 4947 causa
3106 4936 3121 4957 ,
3152 4896 3398 4949 on‘inium

1813 4983 1978 5053 probe
2018 4998 2184 5053 gnaro
2226 4982 2275 5036 id
2306 4982 2437 5035 lucri
2477 4982 2731 5046 accedet,
2756 4976 2822 5036 ut
2870 4999 2975 5037 non
3006 4984 3082 5038 rei
3114 4985 3399 5040 insolentia

1817 5078 2088 5139 turbetur,
2135 5092 2255 5130 cum
2284 5077 2399 5130 hinc
2436 5076 2765 5146 contingent.
2811 5076 2905 5131 Vis
2949 5076 3109 5148 igitur
3155 5087 3213 5132 ut
3257 5081 3403 5147 prius

1813 5169 1877 5222 ad
1908 5168 2180 5222 viduarum
2215 5166 2563 5235 patrocinium
2594 5166 2901 5229 veniamus,
2944 5182 3012 5221 an
3043 5167 3110 5221 ad
3138 5168 3402 5237 virginum

1811 5274 2015 5320 Curam,
2058 5272 2123 5311 an
2151 5257 2216 5311 ad
2240 5256 2505 5326 judicialis
2544 5257 2709 5327 partis
2735 5256 3150 5311 difﬁcultatem?
3186 5273 3310 5312 nam
3344 5260 3398 5313 in

1810 5350 2000 5406 horum
2031 5348 2252 5418 singulis
2276 5349 2417 5401 varia
2445 5356 2528 5402 est
2569 5347 2902 5413 sollicitudo,
2948 5356 3004 5402 et
3038 5348 3401 5405 sollicitudine

1811 5443 1983 5511 major
2004 5450 2196 5495 metus.
2226 5442 2301 5494 Ac
2325 5440 2574 5508 primum,
2606 5448 2663 5493 ut
2686 5440 2753 5493 ab
2773 5454 2857 5503 eo,
2888 5439 3029 5508 quod
3052 5440 3171 5494 aliis
3195 5440 3401 5495 facilius

1768 5558 1773 5561 -
1810 5550 1929 5586 esse
1958 5534 2185 5594 videtur,
2216 5530 2510 5593 ordiamur,
2540 5529 2814 5583 viduarum
2845 5544 2996 5593 cura,
3028 5529 3197 5598 ipsam
3227 5532 3401 5585 susci-

1812 5624 2075 5693 pientibus
2095 5622 2267 5675 solam
2285 5631 2586 5691 sumptuum
2609 5620 3019 5675 sollicitudinem
3041 5620 3233 5675 alferre
3254 5621 3403 5675 vide-

1812 5717 1934 5785 tnr(
1966 5718 2013 5769 l.
2046 5714 2182 5769 Tim.
2210 5714 2264 5769 5.
2294 5713 2397 5782 16)
2423 5730 2436 5765 :
2466 5722 2520 5767 at
2544 5727 2648 5766 non
2681 5712 2748 5765 ita
2772 5726 2830 5766 se
2859 5726 2942 5765 res
2973 5713 3166 5780 habet,
3188 5712 3281 5766 sed
3313 5712 3400 5767 bic

1812 5823 2022 5879 quoque
2069 5807 2233 5861 multo
2273 5818 2409 5874 opus
2449 5812 2529 5859 est
2557 5803 2803 5858 examiue
2827 5842 2842 5869 ,
2882 5802 2976 5869 ubi
3007 5802 3124 5858 illas
3161 5802 3397 5874 deligere

2677 6005 2703 6019 υ
