4198 6324
748 411 853 466 οδε

751 532 959 594 oportet
991 539 1005 575 :
1039 516 1464 592 quandoquidem
1490 526 1609 567 cum
1638 523 1836 564 temere
1866 516 1916 561 et
1944 514 1999 558 ut
2030 520 2185 559 casus
2217 502 2334 553 tulit

753 618 805 670 in
834 616 1012 668 album
1048 614 1227 666 relatze
1258 617 1380 661 sunt
1401 649 1415 672 ,
1450 606 1498 658 id
1530 605 1804 657 innumera
1835 599 2035 667 peperit
2070 598 2223 649 mala.
2250 595 2339 646 Et-

753 709 893 759 enim
928 703 1149 756 familias
1176 696 1671 769 pcssumdedcrunt,
1702 691 1940 758 conjugia
1973 689 2298 763 diremerttut
2319 725 2334 745 ,

754 806 806 852 et
850 797 900 849 in
930 795 1115 858 furtis,
1148 792 1403 861 cauponis
1447 788 1674 856 aliisque
1719 783 1980 853 similibus
2013 779 2237 846 turpiter
2281 792 2338 829 se

755 870 975 955 agentes
1008 899 1151 951 sa‘pc
1193 880 1544 949 deprehensa:
1586 885 1729 931 sunt.
1771 875 1938 927 Porro
1980 871 2110 922 tales
2151 868 2337 919 viduas

752 977 1046 1046 sumptibus
1068 972 1317 1030 Ecclesia:
1344 972 1438 1039 ali,
1457 971 1506 1022 id
1530 977 1583 1021 et
1610 984 1636 1019 a
1652 967 1768 1021 Deo
1787 962 2099 1033 supplicium
2123 968 2173 1013 et
2199 959 2339 1028 apud

758 1071 1002 1124 homines
1046 1066 1313 1120 infamiam
1345 1075 1715 1128 summamque
1755 1056 2148 1112 damnationem
2182 1053 2335 1122 parit,

757 1159 1223 1225 bt-nclicorumque
1249 1154 1480 1207 animum
1512 1151 1810 1220 segniorem
1841 1148 2020 1201 cfticit.
2060 1146 2189 1199 Nam
2220 1145 2339 1213 quis

761 1266 1011 1321 umquam
1042 1249 1170 1303 velit
1199 1246 1467 1315 pecunias,
1488 1258 1619 1313 quas
1645 1242 1855 1296 Christo
1877 1239 2003 1292 dare
2028 1240 2206 1305 jussus
2234 1244 2335 1297 est,

762 1343 825 1395 iis
847 1342 1058 1410 largiri,
1100 1339 1189 1407 qui
1231 1336 1428 1391 Christi
1473 1334 1671 1388 nomini
1721 1331 2041 1386 calumniam
2094 1327 2338 1396 pariunt?

761 1432 988 1500 Ideoque
1016 1430 1182 1483 multo
1208 1436 1261 1481 et
1288 1434 1535 1481 accurato
1563 1424 1820 1477 scrutinio
1849 1432 1931 1475 est
1961 1434 2115 1487 opus,
2144 1427 2201 1469 ut
2247 1432 2340 1469 ne-

758 1538 862 1590 quc
892 1522 1021 1584 illm,
1053 1532 1221 1588 neque
1247 1517 1364 1570 alia:
1384 1556 1399 1580 ,
1427 1515 1619 1583 quibus
1662 1530 1749 1567 res
1781 1507 2051 1582 familiaris
2094 1507 2339 1560 sufficere

758 1621 968 1681 potest,
1014 1610 1312 1663 tenuiorum
1360 1620 1597 1661 mensam
1628 1600 1927 1656 ahsnn-ant.
1957 1598 2105 1653 Hanc
2131 1596 2339 1664 perqui-

760 1704 1006 1757 sitioncm
1034 1701 1135 1755 alia
1164 1716 1267 1754 non
1291 1715 1447 1768 parva
1473 1706 1597 1749 cura
1623 1693 1835 1762 excipit,
1862 1701 1917 1745 nt
1938 1691 2067 1759 ipsis
2086 1688 2338 1740 alimenta

759 1792 1039 1847 ciinfertim
1071 1792 1220 1859 quasi
1251 1806 1313 1843 ex
1344 1787 1575 1841 fontibus
1596 1784 1832 1845 afﬂuant,
1852 1797 1951 1834 nec
1972 1794 2218 1847 umquam
2245 1776 2340 1830 de~

760 1885 898 1937 sint:
928 1880 1187 1951 siquidem
1214 1877 1509 1939 insatiabile
1530 1875 1723 1929 mnlmu
1746 1883 1827 1926 est
1850 1870 2011 1924 invita
2037 1879 2338 1937 paupertas,

766 1962 1011 2045 querelas
1062 1973 1431 2041 ingratumque
1470 1969 1705 2020 animum
1738 1980 1845 2029 pra:
1871 1977 1927 2015 se
1956 1961 2149 2013 ferens.
2184 1958 2359 2011 Multa

764 2064 1039 2134 prudentia
1064 2061 1440 2130 diligentiaque
1466 2065 1547 2111 est
1564 2070 1695 2123 opus
1718 2064 1771 2107 ut
1795 2067 1975 2105 eorum
2000 2050 2343 2102 obstrnantnr

761 2172 854 2210 ora
876 2198 891 2221 ,
922 2170 1041 2224 qum
1069 2152 1357 2222 quamlibet
1382 2146 1767 2204 criminationis
1794 2141 2125 2195 occasionem
2156 2137 2343 2204 arripi-

765 2258 878 2301 unt.
922 2247 1061 2301 Sane
1100 2243 1206 2296 mul
1235 2244 1248 2295 i
1277 2242 1361 2295 ubi
1402 2237 1703 2310 quempiam
1750 2234 1928 2287 vident
1958 2229 2193 2300 pecuniis
2238 2244 2341 2281 non

765 2338 1039 2400 deditum,
1080 2335 1255 2389 statim
1286 2333 1457 2403 ipsum
1484 2330 1549 2383 ad
1580 2330 1714 2381 hanc
1743 2326 2061 2379 functionem
2094 2320 2341 2373 idoneum

765 2431 1131 2500 pronuntiant.
1172 2429 1283 2496 Ego
1315 2440 1440 2479 vero
1481 2438 1582 2476 non
1613 2420 1860 2473 existimo
1903 2417 2037 2469 hanc
2069 2414 2140 2466 illi
2181 2412 2341 2465 animi

765 2518 1180 2589 magnitudinem
1216 2516 1345 2569 satis
1369 2530 1518 2577 esse,
1564 2512 1656 2565 sed
1703 2519 1949 2578 Oportere
1995 2517 2170 2559 tamen
2203 2506 2344 2557 illam

768 2612 978 2665 ca-teris
1020 2610 1250 2677 prazire:
1300 2622 1419 2659 nam
1467 2606 1607 2657 illius
1653 2616 1845 2670 expers
1893 2607 2129 2653 vastator
2172 2597 2346 2665 potius

766 2717 923 2771 quam
958 2711 1209 2768 patronus
1235 2740 1247 2759 ,
1277 2706 1329 2749 et
1357 2712 1453 2764 pro
1491 2705 1701 2763 pastore
1730 2692 1885 2758 lupus
1929 2689 2123 2742 fuerit:
2163 2677 2359 2739 verum‘

767 2808 885 2847 eum
914 2792 998 2844 illa
1042 2790 1197 2843 aliam
1231 2790 1281 2841 iu
1313 2803 1376 2840 eo
1406 2786 1675 2853 requirere
1703 2791 1929 2851 oportet.
1964 2782 2032 2833 Ea
2060 2790 2234 2831 autem
2266 2786 2351 2831 est

772 2885 1031 2938 bonorum
1072 2880 1307 2933 omnium
1357 2876 1662 2929 hominibus
1699 2872 2028 2927 conciliatrix
2058 2871 2305 2939 patientia
2332 2910 2346 2933 ,

770 2991 889 3043 qua:
915 2973 1066 3043 quasi
1094 2973 1144 3024 in
1173 2970 1516 3036 tranquillum
1557 2965 1839 3035 quemdam
1866 2973 2076 3032 portum
2119 2962 2348 3014 animam

771 3066 1005 3120 deducit.
1032 3063 1163 3117 Nam
1207 3061 1479 3114 viduarum
1508 3072 1675 3128 genus
1706 3066 1813 3110 tum
1849 3054 2209 3124 paupertatis,
2242 3061 2350 3104 tum

776 3156 949 3209 artatis
970 3196 984 3215 ,
1014 3136 1123 3207 tum
1152 3167 1312 3206 sexus
1349 3150 1595 3212 nomine,
1640 3146 1986 3201 immoderata
2014 3144 2237 3214 quadam
2276 3143 2355 3195 lo-

773 3247 967 3316 qneudi
1000 3246 1244 3299 libertate
1270 3243 1468 3295 utitur:
1498 3240 1575 3293 sic
1604 3238 1745 3293 enim
1771 3235 2148 3305 congruentius
2172 3234 2355 3301 loque-

775 3355 923 3393 mur:
955 3340 1253 3405 importune
1282 3335 1530 3393 clamant,
1562 3331 1655 3384 abs
1678 3346 1737 3383 re
1761 3338 2053 3398 queruntur
2074 3335 2128 3379 et
2151 3326 2354 3378 lamen-

776 3439 976 3493 tantur,
1007 3430 1093 3481 ubi
1127 3428 1309 3496 gratia:
1349 3434 1501 3477 erant
1528 3422 1820 3482 habenda};
1854 3422 2095 3473 incusant
2135 3418 2221 3471 ubi
2249 3419 2360 3470 lau-

776 3520 1009 3575 dandum
1040 3527 1193 3572 erat:
1244 3516 1659 3585 pra-tectumque
1699 3522 1903 3581 oportet
1942 3510 2116 3562 omnia
2156 3509 2360 3561 fortiter

777 3612 935 3675 terre,
967 3625 1138 3679 neque
1162 3608 1233 3661 ob
1260 3608 1590 3673 importunas
1620 3604 1760 3657 rixas
1790 3601 1874 3655 vel
1896 3600 2152 3653 absurdas
2178 3613 2361 3667 quere-

779 3701 860 3754 las
911 3702 986 3753 ira
1026 3699 1371 3753 commoveri.
1406 3696 1615 3749 Illarum
1660 3696 1815 3747 enim,
1840 3691 2118 3745 infelicitas
2157 3688 2363 3741 miseri-

776 3792 1012 3847 cordiam
1042 3790 1231 3858 petius,
1261 3804 1418 3859 qmm
1444 3785 1815 3841 contumeliam
1838 3794 2100 3837 meretur:
2130 3783 2361 3849 ipsarum

780 3891 956 3934 autem
1014 3880 1266 3933 utrumuis
1336 3867 1585 3930 insultare
1621 3916 1635 3938 ,
1700 3875 2141 3942 et.paupertatis
2192 3870 2362 3925 dolori

781 3971 1152 4023 contumeliam
1198 3969 1431 4029 addere,
1493 3978 1745 4020 cxtrenne
1804 3965 2130 4018 crudelitatis
2185 3963 2362 4016 fuerit.

782 4048 1142 4128 Quamobrem
1197 4062 1276 4113 vir
1318 4061 1531 4129 quidam
1589 4059 2047 4126 sapientissimus,
2090 4048 2363 4110 a'varitiam

782 4154 1195 4222 superbiamque
1250 4154 1493 4204 humana:
1530 4164 1733 4203 natura:
1760 4150 2105 4203 considerans
2128 4191 2141 4213 ,
2169 4164 2366 4217 gnarus

784 4252 1153 4313 paupertatem
1186 4239 1482 4313 hnjusmodi
1510 4256 1647 4301 esse,
1679 4248 1735 4291 ut
1766 4241 1935 4307 possit
1963 4239 2041 4292 vel
2063 4240 2365 4307 generosis-

784 4337 976 4391 simum
1006 4334 1238 4388 animum
1265 4310 1513 4400 dejicere.
1545 4347 1715 4399 eoque
1736 4331 1996 4385 deducere
2026 4338 2083 4382 ut
2104 4329 2287 4383 iisdem
2316 4332 2365 4381 in

792 4427 952 4481 rebus
976 4426 1168 4492 sa‘pins
1191 4424 1526 4492 impudenter
1547 4431 1685 4490 agat,
1718 4437 1784 4473 ne
1806 4422 1923 4489 quis
1946 4420 2247 4488 petentibus
2270 4421 2370 4473 illis

787 4518 1047 4570 irascatur
1066 4555 1080 4578 ,
1112 4530 1213 4568 neu
1234 4554 1248 4579 ,
1281 4514 1641 4580 frequentibus
1668 4528 1849 4564 eorum
1880 4511 2124 4578 precibus
2150 4526 2374 4578 eanpe-

787 4616 954 4669 ratus,
984 4604 1209 4658 infcsuts
1252 4604 1438 4655 eVadat
1471 4602 1588 4663 ille,
1621 4602 1707 4667 qui
1740 4616 1893 4666 opem
1925 4600 2065 4653 fet-re
2089 4600 2283 4664 debet,
2316 4609 2370 4651 ut

787 4712 907 4749 sese
954 4695 1132 4748 mitem
1164 4704 1217 4747 et
1264 4694 1405 4745 aditu
1447 4692 1647 4746 facilem
1698 4692 1948 4745 exhibeat
2001 4692 2243 4743 hortatur
2290 4690 2370 4743 bis

787 4788 1002 4841 verbis:
1055 4784 1255 4837 Inclina
1287 4765 1496 4853 pauperi
1533 4785 1639 4837 sine
1678 4784 1874 4835 tristitia
1901 4799 2070 4835 aurem
2101 4793 2234 4832 tuam
2260 4823 2274 4845 ,
2324 4793 2371 4835 et

786 4876 1036 4945 responde
1053 4876 1127 4929 illi
1153 4880 1203 4928 in
1228 4876 1607 4928 mansuetudine
1630 4876 1842 4943 paci/ira
1866 4874 1883 4943 (
1914 4874 2068 4926 Ereti.
2095 4874 2145 4926 4.
2179 4872 2249 4941 8)
2275 4891 2286 4925 :
2310 4888 2373 4926 ac

789 4968 1010 5021 missum
1033 4968 1229 5019 faciens
1258 4982 1376 5017 eum
1408 4966 1495 5033 qui
1519 4972 1798 5031 exasperat
1827 4963 1988 5033 (quid
2016 4963 2156 5017 enim
2174 4963 2370 5031 jacenti

787 5056 1065 5126 dixeris?)
1097 5073 1215 5109 cum
1238 5056 1521 5123 alloquitur
1558 5056 1645 5121 qui
1694 5055 1807 5120 ejus
1847 5054 2205 5107 inﬁrmitatem
2239 5054 2373 5107 ferre

792 5148 977 5214 possit,
1009 5162 1249 5203 monens.
1284 5146 1339 5211 ut
1367 5144 1540 5197 vultus
1561 5144 1811 5196 blanditie
1832 5160 1892 5196 ac
1919 5145 2196 5196 verborum
2220 5160 2371 5196 nian—

791 5236 1071 5289 suetudine
1112 5236 1269 5289 etiam
1308 5242 1427 5287 ante
1455 5234 1689 5287 oblatum
1734 5234 1929 5285 donum
1970 5232 2138 5299 ipsum
2184 5234 2370 5302 erigat.

791 5325 942 5391 Quod
974 5325 1016 5377 si
1047 5326 1165 5392 quis
1206 5326 1409 5377 illarum
1450 5325 1665 5392 quidem
1702 5323 1837 5377 bona
1879 5339 1982 5376 non
2015 5333 2250 5390 usurpet,
2281 5325 2370 5377 sed

795 5418 1093 5470 innumeris
1140 5417 1279 5484 ipsas
1323 5417 1575 5469 conviciis
1620 5428 1668 5470 et
1701 5416 2035 5469 contumeliis
2072 5427 2290 5477 oneret,
2322 5426 2375 5468 ct

793 5509 1050 5562 adversus
1073 5524 1165 5563 eas
1192 5510 1427 5561 irritctur
1446 5550 1460 5570 ,
1502 5523 1605 5561 non
1639 5509 1794 5559 modo
1825 5506 2371 5576 panpertatem'largi-

797 5604 941 5653 tione
974 5616 1078 5653 non
1106 5600 1371 5663 sublevat,
1402 5599 1495 5653 sed
1525 5600 1885 5652 calamitatem
1917 5600 2082 5667 ipsam
2122 5601 2375 5653 conviciis

794 5700 967 5755 auget.
994 5692 1209 5744 Etiamsi
1231 5692 1371 5744 enim
1391 5692 1460 5744 ob
1484 5690 1678 5745 ventris
1701 5692 2067 5746 necessitatem
2091 5692 2373 5745 admodum

803 5784 1136 5854 impudentes
1180 5801 1297 5839 esse
1336 5794 1629 5855 cogantur,
1682 5796 1915 5840 attamen
1964 5786 2029 5840 de
2075 5760 2373 5855 hujitsmodi

1455 397 1513 452 S.
1553 391 1831 452 JOANNIS
1868 384 2345 444 CHRYSOSTOHI
2387 381 2704 436 ARCIIIEP.
2747 380 3291 436 CONSTANTINOP.

3922 382 4033 436 656

2451 496 2698 548 violentia
2741 496 2942 548 dolent.
2974 495 3105 548 (inm
3150 497 3325 564 itaque
3356 494 3509 550 famis
3551 497 3839 562 ingruentis
3883 510 4035 550 metu

2445 585 2745 638 mendicare
2770 596 3049 653 coguntur,
3077 597 3126 639 et
3157 587 3504 640 tneudirando
3529 588 3860 655 impudentes
3885 570 4029 649 esse,

2442 694 2502 729 ac
2531 694 2737 731 rursum
2771 677 3091 747 impudentia
3135 679 3219 731 illa
3260 682 3632 732 contumeliam
3664 683 3765 747 pati
3790 684 4030 741 ,wnulti-

2444 766 2625 820 formis
2646 772 2910 837 quaedam,
2940 779 2993 822 et
3023 780 3254 823 mentem
3278 771 3501 836 caligine
3523 770 3801 824 otbmdeus
3827 772 4031 823 doloris

2443 858 2521 909 vis
2553 872 2736 911 earum
2778 861 2986 913 animos
3012 870 3259 928 occupat.
3288 860 3508 929 Oportet
3558 876 3684 914 vero
3726 870 4028 914 curatorem

2442 963 2625 1001 earmn
2669 960 2813 1002 tanta
2843 966 2965 1004 esse
2994 951 3424 1020 :equanimitate,
3457 961 3513 1004 ut
3561 968 3665 1003 non
3697 951 3856 1003 modo
3896 953 4034 1003 iudi-

2443 1042 2691 1107 gnatione
2722 1056 2815 1094 sua
2844 1042 3087 1095 dolorem
3116 1061 3220 1095 non
3252 1053 3480 1113 augeat,
3515 1043 3607 1097 sed
3634 1044 3794 1098 etiam
3836 1045 4034 1098 Cohor-

2446 1132 2644 1186 talione
2679 1148 2770 1185 sua
2812 1150 3098 1187 maerorem
3132 1137 3356 1205 mitiget.
3403 1135 3533 1188 Nam
3579 1138 4031 1205 quemadmodum

2445 1225 2537 1290 qtti
2582 1225 2899 1279 Contumelia
2932 1226 3160 1279 afficitur
3182 1266 3196 1291 ,
3237 1236 3292 1280 et
3326 1227 3372 1280 si
3404 1228 3738 1281 facultatibus
3766 1228 4017 1290 abundet,

2445 1300 3156 1381 pecuniarumcommodum
3188 1333 3293 1370 non
3325 1319 3487 1372 sentit
3516 1320 3585 1370 ob
3619 1319 3873 1372 intlictam
3903 1336 4031 1370 con-

2445 1404 2673 1457 tumelie
2702 1405 2937 1473 plagam;
2965 1406 3033 1458 ita
3056 1407 3143 1474 qui
3167 1408 3358 1463 blande
3377 1420 3431 1462 et
3455 1410 3644 1463 leuiter
3663 1410 4032 1477 cnmpellatnr.

2444 1504 2497 1548 et
2523 1501 2640 1548 cu‘m
2670 1497 3035 1551 consolatione
3075 1497 3274 1551 donum
3315 1498 3537 1567 accipit,
3578 1501 3772 1569 gaudet
3802 1513 3849 1553 et
3885 1501 4037 1554 beta-

2448 1597 2550 1648 tur,
2574 1587 2874 1658 duplexque
2898 1607 3087 1643 munus
3117 1607 3179 1644 ex
3206 1592 3457 1661 largiendi
3490 1592 3649 1645 modo
3666 1593 4035 1660 consequitur.

2446 1675 2571 1731 "re
2598 1694 2754 1744 porro
2783 1696 2885 1731 non
2913 1696 2940 1731 a
2972 1683 3178 1750 meipso
3202 1722 3215 1743 ,
3246 1682 3340 1735 sed
3371 1682 3438 1734 ab
3466 1683 3575 1743 illo,
3605 1684 3694 1752 qui
3724 1683 3884 1752 paulo
3913 1694 4039 1736 ante

2447 1766 2778 1834 hortabatur,
2811 1770 3017 1837 loquor.
3047 1772 3178 1825 Nam
3211 1772 3333 1833 Fili,
3366 1774 3535 1842 inquit
3563 1814 3576 1838 ,
3606 1776 3656 1826 in
3688 1776 3828 1828 bonis
3868 1793 3930 1827 ne
3953 1777 4042 1828 des

2446 1860 2766 1923 vituperium,
2798 1872 2842 1910 et
2870 1862 2921 1913 in
2951 1864 3087 1915 omni
3114 1864 3247 1916 dono
3286 1865 3511 1918 dolorem
3541 1865 3820 1917 verborum.
3856 1865 4046 1918 Nonne

2447 1960 2622 2002 aruum
2651 1967 2733 2003 ros
2777 1952 3004 2006 sedabit?
3045 1952 3129 2005 Ita
3171 1954 3349 2007 melius
3377 1966 3448 2007 est
3474 1957 3677 2008 verbum
3719 1956 3872 2009 dono.
3912 1957 4047 2009 Ecce

2448 2042 2577 2091 enim
2616 2042 2817 2092 verbum
2844 2033 3028 2095 bonum
3057 2055 3127 2096 est
3152 2045 3265 2112 plus
3290 2062 3438 2112 quam
3457 2045 3675 2105 donum,
3707 2059 3751 2100 et
3781 2060 4053 2118 uti-mnan

2447 2139 2519 2181 est
2542 2131 2683 2197 apud
2711 2134 2868 2184 virum
2913 2135 3188 2202 gratiosum
3220 2133 3418 2203 (Eccli.
3451 2139 3535 2189 18.
3584 2138 3800 2206 15-17).
3832 2138 4051 2191 Illarum

2450 2222 2573 2275 item
2606 2224 2912 2291 pra3fecttnu
2946 2242 3047 2278 non
3077 2228 3259 2280 mitem
3287 2239 3490 2281 tantum
3520 2239 3572 2283 ct
3605 2232 3915 2297 patientem,
3948 2234 4048 2284 sed

2453 2315 2671 2382 perinde
2697 2318 3086 2394 oeconomicum
3117 2333 3236 2372 esse
3265 2330 3509 2386 oportet:
3552 2320 3600 2373 id
3629 2336 3756 2373 vero
3783 2322 3825 2373 si
3858 2322 4053 2375 abfue-

2451 2404 2539 2467 rit,
2566 2419 2777 2458 rursum
2810 2408 3413 2474 pauperumjacultates
3435 2410 3487 2462 in
3518 2410 3656 2462 idem
3679 2411 3933 2464 damnum
3965 2430 4055 2464 re—

2452 2496 2655 2548 cidunt.
2698 2497 2878 2566 Nuper
2908 2499 3050 2551 enim
3098 2501 3217 2567 quis
3262 2498 3385 2553 huic
3430 2501 3729 2554 ministerio
3775 2501 4054 2565 adscitus,

2454 2586 2613 2639 multa
2633 2587 2745 2639 auri
2770 2589 2813 2638 vi
2834 2588 3075 2651 collecta,
3103 2591 3212 2659 ipsa
3241 2606 3304 2643 ne
3325 2591 3671 2659 eousuntpsit,
3698 2607 3867 2660 neque
3888 2608 4060 2662 egen-

2456 2682 2634 2745 tibus,
2682 2682 2862 2748 paucis
2904 2683 3180 2748 exceptis,
3222 2681 3532 2746 distribuit;
3578 2684 3859 2735 maximam
3924 2701 4063 2739 vero

2457 2782 2657 2840 partem
2706 2782 2844 2825 terra
2888 2773 3099 2835 obruit,
3129 2772 3299 2826 donec
3344 2774 3759 2841 superveniente_
3799 2775 4066 2830 tumultus

2460 2873 2699 2930 tempore
2742 2863 2972 2916 hostium
3018 2864 3263 2919 manibus
3307 2865 3449 2919 illam
3480 2864 3711 2917 tradidit.
3744 2865 3929 2933 Magna
3962 2869 4066 2918 ita.

2461 2969 2564 3022 que
2594 2954 2922 3021 providentia
2949 2964 3032 3009 est
3077 2970 3210 3024 opus
3232 2994 3247 3020 ,
3278 2965 3334 3009 ut
3361 2956 3610 3010 Ecclesia:
3655 2956 3929 3011 facultates
3960 2974 4067 3014 nec

2422 3082 2423 3085 η
2458 3045 2757 3099 redundent
2782 3088 2795 3107 ,
2826 3063 2923 3100 nec
2948 3046 3228 3101 deﬁciant:
3276 3049 3371 3102 sed
3403 3066 3519 3116 qua:
3550 3062 3837 3119 erOgantnr
3877 3054 4066 3108 omnia

2460 3137 2637 3190 statim
2664 3147 2787 3190 sunt
2814 3138 2995 3206 egenis
3025 3138 3390 3193 distribuenda
3410 3180 3424 3204 ,
3457 3149 3616 3210 atque
3645 3143 3695 3195 in
3721 3142 4066 3198 snbditorutu

2461 3228 2549 3294 pio
2576 3230 2849 3297 proposito
2897 3227 3150 3281 Ecclesia:
3197 3230 3432 3283 thesauri
3481 3232 3762 3299 colligendi
3807 3245 3954 3286 sunt.
4007 3235 4069 3287 In

2464 3319 2763 3389 hospitibus
2792 3330 2971 3374 autem
2998 3322 3341 3388 incipiendis,
3379 3331 3432 3375 et
3457 3323 3507 3375 in
3536 3324 3789 3376 curandis
3815 3329 4065 3393 mgrotis,

2464 3421 2662 3480 quanto
2692 3422 2845 3479 putas
2870 3428 3003 3479 Opus
3027 3429 3148 3486 esse
3192 3414 3531 3481 pecuniarum
3560 3427 3769 3483 sumptu
3799 3458 3813 3481 ,
3862 3428 4072 3485 quanta

2466 3505 2834 3572 pratleclornm
2865 3504 3131 3572 diligentia
3174 3504 3597 3573 prudentiaque?
3627 3506 3771 3558 lianc
3797 3508 3941 3561 enim
3970 3526 4073 3561 cx-

2470 3612 2690 3665 pensam
2724 3595 2808 3647 illa
2844 3612 2947 3647 non
2998 3597 3255 3648 minorem
3284 3638 3296 3658 ,
3328 3596 3435 3649 into
3462 3610 3604 3664 satpe
3632 3598 3889 3665 majorem
3939 3615 4071 3654 esse

2476 3700 2698 3739 necesse
2728 3696 2828 3738 est.
2862 3686 3285 3753 Przefectumque
3318 3688 3486 3755 ipsum
3520 3676 3569 3739 in
3604 3689 3878 3757 largitione
3908 3690 4074 3745 decet

2468 3780 2821 3831 reverentiam
2853 3788 2906 3831 ct
2931 3778 3259 3845 prudentiam
3300 3778 3589 3842 adhibere;
3620 3795 3725 3846 quo
3758 3782 3839 3843 iis,
3883 3782 3971 3850 qui
4010 3800 4073 3836 re

2470 3868 2712 3922 familiari
2740 3869 3011 3922 abundant
3032 3910 3045 3930 ,
3077 3870 3332 3929 suadeat,
3364 3882 3419 3922 ut
3444 3873 3686 3923 Certatim
3733 3883 3785 3925 ct
3827 3874 4075 3928 hilariter

2470 3974 2563 4012 sua
2588 3959 2722 4011 dona
2746 3968 2985 4025 erogent,
3021 3976 3086 4015 ne
3115 3960 3239 4012 dum
3270 3959 3600 4015 infirmorum
3627 3962 3909 4015 commodo
3934 3979 4072 4031 pro-

2471 4050 2645 4116 spicit,
2680 4051 3036 4103 beneﬁcornm
3063 4053 3273 4103 animos
3300 4062 3599 4121 exasperet.
3637 4053 3732 4106 llic
3763 4069 3921 4121 porro
3945 4070 4072 4107 ma-

2468 4141 2639 4208 jorem
2678 4142 3005 4195 alacritatem
3034 4152 3088 4195 et
3120 4142 3444 4209 diligentiam
3474 4144 3725 4197 exhibere
3763 4146 4014 4197 convenit
4055 4165 4069 4201 :

2473 4244 2594 4288 sunt
2640 4236 2779 4289 enim
2826 4237 2947 4302 aigri
2982 4238 3175 4291 morosi
3208 4248 3260 4290 et
3286 4252 3508 4305 segnes:
3556 4254 3617 4291 ac
3647 4239 3745 4292 nisi
3792 4255 4071 4295 stuntnam

2474 4325 2705 4391 undique
2732 4325 3059 4393 diligentiam
3090 4342 3381 4396 curamque
3412 4328 3668 4382 adhibeas
3695 4371 3710 4392 ,
3745 4331 3825 4382 vel
3857 4331 4067 4383 tantilla

2474 4416 2689 4483 quidem
2724 4418 3039 4485 negligentia
3074 4428 3245 4486 potest
3286 4434 3473 4488 magna
3502 4421 3777 4487 mgrotanti
3801 4422 3937 4473 mala
3968 4422 4067 4474 ini-

2477 4516 2705 4572 portare.

2549 4602 2632 4661 i7.
2679 4601 2909 4667 Quantus
2935 4602 2997 4653 sit
3027 4603 3077 4653 in
3124 4600 3481 4670 gubernatione
3527 4602 3770 4671 virginum
3798 4605 3965 4655 timor.
3994 4633 4057 4643 —-

2476 4690 2624 4753 Quod
2662 4693 2725 4743 ad
2768 4692 3028 4756 virginum
3070 4707 3252 4745 curam
3283 4694 3492 4756 attinet,
3541 4702 3688 4745 tanto
3720 4694 3888 4761 major
3912 4695 4075 4749 adest

2458 4790 2667 4844 ‘mi-tns,
2717 4792 2917 4850 quanto
2944 4782 3240 4850 depositum
3275 4785 3575 4851 pretiosius,
3621 4794 3674 4837 et
3702 4796 3898 4853 quanto
3941 4802 4075 4853 rege

2476 4872 2682 4941 dignior
2711 4875 2792 4925 hic
2812 4889 2938 4941 grex
2965 4886 3062 4937 ρει,
3096 4890 3251 4942 quam
3271 4876 3377 4927 alii.
3408 4875 3585 4944 Nuper
3608 4877 3747 4928 enim
3774 4879 4072 4932 innumera:

2478 4962 2529 5016 iu
2560 4974 2860 5015 sanctarum
2901 4964 3201 5030 hujusmodi
3230 4965 3453 5016 chorum
3490 4967 3773 5032 ingressze,
3819 4970 4071 5035 vitiisque

2479 5054 2656 5105 multis
2686 5053 2917 5117 referte,
2947 5053 3285 5105 debacchatte
3310 5065 3451 5105 sunt.
3489 5055 3583 5107 llic
3605 5070 3728 5107 vero
3756 5046 3924 5107 luctus
3949 5074 4071 5109 ma-

2474 5144 2560 5209 jor
2590 5144 2685 5195 fuit
2716 5159 2727 5194 :
2760 5160 2819 5197 ac
2846 5145 3288 5211 quemmlmodulu
3324 5162 3425 5196 non
3454 5147 3671 5213 pertude
3707 5158 3788 5199 est
3824 5148 4073 5214 pnellme

2482 5235 2669 5299 libera,
2692 5251 2757 5287 an
2788 5236 2902 5303 ejus
2931 5237 3118 5287 ancilla
3150 5248 3330 5303 peccet
3362 5254 3375 5289 :
3423 5239 3487 5289 ita
3522 5255 3625 5289 non
3655 5239 3879 5306 idipsun:
3914 5252 3993 5292 est
4022 5243 4073 5294 si

2480 5327 2627 5393 virgo
2657 5344 2725 5377 an
2754 5325 2928 5382 vidua.
2965 5328 3054 5379 llis
3081 5329 3221 5381 cnim
3248 5338 3303 5381 et
3332 5330 3537 5397 nugari,
3573 5338 3625 5381 et
3658 5333 3853 5382 mutuis
3879 5333 4067 5382 convi-

2479 5417 2575 5468 ciis
2604 5418 2825 5484 litigare,
2860 5427 2910 5469 et
2940 5418 3138 5471 adulari
3168 5428 3218 5470 et
3257 5419 3593 5487 impudenter
3623 5436 3799 5487 agere,
3851 5432 3904 5473 et
3941 5437 4070 5473 IIII“

2481 5527 2635 5577 quam
2669 5527 2771 5563 non
2801 5528 3054 5578 apparere
3082 5524 3134 5565 et
3166 5514 3214 5564 in
3245 5512 3359 5565 foro
3390 5528 3531 5580 smpe
3557 5514 3849 5576 ambulare,
3886 5514 3937 5565 in
3974 5532 4070 5565 usu

2481 5602 2739 5669 frequenti
2780 5612 2879 5655 est.
2926 5602 3083 5669 Virgo
3112 5614 3286 5655 autem
3319 5604 3489 5669 majus
3518 5616 3786 5657 certamen
3818 5604 3970 5670 adiit,
4023 5617 4074 5659 οι

2483 5711 2782 5765 supremam
2833 5695 3217 5762 philosophiam
3274 5704 3527 5759 sectatur,
3586 5696 3969 5763 profiteturqu
4018 5716 4072 5749 se

2491 5804 2536 5838 ai
2561 5787 2781 5857 gelicam
2818 5788 2975 5839 vitim
3009 5784 3060 5838 in
3094 5795 3231 5841 terra
3270 5785 3487 5852 ducere,
3536 5802 3594 5840 ac
3624 5802 3743 5841 cum
3789 5786 3883 5840 hac
3913 5801 4073 5842 carne
