  <div class='ocr_page' id='page_1' title='image "/cluster/home/n/w/nwhite01/storage/ocr_20150623/48/pst.000005712458/144.png"; bbox 0 0 4158 6316; ppageno 0'>
   <div class='ocr_carea' id='block_1_1' title="bbox 194 383 332 442">
    <p class='ocr_par' dir='ltr' id='par_1_1' title="bbox 194 383 332 442">
     <span class='ocr_line' id='line_1_1' title="bbox 194 383 332 442; baseline 0 0"><span class='ocrx_word' id='word_1_1' title='bbox 194 383 332 442; x_wconf 69' lang='grc'><strong>687</strong></span> 
     </span>
    </p>
   </div>
   <div class='ocr_carea' id='block_1_2' title="bbox 186 492 1807 565">
    <p class='ocr_par' dir='ltr' id='par_1_2' title="bbox 186 492 1807 565">
     <span class='ocr_line' id='line_1_2' title="bbox 186 492 1807 565; baseline -0.001 -14"><span class='ocrx_word' id='word_1_2' title='bbox 186 509 337 564; x_wconf 65' lang='lat' dir='ltr'><strong>qua</strong></span> <span class='ocrx_word' id='word_1_3' title='bbox 382 496 813 565; x_wconf 81' lang='lat' dir='ltr'><strong>incorporearum</strong></span> <span class='ocrx_word' id='word_1_4' title='bbox 850 502 978 551; x_wconf 80' lang='lat' dir='ltr'><strong>sunt</strong></span> <span class='ocrx_word' id='word_1_5' title='bbox 1015 500 1335 564; x_wconf 69' lang='lat' dir='ltr'><strong>potestatum</strong></span> <span class='ocrx_word' id='word_1_6' title='bbox 1369 492 1470 547; x_wconf 85' lang='lat' dir='ltr'><strong>sibi</strong></span> <span class='ocrx_word' id='word_1_7' title='bbox 1509 495 1807 563; x_wconf 65' lang='lat' dir='ltr'><strong>prmstanda</strong></span> 
     </span>
    </p>
   </div>
   <div class='ocr_carea' id='block_1_3' title="bbox 190 584 1847 656">
    <p class='ocr_par' dir='ltr' id='par_1_3' title="bbox 190 584 1847 656">
     <span class='ocr_line' id='line_1_3' title="bbox 190 584 1847 656; baseline -0.001 -14"><span class='ocrx_word' id='word_1_8' title='bbox 190 588 496 656; x_wconf 75' lang='lat' dir='ltr'><strong>proponit.</strong></span> <span class='ocrx_word' id='word_1_9' title='bbox 530 584 641 642; x_wconf 81' lang='lat' dir='ltr'><strong>Nec</strong></span> <span class='ocrx_word' id='word_1_10' title='bbox 677 586 799 640; x_wconf 89' lang='lat' dir='ltr'><strong>licet</strong></span> <span class='ocrx_word' id='word_1_11' title='bbox 834 586 888 640; x_wconf 86' lang='lat' dir='ltr'><strong>ei</strong></span> <span class='ocrx_word' id='word_1_12' title='bbox 930 585 1237 655; x_wconf 84' lang='lat' dir='ltr'><strong>frequenter</strong></span> <span class='ocrx_word' id='word_1_13' title='bbox 1282 594 1336 639; x_wconf 89' lang='lat' dir='ltr'><strong>et</strong></span> <span class='ocrx_word' id='word_1_14' title='bbox 1369 585 1625 640; x_wconf 79' lang='lat' dir='ltr'><strong>imitiliter</strong></span> <span class='ocrx_word' id='word_1_15' title='bbox 1668 586 1810 641; x_wconf 80' lang='lat' dir='ltr'><strong>foras</strong></span> <span class='ocrx_word' id='word_1_16' title='bbox 1840 646 1847 647; x_wconf 22' lang='grc' dir='ltr'>ί</span> 
     </span>
    </p>
   </div>
   <div class='ocr_carea' id='block_1_4' title="bbox 183 668 1811 747">
    <p class='ocr_par' dir='ltr' id='par_1_4' title="bbox 183 668 1811 747">
     <span class='ocr_line' id='line_1_4' title="bbox 183 668 1811 747; baseline -0.001 -15"><span class='ocrx_word' id='word_1_17' title='bbox 183 677 502 747; x_wconf 72' lang='lat' dir='ltr'><strong>progredi,</strong></span> <span class='ocrx_word' id='word_1_18' title='bbox 522 691 622 731; x_wconf 91' lang='lat' dir='ltr'><strong>nec</strong></span> <span class='ocrx_word' id='word_1_19' title='bbox 652 677 810 732; x_wconf 88' lang='lat' dir='ltr'><strong>verba</strong></span> <span class='ocrx_word' id='word_1_20' title='bbox 850 674 1024 732; x_wconf 80' lang='lat' dir='ltr'><strong>iutilia</strong></span> <span class='ocrx_word' id='word_1_21' title='bbox 1049 691 1289 746; x_wconf 84' lang='lat' dir='ltr'><strong>vanaque</strong></span> <span class='ocrx_word' id='word_1_22' title='bbox 1317 668 1557 745; x_wconf 82' lang='lat' dir='ltr'><strong>proferre</strong></span> <span class='ocrx_word' id='word_1_23' title='bbox 1582 694 1595 729; x_wconf 88' lang='lat'><strong>:</strong></span> <span class='ocrx_word' id='word_1_24' title='bbox 1627 678 1811 731; x_wconf 74' lang='lat' dir='ltr'><strong>convi-</strong></span> 
     </span>
    </p>
   </div>
   <div class='ocr_carea' id='block_1_5' title="bbox 186 762 1837 836">
    <p class='ocr_par' dir='ltr' id='par_1_5' title="bbox 186 762 1837 836">
     <span class='ocr_line' id='line_1_5' title="bbox 186 762 1837 836; baseline -0.001 -15"><span class='ocrx_word' id='word_1_25' title='bbox 186 764 285 821; x_wconf 80' lang='lat' dir='ltr'><strong>cii</strong></span> <span class='ocrx_word' id='word_1_26' title='bbox 310 762 395 821; x_wconf 84' lang='lat' dir='ltr'><strong>et</strong></span> <span class='ocrx_word' id='word_1_27' title='bbox 430 766 756 835; x_wconf 18' lang='lat' dir='ltr'><strong>{adulationis</strong></span> <span class='ocrx_word' id='word_1_28' title='bbox 799 781 865 822; x_wconf 84' lang='lat' dir='ltr'><strong>ne</strong></span> <span class='ocrx_word' id='word_1_29' title='bbox 916 782 1111 821; x_wconf 82' lang='lat' dir='ltr'><strong>nomen</strong></span> <span class='ocrx_word' id='word_1_30' title='bbox 1144 766 1359 836; x_wconf 69' lang='lat' dir='ltr'><strong>Quidem</strong></span> <span class='ocrx_word' id='word_1_31' title='bbox 1400 767 1543 821; x_wconf 91' lang='lat' dir='ltr'><strong>norit</strong></span> <span class='ocrx_word' id='word_1_32' title='bbox 1577 776 1806 835; x_wconf 57' lang='lat' dir='ltr'><strong>Oportet.</strong></span> <span class='ocrx_word' id='word_1_33' title='bbox 1834 782 1837 789; x_wconf 85' lang='lat'>&#39;</span> 
     </span>
    </p>
   </div>
   <div class='ocr_carea' id='block_1_6' title="bbox 180 856 1809 928">
    <p class='ocr_par' dir='ltr' id='par_1_6' title="bbox 180 856 1809 928">
     <span class='ocr_line' id='line_1_6' title="bbox 180 856 1809 928; baseline -0.001 -15"><span class='ocrx_word' id='word_1_34' title='bbox 180 856 553 928; x_wconf 81' lang='lat' dir='ltr'><strong>Quapropter</strong></span> <span class='ocrx_word' id='word_1_35' title='bbox 565 856 868 913; x_wconf 89' lang='lat' dir='ltr'><strong>ﬁrmissima</strong></span> <span class='ocrx_word' id='word_1_36' title='bbox 884 856 1122 913; x_wconf 77' lang='lat' dir='ltr'><strong>custodia</strong></span> <span class='ocrx_word' id='word_1_37' title='bbox 1137 864 1193 911; x_wconf 89' lang='lat' dir='ltr'><strong>et</strong></span> <span class='ocrx_word' id='word_1_38' title='bbox 1207 858 1391 925; x_wconf 78' lang='lat' dir='ltr'><strong>majori</strong></span> <span class='ocrx_word' id='word_1_39' title='bbox 1406 856 1650 926; x_wconf 74' lang='lat' dir='ltr'><strong>prmsidio</strong></span> <span class='ocrx_word' id='word_1_40' title='bbox 1677 872 1809 925; x_wconf 88' lang='lat' dir='ltr'><strong>opus</strong></span> 
     </span>
    </p>
   </div>
   <div class='ocr_carea' id='block_1_7' title="bbox 185 945 1807 1015">
    <p class='ocr_par' dir='ltr' id='par_1_7' title="bbox 185 945 1807 1015">
     <span class='ocr_line' id='line_1_7' title="bbox 185 945 1807 1015; baseline -0.001 -14"><span class='ocrx_word' id='word_1_41' title='bbox 185 945 427 1002; x_wconf 73' lang='lat' dir='ltr'><strong>habet:</strong></span> <span class='ocrx_word' id='word_1_42' title='bbox 476 963 597 1002; x_wconf 82' lang='lat' dir='ltr'><strong>nam</strong></span> <span class='ocrx_word' id='word_1_43' title='bbox 638 946 935 1004; x_wconf 72' lang='lat' dir='ltr'><strong>sanctitatis</strong></span> <span class='ocrx_word' id='word_1_44' title='bbox 969 946 1137 1001; x_wconf 84' lang='lat' dir='ltr'><strong>hostis</strong></span> <span class='ocrx_word' id='word_1_45' title='bbox 1182 947 1322 1015; x_wconf 82' lang='lat' dir='ltr'><strong>ipsas</strong></span> <span class='ocrx_word' id='word_1_46' title='bbox 1351 946 1519 1014; x_wconf 86' lang='lat' dir='ltr'><strong>magis</strong></span> <span class='ocrx_word' id='word_1_47' title='bbox 1558 946 1807 1000; x_wconf 79' lang='lat' dir='ltr'><strong>observat</strong></span> 
     </span>
    </p>
   </div>
   <div class='ocr_carea' id='block_1_8' title="bbox 182 1035 1805 1113">
    <p class='ocr_par' dir='ltr' id='par_1_8' title="bbox 182 1035 1805 1113">
     <span class='ocr_line' id='line_1_8' title="bbox 182 1035 1805 1113; baseline -0.001 -23"><span class='ocrx_word' id='word_1_48' title='bbox 182 1035 531 1107; x_wconf 80' lang='lat' dir='ltr'><strong>insidiisque</strong></span> <span class='ocrx_word' id='word_1_49' title='bbox 556 1038 785 1113; x_wconf 87' lang='lat' dir='ltr'><strong>appetit.</strong></span> <span class='ocrx_word' id='word_1_50' title='bbox 826 1036 1286 1091; x_wconf 83' lang='lat' dir='ltr'><strong>addevorandum</strong></span> <span class='ocrx_word' id='word_1_51' title='bbox 1308 1072 1310 1075; x_wconf 57' lang='grc' dir='ltr'><strong><em>τ</em></strong></span> <span class='ocrx_word' id='word_1_52' title='bbox 1335 1044 1545 1105; x_wconf 74' lang='lat' dir='ltr'><strong>paratus</strong></span> <span class='ocrx_word' id='word_1_53' title='bbox 1574 1036 1619 1090; x_wconf 93' lang='lat' dir='ltr'><strong>si</strong></span> <span class='ocrx_word' id='word_1_54' title='bbox 1647 1051 1805 1105; x_wconf 88' lang='lat' dir='ltr'><strong>quam</strong></span> 
     </span>
    </p>
   </div>
   <div class='ocr_carea' id='block_1_9' title="bbox 179 1125 1805 1197">
    <p class='ocr_par' dir='ltr' id='par_1_9' title="bbox 179 1125 1805 1197">
     <span class='ocr_line' id='line_1_9' title="bbox 179 1125 1805 1197; baseline -0.001 -16"><span class='ocrx_word' id='word_1_55' title='bbox 179 1125 482 1182; x_wconf 75' lang='lat' dir='ltr'><strong>labentem</strong></span> <span class='ocrx_word' id='word_1_56' title='bbox 509 1127 896 1197; x_wconf 85' lang='lat' dir='ltr'><strong>cadentemque</strong></span> <span class='ocrx_word' id='word_1_57' title='bbox 923 1127 1096 1180; x_wconf 84' lang='lat' dir='ltr'><strong>videat</strong></span> <span class='ocrx_word' id='word_1_58' title='bbox 1125 1142 1141 1182; x_wconf 87' lang='lat'><strong>:</strong></span> <span class='ocrx_word' id='word_1_59' title='bbox 1184 1126 1457 1188; x_wconf 78' lang='lat' dir='ltr'><strong>hominum</strong></span> <span class='ocrx_word' id='word_1_60' title='bbox 1487 1127 1615 1180; x_wconf 92' lang='lat' dir='ltr'><strong>item</strong></span> <span class='ocrx_word' id='word_1_61' title='bbox 1652 1127 1805 1191; x_wconf 79' lang='lat' dir='ltr'><strong>multi</strong></span> 
     </span>
    </p>
   </div>
   <div class='ocr_carea' id='block_1_10' title="bbox 178 1206 1805 1285">
    <p class='ocr_par' dir='ltr' id='par_1_10' title="bbox 178 1206 1805 1285">
     <span class='ocr_line' id='line_1_10' title="bbox 178 1206 1805 1285; baseline 0.002 -18"><span class='ocrx_word' id='word_1_62' title='bbox 178 1214 345 1284; x_wconf 77' lang='lat' dir='ltr'><strong>ipsis</strong></span> <span class='ocrx_word' id='word_1_63' title='bbox 374 1215 713 1278; x_wconf 80' lang='lat' dir='ltr'><strong>insidiantur.</strong></span> <span class='ocrx_word' id='word_1_64' title='bbox 730 1232 853 1271; x_wconf 89' lang='lat' dir='ltr'><strong>cum</strong></span> <span class='ocrx_word' id='word_1_65' title='bbox 876 1217 1044 1285; x_wconf 84' lang='lat' dir='ltr'><strong>iisque</strong></span> <span class='ocrx_word' id='word_1_66' title='bbox 1066 1206 1311 1270; x_wconf 83' lang='lat' dir='ltr'><strong>omnibus</strong></span> <span class='ocrx_word' id='word_1_67' title='bbox 1337 1226 1539 1270; x_wconf 82' lang='lat' dir='ltr'><strong>natura:</strong></span> <span class='ocrx_word' id='word_1_68' title='bbox 1565 1216 1805 1285; x_wconf 87' lang='lat' dir='ltr'><strong>petulan-</strong></span> 
     </span>
    </p>
   </div>
   <div class='ocr_carea' id='block_1_11' title="bbox 179 1304 1799 1375">
    <p class='ocr_par' dir='ltr' id='par_1_11' title="bbox 179 1304 1799 1375">
     <span class='ocr_line' id='line_1_11' title="bbox 179 1304 1799 1375; baseline 0.001 -16"><span class='ocrx_word' id='word_1_69' title='bbox 179 1305 303 1359; x_wconf 78' lang='lat' dir='ltr'><strong>tia.</strong></span> <span class='ocrx_word' id='word_1_70' title='bbox 336 1304 399 1360; x_wconf 90' lang='lat' dir='ltr'><strong>in</strong></span> <span class='ocrx_word' id='word_1_71' title='bbox 419 1320 624 1360; x_wconf 80' lang='lat' dir='ltr'><strong>summa</strong></span> <span class='ocrx_word' id='word_1_72' title='bbox 648 1305 847 1374; x_wconf 83' lang='lat' dir='ltr'><strong>duplex</strong></span> <span class='ocrx_word' id='word_1_73' title='bbox 880 1304 1077 1359; x_wconf 85' lang='lat' dir='ltr'><strong>bellum</strong></span> <span class='ocrx_word' id='word_1_74' title='bbox 1104 1306 1172 1358; x_wconf 90' lang='lat' dir='ltr'><strong>ab</strong></span> <span class='ocrx_word' id='word_1_75' title='bbox 1194 1322 1256 1359; x_wconf 84' lang='lat' dir='ltr'><strong>ea</strong></span> <span class='ocrx_word' id='word_1_76' title='bbox 1284 1307 1505 1375; x_wconf 68' lang='lat' dir='ltr'><strong>geritur,</strong></span> <span class='ocrx_word' id='word_1_77' title='bbox 1532 1306 1674 1359; x_wconf 83' lang='lat' dir='ltr'><strong>aliud</strong></span> <span class='ocrx_word' id='word_1_78' title='bbox 1702 1321 1799 1360; x_wconf 86' lang='lat' dir='ltr'><strong>ex-</strong></span> 
     </span>
    </p>
   </div>
   <div class='ocr_carea' id='block_1_12' title="bbox 181 1396 1798 1456">
    <p class='ocr_par' dir='ltr' id='par_1_12' title="bbox 181 1396 1798 1456">
     <span class='ocr_line' id='line_1_12' title="bbox 181 1396 1798 1456; baseline -0.002 -5"><span class='ocrx_word' id='word_1_79' title='bbox 181 1396 480 1453; x_wconf 81' lang='lat' dir='ltr'><strong>trinsecus</strong></span> <span class='ocrx_word' id='word_1_80' title='bbox 526 1397 874 1456; x_wconf 78' lang='lat' dir='ltr'><strong>incumbens.</strong></span> <span class='ocrx_word' id='word_1_81' title='bbox 939 1397 1079 1452; x_wconf 81' lang='lat' dir='ltr'><strong>aliud</strong></span> <span class='ocrx_word' id='word_1_82' title='bbox 1124 1396 1442 1452; x_wconf 80' lang='lat' dir='ltr'><strong>intrinsecus</strong></span> <span class='ocrx_word' id='word_1_83' title='bbox 1488 1397 1798 1451; x_wconf 80' lang='lat' dir='ltr'><strong>obturbaus.</strong></span> 
     </span>
    </p>
   </div>
   <div class='ocr_carea' id='block_1_13' title="bbox 178 1485 1797 1560">
    <p class='ocr_par' dir='ltr' id='par_1_13' title="bbox 178 1485 1797 1560">
     <span class='ocr_line' id='line_1_13' title="bbox 178 1485 1797 1560; baseline -0.002 -17"><span class='ocrx_word' id='word_1_84' title='bbox 178 1485 337 1543; x_wconf 73' lang='lat' dir='ltr'><strong>Meo</strong></span> <span class='ocrx_word' id='word_1_85' title='bbox 362 1504 585 1560; x_wconf 81' lang='lat' dir='ltr'><strong>magnus</strong></span> <span class='ocrx_word' id='word_1_86' title='bbox 610 1489 775 1544; x_wconf 84' lang='lat' dir='ltr'><strong>instat</strong></span> <span class='ocrx_word' id='word_1_87' title='bbox 797 1488 1029 1544; x_wconf 75' lang='lat' dir='ltr'><strong>curatori</strong></span> <span class='ocrx_word' id='word_1_88' title='bbox 1061 1488 1238 1553; x_wconf 90' lang='lat' dir='ltr'><strong>timor,</strong></span> <span class='ocrx_word' id='word_1_89' title='bbox 1276 1487 1445 1557; x_wconf 84' lang='lat' dir='ltr'><strong>majus</strong></span> <span class='ocrx_word' id='word_1_90' title='bbox 1484 1488 1797 1557; x_wconf 71' lang='lat' dir='ltr'><strong>periculum;</strong></span> 
     </span>
    </p>
   </div>
   <div class='ocr_carea' id='block_1_14' title="bbox 182 1578 1798 1649">
    <p class='ocr_par' dir='ltr' id='par_1_14' title="bbox 182 1578 1798 1649">
     <span class='ocr_line' id='line_1_14' title="bbox 182 1578 1798 1649; baseline -0.001 -16"><span class='ocrx_word' id='word_1_91' title='bbox 182 1578 370 1633; x_wconf 81' lang='lat' dir='ltr'><strong>dolor</strong></span> <span class='ocrx_word' id='word_1_92' title='bbox 396 1580 599 1649; x_wconf 85' lang='lat' dir='ltr'><strong>ingens,</strong></span> <span class='ocrx_word' id='word_1_93' title='bbox 644 1578 691 1634; x_wconf 85' lang='lat' dir='ltr'><strong>si</strong></span> <span class='ocrx_word' id='word_1_94' title='bbox 719 1579 846 1648; x_wconf 88' lang='lat' dir='ltr'><strong>quid</strong></span> <span class='ocrx_word' id='word_1_95' title='bbox 878 1588 1063 1633; x_wconf 87' lang='lat' dir='ltr'><strong>contra</strong></span> <span class='ocrx_word' id='word_1_96' title='bbox 1088 1578 1251 1633; x_wconf 86' lang='lat' dir='ltr'><strong>animi</strong></span> <span class='ocrx_word' id='word_1_97' title='bbox 1276 1579 1618 1642; x_wconf 71' lang='lat' dir='ltr'><strong>sententiam,</strong></span> <span class='ocrx_word' id='word_1_98' title='bbox 1658 1578 1798 1648; x_wconf 89' lang='lat' dir='ltr'><strong>quod</strong></span> 
     </span>
    </p>
   </div>
   <div class='ocr_carea' id='block_1_15' title="bbox 178 1668 1799 1757">
    <p class='ocr_par' dir='ltr' id='par_1_15' title="bbox 178 1668 1799 1757">
     <span class='ocr_line' id='line_1_15' title="bbox 178 1668 1799 1757; baseline 0.002 -37"><span class='ocrx_word' id='word_1_99' title='bbox 178 1669 367 1731; x_wconf 77' lang='lat' dir='ltr'><strong>absit,</strong></span> <span class='ocrx_word' id='word_1_100' title='bbox 418 1669 642 1724; x_wconf 87' lang='lat' dir='ltr'><strong>accidat.</strong></span> <span class='ocrx_word' id='word_1_101' title='bbox 694 1668 828 1723; x_wconf 80' lang='lat' dir='ltr'><strong>Nam</strong></span> <span class='ocrx_word' id='word_1_102' title='bbox 859 1668 904 1722; x_wconf 90' lang='lat' dir='ltr'><strong>si</strong></span> <span class='ocrx_word' id='word_1_103' title='bbox 951 1668 1085 1741; x_wconf 83' lang='lat' dir='ltr'><strong>patri</strong></span> <span class='ocrx_word' id='word_1_104' title='bbox 1116 1670 1227 1737; x_wconf 75' lang='lat' dir='ltr'><strong>[ilia</strong></span> <span class='ocrx_word' id='word_1_105' title='bbox 1263 1668 1491 1757; x_wconf 51' lang='lat' dir='ltr'><strong>occulta:</strong></span> <span class='ocrx_word' id='word_1_106' title='bbox 1541 1669 1799 1742; x_wconf 77' lang='lat' dir='ltr'><strong>vigilantia</strong></span> 
     </span>
    </p>
   </div>
   <div class='ocr_carea' id='block_1_16' title="bbox 180 1758 1799 1830">
    <p class='ocr_par' dir='ltr' id='par_1_16' title="bbox 180 1758 1799 1830">
     <span class='ocr_line' id='line_1_16' title="bbox 180 1758 1799 1830; baseline -0.001 -17"><span class='ocrx_word' id='word_1_107' title='bbox 180 1758 403 1830; x_wconf 63' lang='grc' dir='ltr'><strong>(εἶσι-Η.</strong></span> <span class='ocrx_word' id='word_1_108' title='bbox 427 1759 515 1815; x_wconf 72' lang='grc'><strong>42.</strong></span> <span class='ocrx_word' id='word_1_109' title='bbox 538 1760 595 1830; x_wconf 89' lang='lat'><strong>9)</strong></span> <span class='ocrx_word' id='word_1_110' title='bbox 619 1769 723 1824; x_wconf 88' lang='lat' dir='ltr'><strong>est,</strong></span> <span class='ocrx_word' id='word_1_111' title='bbox 769 1770 825 1828; x_wconf 82' lang='lat' dir='ltr'><strong>et</strong></span> <span class='ocrx_word' id='word_1_112' title='bbox 858 1759 1167 1815; x_wconf 86' lang='lat' dir='ltr'><strong>sollicitudo</strong></span> <span class='ocrx_word' id='word_1_113' title='bbox 1203 1760 1319 1828; x_wconf 86' lang='lat' dir='ltr'><strong>ejus</strong></span> <span class='ocrx_word' id='word_1_114' title='bbox 1355 1772 1599 1813; x_wconf 80' lang='lat' dir='ltr'><strong>somnum</strong></span> <span class='ocrx_word' id='word_1_115' title='bbox 1638 1759 1705 1812; x_wconf 89' lang='lat' dir='ltr'><strong>ab</strong></span> <span class='ocrx_word' id='word_1_116' title='bbox 1733 1772 1799 1812; x_wconf 88' lang='lat' dir='ltr'><strong>eo</strong></span> 
     </span>
    </p>
   </div>
   <div class='ocr_carea' id='block_1_17' title="bbox 181 1826 1797 1918">
    <p class='ocr_par' dir='ltr' id='par_1_17' title="bbox 181 1826 1797 1918">
     <span class='ocr_line' id='line_1_17' title="bbox 181 1826 1797 1918; baseline -0.001 -15"><span class='ocrx_word' id='word_1_117' title='bbox 181 1826 451 1918; x_wconf 33' lang='lat' dir='ltr'><strong>depellit,</strong></span> <span class='ocrx_word' id='word_1_118' title='bbox 468 1826 699 1905; x_wconf 75' lang='lat' dir='ltr'><strong>timente</strong></span> <span class='ocrx_word' id='word_1_119' title='bbox 717 1865 784 1905; x_wconf 90' lang='lat' dir='ltr'><strong>ne</strong></span> <span class='ocrx_word' id='word_1_120' title='bbox 804 1826 897 1904; x_wconf 79' lang='lat' dir='ltr'><strong>aut</strong></span> <span class='ocrx_word' id='word_1_121' title='bbox 916 1850 1116 1904; x_wconf 82' lang='lat' dir='ltr'><strong>sterilis</strong></span> <span class='ocrx_word' id='word_1_122' title='bbox 1139 1826 1243 1915; x_wconf 52' lang='lat' dir='ltr'><strong>sit,</strong></span> <span class='ocrx_word' id='word_1_123' title='bbox 1262 1849 1342 1904; x_wconf 90' lang='lat' dir='ltr'><strong>vel</strong></span> <span class='ocrx_word' id='word_1_124' title='bbox 1370 1845 1601 1913; x_wconf 84' lang='lat' dir='ltr'><strong>nubilem</strong></span> <span class='ocrx_word' id='word_1_125' title='bbox 1621 1861 1797 1903; x_wconf 85' lang='lat' dir='ltr'><strong>trans-</strong></span> 
     </span>
    </p>
   </div>
   <div class='ocr_carea' id='block_1_18' title="bbox 183 1940 1799 2015">
    <p class='ocr_par' dir='ltr' id='par_1_18' title="bbox 183 1940 1799 2015">
     <span class='ocr_line' id='line_1_18' title="bbox 183 1940 1799 2015; baseline 0.001 -23"><span class='ocrx_word' id='word_1_126' title='bbox 183 1940 483 2006; x_wconf 74' lang='lat' dir='ltr'><strong>grediatur</strong></span> <span class='ocrx_word' id='word_1_127' title='bbox 500 1949 733 2008; x_wconf 62' lang='lat' dir='ltr'><strong>etatem,</strong></span> <span class='ocrx_word' id='word_1_128' title='bbox 761 1941 1063 2015; x_wconf 78' lang='lat' dir='ltr'><strong>velperosa</strong></span> <span class='ocrx_word' id='word_1_129' title='bbox 1091 1940 1159 1995; x_wconf 86' lang='lat' dir='ltr'><strong>sit</strong></span> <span class='ocrx_word' id='word_1_130' title='bbox 1182 1942 1394 2010; x_wconf 69' lang='lat' dir='ltr'><strong>coniugi</strong></span> <span class='ocrx_word' id='word_1_131' title='bbox 1425 1955 1442 1996; x_wconf 85' lang='lat'><strong>:</strong></span> <span class='ocrx_word' id='word_1_132' title='bbox 1481 1941 1605 2009; x_wconf 87' lang='lat' dir='ltr'><strong>quid</strong></span> <span class='ocrx_word' id='word_1_133' title='bbox 1630 1943 1799 2011; x_wconf 83' lang='lat' dir='ltr'><strong>patie-</strong></span> 
     </span>
    </p>
   </div>
   <div class='ocr_carea' id='block_1_19' title="bbox 182 2031 1795 2103">
    <p class='ocr_par' dir='ltr' id='par_1_19' title="bbox 182 2031 1795 2103">
     <span class='ocr_line' id='line_1_19' title="bbox 182 2031 1795 2103; baseline -0.001 -15"><span class='ocrx_word' id='word_1_134' title='bbox 182 2045 284 2089; x_wconf 82' lang='lat' dir='ltr'><strong>tur</strong></span> <span class='ocrx_word' id='word_1_135' title='bbox 311 2035 388 2099; x_wconf 91' lang='lat' dir='ltr'><strong>is,</strong></span> <span class='ocrx_word' id='word_1_136' title='bbox 415 2033 505 2103; x_wconf 83' lang='lat' dir='ltr'><strong>qui</strong></span> <span class='ocrx_word' id='word_1_137' title='bbox 539 2032 726 2086; x_wconf 88' lang='lat' dir='ltr'><strong>horum</strong></span> <span class='ocrx_word' id='word_1_138' title='bbox 756 2034 977 2101; x_wconf 84' lang='lat' dir='ltr'><strong>quidem</strong></span> <span class='ocrx_word' id='word_1_139' title='bbox 994 2032 1145 2097; x_wconf 84' lang='lat' dir='ltr'><strong>nihil,</strong></span> <span class='ocrx_word' id='word_1_140' title='bbox 1167 2031 1259 2087; x_wconf 90' lang='lat' dir='ltr'><strong>sed</strong></span> <span class='ocrx_word' id='word_1_141' title='bbox 1283 2032 1381 2085; x_wconf 87' lang='lat' dir='ltr'><strong>alia</strong></span> <span class='ocrx_word' id='word_1_142' title='bbox 1408 2032 1473 2085; x_wconf 88' lang='lat' dir='ltr'><strong>iis</strong></span> <span class='ocrx_word' id='word_1_143' title='bbox 1502 2033 1656 2101; x_wconf 88' lang='lat' dir='ltr'><strong>longe</strong></span> <span class='ocrx_word' id='word_1_144' title='bbox 1675 2047 1795 2100; x_wconf 80' lang='lat' dir='ltr'><strong>gra-</strong></span> 
     </span>
    </p>
   </div>
   <div class='ocr_carea' id='block_1_20' title="bbox 180 2120 1791 2197">
    <p class='ocr_par' dir='ltr' id='par_1_20' title="bbox 180 2120 1791 2197">
     <span class='ocr_line' id='line_1_20' title="bbox 180 2120 1791 2197; baseline 0 -20"><span class='ocrx_word' id='word_1_145' title='bbox 180 2126 350 2177; x_wconf 82' lang='lat' dir='ltr'><strong>viora</strong></span> <span class='ocrx_word' id='word_1_146' title='bbox 378 2122 606 2177; x_wconf 84' lang='lat' dir='ltr'><strong>metuit?</strong></span> <span class='ocrx_word' id='word_1_147' title='bbox 632 2120 813 2192; x_wconf 85' lang='lat' dir='ltr'><strong>Neque</strong></span> <span class='ocrx_word' id='word_1_148' title='bbox 836 2121 924 2177; x_wconf 87' lang='lat' dir='ltr'><strong>hic</strong></span> <span class='ocrx_word' id='word_1_149' title='bbox 944 2122 1023 2176; x_wconf 88' lang='lat' dir='ltr'><strong>vir</strong></span> <span class='ocrx_word' id='word_1_150' title='bbox 1040 2123 1308 2177; x_wconf 87' lang='lat' dir='ltr'><strong>contemni</strong></span> <span class='ocrx_word' id='word_1_151' title='bbox 1333 2132 1528 2197; x_wconf 66' lang='lat' dir='ltr'><strong>potest,</strong></span> <span class='ocrx_word' id='word_1_152' title='bbox 1554 2123 1648 2177; x_wconf 86' lang='lat' dir='ltr'><strong>sed</strong></span> <span class='ocrx_word' id='word_1_153' title='bbox 1680 2124 1791 2191; x_wconf 82' lang='lat' dir='ltr'><strong>ipse</strong></span> 
     </span>
    </p>
   </div>
   <div class='ocr_carea' id='block_1_21' title="bbox 179 2206 1791 2285">
    <p class='ocr_par' dir='ltr' id='par_1_21' title="bbox 179 2206 1791 2285">
     <span class='ocr_line' id='line_1_21' title="bbox 179 2206 1791 2285; baseline 0 -18"><span class='ocrx_word' id='word_1_154' title='bbox 179 2208 451 2267; x_wconf 74' lang='lat' dir='ltr'><strong>Christus</strong></span> <span class='ocrx_word' id='word_1_155' title='bbox 481 2229 495 2265; x_wconf 93' lang='lat'><strong>:</strong></span> <span class='ocrx_word' id='word_1_156' title='bbox 526 2227 697 2280; x_wconf 91' lang='lat' dir='ltr'><strong>neque</strong></span> <span class='ocrx_word' id='word_1_157' title='bbox 720 2212 968 2267; x_wconf 86' lang='lat' dir='ltr'><strong>sterilitas</strong></span> <span class='ocrx_word' id='word_1_158' title='bbox 998 2212 1050 2267; x_wconf 91' lang='lat' dir='ltr'><strong>in</strong></span> <span class='ocrx_word' id='word_1_159' title='bbox 1072 2212 1411 2285; x_wconf 68' lang='lat' dir='ltr'><strong>ignominiam</strong></span> <span class='ocrx_word' id='word_1_160' title='bbox 1442 2206 1666 2279; x_wconf 87' lang='lat' dir='ltr'><strong>tantum,</strong></span> <span class='ocrx_word' id='word_1_161' title='bbox 1699 2213 1791 2267; x_wconf 76' lang='lat' dir='ltr'><strong>sed</strong></span> 
     </span>
    </p>
   </div>
   <div class='ocr_carea' id='block_1_22' title="bbox 179 2290 1787 2381">
    <p class='ocr_par' dir='ltr' id='par_1_22' title="bbox 179 2290 1787 2381">
     <span class='ocr_line' id='line_1_22' title="bbox 179 2290 1787 2381; baseline -0.001 -23"><span class='ocrx_word' id='word_1_162' title='bbox 179 2306 401 2358; x_wconf 84' lang='lat' dir='ltr'><strong>malum</strong></span> <span class='ocrx_word' id='word_1_163' title='bbox 428 2304 478 2356; x_wconf 91' lang='lat' dir='ltr'><strong>in</strong></span> <span class='ocrx_word' id='word_1_164' title='bbox 505 2303 789 2373; x_wconf 87' lang='lat' dir='ltr'><strong>perniciem</strong></span> <span class='ocrx_word' id='word_1_165' title='bbox 811 2305 1003 2358; x_wconf 73' lang='lat' dir='ltr'><strong>animae</strong></span> <span class='ocrx_word' id='word_1_166' title='bbox 1022 2303 1235 2359; x_wconf 89' lang='lat' dir='ltr'><strong>desinit.</strong></span> <span class='ocrx_word' id='word_1_167' title='bbox 1258 2290 1396 2381; x_wconf 76' lang='lat' dir='ltr'><strong>Nam</strong></span> <span class='ocrx_word' id='word_1_168' title='bbox 1417 2302 1594 2359; x_wconf 79' lang='lat' dir='ltr'><strong>Omnia</strong></span> <span class='ocrx_word' id='word_1_169' title='bbox 1617 2307 1787 2371; x_wconf 82' lang='lat' dir='ltr'><strong>arbor,</strong></span> 
     </span>
    </p>
   </div>
   <div class='ocr_carea' id='block_1_23' title="bbox 177 2393 1789 2467">
    <p class='ocr_par' dir='ltr' id='par_1_23' title="bbox 177 2393 1789 2467">
     <span class='ocr_line' id='line_1_23' title="bbox 177 2393 1789 2467; baseline 0.003 -22"><span class='ocrx_word' id='word_1_170' title='bbox 177 2395 287 2456; x_wconf 82' lang='lat' dir='ltr'><strong>ait,</strong></span> <span class='ocrx_word' id='word_1_171' title='bbox 321 2410 442 2462; x_wconf 73' lang='lat' dir='ltr'><strong>qua:</strong></span> <span class='ocrx_word' id='word_1_172' title='bbox 469 2411 570 2447; x_wconf 83' lang='lat' dir='ltr'><strong>non</strong></span> <span class='ocrx_word' id='word_1_173' title='bbox 591 2394 712 2463; x_wconf 73' lang='lat' dir='ltr'><strong>facit</strong></span> <span class='ocrx_word' id='word_1_174' title='bbox 729 2393 952 2462; x_wconf 80' lang='lat' dir='ltr'><strong>fructum</strong></span> <span class='ocrx_word' id='word_1_175' title='bbox 982 2395 1187 2460; x_wconf 80' lang='lat' dir='ltr'><strong>bonum,</strong></span> <span class='ocrx_word' id='word_1_176' title='bbox 1214 2394 1473 2450; x_wconf 66' lang='lat' dir='ltr'><strong>excidatur</strong></span> <span class='ocrx_word' id='word_1_177' title='bbox 1493 2404 1537 2449; x_wconf 78' lang='lat' dir='ltr'><strong>et</strong></span> <span class='ocrx_word' id='word_1_178' title='bbox 1555 2396 1607 2450; x_wconf 86' lang='lat' dir='ltr'><strong>in</strong></span> <span class='ocrx_word' id='word_1_179' title='bbox 1622 2396 1789 2467; x_wconf 85' lang='lat' dir='ltr'><strong>ignem</strong></span> 
     </span>
    </p>
   </div>
   <div class='ocr_carea' id='block_1_24' title="bbox 176 2484 1787 2555">
    <p class='ocr_par' dir='ltr' id='par_1_24' title="bbox 176 2484 1787 2555">
     <span class='ocr_line' id='line_1_24' title="bbox 176 2484 1787 2555; baseline 0.003 -18"><span class='ocrx_word' id='word_1_180' title='bbox 176 2487 428 2538; x_wconf 79' lang='lat' dir='ltr'><strong>mittetur</strong></span> <span class='ocrx_word' id='word_1_181' title='bbox 460 2484 669 2555; x_wconf 76' lang='lat' dir='ltr'><strong>(Matth.</strong></span> <span class='ocrx_word' id='word_1_182' title='bbox 698 2486 751 2540; x_wconf 80' lang='lat'><strong>5.</strong></span> <span class='ocrx_word' id='word_1_183' title='bbox 777 2485 886 2555; x_wconf 80' lang='lat' dir='ltr'><strong>l0).</strong></span> <span class='ocrx_word' id='word_1_184' title='bbox 933 2484 994 2539; x_wconf 83' lang='lat' dir='ltr'><strong>Ei</strong></span> <span class='ocrx_word' id='word_1_185' title='bbox 1024 2502 1150 2541; x_wconf 83' lang='lat' dir='ltr'><strong>vero</strong></span> <span class='ocrx_word' id='word_1_186' title='bbox 1172 2502 1290 2555; x_wconf 69' lang='lat' dir='ltr'><strong>qua:</strong></span> <span class='ocrx_word' id='word_1_187' title='bbox 1322 2487 1374 2541; x_wconf 90' lang='lat' dir='ltr'><strong>in</strong></span> <span class='ocrx_word' id='word_1_188' title='bbox 1399 2488 1579 2555; x_wconf 88' lang='lat' dir='ltr'><strong>sponsi</strong></span> <span class='ocrx_word' id='word_1_189' title='bbox 1608 2488 1787 2542; x_wconf 91' lang='lat' dir='ltr'><strong>odium</strong></span> 
     </span>
    </p>
   </div>
   <div class='ocr_carea' id='block_1_25' title="bbox 174 2558 1784 2644">
    <p class='ocr_par' dir='ltr' id='par_1_25' title="bbox 174 2558 1784 2644">
     <span class='ocr_line' id='line_1_25' title="bbox 174 2558 1784 2644; baseline 0.002 -15"><span class='ocrx_word' id='word_1_190' title='bbox 174 2558 445 2639; x_wconf 79' lang='lat' dir='ltr'><strong>incurrit,</strong></span> <span class='ocrx_word' id='word_1_191' title='bbox 480 2590 582 2627; x_wconf 90' lang='lat' dir='ltr'><strong>non</strong></span> <span class='ocrx_word' id='word_1_192' title='bbox 618 2575 747 2629; x_wconf 86' lang='lat' dir='ltr'><strong>satis</strong></span> <span class='ocrx_word' id='word_1_193' title='bbox 774 2585 856 2629; x_wconf 92' lang='lat' dir='ltr'><strong>est</strong></span> <span class='ocrx_word' id='word_1_194' title='bbox 884 2577 1102 2643; x_wconf 89' lang='lat' dir='ltr'><strong>accepto</strong></span> <span class='ocrx_word' id='word_1_195' title='bbox 1137 2576 1346 2644; x_wconf 83' lang='lat' dir='ltr'><strong>repudii</strong></span> <span class='ocrx_word' id='word_1_196' title='bbox 1387 2576 1568 2632; x_wconf 89' lang='lat' dir='ltr'><strong>libello</strong></span> <span class='ocrx_word' id='word_1_197' title='bbox 1599 2577 1784 2642; x_wconf 86' lang='lat' dir='ltr'><strong>abire;</strong></span> 
     </span>
    </p>
   </div>
   <div class='ocr_carea' id='block_1_26' title="bbox 174 2658 1787 2734">
    <p class='ocr_par' dir='ltr' id='par_1_26' title="bbox 174 2658 1787 2734">
     <span class='ocr_line' id='line_1_26' title="bbox 174 2658 1787 2734; baseline 0.002 -15"><span class='ocrx_word' id='word_1_198' title='bbox 174 2661 283 2719; x_wconf 78' lang='lat' dir='ltr'><strong>scd</strong></span> <span class='ocrx_word' id='word_1_199' title='bbox 311 2660 589 2731; x_wconf 85' lang='lat' dir='ltr'><strong>odiiiliius</strong></span> <span class='ocrx_word' id='word_1_200' title='bbox 616 2679 803 2733; x_wconf 66' lang='lat' dir='ltr'><strong>pinnas</strong></span> <span class='ocrx_word' id='word_1_201' title='bbox 831 2660 949 2729; x_wconf 91' lang='lat' dir='ltr'><strong>luit,</strong></span> <span class='ocrx_word' id='word_1_202' title='bbox 980 2658 1297 2734; x_wconf 88' lang='lat' dir='ltr'><strong>supplicium</strong></span> <span class='ocrx_word' id='word_1_203' title='bbox 1319 2674 1597 2722; x_wconf 81' lang='lat' dir='ltr'><strong>:cternum.</strong></span> <span class='ocrx_word' id='word_1_204' title='bbox 1629 2660 1787 2723; x_wconf 85' lang='lat' dir='ltr'><strong>Certe</strong></span> 
     </span>
    </p>
   </div>
   <div class='ocr_carea' id='block_1_27' title="bbox 175 2742 1788 2826">
    <p class='ocr_par' dir='ltr' id='par_1_27' title="bbox 175 2742 1788 2826">
     <span class='ocr_line' id='line_1_27' title="bbox 175 2742 1788 2826; baseline 0.003 -19"><span class='ocrx_word' id='word_1_205' title='bbox 175 2763 352 2823; x_wconf 82' lang='lat' dir='ltr'><strong>pater</strong></span> <span class='ocrx_word' id='word_1_206' title='bbox 372 2742 611 2808; x_wconf 65' lang='lat' dir='ltr'><strong>carnalis</strong></span> <span class='ocrx_word' id='word_1_207' title='bbox 643 2754 806 2807; x_wconf 91' lang='lat' dir='ltr'><strong>multa</strong></span> <span class='ocrx_word' id='word_1_208' title='bbox 834 2752 1013 2819; x_wconf 88' lang='lat' dir='ltr'><strong>habet,</strong></span> <span class='ocrx_word' id='word_1_209' title='bbox 1036 2768 1155 2823; x_wconf 71' lang='lat' dir='ltr'><strong>qua:</strong></span> <span class='ocrx_word' id='word_1_210' title='bbox 1187 2744 1395 2809; x_wconf 82' lang='lat' dir='ltr'><strong>facilem</strong></span> <span class='ocrx_word' id='word_1_211' title='bbox 1422 2755 1523 2826; x_wconf 91' lang='lat' dir='ltr'><strong>ipsi</strong></span> <span class='ocrx_word' id='word_1_212' title='bbox 1551 2744 1671 2811; x_wconf 70' lang='lat' dir='ltr'><strong>ﬁlim</strong></span> <span class='ocrx_word' id='word_1_213' title='bbox 1694 2763 1788 2812; x_wconf 80' lang='lat' dir='ltr'><strong>cu-</strong></span> 
     </span>
    </p>
   </div>
   <div class='ocr_carea' id='block_1_28' title="bbox 172 2844 1784 2911">
    <p class='ocr_par' dir='ltr' id='par_1_28' title="bbox 172 2844 1784 2911">
     <span class='ocr_line' id='line_1_28' title="bbox 172 2844 1784 2911; baseline 0.003 -11"><span class='ocrx_word' id='word_1_214' title='bbox 172 2845 425 2900; x_wconf 78' lang='lat' dir='ltr'><strong>stodiam</strong></span> <span class='ocrx_word' id='word_1_215' title='bbox 454 2844 710 2911; x_wconf 72' lang='lat' dir='ltr'><strong>reddant;</strong></span> <span class='ocrx_word' id='word_1_216' title='bbox 749 2860 868 2899; x_wconf 89' lang='lat' dir='ltr'><strong>nam</strong></span> <span class='ocrx_word' id='word_1_217' title='bbox 904 2857 959 2900; x_wconf 89' lang='lat' dir='ltr'><strong>et</strong></span> <span class='ocrx_word' id='word_1_218' title='bbox 986 2857 1155 2902; x_wconf 86' lang='lat' dir='ltr'><strong>mater</strong></span> <span class='ocrx_word' id='word_1_219' title='bbox 1181 2856 1234 2902; x_wconf 90' lang='lat' dir='ltr'><strong>et</strong></span> <span class='ocrx_word' id='word_1_220' title='bbox 1263 2846 1442 2902; x_wconf 81' lang='lat' dir='ltr'><strong>nutrix</strong></span> <span class='ocrx_word' id='word_1_221' title='bbox 1471 2856 1525 2903; x_wconf 88' lang='lat' dir='ltr'><strong>et</strong></span> <span class='ocrx_word' id='word_1_222' title='bbox 1558 2846 1784 2905; x_wconf 89' lang='lat' dir='ltr'><strong>famula-</strong></span> 
     </span>
    </p>
   </div>
   <div class='ocr_carea' id='block_1_29' title="bbox 174 2935 1783 3008">
    <p class='ocr_par' dir='ltr' id='par_1_29' title="bbox 174 2935 1783 3008">
     <span class='ocr_line' id='line_1_29' title="bbox 174 2935 1783 3008; baseline 0.002 -17"><span class='ocrx_word' id='word_1_223' title='bbox 174 2952 306 2991; x_wconf 86' lang='lat' dir='ltr'><strong>rum</strong></span> <span class='ocrx_word' id='word_1_224' title='bbox 342 2935 500 2989; x_wconf 87' lang='lat' dir='ltr'><strong>turba</strong></span> <span class='ocrx_word' id='word_1_225' title='bbox 540 2946 594 2991; x_wconf 93' lang='lat' dir='ltr'><strong>et</strong></span> <span class='ocrx_word' id='word_1_226' title='bbox 616 2936 807 2990; x_wconf 89' lang='lat' dir='ltr'><strong>domus</strong></span> <span class='ocrx_word' id='word_1_227' title='bbox 846 2935 1070 2991; x_wconf 84' lang='lat' dir='ltr'><strong>ﬁrmitas</strong></span> <span class='ocrx_word' id='word_1_228' title='bbox 1108 2946 1385 3006; x_wconf 81' lang='lat' dir='ltr'><strong>parentem</strong></span> <span class='ocrx_word' id='word_1_229' title='bbox 1424 2938 1490 2992; x_wconf 88' lang='lat' dir='ltr'><strong>ad</strong></span> <span class='ocrx_word' id='word_1_230' title='bbox 1529 2940 1783 3008; x_wconf 80' lang='lat' dir='ltr'><strong>virginem</strong></span> 
     </span>
    </p>
   </div>
   <div class='ocr_carea' id='block_1_30' title="bbox 170 3025 1782 3099">
    <p class='ocr_par' dir='ltr' id='par_1_30' title="bbox 170 3025 1782 3099">
     <span class='ocr_line' id='line_1_30' title="bbox 170 3025 1782 3099; baseline 0.001 -17"><span class='ocrx_word' id='word_1_231' title='bbox 170 3026 512 3082; x_wconf 80' lang='lat' dir='ltr'><strong>servandam</strong></span> <span class='ocrx_word' id='word_1_232' title='bbox 531 3026 734 3095; x_wconf 71' lang='lat' dir='ltr'><strong>juvant.</strong></span> <span class='ocrx_word' id='word_1_233' title='bbox 756 3025 939 3095; x_wconf 78' lang='lat' dir='ltr'><strong>Neque</strong></span> <span class='ocrx_word' id='word_1_234' title='bbox 963 3027 1105 3081; x_wconf 79' lang='lat' dir='ltr'><strong>enim</strong></span> <span class='ocrx_word' id='word_1_235' title='bbox 1126 3028 1178 3081; x_wconf 86' lang='lat' dir='ltr'><strong>in</strong></span> <span class='ocrx_word' id='word_1_236' title='bbox 1198 3026 1368 3082; x_wconf 85' lang='lat' dir='ltr'><strong>ferum</strong></span> <span class='ocrx_word' id='word_1_237' title='bbox 1392 3034 1510 3084; x_wconf 79' lang='lat' dir='ltr'><strong>eam</strong></span> <span class='ocrx_word' id='word_1_238' title='bbox 1532 3028 1782 3099; x_wconf 77' lang='lat' dir='ltr'><strong>frequen-</strong></span> 
     </span>
    </p>
   </div>
   <div class='ocr_carea' id='block_1_31' title="bbox 171 3118 1780 3192">
    <p class='ocr_par' dir='ltr' id='par_1_31' title="bbox 171 3118 1780 3192">
     <span class='ocr_line' id='line_1_31' title="bbox 171 3118 1780 3192; baseline 0.003 -19"><span class='ocrx_word' id='word_1_239' title='bbox 171 3128 266 3173; x_wconf 82' lang='lat' dir='ltr'><strong>ter</strong></span> <span class='ocrx_word' id='word_1_240' title='bbox 296 3118 518 3187; x_wconf 85' lang='lat' dir='ltr'><strong>prodire</strong></span> <span class='ocrx_word' id='word_1_241' title='bbox 554 3118 712 3184; x_wconf 83' lang='lat' dir='ltr'><strong>sinit;</strong></span> <span class='ocrx_word' id='word_1_242' title='bbox 761 3133 934 3187; x_wconf 86' lang='lat' dir='ltr'><strong>neque</strong></span> <span class='ocrx_word' id='word_1_243' title='bbox 977 3120 1020 3174; x_wconf 87' lang='lat' dir='ltr'><strong>sl</strong></span> <span class='ocrx_word' id='word_1_244' title='bbox 1040 3119 1291 3192; x_wconf 69' lang='lat' dir='ltr'><strong>prodeat,</strong></span> <span class='ocrx_word' id='word_1_245' title='bbox 1325 3122 1552 3189; x_wconf 76' lang='lat' dir='ltr'><strong>cuipiam</strong></span> <span class='ocrx_word' id='word_1_246' title='bbox 1589 3133 1780 3178; x_wconf 80' lang='lat' dir='ltr'><strong>occur-</strong></span> 
     </span>
    </p>
   </div>
   <div class='ocr_carea' id='block_1_32' title="bbox 172 3209 1781 3279">
    <p class='ocr_par' dir='ltr' id='par_1_32' title="bbox 172 3209 1781 3279">
     <span class='ocr_line' id='line_1_32' title="bbox 172 3209 1781 3279; baseline 0.003 -16"><span class='ocrx_word' id='word_1_247' title='bbox 172 3209 422 3263; x_wconf 88' lang='lat' dir='ltr'><strong>rentium</strong></span> <span class='ocrx_word' id='word_1_248' title='bbox 466 3222 725 3278; x_wconf 81' lang='lat' dir='ltr'><strong>apparere</strong></span> <span class='ocrx_word' id='word_1_249' title='bbox 762 3209 987 3279; x_wconf 87' lang='lat' dir='ltr'><strong>cogitur,</strong></span> <span class='ocrx_word' id='word_1_250' title='bbox 1029 3220 1148 3274; x_wconf 81' lang='lat' dir='ltr'><strong>cum</strong></span> <span class='ocrx_word' id='word_1_251' title='bbox 1188 3210 1507 3279; x_wconf 73' lang='lat' dir='ltr'><strong>vesper-tium</strong></span> <span class='ocrx_word' id='word_1_252' title='bbox 1548 3210 1781 3268; x_wconf 73' lang='lat' dir='ltr'><strong>tenebrat</strong></span> 
     </span>
    </p>
   </div>
   <div class='ocr_carea' id='block_1_33' title="bbox 168 3294 1778 3372">
    <p class='ocr_par' dir='ltr' id='par_1_33' title="bbox 168 3294 1778 3372">
     <span class='ocr_line' id='line_1_33' title="bbox 168 3294 1778 3372; baseline 0.001 -17"><span class='ocrx_word' id='word_1_253' title='bbox 168 3301 430 3370; x_wconf 82' lang='lat' dir='ltr'><strong>conspici</strong></span> <span class='ocrx_word' id='word_1_254' title='bbox 492 3300 687 3356; x_wconf 83' lang='lat' dir='ltr'><strong>nolenti</strong></span> <span class='ocrx_word' id='word_1_255' title='bbox 739 3315 843 3354; x_wconf 92' lang='lat' dir='ltr'><strong>non</strong></span> <span class='ocrx_word' id='word_1_256' title='bbox 907 3294 1165 3356; x_wconf 81' lang='lat' dir='ltr'><strong>minorem</strong></span> <span class='ocrx_word' id='word_1_257' title='bbox 1204 3302 1410 3355; x_wconf 89' lang='lat' dir='ltr'><strong>obicem</strong></span> <span class='ocrx_word' id='word_1_258' title='bbox 1463 3303 1778 3372; x_wconf 80' lang='lat' dir='ltr'><strong>obtendant,</strong></span> 
     </span>
    </p>
   </div>
   <div class='ocr_carea' id='block_1_34' title="bbox 166 3392 1780 3461">
    <p class='ocr_par' dir='ltr' id='par_1_34' title="bbox 166 3392 1780 3461">
     <span class='ocr_line' id='line_1_34' title="bbox 166 3392 1780 3461; baseline 0.005 -18"><span class='ocrx_word' id='word_1_259' title='bbox 166 3408 344 3461; x_wconf 83' lang='lat' dir='ltr'><strong>quam</strong></span> <span class='ocrx_word' id='word_1_260' title='bbox 429 3392 665 3461; x_wconf 84' lang='lat' dir='ltr'><strong>parietes</strong></span> <span class='ocrx_word' id='word_1_261' title='bbox 730 3392 940 3447; x_wconf 89' lang='lat' dir='ltr'><strong>domus.</strong></span> <span class='ocrx_word' id='word_1_262' title='bbox 1010 3392 1385 3457; x_wconf 53' lang='lat' dir='ltr'><strong>Praeterhmc</strong></span> <span class='ocrx_word' id='word_1_263' title='bbox 1447 3410 1574 3448; x_wconf 83' lang='lat' dir='ltr'><strong>vero</strong></span> <span class='ocrx_word' id='word_1_264' title='bbox 1637 3397 1780 3451; x_wconf 77' lang='lat' dir='ltr'><strong>nulla</strong></span> 
     </span>
    </p>
   </div>
   <div class='ocr_carea' id='block_1_35' title="bbox 168 3481 1775 3553">
    <p class='ocr_par' dir='ltr' id='par_1_35' title="bbox 168 3481 1775 3553">
     <span class='ocr_line' id='line_1_35' title="bbox 168 3481 1775 3553; baseline 0.002 -20"><span class='ocrx_word' id='word_1_265' title='bbox 168 3482 371 3535; x_wconf 82' lang='lat' dir='ltr'><strong>subest</strong></span> <span class='ocrx_word' id='word_1_266' title='bbox 395 3495 573 3543; x_wconf 82' lang='lat' dir='ltr'><strong>causa,</strong></span> <span class='ocrx_word' id='word_1_267' title='bbox 606 3497 723 3551; x_wconf 69' lang='lat' dir='ltr'><strong>quae</strong></span> <span class='ocrx_word' id='word_1_268' title='bbox 753 3481 894 3536; x_wconf 85' lang='lat' dir='ltr'><strong>illam</strong></span> <span class='ocrx_word' id='word_1_269' title='bbox 918 3494 1165 3552; x_wconf 87' lang='lat' dir='ltr'><strong>umquam</strong></span> <span class='ocrx_word' id='word_1_270' title='bbox 1190 3481 1257 3535; x_wconf 85' lang='lat' dir='ltr'><strong>ad</strong></span> <span class='ocrx_word' id='word_1_271' title='bbox 1284 3484 1518 3537; x_wconf 88' lang='lat' dir='ltr'><strong>virorum</strong></span> <span class='ocrx_word' id='word_1_272' title='bbox 1546 3496 1775 3553; x_wconf 78' lang='lat' dir='ltr'><strong>conspe-</strong></span> 
     </span>
    </p>
   </div>
   <div class='ocr_carea' id='block_1_36' title="bbox 163 3572 1774 3641">
    <p class='ocr_par' dir='ltr' id='par_1_36' title="bbox 163 3572 1774 3641">
     <span class='ocr_line' id='line_1_36' title="bbox 163 3572 1774 3641; baseline 0.001 -16"><span class='ocrx_word' id='word_1_273' title='bbox 163 3582 326 3625; x_wconf 81' lang='lat' dir='ltr'><strong>ctum</strong></span> <span class='ocrx_word' id='word_1_274' title='bbox 360 3572 540 3640; x_wconf 66' lang='lat' dir='ltr'><strong>alligat</strong></span> <span class='ocrx_word' id='word_1_275' title='bbox 570 3588 583 3625; x_wconf 91' lang='lat'><strong>:</strong></span> <span class='ocrx_word' id='word_1_276' title='bbox 612 3580 783 3640; x_wconf 87' lang='lat' dir='ltr'><strong>neque</strong></span> <span class='ocrx_word' id='word_1_277' title='bbox 808 3573 948 3625; x_wconf 89' lang='lat' dir='ltr'><strong>enim</strong></span> <span class='ocrx_word' id='word_1_278' title='bbox 978 3585 1153 3625; x_wconf 84' lang='lat' dir='ltr'><strong>rerum</strong></span> <span class='ocrx_word' id='word_1_279' title='bbox 1182 3574 1602 3627; x_wconf 77' lang='lat' dir='ltr'><strong>necessariarum</strong></span> <span class='ocrx_word' id='word_1_280' title='bbox 1625 3589 1774 3641; x_wconf 89' lang='lat' dir='ltr'><strong>cura,</strong></span> 
     </span>
    </p>
   </div>
   <div class='ocr_carea' id='block_1_37' title="bbox 166 3661 1774 3733">
    <p class='ocr_par' dir='ltr' id='par_1_37' title="bbox 166 3661 1774 3733">
     <span class='ocr_line' id='line_1_37' title="bbox 166 3661 1774 3733; baseline 0.003 -21"><span class='ocrx_word' id='word_1_281' title='bbox 166 3676 359 3730; x_wconf 83' lang='lat' dir='ltr'><strong>neque</strong></span> <span class='ocrx_word' id='word_1_282' title='bbox 401 3661 704 3715; x_wconf 66' lang='lat' dir='ltr'><strong>laedentium</strong></span> <span class='ocrx_word' id='word_1_283' title='bbox 746 3661 1026 3726; x_wconf 82' lang='lat' dir='ltr'><strong>molestiae,</strong></span> <span class='ocrx_word' id='word_1_284' title='bbox 1058 3676 1245 3729; x_wconf 74' lang='lat' dir='ltr'><strong>neque</strong></span> <span class='ocrx_word' id='word_1_285' title='bbox 1288 3663 1463 3717; x_wconf 86' lang='lat' dir='ltr'><strong>simile</strong></span> <span class='ocrx_word' id='word_1_286' title='bbox 1508 3664 1774 3733; x_wconf 81' lang='lat' dir='ltr'><strong>quidpiam</strong></span> 
     </span>
    </p>
   </div>
   <div class='ocr_carea' id='block_1_38' title="bbox 168 3750 1774 3819">
    <p class='ocr_par' dir='ltr' id='par_1_38' title="bbox 168 3750 1774 3819">
     <span class='ocr_line' id='line_1_38' title="bbox 168 3750 1774 3819; baseline 0.004 -18"><span class='ocrx_word' id='word_1_287' title='bbox 168 3751 323 3803; x_wconf 74' lang='lat' dir='ltr'><strong>illam</strong></span> <span class='ocrx_word' id='word_1_288' title='bbox 360 3752 412 3803; x_wconf 90' lang='lat' dir='ltr'><strong>in</strong></span> <span class='ocrx_word' id='word_1_289' title='bbox 444 3750 564 3803; x_wconf 84' lang='lat' dir='ltr'><strong>talis</strong></span> <span class='ocrx_word' id='word_1_290' title='bbox 600 3764 918 3819; x_wconf 86' lang='lat' dir='ltr'><strong>congressus</strong></span> <span class='ocrx_word' id='word_1_291' title='bbox 954 3751 1324 3805; x_wconf 79' lang='lat' dir='ltr'><strong>necessitatem</strong></span> <span class='ocrx_word' id='word_1_292' title='bbox 1356 3752 1580 3819; x_wconf 84' lang='lat' dir='ltr'><strong>impellit</strong></span> <span class='ocrx_word' id='word_1_293' title='bbox 1605 3768 1774 3809; x_wconf 62' lang='lat' dir='ltr'><strong>:rcurn</strong></span> 
     </span>
    </p>
   </div>
   <div class='ocr_carea' id='block_1_39' title="bbox 168 3840 1772 3910">
    <p class='ocr_par' dir='ltr' id='par_1_39' title="bbox 168 3840 1772 3910">
     <span class='ocr_line' id='line_1_39' title="bbox 168 3840 1772 3910; baseline 0.004 -17"><span class='ocrx_word' id='word_1_294' title='bbox 168 3840 252 3893; x_wconf 88' lang='lat' dir='ltr'><strong>illi</strong></span> <span class='ocrx_word' id='word_1_295' title='bbox 285 3848 441 3909; x_wconf 86' lang='lat' dir='ltr'><strong>pater</strong></span> <span class='ocrx_word' id='word_1_296' title='bbox 467 3841 581 3895; x_wconf 85' lang='lat' dir='ltr'><strong>vice</strong></span> <span class='ocrx_word' id='word_1_297' title='bbox 601 3841 839 3895; x_wconf 86' lang='lat' dir='ltr'><strong>omnium</strong></span> <span class='ocrx_word' id='word_1_298' title='bbox 867 3841 957 3906; x_wconf 89' lang='lat' dir='ltr'><strong>sit,</strong></span> <span class='ocrx_word' id='word_1_299' title='bbox 990 3840 1102 3910; x_wconf 88' lang='lat' dir='ltr'><strong>ipsa</strong></span> <span class='ocrx_word' id='word_1_300' title='bbox 1134 3856 1258 3897; x_wconf 90' lang='lat' dir='ltr'><strong>vero</strong></span> <span class='ocrx_word' id='word_1_301' title='bbox 1284 3857 1442 3896; x_wconf 88' lang='lat' dir='ltr'><strong>unam</strong></span> <span class='ocrx_word' id='word_1_302' title='bbox 1466 3842 1658 3898; x_wconf 87' lang='lat' dir='ltr'><strong>habeat</strong></span> <span class='ocrx_word' id='word_1_303' title='bbox 1678 3861 1772 3899; x_wconf 85' lang='lat' dir='ltr'><strong>cu-</strong></span> 
     </span>
    </p>
   </div>
   <div class='ocr_carea' id='block_1_40' title="bbox 166 3931 1770 4002">
    <p class='ocr_par' dir='ltr' id='par_1_40' title="bbox 166 3931 1770 4002">
     <span class='ocr_line' id='line_1_40' title="bbox 166 3931 1770 4002; baseline 0.003 -17"><span class='ocrx_word' id='word_1_304' title='bbox 166 3946 315 3995; x_wconf 87' lang='lat' dir='ltr'><strong>ram,</strong></span> <span class='ocrx_word' id='word_1_305' title='bbox 366 3940 425 3984; x_wconf 92' lang='lat' dir='ltr'><strong>ut</strong></span> <span class='ocrx_word' id='word_1_306' title='bbox 461 3931 593 3986; x_wconf 82' lang='lat' dir='ltr'><strong>nihil</strong></span> <span class='ocrx_word' id='word_1_307' title='bbox 620 3931 703 3985; x_wconf 88' lang='lat' dir='ltr'><strong>vel</strong></span> <span class='ocrx_word' id='word_1_308' title='bbox 730 3940 850 3999; x_wconf 80' lang='lat' dir='ltr'><strong>agat</strong></span> <span class='ocrx_word' id='word_1_309' title='bbox 886 3932 969 3991; x_wconf 88' lang='lat' dir='ltr'><strong>vel</strong></span> <span class='ocrx_word' id='word_1_310' title='bbox 1000 3932 1247 4000; x_wconf 65' lang='lat' dir='ltr'><strong>louluatur</strong></span> <span class='ocrx_word' id='word_1_311' title='bbox 1271 3933 1410 4002; x_wconf 75' lang='lat' dir='ltr'><strong>quod</strong></span> <span class='ocrx_word' id='word_1_312' title='bbox 1438 3934 1770 3990; x_wconf 86' lang='lat' dir='ltr'><strong>honestatem</strong></span> 
     </span>
    </p>
   </div>
   <div class='ocr_carea' id='block_1_41' title="bbox 165 4020 1771 4093">
    <p class='ocr_par' dir='ltr' id='par_1_41' title="bbox 165 4020 1771 4093">
     <span class='ocr_line' id='line_1_41' title="bbox 165 4020 1771 4093; baseline 0.002 -17"><span class='ocrx_word' id='word_1_313' title='bbox 165 4022 457 4077; x_wconf 84' lang='lat' dir='ltr'><strong>dedeceat.</strong></span> <span class='ocrx_word' id='word_1_314' title='bbox 492 4022 557 4074; x_wconf 81' lang='lat' dir='ltr'><strong>At</strong></span> <span class='ocrx_word' id='word_1_315' title='bbox 588 4021 677 4075; x_wconf 89' lang='lat' dir='ltr'><strong>hic</strong></span> <span class='ocrx_word' id='word_1_316' title='bbox 701 4020 862 4075; x_wconf 88' lang='lat' dir='ltr'><strong>multa</strong></span> <span class='ocrx_word' id='word_1_317' title='bbox 892 4030 1017 4075; x_wconf 83' lang='lat' dir='ltr'><strong>sunt</strong></span> <span class='ocrx_word' id='word_1_318' title='bbox 1044 4037 1163 4092; x_wconf 65' lang='lat' dir='ltr'><strong>quae</strong></span> <span class='ocrx_word' id='word_1_319' title='bbox 1187 4023 1483 4077; x_wconf 88' lang='lat' dir='ltr'><strong>custodiam</strong></span> <span class='ocrx_word' id='word_1_320' title='bbox 1514 4026 1771 4093; x_wconf 76' lang='lat' dir='ltr'><strong>putridif-</strong></span> 
     </span>
    </p>
   </div>
   <div class='ocr_carea' id='block_1_42' title="bbox 166 4110 1769 4184">
    <p class='ocr_par' dir='ltr' id='par_1_42' title="bbox 166 4110 1769 4184">
     <span class='ocr_line' id='line_1_42' title="bbox 166 4110 1769 4184; baseline 0.002 -19"><span class='ocrx_word' id='word_1_321' title='bbox 166 4113 398 4173; x_wconf 79' lang='lat' dir='ltr'><strong>iicilem,</strong></span> <span class='ocrx_word' id='word_1_322' title='bbox 446 4111 555 4165; x_wconf 88' lang='lat' dir='ltr'><strong>imo</strong></span> <span class='ocrx_word' id='word_1_323' title='bbox 602 4120 718 4166; x_wconf 86' lang='lat' dir='ltr'><strong>arte</strong></span> <span class='ocrx_word' id='word_1_324' title='bbox 761 4110 1089 4181; x_wconf 80' lang='lat' dir='ltr'><strong>snperiorem</strong></span> <span class='ocrx_word' id='word_1_325' title='bbox 1132 4113 1376 4168; x_wconf 85' lang='lat' dir='ltr'><strong>reddant.</strong></span> <span class='ocrx_word' id='word_1_326' title='bbox 1420 4114 1602 4184; x_wconf 89' lang='lat' dir='ltr'><strong>Neque</strong></span> <span class='ocrx_word' id='word_1_327' title='bbox 1628 4118 1769 4170; x_wconf 89' lang='lat' dir='ltr'><strong>enim</strong></span> 
     </span>
    </p>
   </div>
   <div class='ocr_carea' id='block_1_43' title="bbox 166 4200 1765 4273">
    <p class='ocr_par' dir='ltr' id='par_1_43' title="bbox 166 4200 1765 4273">
     <span class='ocr_line' id='line_1_43' title="bbox 166 4200 1765 4273; baseline 0.003 -18"><span class='ocrx_word' id='word_1_328' title='bbox 166 4210 352 4271; x_wconf 86' lang='lat' dir='ltr'><strong>potest</strong></span> <span class='ocrx_word' id='word_1_329' title='bbox 378 4216 498 4255; x_wconf 88' lang='lat' dir='ltr'><strong>eam</strong></span> <span class='ocrx_word' id='word_1_330' title='bbox 523 4201 663 4254; x_wconf 85' lang='lat' dir='ltr'><strong>intus</strong></span> <span class='ocrx_word' id='word_1_331' title='bbox 685 4216 867 4263; x_wconf 83' lang='lat' dir='ltr'><strong>secum</strong></span> <span class='ocrx_word' id='word_1_332' title='bbox 896 4200 1091 4257; x_wconf 84' lang='lat' dir='ltr'><strong>habere</strong></span> <span class='ocrx_word' id='word_1_333' title='bbox 1136 4220 1150 4255; x_wconf 91' lang='lat'><strong>:</strong></span> <span class='ocrx_word' id='word_1_334' title='bbox 1198 4202 1300 4257; x_wconf 88' lang='lat' dir='ltr'><strong>hoc</strong></span> <span class='ocrx_word' id='word_1_335' title='bbox 1339 4204 1536 4273; x_wconf 88' lang='lat' dir='ltr'><strong>quippe</strong></span> <span class='ocrx_word' id='word_1_336' title='bbox 1575 4214 1765 4259; x_wconf 87' lang='lat' dir='ltr'><strong>contu-</strong></span> 
     </span>
    </p>
   </div>
   <div class='ocr_carea' id='block_1_44' title="bbox 164 4292 1765 4363">
    <p class='ocr_par' dir='ltr' id='par_1_44' title="bbox 164 4292 1765 4363">
     <span class='ocr_line' id='line_1_44' title="bbox 164 4292 1765 4363; baseline 0.001 -16"><span class='ocrx_word' id='word_1_337' title='bbox 164 4294 427 4347; x_wconf 80' lang='lat' dir='ltr'><strong>bernium</strong></span> <span class='ocrx_word' id='word_1_338' title='bbox 467 4307 567 4346; x_wconf 85' lang='lat' dir='ltr'><strong>nec</strong></span> <span class='ocrx_word' id='word_1_339' title='bbox 602 4292 882 4347; x_wconf 86' lang='lat' dir='ltr'><strong>honestum</strong></span> <span class='ocrx_word' id='word_1_340' title='bbox 912 4301 1074 4357; x_wconf 86' lang='lat' dir='ltr'><strong>esset,</strong></span> <span class='ocrx_word' id='word_1_341' title='bbox 1123 4308 1223 4348; x_wconf 90' lang='lat' dir='ltr'><strong>nec</strong></span> <span class='ocrx_word' id='word_1_342' title='bbox 1262 4295 1499 4363; x_wconf 88' lang='lat' dir='ltr'><strong>periculo</strong></span> <span class='ocrx_word' id='word_1_343' title='bbox 1534 4306 1765 4351; x_wconf 89' lang='lat' dir='ltr'><strong>vacaret.</strong></span> 
     </span>
    </p>
   </div>
   <div class='ocr_carea' id='block_1_45' title="bbox 166 4382 1763 4461">
    <p class='ocr_par' dir='ltr' id='par_1_45' title="bbox 166 4382 1763 4461">
     <span class='ocr_line' id='line_1_45' title="bbox 166 4382 1763 4461; baseline 0.002 -24"><span class='ocrx_word' id='word_1_344' title='bbox 166 4384 324 4437; x_wconf 83' lang='lat' dir='ltr'><strong>Licet</strong></span> <span class='ocrx_word' id='word_1_345' title='bbox 352 4383 496 4437; x_wconf 81' lang='lat' dir='ltr'><strong>enim</strong></span> <span class='ocrx_word' id='word_1_346' title='bbox 528 4382 652 4436; x_wconf 89' lang='lat' dir='ltr'><strong>hinc</strong></span> <span class='ocrx_word' id='word_1_347' title='bbox 689 4382 793 4437; x_wconf 82' lang='lat' dir='ltr'><strong>illis</strong></span> <span class='ocrx_word' id='word_1_348' title='bbox 819 4382 949 4435; x_wconf 85' lang='lat' dir='ltr'><strong>nihil</strong></span> <span class='ocrx_word' id='word_1_349' title='bbox 979 4382 1157 4461; x_wconf 73' lang='lat' dir='ltr'><strong>damni</strong></span> <span class='ocrx_word' id='word_1_350' title='bbox 1185 4382 1415 4450; x_wconf 87' lang='lat' dir='ltr'><strong>adesset,</strong></span> <span class='ocrx_word' id='word_1_351' title='bbox 1459 4385 1554 4440; x_wconf 89' lang='lat' dir='ltr'><strong>sed</strong></span> <span class='ocrx_word' id='word_1_352' title='bbox 1586 4401 1763 4440; x_wconf 86' lang='lat' dir='ltr'><strong>veram</strong></span> 
     </span>
    </p>
   </div>
   <div class='ocr_carea' id='block_1_46' title="bbox 162 4474 1763 4541">
    <p class='ocr_par' dir='ltr' id='par_1_46' title="bbox 162 4474 1763 4541">
     <span class='ocr_line' id='line_1_46' title="bbox 162 4474 1763 4541; baseline 0.002 -14"><span class='ocrx_word' id='word_1_353' title='bbox 162 4474 787 4527; x_wconf 77' lang='lat' dir='ltr'><strong>sanctitatem’servare</strong></span> <span class='ocrx_word' id='word_1_354' title='bbox 834 4480 1147 4541; x_wconf 72' lang='lat' dir='ltr'><strong>pergerent,</strong></span> <span class='ocrx_word' id='word_1_355' title='bbox 1194 4487 1300 4526; x_wconf 88' lang='lat' dir='ltr'><strong>non</strong></span> <span class='ocrx_word' id='word_1_356' title='bbox 1339 4474 1599 4529; x_wconf 88' lang='lat' dir='ltr'><strong>minorem</strong></span> <span class='ocrx_word' id='word_1_357' title='bbox 1640 4476 1763 4531; x_wconf 86' lang='lat' dir='ltr'><strong>red-</strong></span> 
     </span>
    </p>
   </div>
   <div class='ocr_carea' id='block_1_47' title="bbox 161 4564 1797 4635">
    <p class='ocr_par' dir='ltr' id='par_1_47' title="bbox 161 4564 1797 4635">
     <span class='ocr_line' id='line_1_47' title="bbox 161 4564 1797 4635; baseline 0.002 -16"><span class='ocrx_word' id='word_1_358' title='bbox 161 4567 331 4621; x_wconf 88' lang='lat' dir='ltr'><strong>dituri</strong></span> <span class='ocrx_word' id='word_1_359' title='bbox 364 4573 547 4621; x_wconf 75' lang='lat' dir='ltr'><strong>essent</strong></span> <span class='ocrx_word' id='word_1_360' title='bbox 584 4565 843 4619; x_wconf 85' lang='lat' dir='ltr'><strong>rationem</strong></span> <span class='ocrx_word' id='word_1_361' title='bbox 887 4578 984 4633; x_wconf 90' lang='lat' dir='ltr'><strong>pro</strong></span> <span class='ocrx_word' id='word_1_362' title='bbox 1024 4564 1089 4618; x_wconf 88' lang='lat' dir='ltr'><strong>iis</strong></span> <span class='ocrx_word' id='word_1_363' title='bbox 1136 4565 1431 4629; x_wconf 83' lang='lat' dir='ltr'><strong>animabus,</strong></span> <span class='ocrx_word' id='word_1_364' title='bbox 1460 4567 1652 4635; x_wconf 88' lang='lat' dir='ltr'><strong>quibus</strong></span> <span class='ocrx_word' id='word_1_365' title='bbox 1678 4566 1763 4621; x_wconf 83' lang='lat' dir='ltr'><strong>of-</strong></span> <span class='ocrx_word' id='word_1_366' title='bbox 1794 4598 1797 4601; x_wconf 58' lang='grc' dir='ltr'>η</span> 
     </span>
    </p>
   </div>
   <div class='ocr_carea' id='block_1_48' title="bbox 160 4655 1761 4727">
    <p class='ocr_par' dir='ltr' id='par_1_48' title="bbox 160 4655 1761 4727">
     <span class='ocr_line' id='line_1_48' title="bbox 160 4655 1761 4727; baseline 0.002 -15"><span class='ocrx_word' id='word_1_367' title='bbox 160 4658 443 4719; x_wconf 82' lang='lat' dir='ltr'><strong>fendiculo</strong></span> <span class='ocrx_word' id='word_1_368' title='bbox 488 4655 732 4721; x_wconf 87' lang='lat' dir='ltr'><strong>fuissent,</strong></span> <span class='ocrx_word' id='word_1_369' title='bbox 774 4671 932 4726; x_wconf 83' lang='lat' dir='ltr'><strong>quam</strong></span> <span class='ocrx_word' id='word_1_370' title='bbox 968 4657 1013 4711; x_wconf 88' lang='lat' dir='ltr'><strong>si</strong></span> <span class='ocrx_word' id='word_1_371' title='bbox 1053 4657 1212 4711; x_wconf 90' lang='lat' dir='ltr'><strong>ambo</strong></span> <span class='ocrx_word' id='word_1_372' title='bbox 1235 4668 1573 4727; x_wconf 84' lang='lat' dir='ltr'><strong>peccassent.</strong></span> <span class='ocrx_word' id='word_1_373' title='bbox 1628 4661 1761 4715; x_wconf 91' lang='lat' dir='ltr'><strong>Cum</strong></span> 
     </span>
    </p>
   </div>
   <div class='ocr_carea' id='block_1_49' title="bbox 161 4745 1762 4816">
    <p class='ocr_par' dir='ltr' id='par_1_49' title="bbox 161 4745 1762 4816">
     <span class='ocr_line' id='line_1_49' title="bbox 161 4745 1762 4816; baseline 0.003 -16"><span class='ocrx_word' id='word_1_374' title='bbox 161 4758 349 4802; x_wconf 84' lang='lat' dir='ltr'><strong>autem</strong></span> <span class='ocrx_word' id='word_1_375' title='bbox 380 4748 432 4799; x_wconf 89' lang='lat' dir='ltr'><strong>id</strong></span> <span class='ocrx_word' id='word_1_376' title='bbox 465 4745 578 4801; x_wconf 87' lang='lat' dir='ltr'><strong>fieri</strong></span> <span class='ocrx_word' id='word_1_377' title='bbox 607 4757 856 4816; x_wconf 87' lang='lat' dir='ltr'><strong>nequeat,</strong></span> <span class='ocrx_word' id='word_1_378' title='bbox 887 4762 993 4800; x_wconf 91' lang='lat' dir='ltr'><strong>non</strong></span> <span class='ocrx_word' id='word_1_379' title='bbox 1019 4747 1173 4802; x_wconf 82' lang='lat' dir='ltr'><strong>facile</strong></span> <span class='ocrx_word' id='word_1_380' title='bbox 1202 4749 1302 4816; x_wconf 84' lang='lat' dir='ltr'><strong>ipsi</strong></span> <span class='ocrx_word' id='word_1_381' title='bbox 1328 4759 1411 4804; x_wconf 89' lang='lat' dir='ltr'><strong>est</strong></span> <span class='ocrx_word' id='word_1_382' title='bbox 1429 4752 1621 4805; x_wconf 68' lang='lat' dir='ltr'><strong>anima:</strong></span> <span class='ocrx_word' id='word_1_383' title='bbox 1648 4768 1762 4805; x_wconf 76' lang='lat' dir='ltr'><strong>nio-</strong></span> 
     </span>
    </p>
   </div>
   <div class='ocr_carea' id='block_1_50' title="bbox 159 4838 1759 4912">
    <p class='ocr_par' dir='ltr' id='par_1_50' title="bbox 159 4838 1759 4912">
     <span class='ocr_line' id='line_1_50' title="bbox 159 4838 1759 4912; baseline 0.004 -21"><span class='ocrx_word' id='word_1_384' title='bbox 159 4848 246 4892; x_wconf 90' lang='lat' dir='ltr'><strong>tus</strong></span> <span class='ocrx_word' id='word_1_385' title='bbox 273 4838 545 4900; x_wconf 75' lang='lat' dir='ltr'><strong>ediscere,</strong></span> <span class='ocrx_word' id='word_1_386' title='bbox 576 4846 631 4891; x_wconf 89' lang='lat' dir='ltr'><strong>et</strong></span> <span class='ocrx_word' id='word_1_387' title='bbox 654 4851 751 4892; x_wconf 87' lang='lat' dir='ltr'><strong>eos</strong></span> <span class='ocrx_word' id='word_1_388' title='bbox 775 4838 862 4907; x_wconf 89' lang='lat' dir='ltr'><strong>qui</strong></span> <span class='ocrx_word' id='word_1_389' title='bbox 896 4838 1179 4891; x_wconf 81' lang='lat' dir='ltr'><strong>inordinati</strong></span> <span class='ocrx_word' id='word_1_390' title='bbox 1212 4851 1339 4893; x_wconf 87' lang='lat' dir='ltr'><strong>sunt</strong></span> <span class='ocrx_word' id='word_1_391' title='bbox 1368 4856 1632 4907; x_wconf 84' lang='lat' dir='ltr'><strong>resecare,</strong></span> <span class='ocrx_word' id='word_1_392' title='bbox 1670 4844 1759 4912; x_wconf 90' lang='lat' dir='ltr'><strong>qui</strong></span> 
     </span>
    </p>
   </div>
   <div class='ocr_carea' id='block_1_51' title="bbox 156 4925 1756 4997">
    <p class='ocr_par' dir='ltr' id='par_1_51' title="bbox 156 4925 1756 4997">
     <span class='ocr_line' id='line_1_51' title="bbox 156 4925 1756 4997; baseline 0.006 -19"><span class='ocrx_word' id='word_1_393' title='bbox 156 4942 292 4981; x_wconf 80' lang='lat' dir='ltr'><strong>vero</strong></span> <span class='ocrx_word' id='word_1_394' title='bbox 321 4925 507 4980; x_wconf 84' lang='lat' dir='ltr'><strong>debito</strong></span> <span class='ocrx_word' id='word_1_395' title='bbox 530 4925 716 4980; x_wconf 86' lang='lat' dir='ltr'><strong>ordine</strong></span> <span class='ocrx_word' id='word_1_396' title='bbox 744 4934 798 4980; x_wconf 91' lang='lat' dir='ltr'><strong>et</strong></span> <span class='ocrx_word' id='word_1_397' title='bbox 826 4925 985 4979; x_wconf 91' lang='lat' dir='ltr'><strong>modo</strong></span> <span class='ocrx_word' id='word_1_398' title='bbox 1016 4927 1309 4995; x_wconf 89' lang='lat' dir='ltr'><strong>procedunt</strong></span> <span class='ocrx_word' id='word_1_399' title='bbox 1327 4931 1596 4997; x_wconf 81' lang='lat' dir='ltr'><strong>excolere,</strong></span> <span class='ocrx_word' id='word_1_400' title='bbox 1626 4942 1678 4986; x_wconf 90' lang='lat' dir='ltr'><strong>et</strong></span> <span class='ocrx_word' id='word_1_401' title='bbox 1705 4933 1756 4987; x_wconf 93' lang='lat' dir='ltr'><strong>in</strong></span> 
     </span>
    </p>
   </div>
   <div class='ocr_carea' id='block_1_52' title="bbox 159 5014 1759 5087">
    <p class='ocr_par' dir='ltr' id='par_1_52' title="bbox 159 5014 1759 5087">
     <span class='ocr_line' id='line_1_52' title="bbox 159 5014 1759 5087; baseline 0.006 -18"><span class='ocrx_word' id='word_1_402' title='bbox 159 5017 362 5070; x_wconf 87' lang='lat' dir='ltr'><strong>melius</strong></span> <span class='ocrx_word' id='word_1_403' title='bbox 384 5014 648 5077; x_wconf 82' lang='lat' dir='ltr'><strong>deducere</strong></span> <span class='ocrx_word' id='word_1_404' title='bbox 678 5032 691 5067; x_wconf 90' lang='lat'><strong>:</strong></span> <span class='ocrx_word' id='word_1_405' title='bbox 738 5031 910 5085; x_wconf 89' lang='lat' dir='ltr'><strong>neque</strong></span> <span class='ocrx_word' id='word_1_406' title='bbox 938 5017 1111 5071; x_wconf 81' lang='lat' dir='ltr'><strong>exitus</strong></span> <span class='ocrx_word' id='word_1_407' title='bbox 1142 5018 1194 5070; x_wconf 91' lang='lat' dir='ltr'><strong>in</strong></span> <span class='ocrx_word' id='word_1_408' title='bbox 1238 5019 1503 5087; x_wconf 90' lang='lat' dir='ltr'><strong>publicum</strong></span> <span class='ocrx_word' id='word_1_409' title='bbox 1549 5024 1759 5079; x_wconf 83' lang='lat' dir='ltr'><strong>curiose</strong></span> 
     </span>
    </p>
   </div>
   <div class='ocr_carea' id='block_1_53' title="bbox 157 5106 1757 5180">
    <p class='ocr_par' dir='ltr' id='par_1_53' title="bbox 157 5106 1757 5180">
     <span class='ocr_line' id='line_1_53' title="bbox 157 5106 1757 5180; baseline 0.005 -21"><span class='ocrx_word' id='word_1_410' title='bbox 157 5108 424 5175; x_wconf 76' lang='lat' dir='ltr'><strong>indagare</strong></span> <span class='ocrx_word' id='word_1_411' title='bbox 466 5106 517 5159; x_wconf 88' lang='lat' dir='ltr'><strong>in</strong></span> <span class='ocrx_word' id='word_1_412' title='bbox 558 5110 802 5174; x_wconf 85' lang='lat' dir='ltr'><strong>promptu</strong></span> <span class='ocrx_word' id='word_1_413' title='bbox 832 5116 951 5172; x_wconf 89' lang='lat' dir='ltr'><strong>est;</strong></span> <span class='ocrx_word' id='word_1_414' title='bbox 987 5123 1106 5161; x_wconf 90' lang='lat' dir='ltr'><strong>nam</strong></span> <span class='ocrx_word' id='word_1_415' title='bbox 1133 5109 1273 5177; x_wconf 89' lang='lat' dir='ltr'><strong>quod</strong></span> <span class='ocrx_word' id='word_1_416' title='bbox 1303 5110 1391 5163; x_wconf 90' lang='lat' dir='ltr'><strong>illa</strong></span> <span class='ocrx_word' id='word_1_417' title='bbox 1431 5112 1580 5180; x_wconf 81' lang='lat' dir='ltr'><strong>inOps</strong></span> <span class='ocrx_word' id='word_1_418' title='bbox 1610 5112 1679 5167; x_wconf 86' lang='lat' dir='ltr'><strong>sit</strong></span> <span class='ocrx_word' id='word_1_419' title='bbox 1704 5125 1757 5169; x_wconf 91' lang='lat' dir='ltr'><strong>et</strong></span> 
     </span>
    </p>
   </div>
   <div class='ocr_carea' id='block_1_54' title="bbox 155 5196 1755 5267">
    <p class='ocr_par' dir='ltr' id='par_1_54' title="bbox 155 5196 1755 5267">
     <span class='ocr_line' id='line_1_54' title="bbox 155 5196 1755 5267; baseline 0.006 -16"><span class='ocrx_word' id='word_1_420' title='bbox 155 5198 465 5266; x_wconf 72' lang='lat' dir='ltr'><strong>mtrocinio</strong></span> <span class='ocrx_word' id='word_1_421' title='bbox 504 5196 773 5261; x_wconf 86' lang='lat' dir='ltr'><strong>destituta,</strong></span> <span class='ocrx_word' id='word_1_422' title='bbox 823 5213 929 5252; x_wconf 91' lang='lat' dir='ltr'><strong>non</strong></span> <span class='ocrx_word' id='word_1_423' title='bbox 974 5208 1152 5267; x_wconf 88' lang='lat' dir='ltr'><strong>potest</strong></span> <span class='ocrx_word' id='word_1_424' title='bbox 1192 5199 1303 5267; x_wconf 90' lang='lat' dir='ltr'><strong>ipse</strong></span> <span class='ocrx_word' id='word_1_425' title='bbox 1338 5212 1443 5254; x_wconf 88' lang='lat' dir='ltr'><strong>tam</strong></span> <span class='ocrx_word' id='word_1_426' title='bbox 1480 5214 1755 5260; x_wconf 86' lang='lat' dir='ltr'><strong>accuratus</strong></span> 
     </span>
    </p>
   </div>
   <div class='ocr_carea' id='block_1_55' title="bbox 151 5287 1750 5362">
    <p class='ocr_par' dir='ltr' id='par_1_55' title="bbox 151 5287 1750 5362">
     <span class='ocr_line' id='line_1_55' title="bbox 151 5287 1750 5362; baseline 0.005 -21"><span class='ocrx_word' id='word_1_427' title='bbox 151 5289 341 5343; x_wconf 81' lang='lat' dir='ltr'><strong>decori</strong></span> <span class='ocrx_word' id='word_1_428' title='bbox 384 5296 439 5342; x_wconf 85' lang='lat' dir='ltr'><strong>et</strong></span> <span class='ocrx_word' id='word_1_429' title='bbox 464 5287 681 5341; x_wconf 82' lang='lat' dir='ltr'><strong>honesti</strong></span> <span class='ocrx_word' id='word_1_430' title='bbox 708 5288 1014 5355; x_wconf 82' lang='lat' dir='ltr'><strong>explorator</strong></span> <span class='ocrx_word' id='word_1_431' title='bbox 1048 5304 1187 5343; x_wconf 87' lang='lat' dir='ltr'><strong>esse.</strong></span> <span class='ocrx_word' id='word_1_432' title='bbox 1229 5290 1435 5344; x_wconf 86' lang='lat' dir='ltr'><strong>Etenim</strong></span> <span class='ocrx_word' id='word_1_433' title='bbox 1479 5308 1598 5346; x_wconf 89' lang='lat' dir='ltr'><strong>cum</strong></span> <span class='ocrx_word' id='word_1_434' title='bbox 1641 5296 1750 5362; x_wconf 87' lang='lat' dir='ltr'><strong>ipsa</strong></span> 
     </span>
    </p>
   </div>
   <div class='ocr_carea' id='block_1_56' title="bbox 152 5379 1753 5452">
    <p class='ocr_par' dir='ltr' id='par_1_56' title="bbox 152 5379 1753 5452">
     <span class='ocr_line' id='line_1_56' title="bbox 152 5379 1753 5452; baseline 0.003 -18"><span class='ocrx_word' id='word_1_435' title='bbox 152 5382 254 5435; x_wconf 81' lang='lat' dir='ltr'><strong>sibi</strong></span> <span class='ocrx_word' id='word_1_436' title='bbox 308 5379 497 5434; x_wconf 86' lang='lat' dir='ltr'><strong>omnia</strong></span> <span class='ocrx_word' id='word_1_437' title='bbox 556 5379 932 5432; x_wconf 85' lang='lat' dir='ltr'><strong>administrare</strong></span> <span class='ocrx_word' id='word_1_438' title='bbox 992 5390 1234 5449; x_wconf 85' lang='lat' dir='ltr'><strong>cogatur,</strong></span> <span class='ocrx_word' id='word_1_439' title='bbox 1299 5382 1343 5434; x_wconf 90' lang='lat' dir='ltr'><strong>si</strong></span> <span class='ocrx_word' id='word_1_440' title='bbox 1394 5392 1753 5452; x_wconf 70' lang='lat' dir='ltr'><strong>temperanter</strong></span> 
     </span>
    </p>
   </div>
   <div class='ocr_carea' id='block_1_57' title="bbox 152 5468 1748 5542">
    <p class='ocr_par' dir='ltr' id='par_1_57' title="bbox 152 5468 1748 5542">
     <span class='ocr_line' id='line_1_57' title="bbox 152 5468 1748 5542; baseline 0.004 -19"><span class='ocrx_word' id='word_1_441' title='bbox 152 5470 340 5526; x_wconf 84' lang='lat' dir='ltr'><strong>vivere</strong></span> <span class='ocrx_word' id='word_1_442' title='bbox 370 5469 523 5530; x_wconf 87' lang='lat' dir='ltr'><strong>nolit,</strong></span> <span class='ocrx_word' id='word_1_443' title='bbox 565 5468 795 5523; x_wconf 88' lang='lat' dir='ltr'><strong>exeundi</strong></span> <span class='ocrx_word' id='word_1_444' title='bbox 831 5468 1140 5522; x_wconf 87' lang='lat' dir='ltr'><strong>occasiones</strong></span> <span class='ocrx_word' id='word_1_445' title='bbox 1185 5472 1516 5526; x_wconf 88' lang='lat' dir='ltr'><strong>comminisci</strong></span> <span class='ocrx_word' id='word_1_446' title='bbox 1559 5485 1748 5542; x_wconf 59' lang='lat' dir='ltr'><strong>potest.</strong></span> 
     </span>
    </p>
   </div>
   <div class='ocr_carea' id='block_1_58' title="bbox 211 5564 1749 5647">
    <p class='ocr_par' dir='ltr' id='par_1_58' title="bbox 211 5564 1749 5647">
     <span class='ocr_line' id='line_1_58' title="bbox 211 5564 1749 5647; baseline 0.012 -30"><span class='ocrx_word' id='word_1_447' title='bbox 211 5582 229 5614; x_wconf 81' lang='grc' dir='ltr'>ι</span> <span class='ocrx_word' id='word_1_448' title='bbox 258 5583 527 5647; x_wconf 43' lang='lat' dir='ltr'><strong>gemeam</strong></span> <span class='ocrx_word' id='word_1_449' title='bbox 548 5579 824 5647; x_wconf 81' lang='lat' dir='ltr'><strong>bebraicarn</strong></span> <span class='ocrx_word' id='word_1_450' title='bbox 856 5564 1015 5644; x_wconf 62' lang='grc' dir='ltr'><strong>τιθείη</strong></span> <span class='ocrx_word' id='word_1_451' title='bbox 1052 5582 1399 5642; x_wconf 84' lang='lat' dir='ltr'><strong>interpretatur</strong></span> <span class='ocrx_word' id='word_1_452' title='bbox 1433 5586 1594 5647; x_wconf 80' lang='lat' dir='ltr'><strong>Aquila</strong></span> <span class='ocrx_word' id='word_1_453' title='bbox 1629 5594 1749 5637; x_wconf 80' lang='lat' dir='ltr'><strong>Gen.</strong></span> 
     </span>
    </p>
   </div>
   <div class='ocr_carea' id='block_1_59' title="bbox 150 5642 1751 5710">
    <p class='ocr_par' dir='ltr' id='par_1_59' title="bbox 150 5642 1751 5710">
     <span class='ocr_line' id='line_1_59' title="bbox 150 5642 1751 5710; baseline 0.007 -18"><span class='ocrx_word' id='word_1_454' title='bbox 150 5642 230 5703; x_wconf 64' lang='grc' dir='ltr'><strong>ει,</strong></span> <span class='ocrx_word' id='word_1_455' title='bbox 254 5644 340 5703; x_wconf 72' lang='grc'><strong>43,</strong></span> <span class='ocrx_word' id='word_1_456' title='bbox 359 5657 481 5710; x_wconf 60' lang='lat' dir='ltr'><strong>qua</strong></span> <span class='ocrx_word' id='word_1_457' title='bbox 503 5656 633 5710; x_wconf 72' lang='lat' dir='ltr'><strong>voce</strong></span> <span class='ocrx_word' id='word_1_458' title='bbox 665 5646 963 5706; x_wconf 82' lang='lat' dir='ltr'><strong>signiﬁcatur</strong></span> <span class='ocrx_word' id='word_1_459' title='bbox 980 5642 1121 5710; x_wconf 23' lang='lat' dir='ltr'><strong>vvirgo</strong></span> <span class='ocrx_word' id='word_1_460' title='bbox 1145 5662 1256 5710; x_wconf 76' lang='lat' dir='ltr'><strong>qua:</strong></span> <span class='ocrx_word' id='word_1_461' title='bbox 1279 5650 1437 5700; x_wconf 83' lang='lat' dir='ltr'><strong>clausa</strong></span> <span class='ocrx_word' id='word_1_462' title='bbox 1461 5642 1513 5700; x_wconf 79' lang='lat' dir='ltr'><strong>et</strong></span> <span class='ocrx_word' id='word_1_463' title='bbox 1546 5656 1751 5704; x_wconf 81' lang='lat' dir='ltr'><strong>virorum</strong></span> 
     </span>
    </p>
   </div>
   <div class='ocr_carea' id='block_1_60' title="bbox 147 5706 1751 5773">
    <p class='ocr_par' dir='ltr' id='par_1_60' title="bbox 147 5706 1751 5773">
     <span class='ocr_line' id='line_1_60' title="bbox 147 5706 1751 5773; baseline 0.009 -20"><span class='ocrx_word' id='word_1_464' title='bbox 147 5706 373 5773; x_wconf 70' lang='lat' dir='ltr'><strong>aspectui</strong></span> <span class='ocrx_word' id='word_1_465' title='bbox 408 5706 687 5773; x_wconf 68' lang='lat' dir='ltr'><strong>abscondita</strong></span> <span class='ocrx_word' id='word_1_466' title='bbox 724 5717 903 5759; x_wconf 80' lang='lat' dir='ltr'><strong>iuanet.</strong></span> <span class='ocrx_word' id='word_1_467' title='bbox 926 5712 1007 5760; x_wconf 83' lang='lat' dir='ltr'><strong>llic</strong></span> <span class='ocrx_word' id='word_1_468' title='bbox 1031 5706 1179 5760; x_wconf 71' lang='lat' dir='ltr'><strong>locus</strong></span> <span class='ocrx_word' id='word_1_469' title='bbox 1199 5712 1324 5773; x_wconf 82' lang='lat' dir='ltr'><strong>apud</strong></span> <span class='ocrx_word' id='word_1_470' title='bbox 1356 5716 1613 5766; x_wconf 77' lang='lat' dir='ltr'><strong>siracidem</strong></span> <span class='ocrx_word' id='word_1_471' title='bbox 1638 5715 1751 5768; x_wconf 85' lang='lat' dir='ltr'><strong>loco</strong></span> 
     </span>
    </p>
   </div>
   <div class='ocr_carea' id='block_1_61' title="bbox 151 5765 769 5829">
    <p class='ocr_par' dir='ltr' id='par_1_61' title="bbox 151 5765 769 5829">
     <span class='ocr_line' id='line_1_61' title="bbox 151 5765 769 5829; baseline 0 -13"><span class='ocrx_word' id='word_1_472' title='bbox 151 5765 373 5816; x_wconf 80' lang='lat' dir='ltr'><strong>intexto</strong></span> <span class='ocrx_word' id='word_1_473' title='bbox 393 5768 541 5827; x_wconf 77' lang='lat' dir='ltr'><strong>citato</strong></span> <span class='ocrx_word' id='word_1_474' title='bbox 574 5765 769 5829; x_wconf 82' lang='lat' dir='ltr'><strong>legitur.</strong></span> 
     </span>
    </p>
   </div>
   <div class='ocr_carea' id='block_1_62' title="bbox 1447 378 2318 446">
    <p class='ocr_par' dir='ltr' id='par_1_62' title="bbox 1447 378 2318 446">
     <span class='ocr_line' id='line_1_62' title="bbox 1447 378 2318 446; baseline 0.007 -9"><span class='ocrx_word' id='word_1_475' title='bbox 1447 383 1535 438; x_wconf 83' lang='lat' dir='ltr'><strong>DE</strong></span> <span class='ocrx_word' id='word_1_476' title='bbox 1571 378 2021 443; x_wconf 73' lang='lat' dir='ltr'><strong>SACERDOTIO.</strong></span> <span class='ocrx_word' id='word_1_477' title='bbox 2061 387 2187 444; x_wconf 76' lang='lat' dir='ltr'><strong>LIB.</strong></span> <span class='ocrx_word' id='word_1_478' title='bbox 2232 388 2318 446; x_wconf 89' lang='lat' dir='ltr'><strong>lii.</strong></span> 
     </span>
    </p>
   </div>
   <div class='ocr_carea' id='block_1_63' title="bbox 3375 402 3497 460">
    <p class='ocr_par' dir='ltr' id='par_1_63' title="bbox 3375 402 3497 460">
     <span class='ocr_line' id='line_1_63' title="bbox 3375 402 3497 460; baseline 0 0"><span class='ocrx_word' id='word_1_479' title='bbox 3375 402 3497 460; x_wconf 71' lang='grc'><strong>’658</strong></span> 
     </span>
    </p>
   </div>
   <div class='ocr_carea' id='block_1_64' title="bbox 1920 498 3497 584">
    <p class='ocr_par' dir='ltr' id='par_1_64' title="bbox 1920 498 3497 584">
     <span class='ocr_line' id='line_1_64' title="bbox 1920 498 3497 584; baseline 0.011 -30"><span class='ocrx_word' id='word_1_480' title='bbox 1920 498 2243 584; x_wconf 71' lang='lat' dir='ltr'><strong>Oportetque</strong></span> <span class='ocrx_word' id='word_1_481' title='bbox 2270 502 2501 573; x_wconf 82' lang='lat' dir='ltr'><strong>aliquem</strong></span> <span class='ocrx_word' id='word_1_482' title='bbox 2522 504 2797 573; x_wconf 69' lang='lat' dir='ltr'><strong>lubentem</strong></span> <span class='ocrx_word' id='word_1_483' title='bbox 2816 506 2957 563; x_wconf 86' lang='lat' dir='ltr'><strong>domi</strong></span> <span class='ocrx_word' id='word_1_484' title='bbox 2979 524 3215 578; x_wconf 88' lang='lat' dir='ltr'><strong>manere,</strong></span> <span class='ocrx_word' id='word_1_485' title='bbox 3246 516 3335 584; x_wconf 89' lang='lat' dir='ltr'><strong>qui</strong></span> <span class='ocrx_word' id='word_1_486' title='bbox 3363 517 3497 571; x_wconf 80' lang='lat' dir='ltr'><strong>tales</strong></span> 
     </span>
    </p>
   </div>
   <div class='ocr_carea' id='block_1_65' title="bbox 1913 578 3494 671">
    <p class='ocr_par' dir='ltr' id='par_1_65' title="bbox 1913 578 3494 671">
     <span class='ocr_line' id='line_1_65' title="bbox 1913 578 3494 671; baseline 0.013 -29"><span class='ocrx_word' id='word_1_487' title='bbox 1913 578 2220 645; x_wconf 63' lang='lat' dir='ltr'><strong>occasiones</strong></span> <span class='ocrx_word' id='word_1_488' title='bbox 2248 594 2517 662; x_wconf 69' lang='lat' dir='ltr'><strong>praecidat,</strong></span> <span class='ocrx_word' id='word_1_489' title='bbox 2534 610 2597 650; x_wconf 87' lang='lat' dir='ltr'><strong>ac</strong></span> <span class='ocrx_word' id='word_1_490' title='bbox 2618 599 2918 654; x_wconf 81' lang='lat' dir='ltr'><strong>necessaria</strong></span> <span class='ocrx_word' id='word_1_491' title='bbox 2943 603 3264 671; x_wconf 88' lang='lat' dir='ltr'><strong>suppeditet,</strong></span> <span class='ocrx_word' id='word_1_492' title='bbox 3286 622 3494 663; x_wconf 88' lang='lat' dir='ltr'><strong>necnon</strong></span> 
     </span>
    </p>
   </div>
   <div class='ocr_carea' id='block_1_66' title="bbox 1911 678 3491 753">
    <p class='ocr_par' dir='ltr' id='par_1_66' title="bbox 1911 678 3491 753">
     <span class='ocr_line' id='line_1_66' title="bbox 1911 678 3491 753; baseline 0.013 -21"><span class='ocrx_word' id='word_1_493' title='bbox 1911 678 2161 736; x_wconf 80' lang='lat' dir='ltr'><strong>feminam</strong></span> <span class='ocrx_word' id='word_1_494' title='bbox 2194 698 2305 737; x_wconf 90' lang='lat' dir='ltr'><strong>rem</strong></span> <span class='ocrx_word' id='word_1_495' title='bbox 2328 683 2467 739; x_wconf 86' lang='lat' dir='ltr'><strong>illius</strong></span> <span class='ocrx_word' id='word_1_496' title='bbox 2496 697 2768 743; x_wconf 86' lang='lat' dir='ltr'><strong>curantem</strong></span> <span class='ocrx_word' id='word_1_497' title='bbox 2799 705 2813 743; x_wconf 91' lang='lat'><strong>:</strong></span> <span class='ocrx_word' id='word_1_498' title='bbox 2842 692 3071 747; x_wconf 81' lang='lat' dir='ltr'><strong>arcenda</strong></span> <span class='ocrx_word' id='word_1_499' title='bbox 3098 694 3222 749; x_wconf 90' lang='lat' dir='ltr'><strong>item</strong></span> <span class='ocrx_word' id='word_1_500' title='bbox 3250 704 3333 751; x_wconf 88' lang='lat' dir='ltr'><strong>est</strong></span> <span class='ocrx_word' id='word_1_501' title='bbox 3353 713 3383 752; x_wconf 85' lang='lat' dir='ltr'><strong>a</strong></span> <span class='ocrx_word' id='word_1_502' title='bbox 3407 697 3491 753; x_wconf 62' lang='lat' dir='ltr'><strong>fu.</strong></span> 
     </span>
    </p>
   </div>
   <div class='ocr_carea' id='block_1_67' title="bbox 1912 768 3495 851">
    <p class='ocr_par' dir='ltr' id='par_1_67' title="bbox 1912 768 3495 851">
     <span class='ocr_line' id='line_1_67' title="bbox 1912 768 3495 851; baseline 0.014 -28"><span class='ocrx_word' id='word_1_503' title='bbox 1912 773 2133 826; x_wconf 87' lang='lat' dir='ltr'><strong>neribus</strong></span> <span class='ocrx_word' id='word_1_504' title='bbox 2159 789 2221 829; x_wconf 89' lang='lat' dir='ltr'><strong>ac</strong></span> <span class='ocrx_word' id='word_1_505' title='bbox 2247 768 2553 847; x_wconf 75' lang='lat' dir='ltr'><strong>pervigiliis.</strong></span> <span class='ocrx_word' id='word_1_506' title='bbox 2583 777 2923 851; x_wconf 76' lang='lat' dir='ltr'><strong>Novitenim,</strong></span> <span class='ocrx_word' id='word_1_507' title='bbox 2956 774 3102 840; x_wconf 87' lang='lat' dir='ltr'><strong>novit</strong></span> <span class='ocrx_word' id='word_1_508' title='bbox 3120 778 3495 845; x_wconf 82' lang='lat' dir='ltr'><strong>callidissimus</strong></span> 
     </span>
    </p>
   </div>
   <div class='ocr_carea' id='block_1_68' title="bbox 1910 859 3493 951">
    <p class='ocr_par' dir='ltr' id='par_1_68' title="bbox 1910 859 3493 951">
     <span class='ocr_line' id='line_1_68' title="bbox 1910 859 3493 951; baseline 0.015 -38"><span class='ocrx_word' id='word_1_509' title='bbox 1910 859 1999 915; x_wconf 87' lang='lat' dir='ltr'><strong>ille</strong></span> <span class='ocrx_word' id='word_1_510' title='bbox 2048 878 2268 931; x_wconf 88' lang='lat' dir='ltr'><strong>serpens</strong></span> <span class='ocrx_word' id='word_1_511' title='bbox 2326 881 2420 934; x_wconf 91' lang='lat' dir='ltr'><strong>per</strong></span> <span class='ocrx_word' id='word_1_512' title='bbox 2467 868 2603 923; x_wconf 82' lang='lat' dir='ltr'><strong>b0na</strong></span> <span class='ocrx_word' id='word_1_513' title='bbox 2652 874 2812 929; x_wconf 86' lang='lat' dir='ltr'><strong>etiam</strong></span> <span class='ocrx_word' id='word_1_514' title='bbox 2858 888 3021 945; x_wconf 88' lang='lat' dir='ltr'><strong>opera</strong></span> <span class='ocrx_word' id='word_1_515' title='bbox 3056 876 3203 932; x_wconf 88' lang='lat' dir='ltr'><strong>virus</strong></span> <span class='ocrx_word' id='word_1_516' title='bbox 3242 894 3493 951; x_wconf 69' lang='lat' dir='ltr'><strong>Spargere</strong></span> 
     </span>
    </p>
   </div>
   <div class='ocr_carea' id='block_1_69' title="bbox 1907 950 3494 1037">
    <p class='ocr_par' dir='ltr' id='par_1_69' title="bbox 1907 950 3494 1037">
     <span class='ocr_line' id='line_1_69' title="bbox 1907 950 3494 1037; baseline 0.015 -32"><span class='ocrx_word' id='word_1_517' title='bbox 1907 963 2066 1007; x_wconf 86' lang='lat' dir='ltr'><strong>suum</strong></span> <span class='ocrx_word' id='word_1_518' title='bbox 2093 966 2109 1004; x_wconf 91' lang='lat'><strong>:</strong></span> <span class='ocrx_word' id='word_1_519' title='bbox 2149 969 2388 1025; x_wconf 85' lang='lat' dir='ltr'><strong>opusque</strong></span> <span class='ocrx_word' id='word_1_520' title='bbox 2418 967 2499 1012; x_wconf 87' lang='lat' dir='ltr'><strong>est</strong></span> <span class='ocrx_word' id='word_1_521' title='bbox 2523 960 2777 1029; x_wconf 77' lang='lat' dir='ltr'><strong>virginem</strong></span> <span class='ocrx_word' id='word_1_522' title='bbox 2808 959 3154 1037; x_wconf 78' lang='lat' dir='ltr'><strong>undéquaqne</strong></span> <span class='ocrx_word' id='word_1_523' title='bbox 3183 950 3399 1035; x_wconf 76' lang='lat' dir='ltr'><strong>muniri,</strong></span> <span class='ocrx_word' id='word_1_524' title='bbox 3438 983 3494 1029; x_wconf 88' lang='lat' dir='ltr'><strong>et</strong></span> 
     </span>
    </p>
   </div>
   <div class='ocr_carea' id='block_1_70' title="bbox 1908 1046 3493 1125">
    <p class='ocr_par' dir='ltr' id='par_1_70' title="bbox 1908 1046 3493 1125">
     <span class='ocr_line' id='line_1_70' title="bbox 1908 1046 3493 1125; baseline 0.016 -34"><span class='ocrx_word' id='word_1_525' title='bbox 1908 1053 2033 1097; x_wconf 82' lang='lat' dir='ltr'><strong>raro</strong></span> <span class='ocrx_word' id='word_1_526' title='bbox 2055 1048 2151 1109; x_wconf 81' lang='lat' dir='ltr'><strong>per</strong></span> <span class='ocrx_word' id='word_1_527' title='bbox 2177 1059 2373 1098; x_wconf 83' lang='lat' dir='ltr'><strong>annum</strong></span> <span class='ocrx_word' id='word_1_528' title='bbox 2404 1046 2563 1103; x_wconf 88' lang='lat' dir='ltr'><strong>domo</strong></span> <span class='ocrx_word' id='word_1_529' title='bbox 2589 1049 2793 1119; x_wconf 86' lang='lat' dir='ltr'><strong>egredi,</strong></span> <span class='ocrx_word' id='word_1_530' title='bbox 2830 1068 3024 1123; x_wconf 87' lang='lat' dir='ltr'><strong>nempe</strong></span> <span class='ocrx_word' id='word_1_531' title='bbox 3045 1070 3165 1110; x_wconf 87' lang='lat' dir='ltr'><strong>cum</strong></span> <span class='ocrx_word' id='word_1_532' title='bbox 3196 1056 3493 1125; x_wconf 79' lang='lat' dir='ltr'><strong>indeclina-</strong></span> 
     </span>
    </p>
   </div>
   <div class='ocr_carea' id='block_1_71' title="bbox 1910 1127 3488 1221">
    <p class='ocr_par' dir='ltr' id='par_1_71' title="bbox 1910 1127 3488 1221">
     <span class='ocr_line' id='line_1_71' title="bbox 1910 1127 3488 1221; baseline 0.016 -39"><span class='ocrx_word' id='word_1_533' title='bbox 1910 1127 2042 1184; x_wconf 88' lang='lat' dir='ltr'><strong>biles</strong></span> <span class='ocrx_word' id='word_1_534' title='bbox 2066 1146 2129 1185; x_wconf 89' lang='lat' dir='ltr'><strong>ac</strong></span> <span class='ocrx_word' id='word_1_535' title='bbox 2155 1137 2471 1195; x_wconf 73' lang='lat' dir='ltr'><strong>necessaria:</strong></span> <span class='ocrx_word' id='word_1_536' title='bbox 2491 1150 2681 1210; x_wconf 86' lang='lat' dir='ltr'><strong>urgent</strong></span> <span class='ocrx_word' id='word_1_537' title='bbox 2706 1157 2898 1198; x_wconf 60' lang='lat' dir='ltr'><strong>causa.</strong></span> <span class='ocrx_word' id='word_1_538' title='bbox 2927 1145 2983 1205; x_wconf 85' lang='lat' dir='ltr'><strong>Si</strong></span> <span class='ocrx_word' id='word_1_539' title='bbox 3020 1149 3139 1218; x_wconf 88' lang='lat' dir='ltr'><strong>quis</strong></span> <span class='ocrx_word' id='word_1_540' title='bbox 3167 1164 3296 1205; x_wconf 87' lang='lat' dir='ltr'><strong>vero</strong></span> <span class='ocrx_word' id='word_1_541' title='bbox 3322 1151 3488 1221; x_wconf 89' lang='lat' dir='ltr'><strong>dicat,</strong></span> 
     </span>
    </p>
   </div>
   <div class='ocr_carea' id='block_1_72' title="bbox 1874 1220 3488 1313">
    <p class='ocr_par' dir='ltr' id='par_1_72' title="bbox 1874 1220 3488 1313">
     <span class='ocr_line' id='line_1_72' title="bbox 1874 1220 3488 1313; baseline 0.017 -43"><span class='ocrx_word' id='word_1_542' title='bbox 1874 1220 1877 1221; x_wconf 66' lang='grc'><strong><em>⁷</em></strong></span> <span class='ocrx_word' id='word_1_543' title='bbox 1911 1233 2016 1272; x_wconf 93' lang='lat' dir='ltr'><strong>non</strong></span> <span class='ocrx_word' id='word_1_544' title='bbox 2039 1238 2172 1291; x_wconf 82' lang='lat' dir='ltr'><strong>opus</strong></span> <span class='ocrx_word' id='word_1_545' title='bbox 2188 1239 2307 1280; x_wconf 89' lang='lat' dir='ltr'><strong>esse</strong></span> <span class='ocrx_word' id='word_1_546' title='bbox 2324 1236 2379 1280; x_wconf 93' lang='lat' dir='ltr'><strong>ut</strong></span> <span class='ocrx_word' id='word_1_547' title='bbox 2398 1242 2484 1283; x_wconf 81' lang='lat' dir='ltr'><strong>res</strong></span> <span class='ocrx_word' id='word_1_548' title='bbox 2499 1229 2815 1313; x_wconf 56' lang='lat' dir='ltr'><strong>hujusmodi</strong></span> <span class='ocrx_word' id='word_1_549' title='bbox 2829 1234 3080 1313; x_wconf 69' lang='lat' dir='ltr'><strong>episcopo</strong></span> <span class='ocrx_word' id='word_1_550' title='bbox 3100 1242 3488 1309; x_wconf 85' lang='lat' dir='ltr'><strong>committatur,</strong></span> 
     </span>
    </p>
   </div>
   <div class='ocr_carea' id='block_1_73' title="bbox 1905 1307 3492 1393">
    <p class='ocr_par' dir='ltr' id='par_1_73' title="bbox 1905 1307 3492 1393">
     <span class='ocr_line' id='line_1_73' title="bbox 1905 1307 3492 1393; baseline 0.016 -29"><span class='ocrx_word' id='word_1_551' title='bbox 1905 1312 2111 1365; x_wconf 87' lang='lat' dir='ltr'><strong>noverit</strong></span> <span class='ocrx_word' id='word_1_552' title='bbox 2142 1316 2203 1377; x_wconf 87' lang='lat' dir='ltr'><strong>is,</strong></span> <span class='ocrx_word' id='word_1_553' title='bbox 2236 1312 2567 1387; x_wconf 83' lang='lat' dir='ltr'><strong>singularum</strong></span> <span class='ocrx_word' id='word_1_554' title='bbox 2605 1307 3072 1393; x_wconf 43' lang='lat' dir='ltr'><strong>rerum‘gestarum</strong></span> <span class='ocrx_word' id='word_1_555' title='bbox 3102 1332 3410 1389; x_wconf 78' lang='lat' dir='ltr'><strong>occasiones</strong></span> <span class='ocrx_word' id='word_1_556' title='bbox 3434 1344 3492 1389; x_wconf 92' lang='lat' dir='ltr'><strong>et</strong></span> 
     </span>
    </p>
   </div>
   <div class='ocr_carea' id='block_1_74' title="bbox 1902 1400 3485 1490">
    <p class='ocr_par' dir='ltr' id='par_1_74' title="bbox 1902 1400 3485 1490">
     <span class='ocr_line' id='line_1_74' title="bbox 1902 1400 3485 1490; baseline 0.016 -38"><span class='ocrx_word' id='word_1_557' title='bbox 1902 1414 2093 1456; x_wconf 86' lang='lat' dir='ltr'><strong>causas</strong></span> <span class='ocrx_word' id='word_1_558' title='bbox 2117 1403 2183 1457; x_wconf 90' lang='lat' dir='ltr'><strong>ad</strong></span> <span class='ocrx_word' id='word_1_559' title='bbox 2211 1406 2379 1473; x_wconf 77' lang='lat' dir='ltr'><strong>ipsum</strong></span> <span class='ocrx_word' id='word_1_560' title='bbox 2404 1400 2711 1466; x_wconf 76' lang='lat' dir='ltr'><strong>referendas</strong></span> <span class='ocrx_word' id='word_1_561' title='bbox 2736 1428 2887 1481; x_wconf 88' lang='lat' dir='ltr'><strong>esse;</strong></span> <span class='ocrx_word' id='word_1_562' title='bbox 2920 1416 2989 1469; x_wconf 80' lang='lat' dir='ltr'><strong>ita</strong></span> <span class='ocrx_word' id='word_1_563' title='bbox 3012 1426 3068 1471; x_wconf 90' lang='lat' dir='ltr'><strong>ut</strong></span> <span class='ocrx_word' id='word_1_564' title='bbox 3089 1419 3255 1475; x_wconf 88' lang='lat' dir='ltr'><strong>multo</strong></span> <span class='ocrx_word' id='word_1_565' title='bbox 3282 1423 3485 1490; x_wconf 87' lang='lat' dir='ltr'><strong>utilius,</strong></span> 
     </span>
    </p>
   </div>
   <div class='ocr_carea' id='block_1_75' title="bbox 1902 1493 3489 1573">
    <p class='ocr_par' dir='ltr' id='par_1_75' title="bbox 1902 1493 3489 1573">
     <span class='ocr_line' id='line_1_75' title="bbox 1902 1493 3489 1573; baseline 0.016 -29"><span class='ocrx_word' id='word_1_566' title='bbox 1902 1493 2154 1573; x_wconf 57' lang='lat' dir='ltr'><strong>siongyia</strong></span> <span class='ocrx_word' id='word_1_567' title='bbox 2184 1496 2297 1565; x_wconf 91' lang='lat' dir='ltr'><strong>ipse</strong></span> <span class='ocrx_word' id='word_1_568' title='bbox 2325 1498 2722 1571; x_wconf 88' lang='lat' dir='ltr'><strong>administrans,</strong></span> <span class='ocrx_word' id='word_1_569' title='bbox 2755 1505 2819 1559; x_wconf 84' lang='lat' dir='ltr'><strong>iis</strong></span> <span class='ocrx_word' id='word_1_570' title='bbox 2843 1507 3153 1567; x_wconf 87' lang='lat' dir='ltr'><strong>criminibus</strong></span> <span class='ocrx_word' id='word_1_571' title='bbox 3184 1511 3317 1567; x_wconf 90' lang='lat' dir='ltr'><strong>liber</strong></span> <span class='ocrx_word' id='word_1_572' title='bbox 3342 1514 3489 1570; x_wconf 83' lang='lat' dir='ltr'><strong>futu-</strong></span> 
     </span>
    </p>
   </div>
   <div class='ocr_carea' id='block_1_76' title="bbox 1900 1575 3485 1670">
    <p class='ocr_par' dir='ltr' id='par_1_76' title="bbox 1900 1575 3485 1670">
     <span class='ocr_line' id='line_1_76' title="bbox 1900 1575 3485 1670; baseline 0.014 -35"><span class='ocrx_word' id='word_1_573' title='bbox 1900 1596 1992 1636; x_wconf 86' lang='lat' dir='ltr'><strong>rus</strong></span> <span class='ocrx_word' id='word_1_574' title='bbox 2024 1596 2113 1670; x_wconf 72' lang='lat' dir='ltr'><strong>sit,</strong></span> <span class='ocrx_word' id='word_1_575' title='bbox 2144 1600 2280 1663; x_wconf 76' lang='lat' dir='ltr'><strong>qum</strong></span> <span class='ocrx_word' id='word_1_576' title='bbox 2310 1600 2528 1658; x_wconf 85' lang='lat' dir='ltr'><strong>prepter</strong></span> <span class='ocrx_word' id='word_1_577' title='bbox 2554 1593 2778 1648; x_wconf 84' lang='lat' dir='ltr'><strong>aliorum</strong></span> <span class='ocrx_word' id='word_1_578' title='bbox 2819 1575 3035 1665; x_wconf 73' lang='lat' dir='ltr'><strong>peccata</strong></span> <span class='ocrx_word' id='word_1_579' title='bbox 3078 1602 3261 1657; x_wconf 87' lang='lat' dir='ltr'><strong>subire</strong></span> <span class='ocrx_word' id='word_1_580' title='bbox 3304 1602 3485 1670; x_wconf 78' lang='lat' dir='ltr'><strong>debet,</strong></span> 
     </span>
    </p>
   </div>
   <div class='ocr_carea' id='block_1_77' title="bbox 1899 1666 3489 1764">
    <p class='ocr_par' dir='ltr' id='par_1_77' title="bbox 1899 1666 3489 1764">
     <span class='ocr_line' id='line_1_77' title="bbox 1899 1666 3489 1764; baseline 0.015 -38"><span class='ocrx_word' id='word_1_581' title='bbox 1899 1666 2061 1742; x_wconf 83' lang='lat' dir='ltr'><strong>quam</strong></span> <span class='ocrx_word' id='word_1_582' title='bbox 2111 1676 2189 1743; x_wconf 91' lang='lat' dir='ltr'><strong>si,</strong></span> <span class='ocrx_word' id='word_1_583' title='bbox 2220 1677 2459 1735; x_wconf 76' lang='lat' dir='ltr'><strong>‘dimissa</strong></span> <span class='ocrx_word' id='word_1_584' title='bbox 2511 1684 2812 1751; x_wconf 86' lang='lat' dir='ltr'><strong>bujusmodi</strong></span> <span class='ocrx_word' id='word_1_585' title='bbox 2861 1666 3339 1760; x_wconf 64' lang='lat' dir='ltr'><strong>administratione,</strong></span> <span class='ocrx_word' id='word_1_586' title='bbox 3390 1666 3489 1764; x_wconf 86' lang='lat' dir='ltr'><strong>pro</strong></span> 
     </span>
    </p>
   </div>
   <div class='ocr_carea' id='block_1_78' title="bbox 1898 1765 3484 1857">
    <p class='ocr_par' dir='ltr' id='par_1_78' title="bbox 1898 1765 3484 1857">
     <span class='ocr_line' id='line_1_78' title="bbox 1898 1765 3484 1857; baseline 0.016 -41"><span class='ocrx_word' id='word_1_587' title='bbox 1898 1765 2123 1820; x_wconf 89' lang='lat' dir='ltr'><strong>aliorum</strong></span> <span class='ocrx_word' id='word_1_588' title='bbox 2152 1770 2314 1856; x_wconf 54' lang='lat' dir='ltr'><strong>gestis</strong></span> <span class='ocrx_word' id='word_1_589' title='bbox 2348 1770 2416 1827; x_wconf 88' lang='lat' dir='ltr'><strong>de</strong></span> <span class='ocrx_word' id='word_1_590' title='bbox 2450 1775 2657 1830; x_wconf 88' lang='lat' dir='ltr'><strong>ratione</strong></span> <span class='ocrx_word' id='word_1_591' title='bbox 2695 1777 2963 1857; x_wconf 81' lang='lat' dir='ltr'><strong>reddenda</strong></span> <span class='ocrx_word' id='word_1_592' title='bbox 2986 1791 3220 1840; x_wconf 88' lang='lat' dir='ltr'><strong>tremere</strong></span> <span class='ocrx_word' id='word_1_593' title='bbox 3243 1795 3484 1857; x_wconf 87' lang='lat' dir='ltr'><strong>cogatur.</strong></span> 
     </span>
    </p>
   </div>
   <div class='ocr_carea' id='block_1_79' title="bbox 1897 1851 3485 1949">
    <p class='ocr_par' dir='ltr' id='par_1_79' title="bbox 1897 1851 3485 1949">
     <span class='ocr_line' id='line_1_79' title="bbox 1897 1851 3485 1949; baseline 0.016 -40"><span class='ocrx_word' id='word_1_594' title='bbox 1897 1858 1978 1912; x_wconf 84' lang='lat' dir='ltr'><strong>Ad</strong></span> <span class='ocrx_word' id='word_1_595' title='bbox 2009 1858 2142 1926; x_wconf 76' lang='lat' dir='ltr'><strong>hmc,</strong></span> <span class='ocrx_word' id='word_1_596' title='bbox 2176 1865 2263 1931; x_wconf 89' lang='lat' dir='ltr'><strong>qui</strong></span> <span class='ocrx_word' id='word_1_597' title='bbox 2281 1851 2387 1929; x_wconf 83' lang='lat' dir='ltr'><strong>per</strong></span> <span class='ocrx_word' id='word_1_598' title='bbox 2417 1879 2475 1921; x_wconf 90' lang='lat' dir='ltr'><strong>se</strong></span> <span class='ocrx_word' id='word_1_599' title='bbox 2512 1866 2563 1920; x_wconf 90' lang='lat' dir='ltr'><strong>id</strong></span> <span class='ocrx_word' id='word_1_600' title='bbox 2593 1868 2735 1937; x_wconf 87' lang='lat' dir='ltr'><strong>agit,</strong></span> <span class='ocrx_word' id='word_1_601' title='bbox 2776 1852 3063 1927; x_wconf 87' lang='lat' dir='ltr'><strong>admodum</strong></span> <span class='ocrx_word' id='word_1_602' title='bbox 3105 1873 3260 1931; x_wconf 80' lang='lat' dir='ltr'><strong>facile</strong></span> <span class='ocrx_word' id='word_1_603' title='bbox 3304 1851 3485 1949; x_wconf 75' lang='lat' dir='ltr'><strong>omnia</strong></span> 
     </span>
    </p>
   </div>
   <div class='ocr_carea' id='block_1_80' title="bbox 1883 1950 3484 2023">
    <p class='ocr_par' dir='ltr' id='par_1_80' title="bbox 1883 1950 3484 2023">
     <span class='ocr_line' id='line_1_80' title="bbox 1883 1950 3484 2023; baseline 0.014 -23"><span class='ocrx_word' id='word_1_604' title='bbox 1883 1950 2159 2016; x_wconf 90' lang='lat' dir='ltr'><strong>.percurrit</strong></span> <span class='ocrx_word' id='word_1_605' title='bbox 2188 1970 2203 2006; x_wconf 87' lang='lat'><strong>:</strong></span> <span class='ocrx_word' id='word_1_606' title='bbox 2234 1953 2324 2020; x_wconf 89' lang='lat' dir='ltr'><strong>qui</strong></span> <span class='ocrx_word' id='word_1_607' title='bbox 2347 1970 2476 2009; x_wconf 87' lang='lat' dir='ltr'><strong>vero</strong></span> <span class='ocrx_word' id='word_1_608' title='bbox 2497 1958 2741 2013; x_wconf 90' lang='lat' dir='ltr'><strong>omnibus</strong></span> <span class='ocrx_word' id='word_1_609' title='bbox 2770 1959 2888 2013; x_wconf 88' lang='lat' dir='ltr'><strong>aliis</strong></span> <span class='ocrx_word' id='word_1_610' title='bbox 2907 1960 2974 2015; x_wconf 89' lang='lat' dir='ltr'><strong>ad</strong></span> <span class='ocrx_word' id='word_1_611' title='bbox 2996 1977 3143 2017; x_wconf 89' lang='lat' dir='ltr'><strong>suam</strong></span> <span class='ocrx_word' id='word_1_612' title='bbox 3163 1958 3484 2023; x_wconf 78' lang='lat' dir='ltr'><strong>scutentiam</strong></span> 
     </span>
    </p>
   </div>
   <div class='ocr_carea' id='block_1_81' title="bbox 1896 2041 3485 2115">
    <p class='ocr_par' dir='ltr' id='par_1_81' title="bbox 1896 2041 3485 2115">
     <span class='ocr_line' id='line_1_81' title="bbox 1896 2041 3485 2115; baseline 0.015 -25"><span class='ocrx_word' id='word_1_613' title='bbox 1896 2041 2174 2105; x_wconf 84' lang='lat' dir='ltr'><strong>pertractis</strong></span> <span class='ocrx_word' id='word_1_614' title='bbox 2214 2041 2264 2095; x_wconf 91' lang='lat' dir='ltr'><strong>id</strong></span> <span class='ocrx_word' id='word_1_615' title='bbox 2307 2058 2465 2114; x_wconf 84' lang='lat' dir='ltr'><strong>agere</strong></span> <span class='ocrx_word' id='word_1_616' title='bbox 2492 2048 2717 2115; x_wconf 85' lang='lat' dir='ltr'><strong>cogitur.</strong></span> <span class='ocrx_word' id='word_1_617' title='bbox 2760 2065 2865 2103; x_wconf 84' lang='lat' dir='ltr'><strong>non</strong></span> <span class='ocrx_word' id='word_1_618' title='bbox 2896 2059 3091 2106; x_wconf 88' lang='lat' dir='ltr'><strong>tantam</strong></span> <span class='ocrx_word' id='word_1_619' title='bbox 3140 2055 3300 2112; x_wconf 86' lang='lat' dir='ltr'><strong>habet</strong></span> <span class='ocrx_word' id='word_1_620' title='bbox 3338 2057 3485 2113; x_wconf 88' lang='lat' dir='ltr'><strong>labo-</strong></span> 
     </span>
    </p>
   </div>
   <div class='ocr_carea' id='block_1_82' title="bbox 1893 2130 3484 2209">
    <p class='ocr_par' dir='ltr' id='par_1_82' title="bbox 1893 2130 3484 2209">
     <span class='ocr_line' id='line_1_82' title="bbox 1893 2130 3484 2209; baseline 0.014 -27"><span class='ocrx_word' id='word_1_621' title='bbox 1893 2130 1967 2182; x_wconf 90' lang='lat' dir='ltr'><strong>ris</strong></span> <span class='ocrx_word' id='word_1_622' title='bbox 1993 2131 2360 2199; x_wconf 75' lang='lat' dir='ltr'><strong>remissionem</strong></span> <span class='ocrx_word' id='word_1_623' title='bbox 2400 2152 2465 2207; x_wconf 84' lang='lat' dir='ltr'><strong>ex</strong></span> <span class='ocrx_word' id='word_1_624' title='bbox 2510 2152 2575 2192; x_wconf 91' lang='lat' dir='ltr'><strong>eo</strong></span> <span class='ocrx_word' id='word_1_625' title='bbox 2599 2139 2740 2209; x_wconf 88' lang='lat' dir='ltr'><strong>quod</strong></span> <span class='ocrx_word' id='word_1_626' title='bbox 2782 2156 2886 2195; x_wconf 89' lang='lat' dir='ltr'><strong>non</strong></span> <span class='ocrx_word' id='word_1_627' title='bbox 2930 2143 3011 2197; x_wconf 91' lang='lat' dir='ltr'><strong>sui</strong></span> <span class='ocrx_word' id='word_1_628' title='bbox 3053 2145 3222 2201; x_wconf 84' lang='lat' dir='ltr'><strong>solius</strong></span> <span class='ocrx_word' id='word_1_629' title='bbox 3260 2148 3484 2205; x_wconf 85' lang='lat' dir='ltr'><strong>arbitrio</strong></span> 
     </span>
    </p>
   </div>
   <div class='ocr_carea' id='block_1_83' title="bbox 1891 2218 3483 2308">
    <p class='ocr_par' dir='ltr' id='par_1_83' title="bbox 1891 2218 3483 2308">
     <span class='ocr_line' id='line_1_83' title="bbox 1891 2218 3483 2308; baseline 0.01 -33"><span class='ocrx_word' id='word_1_630' title='bbox 1891 2231 2033 2292; x_wconf 87' lang='lat' dir='ltr'><strong>agat,</strong></span> <span class='ocrx_word' id='word_1_631' title='bbox 2080 2236 2275 2293; x_wconf 85' lang='lat' dir='ltr'><strong>quanta</strong></span> <span class='ocrx_word' id='word_1_632' title='bbox 2313 2230 2520 2299; x_wconf 82' lang='lat' dir='ltr'><strong>negotia</strong></span> <span class='ocrx_word' id='word_1_633' title='bbox 2547 2239 2601 2285; x_wconf 92' lang='lat' dir='ltr'><strong>et</strong></span> <span class='ocrx_word' id='word_1_634' title='bbox 2630 2233 2886 2287; x_wconf 88' lang='lat' dir='ltr'><strong>tumultus</strong></span> <span class='ocrx_word' id='word_1_635' title='bbox 2911 2218 3133 2303; x_wconf 43' lang='lat' dir='ltr'><strong>peritos</strong></span> <span class='ocrx_word' id='word_1_636' title='bbox 3174 2240 3263 2308; x_wconf 90' lang='lat' dir='ltr'><strong>qui</strong></span> <span class='ocrx_word' id='word_1_637' title='bbox 3287 2240 3483 2295; x_wconf 47' lang='lat' dir='ltr'><strong>advers</strong></span> 
     </span>
    </p>
   </div>
   <div class='ocr_carea' id='block_1_84' title="bbox 1891 2318 3483 2400">
    <p class='ocr_par' dir='ltr' id='par_1_84' title="bbox 1891 2318 3483 2400">
     <span class='ocr_line' id='line_1_84' title="bbox 1891 2318 3483 2400; baseline 0.013 -33"><span class='ocrx_word' id='word_1_638' title='bbox 1891 2318 2075 2369; x_wconf 86' lang='lat' dir='ltr'><strong>santur</strong></span> <span class='ocrx_word' id='word_1_639' title='bbox 2104 2326 2159 2371; x_wconf 93' lang='lat' dir='ltr'><strong>et</strong></span> <span class='ocrx_word' id='word_1_640' title='bbox 2188 2332 2282 2387; x_wconf 90' lang='lat' dir='ltr'><strong>pro</strong></span> <span class='ocrx_word' id='word_1_641' title='bbox 2310 2323 2405 2373; x_wconf 80' lang='lat' dir='ltr'><strong>suo</strong></span> <span class='ocrx_word' id='word_1_642' title='bbox 2424 2332 2659 2391; x_wconf 88' lang='lat' dir='ltr'><strong>pugnant</strong></span> <span class='ocrx_word' id='word_1_643' title='bbox 2682 2325 2907 2392; x_wconf 87' lang='lat' dir='ltr'><strong>judicio.</strong></span> <span class='ocrx_word' id='word_1_644' title='bbox 2940 2327 3133 2384; x_wconf 85' lang='lat' dir='ltr'><strong>Verum</strong></span> <span class='ocrx_word' id='word_1_645' title='bbox 3157 2344 3263 2385; x_wconf 88' lang='lat' dir='ltr'><strong>non</strong></span> <span class='ocrx_word' id='word_1_646' title='bbox 3293 2345 3483 2400; x_wconf 78' lang='lat' dir='ltr'><strong>omnes</strong></span> 
     </span>
    </p>
   </div>
   <div class='ocr_carea' id='block_1_85' title="bbox 1890 2404 3478 2477">
    <p class='ocr_par' dir='ltr' id='par_1_85' title="bbox 1890 2404 3478 2477">
     <span class='ocr_line' id='line_1_85' title="bbox 1890 2404 3478 2477; baseline 0.011 -18"><span class='ocrx_word' id='word_1_647' title='bbox 1890 2404 1958 2459; x_wconf 87' lang='lat' dir='ltr'><strong>de</strong></span> <span class='ocrx_word' id='word_1_648' title='bbox 1996 2406 2708 2476; x_wconf 81' lang='lat' dir='ltr'><strong>virginibussollicitudines</strong></span> <span class='ocrx_word' id='word_1_649' title='bbox 2738 2418 3047 2471; x_wconf 83' lang='lat' dir='ltr'><strong>reccnsendi</strong></span> <span class='ocrx_word' id='word_1_650' title='bbox 3094 2417 3320 2475; x_wconf 83' lang='lat' dir='ltr'><strong>facultas</strong></span> <span class='ocrx_word' id='word_1_651' title='bbox 3348 2430 3432 2476; x_wconf 87' lang='lat' dir='ltr'><strong>est</strong></span> <span class='ocrx_word' id='word_1_652' title='bbox 3463 2439 3478 2477; x_wconf 92' lang='lat'><strong>:</strong></span> 
     </span>
    </p>
   </div>
   <div class='ocr_carea' id='block_1_86' title="bbox 1869 2496 3480 2579">
    <p class='ocr_par' dir='ltr' id='par_1_86' title="bbox 1869 2496 3480 2579">
     <span class='ocr_line' id='line_1_86' title="bbox 1869 2496 3480 2579; baseline 0.01 -29"><span class='ocrx_word' id='word_1_653' title='bbox 1869 2498 2091 2551; x_wconf 55' lang='lat' dir='ltr'><strong>«etenim</strong></span> <span class='ocrx_word' id='word_1_654' title='bbox 2118 2513 2237 2552; x_wconf 91' lang='lat' dir='ltr'><strong>cum</strong></span> <span class='ocrx_word' id='word_1_655' title='bbox 2282 2499 2335 2553; x_wconf 88' lang='lat' dir='ltr'><strong>in</strong></span> <span class='ocrx_word' id='word_1_656' title='bbox 2381 2502 2560 2555; x_wconf 66' lang='lat' dir='ltr'><strong>allium</strong></span> <span class='ocrx_word' id='word_1_657' title='bbox 2607 2504 2898 2559; x_wconf 81' lang='lat' dir='ltr'><strong>referendae</strong></span> <span class='ocrx_word' id='word_1_658' title='bbox 2939 2498 3098 2573; x_wconf 88' lang='lat' dir='ltr'><strong>sunt,</strong></span> <span class='ocrx_word' id='word_1_659' title='bbox 3142 2524 3247 2564; x_wconf 90' lang='lat' dir='ltr'><strong>non</strong></span> <span class='ocrx_word' id='word_1_660' title='bbox 3278 2496 3480 2579; x_wconf 87' lang='lat' dir='ltr'><strong>parum</strong></span> 
     </span>
    </p>
   </div>
   <div class='ocr_carea' id='block_1_87' title="bbox 1889 2588 3481 2660">
    <p class='ocr_par' dir='ltr' id='par_1_87' title="bbox 1889 2588 3481 2660">
     <span class='ocr_line' id='line_1_87' title="bbox 1889 2588 3481 2660; baseline 0.013 -20"><span class='ocrx_word' id='word_1_661' title='bbox 1889 2590 2085 2658; x_wconf 82' lang='lat' dir='ltr'><strong>negotii</strong></span> <span class='ocrx_word' id='word_1_662' title='bbox 2117 2588 2386 2646; x_wconf 87' lang='lat' dir='ltr'><strong>facessunt</strong></span> <span class='ocrx_word' id='word_1_663' title='bbox 2426 2594 2509 2660; x_wconf 92' lang='lat' dir='ltr'><strong>ei,</strong></span> <span class='ocrx_word' id='word_1_664' title='bbox 2554 2597 2639 2649; x_wconf 89' lang='lat' dir='ltr'><strong>cui</strong></span> <span class='ocrx_word' id='word_1_665' title='bbox 2689 2595 2802 2652; x_wconf 75' lang='lat' dir='ltr'><strong>lucc</strong></span> <span class='ocrx_word' id='word_1_666' title='bbox 2838 2597 3227 2656; x_wconf 89' lang='lat' dir='ltr'><strong>administratio</strong></span> <span class='ocrx_word' id='word_1_667' title='bbox 3254 2615 3481 2660; x_wconf 82' lang='lat' dir='ltr'><strong>concre-</strong></span> 
     </span>
    </p>
   </div>
   <div class='ocr_carea' id='block_1_88' title="bbox 1888 2678 3313 2751">
    <p class='ocr_par' dir='ltr' id='par_1_88' title="bbox 1888 2678 3313 2751">
     <span class='ocr_line' id='line_1_88' title="bbox 1888 2678 3313 2751; baseline 0.004 -19"><span class='ocrx_word' id='word_1_668' title='bbox 1888 2678 1995 2732; x_wconf 81' lang='lat' dir='ltr'><strong>dita</strong></span> <span class='ocrx_word' id='word_1_669' title='bbox 2031 2688 2135 2734; x_wconf 85' lang='lat' dir='ltr'><strong>est.</strong></span> <span class='ocrx_word' id='word_1_670' title='bbox 3312 2748 3313 2751; x_wconf 23' lang='grc' dir='ltr'><strong>η</strong></span> 
     </span>
    </p>
   </div>
   <div class='ocr_carea' id='block_1_89' title="bbox 1956 2767 3477 2849">
    <p class='ocr_par' dir='ltr' id='par_1_89' title="bbox 1956 2767 3477 2849">
     <span class='ocr_line' id='line_1_89' title="bbox 1956 2767 3477 2849; baseline 0.016 -28"><span class='ocrx_word' id='word_1_671' title='bbox 1956 2767 2279 2826; x_wconf 63' lang='lat' dir='ltr'><strong>Indutiarum</strong></span> <span class='ocrx_word' id='word_1_672' title='bbox 2312 2772 2529 2843; x_wconf 61' lang='lat' dir='ltr'><strong>oﬁciim</strong></span> <span class='ocrx_word' id='word_1_673' title='bbox 2554 2792 2707 2846; x_wconf 84' lang='lat' dir='ltr'><strong>quam</strong></span> <span class='ocrx_word' id='word_1_674' title='bbox 2732 2779 3015 2849; x_wconf 69' lang='lat' dir='ltr'><strong>molestum.</strong></span> <span class='ocrx_word' id='word_1_675' title='bbox 3051 2811 3125 2824; x_wconf 89' lang='lat'><strong>—</strong></span> <span class='ocrx_word' id='word_1_676' title='bbox 3148 2779 3477 2845; x_wconf 83' lang='lat' dir='ltr'><strong>Judiciorum</strong></span> 
     </span>
    </p>
   </div>
   <div class='ocr_carea' id='block_1_90' title="bbox 1885 2856 3477 2945">
    <p class='ocr_par' dir='ltr' id='par_1_90' title="bbox 1885 2856 3477 2945">
     <span class='ocr_line' id='line_1_90' title="bbox 1885 2856 3477 2945; baseline 0.013 -34"><span class='ocrx_word' id='word_1_677' title='bbox 1885 2857 2118 2913; x_wconf 87' lang='lat' dir='ltr'><strong>officium</strong></span> <span class='ocrx_word' id='word_1_678' title='bbox 2135 2857 2443 2919; x_wconf 88' lang='lat' dir='ltr'><strong>innumeras</strong></span> <span class='ocrx_word' id='word_1_679' title='bbox 2461 2866 2599 2935; x_wconf 87' lang='lat' dir='ltr'><strong>parit</strong></span> <span class='ocrx_word' id='word_1_680' title='bbox 2618 2867 2912 2934; x_wconf 87' lang='lat' dir='ltr'><strong>molestias,</strong></span> <span class='ocrx_word' id='word_1_681' title='bbox 2926 2871 3145 2925; x_wconf 89' lang='lat' dir='ltr'><strong>multum</strong></span> <span class='ocrx_word' id='word_1_682' title='bbox 3162 2856 3377 2945; x_wconf 85' lang='lat' dir='ltr'><strong>negotii,</strong></span> <span class='ocrx_word' id='word_1_683' title='bbox 3400 2886 3477 2932; x_wconf 86' lang='lat' dir='ltr'><strong>tot</strong></span> 
     </span>
    </p>
   </div>
   <div class='ocr_carea' id='block_1_91' title="bbox 1885 2944 3477 3033">
    <p class='ocr_par' dir='ltr' id='par_1_91' title="bbox 1885 2944 3477 3033">
     <span class='ocr_line' id='line_1_91' title="bbox 1885 2944 3477 3033; baseline 0.014 -31"><span class='ocrx_word' id='word_1_684' title='bbox 1885 2944 2247 3020; x_wconf 68' lang='lat' dir='ltr'><strong>difficultates,</strong></span> <span class='ocrx_word' id='word_1_685' title='bbox 2262 2966 2390 3029; x_wconf 73' lang='lat' dir='ltr'><strong>quot</strong></span> <span class='ocrx_word' id='word_1_686' title='bbox 2406 2972 2474 3010; x_wconf 89' lang='lat' dir='ltr'><strong>ne</strong></span> <span class='ocrx_word' id='word_1_687' title='bbox 2492 2956 2732 3013; x_wconf 90' lang='lat' dir='ltr'><strong>forenses</strong></span> <span class='ocrx_word' id='word_1_688' title='bbox 2753 2960 2966 3030; x_wconf 90' lang='lat' dir='ltr'><strong>quidem</strong></span> <span class='ocrx_word' id='word_1_689' title='bbox 2983 2962 3199 3033; x_wconf 41' lang='lat' dir='ltr'><strong>iudices.</strong></span> <span class='ocrx_word' id='word_1_690' title='bbox 3212 2966 3477 3023; x_wconf 76' lang='lat' dir='ltr'><strong>subeunt:</strong></span> 
     </span>
    </p>
   </div>
   <div class='ocr_carea' id='block_1_92' title="bbox 1884 3041 3475 3124">
    <p class='ocr_par' dir='ltr' id='par_1_92' title="bbox 1884 3041 3475 3124">
     <span class='ocr_line' id='line_1_92' title="bbox 1884 3041 3475 3124; baseline 0.012 -30"><span class='ocrx_word' id='word_1_691' title='bbox 1884 3041 2143 3110; x_wconf 90' lang='lat' dir='ltr'><strong>siquidem</strong></span> <span class='ocrx_word' id='word_1_692' title='bbox 2178 3043 2264 3112; x_wconf 87' lang='lat' dir='ltr'><strong>jus</strong></span> <span class='ocrx_word' id='word_1_693' title='bbox 2291 3043 2462 3114; x_wconf 88' lang='lat' dir='ltr'><strong>ipsum</strong></span> <span class='ocrx_word' id='word_1_694' title='bbox 2477 3049 2726 3117; x_wconf 57' lang='lat' dir='ltr'><strong>reperire</strong></span> <span class='ocrx_word' id='word_1_695' title='bbox 2749 3050 2899 3107; x_wconf 78' lang='lat' dir='ltr'><strong>labor</strong></span> <span class='ocrx_word' id='word_1_696' title='bbox 2922 3060 3005 3106; x_wconf 89' lang='lat' dir='ltr'><strong>est</strong></span> <span class='ocrx_word' id='word_1_697' title='bbox 3027 3065 3338 3124; x_wconf 85' lang='lat' dir='ltr'><strong>:..repertum</strong></span> <span class='ocrx_word' id='word_1_698' title='bbox 3369 3073 3475 3115; x_wconf 89' lang='lat' dir='ltr'><strong>non</strong></span> 
     </span>
    </p>
   </div>
   <div class='ocr_carea' id='block_1_93' title="bbox 1883 3132 3478 3213">
    <p class='ocr_par' dir='ltr' id='par_1_93' title="bbox 1883 3132 3478 3213">
     <span class='ocr_line' id='line_1_93' title="bbox 1883 3132 3478 3213; baseline 0.012 -29"><span class='ocrx_word' id='word_1_699' title='bbox 1883 3132 2086 3187; x_wconf 81' lang='lat' dir='ltr'><strong>violare</strong></span> <span class='ocrx_word' id='word_1_700' title='bbox 2114 3133 2352 3190; x_wconf 87' lang='lat' dir='ltr'><strong>diflicile.</strong></span> <span class='ocrx_word' id='word_1_701' title='bbox 2394 3137 2507 3191; x_wconf 85' lang='lat' dir='ltr'><strong>Non</strong></span> <span class='ocrx_word' id='word_1_702' title='bbox 2539 3138 2699 3193; x_wconf 89' lang='lat' dir='ltr'><strong>modo</strong></span> <span class='ocrx_word' id='word_1_703' title='bbox 2738 3146 2915 3195; x_wconf 81' lang='lat' dir='ltr'><strong>autem</strong></span> <span class='ocrx_word' id='word_1_704' title='bbox 2949 3146 3217 3213; x_wconf 77' lang='lat' dir='ltr'><strong>negotium</strong></span> <span class='ocrx_word' id='word_1_705' title='bbox 3247 3156 3302 3201; x_wconf 87' lang='lat' dir='ltr'><strong>et</strong></span> <span class='ocrx_word' id='word_1_706' title='bbox 3329 3147 3478 3203; x_wconf 86' lang='lat' dir='ltr'><strong>diffl-</strong></span> 
     </span>
    </p>
   </div>
   <div class='ocr_carea' id='block_1_94' title="bbox 1883 3223 3474 3304">
    <p class='ocr_par' dir='ltr' id='par_1_94' title="bbox 1883 3223 3474 3304">
     <span class='ocr_line' id='line_1_94' title="bbox 1883 3223 3474 3304; baseline 0.012 -29"><span class='ocrx_word' id='word_1_707' title='bbox 1883 3223 2053 3278; x_wconf 84' lang='lat' dir='ltr'><strong>cultas</strong></span> <span class='ocrx_word' id='word_1_708' title='bbox 2080 3224 2252 3299; x_wconf 75' lang='lat' dir='ltr'><strong>adest,</strong></span> <span class='ocrx_word' id='word_1_709' title='bbox 2298 3226 2390 3281; x_wconf 89' lang='lat' dir='ltr'><strong>sed</strong></span> <span class='ocrx_word' id='word_1_710' title='bbox 2417 3229 2578 3282; x_wconf 82' lang='lat' dir='ltr'><strong>etiam</strong></span> <span class='ocrx_word' id='word_1_711' title='bbox 2604 3232 2903 3299; x_wconf 83' lang='lat' dir='ltr'><strong>periculum</strong></span> <span class='ocrx_word' id='word_1_712' title='bbox 2935 3244 3039 3288; x_wconf 88' lang='lat' dir='ltr'><strong>non</strong></span> <span class='ocrx_word' id='word_1_713' title='bbox 3078 3251 3320 3304; x_wconf 75' lang='lat' dir='ltr'><strong>parvam.</strong></span> <span class='ocrx_word' id='word_1_714' title='bbox 3356 3238 3474 3297; x_wconf 77' lang='lat' dir='ltr'><strong>1am</strong></span> 
     </span>
    </p>
   </div>
   <div class='ocr_carea' id='block_1_95' title="bbox 1882 3319 3473 3400">
    <p class='ocr_par' dir='ltr' id='par_1_95' title="bbox 1882 3319 3473 3400">
     <span class='ocr_line' id='line_1_95' title="bbox 1882 3319 3473 3400; baseline 0.011 -32"><span class='ocrx_word' id='word_1_715' title='bbox 1882 3319 2023 3369; x_wconf 90' lang='lat' dir='ltr'><strong>enim</strong></span> <span class='ocrx_word' id='word_1_716' title='bbox 2056 3319 2268 3386; x_wconf 84' lang='lat' dir='ltr'><strong>quidam</strong></span> <span class='ocrx_word' id='word_1_717' title='bbox 2292 3333 2357 3375; x_wconf 84' lang='lat' dir='ltr'><strong>ex</strong></span> <span class='ocrx_word' id='word_1_718' title='bbox 2377 3321 2762 3379; x_wconf 84' lang='lat' dir='ltr'><strong>infirmioribus</strong></span> <span class='ocrx_word' id='word_1_719' title='bbox 2783 3325 2835 3378; x_wconf 92' lang='lat' dir='ltr'><strong>in</strong></span> <span class='ocrx_word' id='word_1_720' title='bbox 2869 3327 3078 3394; x_wconf 81' lang='lat' dir='ltr'><strong>negotia</strong></span> <span class='ocrx_word' id='word_1_721' title='bbox 3103 3327 3327 3397; x_wconf 81' lang='lat' dir='ltr'><strong>delapsi,</strong></span> <span class='ocrx_word' id='word_1_722' title='bbox 3351 3333 3473 3400; x_wconf 87' lang='lat' dir='ltr'><strong>quia</strong></span> 
     </span>
    </p>
   </div>
   <div class='ocr_carea' id='block_1_96' title="bbox 1880 3408 3472 3489">
    <p class='ocr_par' dir='ltr' id='par_1_96' title="bbox 1880 3408 3472 3489">
     <span class='ocr_line' id='line_1_96' title="bbox 1880 3408 3472 3489; baseline 0.011 -30"><span class='ocrx_word' id='word_1_723' title='bbox 1880 3408 2230 3476; x_wconf 83' lang='lat' dir='ltr'><strong>patrocinium</strong></span> <span class='ocrx_word' id='word_1_724' title='bbox 2282 3426 2387 3465; x_wconf 87' lang='lat' dir='ltr'><strong>non</strong></span> <span class='ocrx_word' id='word_1_725' title='bbox 2442 3412 2726 3477; x_wconf 88' lang='lat' dir='ltr'><strong>invenere,</strong></span> <span class='ocrx_word' id='word_1_726' title='bbox 2778 3415 2917 3469; x_wconf 83' lang='lat' dir='ltr'><strong>circa</strong></span> <span class='ocrx_word' id='word_1_727' title='bbox 2971 3415 3129 3470; x_wconf 90' lang='lat' dir='ltr'><strong>fidem</strong></span> <span class='ocrx_word' id='word_1_728' title='bbox 3179 3418 3472 3489; x_wconf 82' lang='lat' dir='ltr'><strong>naufragati</strong></span> 
     </span>
    </p>
   </div>
   <div class='ocr_carea' id='block_1_97' title="bbox 1880 3500 3468 3578">
    <p class='ocr_par' dir='ltr' id='par_1_97' title="bbox 1880 3500 3468 3578">
     <span class='ocr_line' id='line_1_97' title="bbox 1880 3500 3468 3578; baseline 0.008 -27"><span class='ocrx_word' id='word_1_729' title='bbox 1880 3508 2022 3552; x_wconf 76' lang='lat' dir='ltr'><strong>Sunt.</strong></span> <span class='ocrx_word' id='word_1_730' title='bbox 2077 3500 2218 3553; x_wconf 85' lang='lat' dir='ltr'><strong>Multi</strong></span> <span class='ocrx_word' id='word_1_731' title='bbox 2256 3503 2396 3555; x_wconf 89' lang='lat' dir='ltr'><strong>enim</strong></span> <span class='ocrx_word' id='word_1_732' title='bbox 2448 3519 2513 3557; x_wconf 90' lang='lat' dir='ltr'><strong>ex</strong></span> <span class='ocrx_word' id='word_1_733' title='bbox 2553 3505 2801 3558; x_wconf 70' lang='lat' dir='ltr'><strong>laesorum</strong></span> <span class='ocrx_word' id='word_1_734' title='bbox 2848 3522 3069 3561; x_wconf 90' lang='lat' dir='ltr'><strong>numero</strong></span> <span class='ocrx_word' id='word_1_735' title='bbox 3117 3524 3224 3563; x_wconf 90' lang='lat' dir='ltr'><strong>non</strong></span> <span class='ocrx_word' id='word_1_736' title='bbox 3270 3511 3468 3578; x_wconf 86' lang='lat' dir='ltr'><strong>minus,</strong></span> 
     </span>
    </p>
   </div>
   <div class='ocr_carea' id='block_1_98' title="bbox 1878 3588 3472 3669">
    <p class='ocr_par' dir='ltr' id='par_1_98' title="bbox 1878 3588 3472 3669">
     <span class='ocr_line' id='line_1_98' title="bbox 1878 3588 3472 3669; baseline 0.009 -29"><span class='ocrx_word' id='word_1_737' title='bbox 1878 3604 2033 3658; x_wconf 87' lang='lat' dir='ltr'><strong>quam</strong></span> <span class='ocrx_word' id='word_1_738' title='bbox 2077 3589 2219 3657; x_wconf 88' lang='lat' dir='ltr'><strong>ipsos</strong></span> <span class='ocrx_word' id='word_1_739' title='bbox 2260 3588 2536 3659; x_wconf 69' lang='lat' dir='ltr'><strong>lmdcntes,</strong></span> <span class='ocrx_word' id='word_1_740' title='bbox 2566 3608 2660 3647; x_wconf 88' lang='lat' dir='ltr'><strong>eos</strong></span> <span class='ocrx_word' id='word_1_741' title='bbox 2688 3595 2775 3663; x_wconf 85' lang='lat' dir='ltr'><strong>qui</strong></span> <span class='ocrx_word' id='word_1_742' title='bbox 2814 3596 2913 3650; x_wconf 87' lang='lat' dir='ltr'><strong>sibi</strong></span> <span class='ocrx_word' id='word_1_743' title='bbox 2963 3614 3065 3651; x_wconf 86' lang='lat' dir='ltr'><strong>non</strong></span> <span class='ocrx_word' id='word_1_744' title='bbox 3109 3597 3285 3653; x_wconf 87' lang='lat' dir='ltr'><strong>ferunt</strong></span> <span class='ocrx_word' id='word_1_745' title='bbox 3313 3616 3472 3669; x_wconf 89' lang='lat' dir='ltr'><strong>opem</strong></span> 
     </span>
    </p>
   </div>
   <div class='ocr_carea' id='block_1_99' title="bbox 1878 3676 3471 3761">
    <p class='ocr_par' dir='ltr' id='par_1_99' title="bbox 1878 3676 3471 3761">
     <span class='ocr_line' id='line_1_99' title="bbox 1878 3676 3471 3761; baseline 0.009 -29"><span class='ocrx_word' id='word_1_746' title='bbox 1878 3678 2001 3733; x_wconf 89' lang='lat' dir='ltr'><strong>odio</strong></span> <span class='ocrx_word' id='word_1_747' title='bbox 2018 3678 2213 3734; x_wconf 78' lang='lat' dir='ltr'><strong>habent</strong></span> <span class='ocrx_word' id='word_1_748' title='bbox 2237 3698 2249 3733; x_wconf 92' lang='lat'>:</span> <span class='ocrx_word' id='word_1_749' title='bbox 2274 3696 2337 3736; x_wconf 82' lang='lat' dir='ltr'><strong>ac</strong></span> <span class='ocrx_word' id='word_1_750' title='bbox 2365 3697 2535 3753; x_wconf 84' lang='lat' dir='ltr'><strong>neque</strong></span> <span class='ocrx_word' id='word_1_751' title='bbox 2553 3690 2880 3755; x_wconf 81' lang='lat' dir='ltr'><strong>negotiorum</strong></span> <span class='ocrx_word' id='word_1_752' title='bbox 2906 3676 3282 3756; x_wconf 83' lang='lat' dir='ltr'><strong>distractionis,</strong></span> <span class='ocrx_word' id='word_1_753' title='bbox 3299 3702 3471 3761; x_wconf 82' lang='lat' dir='ltr'><strong>neque</strong></span> 
     </span>
    </p>
   </div>
   <div class='ocr_carea' id='block_1_100' title="bbox 1880 3774 3471 3851">
    <p class='ocr_par' dir='ltr' id='par_1_100' title="bbox 1880 3774 3471 3851">
     <span class='ocr_line' id='line_1_100' title="bbox 1880 3774 3471 3851; baseline 0.011 -28"><span class='ocrx_word' id='word_1_754' title='bbox 1880 3779 2174 3840; x_wconf 87' lang='lat' dir='ltr'><strong>temporum</strong></span> <span class='ocrx_word' id='word_1_755' title='bbox 2202 3774 2513 3843; x_wconf 85' lang='lat' dir='ltr'><strong>iniquitatis,</strong></span> <span class='ocrx_word' id='word_1_756' title='bbox 2540 3792 2710 3846; x_wconf 89' lang='lat' dir='ltr'><strong>neque</strong></span> <span class='ocrx_word' id='word_1_757' title='bbox 2726 3778 3070 3834; x_wconf 84' lang='lat' dir='ltr'><strong>sacerdotalis</strong></span> <span class='ocrx_word' id='word_1_758' title='bbox 3087 3782 3335 3851; x_wconf 67' lang='lat' dir='ltr'><strong>potentiae</strong></span> <span class='ocrx_word' id='word_1_759' title='bbox 3356 3800 3471 3840; x_wconf 85' lang='lat' dir='ltr'><strong>me-</strong></span> 
     </span>
    </p>
   </div>
   <div class='ocr_carea' id='block_1_101' title="bbox 1877 3860 3483 3938">
    <p class='ocr_par' dir='ltr' id='par_1_101' title="bbox 1877 3860 3483 3938">
     <span class='ocr_line' id='line_1_101' title="bbox 1877 3860 3483 3938; baseline 0.011 -25"><span class='ocrx_word' id='word_1_760' title='bbox 1877 3860 2189 3927; x_wconf 87' lang='lat' dir='ltr'><strong>diocritatis,</strong></span> <span class='ocrx_word' id='word_1_761' title='bbox 2246 3880 2417 3935; x_wconf 85' lang='lat' dir='ltr'><strong>neque</strong></span> <span class='ocrx_word' id='word_1_762' title='bbox 2461 3868 2595 3919; x_wconf 87' lang='lat' dir='ltr'><strong>alius</strong></span> <span class='ocrx_word' id='word_1_763' title='bbox 2633 3868 2924 3938; x_wconf 81' lang='lat' dir='ltr'><strong>cujuspiam</strong></span> <span class='ocrx_word' id='word_1_764' title='bbox 2968 3872 3224 3927; x_wconf 86' lang='lat' dir='ltr'><strong>rationem</strong></span> <span class='ocrx_word' id='word_1_765' title='bbox 3271 3875 3483 3931; x_wconf 80' lang='lat' dir='ltr'><strong>habere</strong></span> 
     </span>
    </p>
   </div>
   <div class='ocr_carea' id='block_1_102' title="bbox 1874 3952 3465 4037">
    <p class='ocr_par' dir='ltr' id='par_1_102' title="bbox 1874 3952 3465 4037">
     <span class='ocr_line' id='line_1_102' title="bbox 1874 3952 3465 4037; baseline 0.011 -34"><span class='ocrx_word' id='word_1_766' title='bbox 1874 3952 2086 4017; x_wconf 84' lang='lat' dir='ltr'><strong>volunt;</strong></span> <span class='ocrx_word' id='word_1_767' title='bbox 2138 3953 2230 4009; x_wconf 88' lang='lat' dir='ltr'><strong>sed</strong></span> <span class='ocrx_word' id='word_1_768' title='bbox 2280 3966 2404 4010; x_wconf 90' lang='lat' dir='ltr'><strong>sunt</strong></span> <span class='ocrx_word' id='word_1_769' title='bbox 2451 3957 2805 4037; x_wconf 63' lang='lat' dir='ltr'><strong>inexorabiles</strong></span> <span class='ocrx_word' id='word_1_770' title='bbox 2840 3961 3067 4028; x_wconf 84' lang='lat' dir='ltr'><strong>jndices,</strong></span> <span class='ocrx_word' id='word_1_771' title='bbox 3128 3962 3264 4031; x_wconf 88' lang='lat' dir='ltr'><strong>hanc</strong></span> <span class='ocrx_word' id='word_1_772' title='bbox 3307 3981 3465 4021; x_wconf 87' lang='lat' dir='ltr'><strong>unam</strong></span> 
     </span>
    </p>
   </div>
   <div class='ocr_carea' id='block_1_103' title="bbox 1874 4044 3584 4129">
    <p class='ocr_par' dir='ltr' id='par_1_103' title="bbox 1874 4044 3584 4129">
     <span class='ocr_line' id='line_1_103' title="bbox 1874 4044 3584 4129; baseline 0.012 -36"><span class='ocrx_word' id='word_1_773' title='bbox 1874 4044 2105 4097; x_wconf 88' lang='lat' dir='ltr'><strong>scientes</strong></span> <span class='ocrx_word' id='word_1_774' title='bbox 2133 4045 2450 4116; x_wconf 83' lang='lat' dir='ltr'><strong>apologiam,</strong></span> <span class='ocrx_word' id='word_1_775' title='bbox 2482 4050 2743 4109; x_wconf 87' lang='lat' dir='ltr'><strong>malorum</strong></span> <span class='ocrx_word' id='word_1_776' title='bbox 2773 4066 2830 4105; x_wconf 77' lang='lat' dir='ltr'><strong>se</strong></span> <span class='ocrx_word' id='word_1_777' title='bbox 2859 4054 3210 4129; x_wconf 77' lang='lat' dir='ltr'><strong>prementium</strong></span> <span class='ocrx_word' id='word_1_778' title='bbox 3236 4057 3489 4129; x_wconf 31' lang='lat' dir='ltr'><strong>exitnms</strong></span> <span class='ocrx_word' id='word_1_779' title='bbox 3580 4104 3584 4107; x_wconf 79' lang='grc'><em>.</em></span> 
     </span>
    </p>
   </div>
   <div class='ocr_carea' id='block_1_104' title="bbox 1856 4124 3464 4209">
    <p class='ocr_par' dir='ltr' id='par_1_104' title="bbox 1856 4124 3464 4209">
     <span class='ocr_line' id='line_1_104' title="bbox 1856 4124 3464 4209; baseline 0.014 -26"><span class='ocrx_word' id='word_1_780' title='bbox 1856 4124 1970 4198; x_wconf 72' lang='grc' dir='ltr'><strong>Οιιί</strong></span> <span class='ocrx_word' id='word_1_781' title='bbox 2002 4135 2142 4189; x_wconf 89' lang='lat' dir='ltr'><strong>hunc</strong></span> <span class='ocrx_word' id='word_1_782' title='bbox 2164 4136 2399 4205; x_wconf 70' lang='lat' dir='ltr'><strong>praebere</strong></span> <span class='ocrx_word' id='word_1_783' title='bbox 2430 4140 2629 4209; x_wconf 86' lang='lat' dir='ltr'><strong>nequit,</strong></span> <span class='ocrx_word' id='word_1_784' title='bbox 2662 4128 2901 4209; x_wconf 65' lang='lat' dir='ltr'><strong>quamvis</strong></span> <span class='ocrx_word' id='word_1_785' title='bbox 2945 4126 3251 4201; x_wconf 78' lang='lat' dir='ltr'><strong>innumeras</strong></span> <span class='ocrx_word' id='word_1_786' title='bbox 3274 4163 3464 4205; x_wconf 86' lang='lat' dir='ltr'><strong>causas</strong></span> 
     </span>
    </p>
   </div>
   <div class='ocr_carea' id='block_1_105' title="bbox 1873 4212 3460 4308">
    <p class='ocr_par' dir='ltr' id='par_1_105' title="bbox 1873 4212 3460 4308">
     <span class='ocr_line' id='line_1_105' title="bbox 1873 4212 3460 4308; baseline 0.012 -32"><span class='ocrx_word' id='word_1_787' title='bbox 1873 4221 2125 4290; x_wconf 88' lang='lat' dir='ltr'><strong>proferat,</strong></span> <span class='ocrx_word' id='word_1_788' title='bbox 2157 4242 2442 4296; x_wconf 88' lang='lat' dir='ltr'><strong>numquam</strong></span> <span class='ocrx_word' id='word_1_789' title='bbox 2474 4244 2658 4283; x_wconf 89' lang='lat' dir='ltr'><strong>eorum</strong></span> <span class='ocrx_word' id='word_1_790' title='bbox 2685 4212 3180 4305; x_wconf 65' lang='lat' dir='ltr'><strong>condemnationem</strong></span> <span class='ocrx_word' id='word_1_791' title='bbox 3223 4237 3460 4308; x_wconf 78' lang='lat' dir='ltr'><strong>eﬁ&#39;ugiet.</strong></span> 
     </span>
    </p>
   </div>
   <div class='ocr_carea' id='block_1_106' title="bbox 1869 4313 3459 4394">
    <p class='ocr_par' dir='ltr' id='par_1_106' title="bbox 1869 4313 3459 4394">
     <span class='ocr_line' id='line_1_106' title="bbox 1869 4313 3459 4394; baseline 0.011 -29"><span class='ocrx_word' id='word_1_792' title='bbox 1869 4313 2001 4379; x_wconf 84' lang='lat' dir='ltr'><strong>Quia</strong></span> <span class='ocrx_word' id='word_1_793' title='bbox 2050 4330 2178 4368; x_wconf 87' lang='lat' dir='ltr'><strong>vero</strong></span> <span class='ocrx_word' id='word_1_794' title='bbox 2218 4318 2494 4385; x_wconf 85' lang='lat' dir='ltr'><strong>patrocinii</strong></span> <span class='ocrx_word' id='word_1_795' title='bbox 2538 4320 2861 4393; x_wconf 84' lang='lat' dir='ltr'><strong>mentionem</strong></span> <span class='ocrx_word' id='word_1_796' title='bbox 2900 4322 3019 4382; x_wconf 88' lang='lat' dir='ltr'><strong>feci.</strong></span> <span class='ocrx_word' id='word_1_797' title='bbox 3052 4340 3148 4394; x_wconf 88' lang='lat' dir='ltr'><strong>age</strong></span> <span class='ocrx_word' id='word_1_798' title='bbox 3175 4328 3332 4380; x_wconf 87' lang='lat' dir='ltr'><strong>aliam</strong></span> <span class='ocrx_word' id='word_1_799' title='bbox 3367 4329 3459 4383; x_wconf 90' lang='lat' dir='ltr'><strong>tibi</strong></span> 
     </span>
    </p>
   </div>
   <div class='ocr_carea' id='block_1_107' title="bbox 1868 4405 3458 4488">
    <p class='ocr_par' dir='ltr' id='par_1_107' title="bbox 1868 4405 3458 4488">
     <span class='ocr_line' id='line_1_107' title="bbox 1868 4405 3458 4488; baseline 0.012 -32"><span class='ocrx_word' id='word_1_800' title='bbox 1868 4405 2101 4488; x_wconf 70' lang='lat' dir='ltr'><strong>querela:</strong></span> <span class='ocrx_word' id='word_1_801' title='bbox 2125 4421 2339 4461; x_wconf 86' lang='lat' dir='ltr'><strong>causam</strong></span> <span class='ocrx_word' id='word_1_802' title='bbox 2363 4409 2664 4464; x_wconf 84' lang='lat' dir='ltr'><strong>declarabo.</strong></span> <span class='ocrx_word' id='word_1_803' title='bbox 2697 4411 2831 4465; x_wconf 83' lang='lat' dir='ltr'><strong>Nam</strong></span> <span class='ocrx_word' id='word_1_804' title='bbox 2856 4416 2953 4467; x_wconf 84' lang='lat' dir='ltr'><strong>nisi</strong></span> <span class='ocrx_word' id='word_1_805' title='bbox 2984 4417 3219 4485; x_wconf 89' lang='lat' dir='ltr'><strong>quolidie</strong></span> <span class='ocrx_word' id='word_1_806' title='bbox 3246 4420 3458 4488; x_wconf 81' lang='lat' dir='ltr'><strong>episco-</strong></span> 
     </span>
    </p>
   </div>
   <div class='ocr_carea' id='block_1_108' title="bbox 1866 4482 3459 4579">
    <p class='ocr_par' dir='ltr' id='par_1_108' title="bbox 1866 4482 3459 4579">
     <span class='ocr_line' id='line_1_108' title="bbox 1866 4482 3459 4579; baseline 0.012 -31"><span class='ocrx_word' id='word_1_807' title='bbox 1866 4511 1966 4566; x_wconf 88' lang='lat' dir='ltr'><strong>pus</strong></span> <span class='ocrx_word' id='word_1_808' title='bbox 1998 4482 2137 4567; x_wconf 82' lang='lat' dir='ltr'><strong>plus,</strong></span> <span class='ocrx_word' id='word_1_809' title='bbox 2166 4514 2323 4568; x_wconf 90' lang='lat' dir='ltr'><strong>quam</strong></span> <span class='ocrx_word' id='word_1_810' title='bbox 2356 4501 2454 4579; x_wconf 70' lang='lat' dir='ltr'><strong>ipsi</strong></span> <span class='ocrx_word' id='word_1_811' title='bbox 2486 4500 2741 4565; x_wconf 88' lang='lat' dir='ltr'><strong>forenses,</strong></span> <span class='ocrx_word' id='word_1_812' title='bbox 2770 4505 2958 4559; x_wconf 89' lang='lat' dir='ltr'><strong>domos</strong></span> <span class='ocrx_word' id='word_1_813' title='bbox 2983 4508 3305 4577; x_wconf 88' lang='lat' dir='ltr'><strong>circumeat,</strong></span> <span class='ocrx_word' id='word_1_814' title='bbox 3336 4512 3459 4567; x_wconf 89' lang='lat' dir='ltr'><strong>hinc</strong></span> 
     </span>
    </p>
   </div>
   <div class='ocr_carea' id='block_1_109' title="bbox 1865 4589 3455 4666">
    <p class='ocr_par' dir='ltr' id='par_1_109' title="bbox 1865 4589 3455 4666">
     <span class='ocr_line' id='line_1_109' title="bbox 1865 4589 3455 4666; baseline 0.008 -22"><span class='ocrx_word' id='word_1_815' title='bbox 1865 4589 2188 4647; x_wconf 72' lang='lat' dir='ltr'><strong>offensiones</strong></span> <span class='ocrx_word' id='word_1_816' title='bbox 2231 4593 2539 4649; x_wconf 70' lang='lat' dir='ltr'><strong>innumerae.</strong></span> <span class='ocrx_word' id='word_1_817' title='bbox 2593 4594 2707 4648; x_wconf 84' lang='lat' dir='ltr'><strong>Non</strong></span> <span class='ocrx_word' id='word_1_818' title='bbox 2753 4596 2893 4650; x_wconf 89' lang='lat' dir='ltr'><strong>enim</strong></span> <span class='ocrx_word' id='word_1_819' title='bbox 2938 4600 3063 4666; x_wconf 64' lang='lat' dir='ltr'><strong>argri</strong></span> <span class='ocrx_word' id='word_1_820' title='bbox 3111 4600 3305 4665; x_wconf 88' lang='lat' dir='ltr'><strong>solum,</strong></span> <span class='ocrx_word' id='word_1_821' title='bbox 3360 4604 3455 4661; x_wconf 86' lang='lat' dir='ltr'><strong>sed</strong></span> 
     </span>
    </p>
   </div>
   <div class='ocr_carea' id='block_1_110' title="bbox 1864 4680 3455 4761">
    <p class='ocr_par' dir='ltr' id='par_1_110' title="bbox 1864 4680 3455 4761">
     <span class='ocr_line' id='line_1_110' title="bbox 1864 4680 3455 4761; baseline 0.006 -28"><span class='ocrx_word' id='word_1_822' title='bbox 1864 4680 2023 4733; x_wconf 85' lang='lat' dir='ltr'><strong>etiam</strong></span> <span class='ocrx_word' id='word_1_823' title='bbox 2053 4682 2141 4749; x_wconf 90' lang='lat' dir='ltr'><strong>qui</strong></span> <span class='ocrx_word' id='word_1_824' title='bbox 2173 4682 2307 4737; x_wconf 91' lang='lat' dir='ltr'><strong>bene</strong></span> <span class='ocrx_word' id='word_1_825' title='bbox 2334 4683 2530 4749; x_wconf 86' lang='lat' dir='ltr'><strong>valent,</strong></span> <span class='ocrx_word' id='word_1_826' title='bbox 2571 4685 2724 4739; x_wconf 88' lang='lat' dir='ltr'><strong>invisi</strong></span> <span class='ocrx_word' id='word_1_827' title='bbox 2751 4700 2809 4739; x_wconf 90' lang='lat' dir='ltr'><strong>se</strong></span> <span class='ocrx_word' id='word_1_828' title='bbox 2837 4686 3047 4752; x_wconf 78' lang='lat' dir='ltr'><strong>volunt;</strong></span> <span class='ocrx_word' id='word_1_829' title='bbox 3096 4705 3199 4743; x_wconf 89' lang='lat' dir='ltr'><strong>non</strong></span> <span class='ocrx_word' id='word_1_830' title='bbox 3245 4692 3455 4761; x_wconf 69' lang='lat' dir='ltr'><strong>pietatis</strong></span> 
     </span>
    </p>
   </div>
   <div class='ocr_carea' id='block_1_111' title="bbox 1864 4770 3454 4848">
    <p class='ocr_par' dir='ltr' id='par_1_111' title="bbox 1864 4770 3454 4848">
     <span class='ocr_line' id='line_1_111' title="bbox 1864 4770 3454 4848; baseline 0.009 -26"><span class='ocrx_word' id='word_1_831' title='bbox 1864 4770 2202 4839; x_wconf 87' lang='lat' dir='ltr'><strong>religionisve</strong></span> <span class='ocrx_word' id='word_1_832' title='bbox 2237 4788 2416 4837; x_wconf 82' lang='lat' dir='ltr'><strong>causa,</strong></span> <span class='ocrx_word' id='word_1_833' title='bbox 2445 4772 2538 4828; x_wconf 88' lang='lat' dir='ltr'><strong>sed</strong></span> <span class='ocrx_word' id='word_1_834' title='bbox 2571 4777 2786 4829; x_wconf 85' lang='lat' dir='ltr'><strong>honoris</strong></span> <span class='ocrx_word' id='word_1_835' title='bbox 2809 4776 3187 4848; x_wconf 79' lang='lat' dir='ltr'><strong>dignitatisque</strong></span> <span class='ocrx_word' id='word_1_836' title='bbox 3218 4781 3271 4835; x_wconf 92' lang='lat' dir='ltr'><strong>id</strong></span> <span class='ocrx_word' id='word_1_837' title='bbox 3304 4784 3454 4837; x_wconf 83' lang='lat' dir='ltr'><strong>multi</strong></span> 
     </span>
    </p>
   </div>
   <div class='ocr_carea' id='block_1_112' title="bbox 1862 4862 3451 4942">
    <p class='ocr_par' dir='ltr' id='par_1_112' title="bbox 1862 4862 3451 4942">
     <span class='ocr_line' id='line_1_112' title="bbox 1862 4862 3451 4942; baseline 0.011 -29"><span class='ocrx_word' id='word_1_838' title='bbox 1862 4862 2099 4931; x_wconf 82' lang='lat' dir='ltr'><strong>exigunt.</strong></span> <span class='ocrx_word' id='word_1_839' title='bbox 2134 4863 2286 4930; x_wconf 87' lang='lat' dir='ltr'><strong>Quod</strong></span> <span class='ocrx_word' id='word_1_840' title='bbox 2315 4866 2360 4919; x_wconf 91' lang='lat' dir='ltr'><strong>si</strong></span> <span class='ocrx_word' id='word_1_841' title='bbox 2387 4866 2522 4920; x_wconf 86' lang='lat' dir='ltr'><strong>forte</strong></span> <span class='ocrx_word' id='word_1_842' title='bbox 2560 4869 2829 4937; x_wconf 86' lang='lat' dir='ltr'><strong>contingat</strong></span> <span class='ocrx_word' id='word_1_843' title='bbox 2858 4880 2914 4923; x_wconf 92' lang='lat' dir='ltr'><strong>ut</strong></span> <span class='ocrx_word' id='word_1_844' title='bbox 2938 4873 3165 4942; x_wconf 89' lang='lat' dir='ltr'><strong>aliquem</strong></span> <span class='ocrx_word' id='word_1_845' title='bbox 3195 4890 3261 4928; x_wconf 90' lang='lat' dir='ltr'><strong>ex</strong></span> <span class='ocrx_word' id='word_1_846' title='bbox 3290 4874 3451 4929; x_wconf 81' lang='lat' dir='ltr'><strong>ditio-</strong></span> 
     </span>
    </p>
   </div>
   <div class='ocr_carea' id='block_1_113' title="bbox 1858 4945 3466 5028">
    <p class='ocr_par' dir='ltr' id='par_1_113' title="bbox 1858 4945 3466 5028">
     <span class='ocr_line' id='line_1_113' title="bbox 1858 4945 3466 5028; baseline 0.01 -24"><span class='ocrx_word' id='word_1_847' title='bbox 1858 4954 2005 5008; x_wconf 89' lang='lat' dir='ltr'><strong>ribus</strong></span> <span class='ocrx_word' id='word_1_848' title='bbox 2036 4956 2538 5025; x_wconf 86' lang='lat' dir='ltr'><strong>potentioribusque,</strong></span> <span class='ocrx_word' id='word_1_849' title='bbox 2570 4969 2790 5028; x_wconf 78' lang='lat' dir='ltr'><strong>urgente</strong></span> <span class='ocrx_word' id='word_1_850' title='bbox 2816 4976 2962 5027; x_wconf 86' lang='lat' dir='ltr'><strong>casu,</strong></span> <span class='ocrx_word' id='word_1_851' title='bbox 3010 4964 3060 5016; x_wconf 93' lang='lat' dir='ltr'><strong>in</strong></span> <span class='ocrx_word' id='word_1_852' title='bbox 3091 4964 3342 5019; x_wconf 76' lang='lat' dir='ltr'><strong>Ecclesim</strong></span> <span class='ocrx_word' id='word_1_853' title='bbox 3370 4945 3466 5020; x_wconf 51' lang='lat' dir='ltr'><strong>lu-I</strong></span> 
     </span>
    </p>
   </div>
   <div class='ocr_carea' id='block_1_114' title="bbox 1859 5045 3452 5127">
    <p class='ocr_par' dir='ltr' id='par_1_114' title="bbox 1859 5045 3452 5127">
     <span class='ocr_line' id='line_1_114' title="bbox 1859 5045 3452 5127; baseline 0.008 -29"><span class='ocrx_word' id='word_1_854' title='bbox 1859 5060 2008 5099; x_wconf 91' lang='lat' dir='ltr'><strong>crum</strong></span> <span class='ocrx_word' id='word_1_855' title='bbox 2037 5045 2367 5116; x_wconf 83' lang='lat' dir='ltr'><strong>frequentius</strong></span> <span class='ocrx_word' id='word_1_856' title='bbox 2389 5050 2582 5114; x_wconf 74' lang='lat' dir='ltr'><strong>visitet,</strong></span> <span class='ocrx_word' id='word_1_857' title='bbox 2619 5053 2795 5105; x_wconf 88' lang='lat' dir='ltr'><strong>statim</strong></span> <span class='ocrx_word' id='word_1_858' title='bbox 2828 5054 3113 5127; x_wconf 80' lang='lat' dir='ltr'><strong>palpatoris</strong></span> <span class='ocrx_word' id='word_1_859' title='bbox 3138 5066 3293 5126; x_wconf 88' lang='lat' dir='ltr'><strong>atque</strong></span> <span class='ocrx_word' id='word_1_860' title='bbox 3319 5059 3452 5111; x_wconf 55' lang='lat' dir='ltr'><strong>adu.</strong></span> 
     </span>
    </p>
   </div>
   <div class='ocr_carea' id='block_1_115' title="bbox 1861 5136 3467 5212">
    <p class='ocr_par' dir='ltr' id='par_1_115' title="bbox 1861 5136 3467 5212">
     <span class='ocr_line' id='line_1_115' title="bbox 1861 5136 3467 5212; baseline 0.009 -24"><span class='ocrx_word' id='word_1_861' title='bbox 1861 5136 2046 5190; x_wconf 90' lang='lat' dir='ltr'><strong>latoris</strong></span> <span class='ocrx_word' id='word_1_862' title='bbox 2077 5144 2254 5191; x_wconf 91' lang='lat' dir='ltr'><strong>notam</strong></span> <span class='ocrx_word' id='word_1_863' title='bbox 2284 5140 2381 5191; x_wconf 88' lang='lat' dir='ltr'><strong>sibi</strong></span> <span class='ocrx_word' id='word_1_864' title='bbox 2411 5141 2589 5193; x_wconf 89' lang='lat' dir='ltr'><strong>inurit.</strong></span> <span class='ocrx_word' id='word_1_865' title='bbox 2610 5140 2713 5195; x_wconf 88' lang='lat' dir='ltr'><strong>Sed</strong></span> <span class='ocrx_word' id='word_1_866' title='bbox 2736 5143 2860 5211; x_wconf 84' lang='lat' dir='ltr'><strong>quid</strong></span> <span class='ocrx_word' id='word_1_867' title='bbox 2888 5147 3176 5212; x_wconf 88' lang='lat' dir='ltr'><strong>patrocinia</strong></span> <span class='ocrx_word' id='word_1_868' title='bbox 3204 5156 3257 5201; x_wconf 92' lang='lat' dir='ltr'><strong>et</strong></span> <span class='ocrx_word' id='word_1_869' title='bbox 3276 5148 3467 5203; x_wconf 81' lang='lat' dir='ltr'><strong>aditus</strong></span> 
     </span>
    </p>
   </div>
   <div class='ocr_carea' id='block_1_116' title="bbox 1857 5229 3444 5300">
    <p class='ocr_par' dir='ltr' id='par_1_116' title="bbox 1857 5229 3444 5300">
     <span class='ocr_line' id='line_1_116' title="bbox 1857 5229 3444 5300; baseline 0.009 -21"><span class='ocrx_word' id='word_1_870' title='bbox 1857 5242 2130 5293; x_wconf 91' lang='lat' dir='ltr'><strong>memoro,</strong></span> <span class='ocrx_word' id='word_1_871' title='bbox 2169 5229 2381 5298; x_wconf 83' lang='lat' dir='ltr'><strong>quando</strong></span> <span class='ocrx_word' id='word_1_872' title='bbox 2405 5246 2472 5285; x_wconf 89' lang='lat' dir='ltr'><strong>ex</strong></span> <span class='ocrx_word' id='word_1_873' title='bbox 2500 5232 2997 5300; x_wconf 88' lang='lat' dir='ltr'><strong>compellationibus</strong></span> <span class='ocrx_word' id='word_1_874' title='bbox 3038 5237 3205 5290; x_wconf 88' lang='lat' dir='ltr'><strong>solum</strong></span> <span class='ocrx_word' id='word_1_875' title='bbox 3247 5250 3444 5295; x_wconf 85' lang='lat' dir='ltr'><strong>tantam</strong></span> 
     </span>
    </p>
   </div>
   <div class='ocr_carea' id='block_1_117' title="bbox 1855 5318 3447 5389">
    <p class='ocr_par' dir='ltr' id='par_1_117' title="bbox 1855 5318 3447 5389">
     <span class='ocr_line' id='line_1_117' title="bbox 1855 5318 3447 5389; baseline 0.009 -18"><span class='ocrx_word' id='word_1_876' title='bbox 1855 5318 2283 5373; x_wconf 87' lang='lat' dir='ltr'><strong>criminationum</strong></span> <span class='ocrx_word' id='word_1_877' title='bbox 2325 5322 2518 5376; x_wconf 90' lang='lat' dir='ltr'><strong>molem</strong></span> <span class='ocrx_word' id='word_1_878' title='bbox 2549 5322 2799 5389; x_wconf 84' lang='lat' dir='ltr'><strong>afferunt,</strong></span> <span class='ocrx_word' id='word_1_879' title='bbox 2834 5336 2890 5379; x_wconf 90' lang='lat' dir='ltr'><strong>ut</strong></span> <span class='ocrx_word' id='word_1_880' title='bbox 2916 5344 2980 5380; x_wconf 81' lang='lat' dir='ltr'><strong>ex</strong></span> <span class='ocrx_word' id='word_1_881' title='bbox 3011 5329 3170 5382; x_wconf 87' lang='lat' dir='ltr'><strong>animi</strong></span> <span class='ocrx_word' id='word_1_882' title='bbox 3214 5347 3447 5386; x_wconf 78' lang='lat' dir='ltr'><strong>mmmre</strong></span> 
     </span>
    </p>
   </div>
   <div class='ocr_carea' id='block_1_118' title="bbox 1854 5408 3446 5480">
    <p class='ocr_par' dir='ltr' id='par_1_118' title="bbox 1854 5408 3446 5480">
     <span class='ocr_line' id='line_1_118' title="bbox 1854 5408 3446 5480; baseline 0.008 -16"><span class='ocrx_word' id='word_1_883' title='bbox 1854 5425 1998 5478; x_wconf 68' lang='lat' dir='ltr'><strong>saepe</strong></span> <span class='ocrx_word' id='word_1_884' title='bbox 2028 5411 2099 5464; x_wconf 90' lang='lat' dir='ltr'><strong>illi</strong></span> <span class='ocrx_word' id='word_1_885' title='bbox 2137 5422 2421 5480; x_wconf 89' lang='lat' dir='ltr'><strong>graventur</strong></span> <span class='ocrx_word' id='word_1_886' title='bbox 2451 5423 2505 5467; x_wconf 91' lang='lat' dir='ltr'><strong>et</strong></span> <span class='ocrx_word' id='word_1_887' title='bbox 2531 5413 2819 5468; x_wconf 83' lang='lat' dir='ltr'><strong>decidant?</strong></span> <span class='ocrx_word' id='word_1_888' title='bbox 2842 5416 2958 5469; x_wconf 87' lang='lat' dir='ltr'><strong>Jam</strong></span> <span class='ocrx_word' id='word_1_889' title='bbox 2990 5408 3112 5470; x_wconf 83' lang='lat' dir='ltr'><strong>vero</strong></span> <span class='ocrx_word' id='word_1_890' title='bbox 3154 5422 3231 5473; x_wconf 86' lang='lat' dir='ltr'><strong>vel</strong></span> <span class='ocrx_word' id='word_1_891' title='bbox 3262 5423 3446 5477; x_wconf 89' lang='lat' dir='ltr'><strong>oculo-</strong></span> 
     </span>
    </p>
   </div>
   <div class='ocr_carea' id='block_1_119' title="bbox 1855 5502 3442 5579">
    <p class='ocr_par' dir='ltr' id='par_1_119' title="bbox 1855 5502 3442 5579">
     <span class='ocr_line' id='line_1_119' title="bbox 1855 5502 3442 5579; baseline 0.008 -26"><span class='ocrx_word' id='word_1_892' title='bbox 1855 5515 1970 5553; x_wconf 84' lang='lat' dir='ltr'><strong>rum</strong></span> <span class='ocrx_word' id='word_1_893' title='bbox 1993 5502 2259 5555; x_wconf 89' lang='lat' dir='ltr'><strong>contuitus</strong></span> <span class='ocrx_word' id='word_1_894' title='bbox 2286 5502 2628 5570; x_wconf 82' lang='lat' dir='ltr'><strong>explorantur</strong></span> <span class='ocrx_word' id='word_1_895' title='bbox 2666 5520 2682 5556; x_wconf 88' lang='lat'><strong>:</strong></span> <span class='ocrx_word' id='word_1_896' title='bbox 2717 5520 2838 5558; x_wconf 89' lang='lat' dir='ltr'><strong>nam</strong></span> <span class='ocrx_word' id='word_1_897' title='bbox 2869 5506 2983 5574; x_wconf 86' lang='lat' dir='ltr'><strong>ejus</strong></span> <span class='ocrx_word' id='word_1_898' title='bbox 3011 5507 3093 5561; x_wconf 91' lang='lat' dir='ltr'><strong>vel</strong></span> <span class='ocrx_word' id='word_1_899' title='bbox 3119 5508 3442 5579; x_wconf 77' lang='lat' dir='ltr'><strong>simpliciora</strong></span> 
     </span>
    </p>
   </div>
   <div class='ocr_carea' id='block_1_120' title="bbox 1854 5590 3441 5668">
    <p class='ocr_par' dir='ltr' id='par_1_120' title="bbox 1854 5590 3441 5668">
     <span class='ocr_line' id='line_1_120' title="bbox 1854 5590 3441 5668; baseline 0.007 -27"><span class='ocrx_word' id='word_1_900' title='bbox 1854 5599 2001 5658; x_wconf 85' lang='lat' dir='ltr'><strong>gesta</strong></span> <span class='ocrx_word' id='word_1_901' title='bbox 2030 5590 2093 5643; x_wconf 90' lang='lat' dir='ltr'><strong>ad</strong></span> <span class='ocrx_word' id='word_1_902' title='bbox 2125 5592 2374 5644; x_wconf 92' lang='lat' dir='ltr'><strong>trutinam</strong></span> <span class='ocrx_word' id='word_1_903' title='bbox 2417 5601 2610 5646; x_wconf 86' lang='lat' dir='ltr'><strong>vocant</strong></span> <span class='ocrx_word' id='word_1_904' title='bbox 2640 5593 2774 5648; x_wconf 90' lang='lat' dir='ltr'><strong>bene</strong></span> <span class='ocrx_word' id='word_1_905' title='bbox 2813 5595 2984 5660; x_wconf 90' lang='lat' dir='ltr'><strong>multi,</strong></span> <span class='ocrx_word' id='word_1_906' title='bbox 3017 5597 3163 5651; x_wconf 86' lang='lat' dir='ltr'><strong>vocis</strong></span> <span class='ocrx_word' id='word_1_907' title='bbox 3202 5600 3441 5668; x_wconf 86' lang='lat' dir='ltr'><strong>modum,</strong></span> 
     </span>
    </p>
   </div>
   <div class='ocr_carea' id='block_1_121' title="bbox 1855 5679 3440 5759">
    <p class='ocr_par' dir='ltr' id='par_1_121' title="bbox 1855 5679 3440 5759">
     <span class='ocr_line' id='line_1_121' title="bbox 1855 5679 3440 5759; baseline 0.008 -28"><span class='ocrx_word' id='word_1_908' title='bbox 1855 5679 2142 5747; x_wconf 88' lang='lat' dir='ltr'><strong>aspiciendi</strong></span> <span class='ocrx_word' id='word_1_909' title='bbox 2181 5681 2499 5751; x_wconf 87' lang='lat' dir='ltr'><strong>videndique</strong></span> <span class='ocrx_word' id='word_1_910' title='bbox 2546 5686 2824 5739; x_wconf 86' lang='lat' dir='ltr'><strong>rati0nem.</strong></span> <span class='ocrx_word' id='word_1_911' title='bbox 2874 5687 2948 5740; x_wconf 90' lang='lat' dir='ltr'><strong>illi</strong></span> <span class='ocrx_word' id='word_1_912' title='bbox 2989 5688 3239 5759; x_wconf 83' lang='lat' dir='ltr'><strong>cuipiam,</strong></span> <span class='ocrx_word' id='word_1_913' title='bbox 3272 5691 3440 5757; x_wconf 87' lang='lat' dir='ltr'><strong>aiunt,</strong></span> 
     </span>
    </p>
   </div>
   <div class='ocr_carea' id='block_1_122' title="bbox 1856 5769 3438 5849">
    <p class='ocr_par' dir='ltr' id='par_1_122' title="bbox 1856 5769 3438 5849">
     <span class='ocr_line' id='line_1_122' title="bbox 1856 5769 3438 5849; baseline 0.009 -25"><span class='ocrx_word' id='word_1_914' title='bbox 1856 5769 2022 5826; x_wconf 88' lang='lat' dir='ltr'><strong>ell&#39;nse</strong></span> <span class='ocrx_word' id='word_1_915' title='bbox 2049 5770 2244 5841; x_wconf 87' lang='lat' dir='ltr'><strong>arrisit,</strong></span> <span class='ocrx_word' id='word_1_916' title='bbox 2273 5771 2426 5828; x_wconf 86' lang='lat' dir='ltr'><strong>hilari</strong></span> <span class='ocrx_word' id='word_1_917' title='bbox 2455 5775 2623 5844; x_wconf 85' lang='lat' dir='ltr'><strong>ipsum</strong></span> <span class='ocrx_word' id='word_1_918' title='bbox 2642 5776 2786 5833; x_wconf 87' lang='lat' dir='ltr'><strong>vultu</strong></span> <span class='ocrx_word' id='word_1_919' title='bbox 2812 5786 2863 5833; x_wconf 90' lang='lat' dir='ltr'><strong>et</strong></span> <span class='ocrx_word' id='word_1_920' title='bbox 2883 5793 3069 5849; x_wconf 80' lang='lat' dir='ltr'><strong>magna</strong></span> <span class='ocrx_word' id='word_1_921' title='bbox 3092 5794 3217 5835; x_wconf 83' lang='lat' dir='ltr'><strong>voce</strong></span> <span class='ocrx_word' id='word_1_922' title='bbox 3239 5780 3438 5838; x_wconf 86' lang='lat' dir='ltr'><strong>saluta-</strong></span> 
     </span>
    </p>
   </div>
  </div>
