4198 6324
685 423 790 485 659

685 538 758 593 vit
787 553 801 590 :
848 548 932 588 me
958 546 1086 586 vero
1109 530 1264 598 longe
1291 524 1502 594 parcius
1547 529 1602 573 et
1638 513 2011 600 perfunctorie.
2043 506 2193 575 Quod
2225 506 2269 558 si

685 627 866 680 multis
909 621 1267 678 assidenlibus
1292 631 1398 670 nou
1438 611 1672 678 undique
1715 603 1895 666 oculos
1935 599 2274 656 circumferat

685 713 824 771 inter
874 712 1217 784 loquendum,
1266 708 1316 761 id
1366 720 1462 774 pro
1503 698 1823 756 contumelia
1864 693 2015 748 multi
2053 689 2269 742 habent.

685 808 812 874 Quis
840 807 998 876 igitur
1024 785 1442 860 nisi'admodum
1481 794 1632 848 fortis
1658 801 1764 844 tam
1795 785 1976 842 multis
1996 787 2274 876 accusato-

687 868 832 950 r‘ibus
859 868 1122 949 vsufficere
1166 890 1378 960 poterit,
1431 894 1487 940 ut
1512 884 1594 938 vel
1621 883 1689 936 ab
1718 880 1824 934 illis
1876 875 2176 929 nullatenus
2219 868 2272 921 in

687 987 888 1039 crimen
915 993 1154 1047 vocetur,
1181 962 1263 1033 vel
1290 985 1570 1034 accusatus
1595 986 1712 1025 sese
1737 963 2026 1039 expediat?
2051 961 2276 1028 Oportet

686 1064 827 1130 enim
871 1082 1233 1129 accusatorem
1280 1084 1399 1122 esse
1446 1064 1743 1121 neminem;
1786 1058 1830 1112 si
1865 1057 1917 1110 id
1948 1055 2123 1106 minus
2162 1049 2274 1103 fieri

690 1168 878 1237 possit,
906 1166 1080 1219 oblata
1105 1164 1291 1218 saltem
1317 1159 1537 1214 erimina
1567 1155 1804 1209 abluere.
1831 1148 1981 1218 Quod
2004 1146 2048 1200 si
2081 1160 2146 1198 ne
2175 1142 2276 1196 hoc

688 1233 901 1325 quidem
932 1255 1080 1308 facile
1109 1262 1210 1315 est,
1238 1249 1331 1304 sed
1363 1248 1576 1317 quidem
1608 1253 1808 1324 temere
1846 1249 1900 1292 et
1936 1239 2126 1290 frustra
2156 1233 2273 1288 cul-

692 1345 867 1415 pando
901 1345 1131 1414 gaudent
1177 1360 1188 1393 :
1238 1336 1442 1399 fortit'er
1469 1333 1684 1389 ferenda
1717 1341 1794 1384 est
1824 1325 2274 1398 querimoniarum

692 1413 991 1502 bujusntodi
1013 1431 1281 1485 mmstitia.
1309 1427 1516 1481 Etenim
1545 1424 1633 1492 qui
1658 1422 1783 1494 jure
1799 1425 2095 1480 accusatur,
2124 1413 2277 1467 facile

690 1534 1028 1581 accusantem
1061 1523 1238 1578 tulerit
1269 1539 1283 1574 :
1326 1515 1752 1588 quandoquidem
1796 1511 1936 1566 enim
1978 1508 2156 1560 nullus
2185 1519 2278 1559 acv

691 1624 903 1668 cusator
940 1613 1183 1669 acerbior
1217 1621 1296 1664 est
1327 1610 1438 1678 ipsa
1463 1602 1823 1665 conscientia;
1853 1600 1919 1652 ab
1950 1598 2041 1651 illo
2062 1604 2279 1648 auctore

693 1706 927 1759 omnium
964 1701 1338 1756 molestissimo
1363 1697 1501 1767 capti
1547 1704 1797 1750 externos
1836 1686 2172 1743 accusatores
2198 1697 2283 1739 ut-

695 1806 816 1863 pote
846 1794 1095 1865 ‘mitiores
1132 1790 1286 1845 facile
1334 1789 1584 1856 patimur.
1628 1783 1726 1850 Qui
1757 1790 1932 1835 autem
1960 1778 2152 1830 nullius
2179 1775 2280 1829 sibi

693 1886 861 1953 culpae
890 1883 1136 1937 censcius
1163 1891 1266 1941 est.
1315 1879 1447 1933 falso
1477 1886 1755 1930 accusatus
1785 1871 2040 1926 continuo
2068 1869 2116 1921 iu
2147 1868 2280 1920 iram

693 1977 940 2038 vertitur,
986 1982 1039 2026 ct
1082 1973 1132 2026 in
1161 1984 1444 2025 mcerorem
1476 1967 1629 2020 facile
1656 1963 1869 2025 decidit,
1899 1961 1996 2013 nisi
2028 1959 2175 2028 prius
2215 1957 2281 2011 ad

696 2067 981 2121 multorum
1015 2063 1261 2117 ferendas
1290 2060 1521 2114 insanias
1545 2056 1862 2111 exercitatus
1891 2053 2068 2106 fuerit.
2101 2050 2283 2119 Neque

695 2155 836 2210 enim
889 2154 1000 2206 fieri
1048 2131 1242 2221 potest,
1311 2149 1590 2215 calumniis
1638 2145 1932 2213 impetitum
1997 2151 2051 2196 et
2107 2143 2283 2209 inique

700 2245 1007 2296 damnatum
1042 2258 1145 2294 nun
1191 2240 1410 2302 turbari,
1453 2246 1506 2290 et
1549 2236 1615 2290 de
1648 2245 1788 2288 tanta
1834 2233 2108 2301 iniquitate
2149 2230 2281 2287 nihil

697 2334 822 2401 pati.
853 2331 986 2399 Quid
1021 2346 1309 2385 memorem
1342 2329 1606 2383 tristitiam
1639 2337 1747 2381 tum
1779 2323 2129 2386 subeundam,
2162 2335 2282 2374 cum

696 2423 994 2488 quempiam
1039 2436 1101 2474 ex
1137 2427 1277 2473 ccetu
1301 2417 1554 2473 Ecclesia:
1592 2427 1842 2468 amovere
1866 2427 2000 2479 Opus
2022 2410 2138 2464 est?
2164 2409 2276 2464 Uti-

698 2528 976 2585 nam'vcro
1000 2511 1192 2564 malutn
1226 2519 1389 2561 totum
1422 2508 1482 2560 in
1502 2505 1712 2558 tristitia
1753 2503 2070 2563 consisteret
2097 2517 2111 2552 :
2143 2514 2285 2554 nunc

699 2616 825 2660 vero
846 2601 1105 2671 pernicies
1127 2615 1230 2656 non
1257 2597 1484 2657 modica.
1509 2593 1845 2654 Metuendum
1867 2592 2061 2661 quippe
2081 2598 2180 2654 est,
2210 2603 2279 2643 ne

1429 415 1487 462 S.
1515 401 1794 462 ιοΑΝΝιε
1821 389 2293 453 CllRYSOSTOMl
2333 388 2653 444 ARCHIEP.
2683 382 3216 441 CONSTAN'I'l-NOP.

2380 501 2518 555 ultra
2558 499 2774 553 modum
2821 499 2992 565 rmuis
3019 495 3237 550 aﬂ'ectus
3266 494 3353 549 ille
3391 492 3442 547 id
3485 491 3736 562 patiatur,
3765 488 3906 559 quod
3937 503 3975 542 ι

2377 591 2531 645 beato
2550 587 2712 643 Paulo
2733 589 2928 644 dictum
2956 595 3058 651 est,
3080 585 3162 639 Ne
3182 583 3539 638 abundantiori
3563 582 3766 634 tristitia
3785 579 3987 632 ωεστ-⁸

2377 681 2550 734 beatur
2581 678 2655 746 (9..
2685 678 2802 731 Cor.
2829 679 2882 730 ‘2.
2911 675 2987 748 7).
3017 676 3241 729 Maxima
3272 687 3400 740 ergo
3420 673 3688 742 diligentia
3715 669 3803 724 hic
3827 683 3972 738 opus

2377 779 2478 834 est,
2504 786 2571 823 ue
2594 767 2733 838 quod
2756 767 3010 838 prodesse
3033 766 3107 820 illi
3125 765 3404 829 debuerat,
3431 763 3647 831 majoris
3663 759 3761 829 ipsi
3783 759 3972 814 damni

2377 864 2448 917 sit
2472 862 2682 916 occasio
2711 877 2725 913 :
2752 875 2872 914 nam
2904 872 3248 928 qurecumque
3284 841 3372 909 ille
3403 864 3520 924 post
3547 839 3849 921 hujusmodi
3873 867 3973 906 eu-

2379 963 2640 1007 rattonem
2701 959 2915 1019 peccata
2965 934 3267 1010 admiserit.
3320 959 3662 1000 communem
3711 955 3816 996 tam
3868 942 3969 1010 ipsi

2379 1058 2534 1112 quam
2566 1041 2772 1095 medico
2795 1024 2924 1094 iram
2953 1037 3272 1099 accendunt,
3305 1036 3346 1090 si
3372 1034 3456 1090 hic
3477 1022 3586 1087 non
3613 1043 3756 1086 recte
3776 1032 3974 1087 vulnus

2373 1132 2646 1186 inciderit.
2699 1131 2841 1197 Quot
2888 1139 3066 1184 autem
3112 1127 3369 1196 supplicia
3425 1125 3780 1194 exspectanda
3820 1134 3968 1187 sunt,

2379 1239 2499 1277 cum
2525 1221 2642 1291 quis
2679 1236 2784 1274 non
2815 1235 2878 1275 ex
2912 1219 3145 1289 peccatis
3176 1217 3334 1271 modo
3363 1216 3494 1281 suis,
3522 1215 3615 1269 sed
3648 1230 3714 1268 ex
3740 1213 3972 1268 aliorum

2379 1328 2594 1381 quoque
2630 1311 2840 1365 delictis
2881 1311 2930 1362 iu
2961 1318 3259 1364 extremum
3306 1307 3601 1376 periculum
3644 1305 3972 1359 adducitur?

2381 1403 2512 1457 Nam
2552 1403 2596 1461 si
2627 1402 2693 1456 de
2721 1399 2949 1470 propriis
2979 1398 3271 1454 sceleribus
3299 1398 3558 1451 rationem
3573 1395 3849 1450 ‘reddituri
3879 1410 3974 1454 ex-

2384 1494 2761 1558 horrescimus,
2780 1507 2842 1546 ac
2862 1492 2905 1546 si
2926 1507 3030 1545 non
3049 1491 3320 1545 valeamus
3345 1489 3518 1558 ignem
3541 1488 3689 1541 illum
3711 1486 3970 1556 elfugcre,

2382 1584 2610 1653 quid'illi
2637 1582 3048 1650 exspectandum
3074 1589 3174 1646 est,
3206 1580 3295 1648 qui
3321 1587 3426 1632 tam
3445 1578 3732 1632 multorum
3754 1577 3976 1632 nomine

2382 1687 2596 1726 causam
2631 1668 2698 1724 sit
2724 1670 3001 1724 dicturus?
3024 1669 3174 1736 Quod
3195 1679 3370 1723 autem
3401 1668 3502 1721 hoc
3517 1683 3698 1722 verum
3727 1668 3813 1732 sit,
3846 1667 3975 1727 audi

2383 1763 2595 1817 beatum
2626 1762 2846 1814 Paulum
2873 1760 3171 1827 dicentem;
3208 1760 3313 1815 imo
3345 1759 3518 1827 potius
3543 1773 3646 1811 non
3673 1759 3843 1823 illum,
3875 1756 3974 1812 sed

2383 1853 2438 1906 in
2467 1853 2581 1922 ipso
2608 1851 2910 1920 loquentem
2947 1850 3221 1909 Christum
3267 1868 3281 1904 :
3335 1848 3542 1902 Obedite
3579 1848 3862 1917 prapositis
3890 1863 3978 1901 re-

2384 1944 2521 2008 stria,
2551 1953 2596 1996 et
2615 1941 2865 2011 subjacete
2887 1942 2957 1994 eis
2982 1958 3000 1995 :
3020 1941 3121 2010 ipsi
3150 1941 3281 1993 enim
3303 1939 3622 2010 pervigilant,
3649 1939 3794 2008 quasi
3813 1939 3975 1992 ratio-

2384 2050 2498 2087 nem
2542 2049 2635 2102 prq
2677 2032 2938 2084 animabus
2971 2031 3144 2084 uestris
3199 2030 3449 2083 reddituri
3495 2028 3687 2098 (Hebr.
3733 2020 3815 2082 l5.
3859 2029 3974 2097 l7),

2385 2123 2520 2177 Num
2563 2123 2785 2191 exiguus
2827 2122 3035 2176 videtur
3073 2117 3157 2172 hic
3200 2120 3628 2173 eomminationis
3674 2119 3881 2172 terror?
3924 2117 3979 2173 is

2346 2238 2358 2242 -
2386 2221 2615 2281 quantus
2641 2213 2712 2266 sit
2745 2212 2847 2265 dici
2892 2213 3092 2279 nequit.
3125 2211 3322 2266 Verum
3355 2210 3468 2263 inec
3505 2209 3635 2264 satis
3668 2218 3808 2275 sunt,
3853 2223 3979 2278 qum

2386 2304 2470 2357 vel
2502 2303 2946 2373 pertinacioribus
2993 2302 3149 2365 fidem
3191 2300 3404 2364 faciant,
3448 2315 3546 2354 nos
3579 2315 3683 2353 non
3725 2300 3978 2368 superbia

2387 2395 2471 2448 vel
2493 2409 2624 2446 vana
2651 2392 2817 2461 gloria
2832 2389 3046 2460 'captos,
3070 2391 3163 2445 sed
3192 2391 3344 2445 nobis
3368 2398 3571 2448 tantum
3600 2398 3900 2444 metuentes
3923 2401 3983 2448 et

2388 2483 2465 2541 rei
2493 2484 2685 2546 molem
2711 2482 3110 2544 considerantes
3136 2479 3437 2550 hujusmodi
3469 2479 3645 2554 fugam
3670 2480 3882 2535 fecisse.

1439 2715 3974 2742 ______..___———————————————-—t——-———-——_.-
2939 2731 3013 2737 ..
3400 2731 3473 2737 ..
3639 2736 3641 2738 _
3846 2733 3932 2740 ,ν

1645 2731 2122 2903 ᾗΒΕΒ
2209 2731 3013 2923 QUARTUS.

1110 3098 1216 3132 Βιεῦ
1247 3096 1417 3131 ῙΠΒΠΝΤ
1447 3093 1583 3129 ΠΒἎο
1616 3090 1820 3134 ρωιιτοε

699 3192 734 3236 ι.
770 3193 864 3235 Non
889 3198 976 3234 eos
1050 3191 1250 3244 tantum,
1291 3185 1374 3246 qui
1413 3183 1471 3231 ad
1511 3182 1700 3246 clerum
1752 3181 2014 3246 pervenire
2065 3179 2283 3246 student,

764 3260 933 3354 vertlnn
980 3249 1126 3295 etiam
1157 3248 1240 3308 qui
1285 3244 1381 3294 vim
1426 3245 1688 3305 patiuntur,
1735 3244 1798 3292 ob
1838 3248 2032 3302 peccata
2073 3244 2285 3302 graviter

764 3321 859 3354 Ιιυῐι
881 3322 938 3354 1⁸1.

699 3321 1114 3436 tl.l't‘;iiiiliiidignqs
1145 3368 1384 3436 ordinant,
1416 3366 1545 3419 idem
1566 3364 1693 3436 quod
1719 3363 1766 3410 hi
1789 3361 2072 3424 supplicium
2104 3375 2285 3424 exper-

765 3437 898 3477 turos
923 3427 1049 3478 esse.
1081 3427 1196 3478 licet
1223 3431 1347 3488 ipsos
1372 3441 1466 3476 non
1491 3427 1664 3474 norint.

701 3495 770 3535 tu.
806 3489 1045 3538 sacerdoti
1085 3481 1410 3538 necesSat-iam
1435 3500 1549 3536 esse
1593 3484 1868 3548 expeditam
1911 3483 2102 3535 dicendi
2143 3481 2286 3531 facul-

703 3557 1172 3672 Iv.mil§n(iitommvis
1193 3609 1604 3665 concertationes,
1629 3613 1681 3662 et
1702 3613 1988 3660 Grzeeorum,
2017 3609 2067 3654 et
2091 3603 2284 3658 Judieo-

763 3683 868 3717 rum
890 3679 940 3720 et
959 3672 1294 3719 haereticorum
1322 3684 1435 3717 cum
1461 3679 1679 3730 paratum
1705 3679 1816 3716 esse
1835 3672 2085 3726 oportere.

703 3738 754 3777 v.
785 3738 1016 3792 Perqnant
1043 3733 1248 3791 teritum
1271 3731 1537 3780 dialectica:
1556 3742 1676 3792 esse
1701 3733 1951 3789 oportere.

705 3797 774 3838 \‘I.
811 3798 858 3843 Β.
887 3791 1080 3840 Paulum
1106 3792 1150 3839 id
1169 3793 1349 3852 Optime
1367 3791 1666 3852 prastitisse.

705 3853 1056 3961 \'lh_‘£lll3tlem
1075 3865 1168 3902 non
1193 3847 1344 3913 Signis
1364 3847 1547 3901 tantum
1584 3850 1833 3907 claruisse,
1875 3847 1964 3903 sed
2002 3850 2147 3895 etiam
2180 3854 2286 3904 arte

799 3927 908 3961 ieen
943 3928 975 3961 ι.

766 3928 814 3960 αι
833 3928 874 3960 'e
943 3928 975 3965 ι,

704 3928 1072 4026 \'lll.LEii?ndem
1097 3973 1140 4020 id
1165 3985 1191 4020 a
1218 3974 1355 4022 nobis
1377 3985 1570 4034 quoque
1596 3971 1725 4019 velle
1742 3970 1996 4034 reserceri.

705 4039 778 4082 tx.
813 4043 913 4091 Quo
936 4037 1024 4083 nisi
1051 4035 1277 4095 praeditus
1298 4035 1361 4082 sit
1381 4028 1652 4096 episcopus,
1678 4031 1900 4079 subditos
1944 4043 2040 4084 non
2064 4028 2176 4080 leve
2206 4029 2288 4077 da-

765 4109 928 4147 mnum
949 4097 1226 4148 necessario
1240 4095 1432 4163 subire,
2227 4113 2233 4116 -

1446 4227 1512 4245 ῃ-

783 4312 833 4362 l.
880 4310 979 4375 Qui
1005 4310 1051 4362 vi
1070 4310 1136 4362 ad
1163 4311 1350 4362 clerum
1379 4309 1648 4361 trahuntur
1670 4324 1768 4360 non
1791 4306 1904 4358 ideo
1923 4307 2078 4374 poenis
2105 4311 2288 4358 imum-

709 4417 814 4453 πει.
837 4430 906 4439 —-
929 4400 1020 4452 llis
1047 4400 1258 4464 auditis,
1297 4397 1595 4451 BASILIUS
1632 4398 1848 4469 paulum
1877 4405 2186 4449 cunctatus:
2221 4397 2290 4446 At

706 4491 752 4543 si
805 4499 856 4543 tu
904 4489 1140 4557 quidem,
1197 4490 1381 4556 inquit,
1436 4488 1572 4559 hanc
1611 4487 1915 4554 dignitatem
1960 4485 2287 4549 affectasses,

713 4580 854 4642 hunc
874 4579 991 4648 jure
1021 4580 1266 4632 timorem
1305 4577 1586 4631 admittere
1617 4591 1821 4644 posses.
1853 4576 1977 4627 Nam
2005 4574 2093 4643 qui
2127 4574 2191 4626 ad
2213 4575 2289 4641 rei

711 4671 1002 4738 eujuspiam
1021 4670 1528 4722 administrationem
1551 4681 1608 4720 se
1626 4667 2004 4719 idoneumesse
2023 4664 2289 4732 prefessus

713 4767 827 4821 est,
862 4760 1000 4825 quod
1033 4774 1149 4812 eam
1180 4760 1415 4826 arripere
1435 4757 1716 4821 studuerit,
1752 4757 1837 4808 illa
1863 4755 1961 4808 sibi
1987 4754 2288 4809 concredita

712 4852 756 4903 si
786 4851 1014 4914 labatur,
1039 4867 1139 4902 non
1170 4857 1339 4917 potest
1367 4852 1430 4901 ad
1455 4849 1731 4915 imperitia:
1753 4844 2143 4899 excusationem
2166 4859 2294 4897 cou-

716 4945 930 5012 fngcre;
965 4953 1148 5008 utpote
1177 4945 1264 5009 qui
1304 4950 1642 4994 antevertens
1683 4939 1816 4990 hanc
1842 4938 1938 4989 sibi
1971 4939 2079 5004 ipse
2107 4935 2292 4988 defen-

715 5035 919 5087 siuuem
953 5033 1229 5095 ademerit,
1275 5032 1415 5100 quod
1462 5030 1773 5092 accurrerit,
1817 5040 2041 5093 eamque
2073 5026 2170 5077 sibi
2202 5024 2295 5077 ad-

720 5123 1157 5199 ministrationem
1192 5125 1454 5190 rapuerit:
1488 5137 1661 5190 neque
1696 5120 1872 5172 dicere
1904 5126 2075 5184 potest
2106 5116 2168 5177 is,
2205 5115 2294 5176 (ιυὶ

722 5217 909 5267 lubens
939 5224 990 5266 et
1021 5225 1209 5281 sponte
1238 5215 1335 5266 huc
1362 5217 1604 5277 accessit,
1630 5211 1827 5264 invitus
1855 5209 1953 5261 hac
1983 5209 2033 5260 in
2066 5222 2125 5260 re
2174 5222 2295 5275 pce-

720 5303 853 5362 cavi,
906 5304 1097 5355 invitus
1142 5304 1286 5356 illum
1335 5305 1632 5371 quempiam
1677 5299 1901 5369 perdidi.
1937 5297 2295 5364 Respondebit

726 5392 813 5453 illi.
840 5395 927 5452 qui
958 5403 1064 5446 tum
1100 5394 1266 5447 hacin
1296 5411 1352 5446 re
1379 5393 1539 5462 judex
1567 5391 1771 5444 futurus
1793 5400 1873 5443 est
1899 5407 1910 5441 :
1946 5390 2117 5441 Etcur
2139 5396 2295 5439 tanta:

725 5486 813 5536 tibi
843 5485 1086 5537 conscius
1115 5485 1411 5553 imperitiae,
1431 5499 1548 5537 cum
1574 5496 1721 5534 mens
1750 5479 1814 5533 ad
1845 5481 2000 5532 talem
2031 5477 2294 5544 inculpate

723 5574 1048 5627 tractandam
1081 5585 1247 5628 artem
1280 5575 1370 5628 ttbi
1407 5590 1510 5627 non
1539 5574 1769 5634 adesset,
1813 5568 2077 5632 involasti,
2106 5583 2291 5620 ausus-

719 5678 823 5730 que
843 5680 900 5717 es
924 5667 1144 5732 majora.
1174 5681 1330 5733 quam
1357 5665 1494 5717 vires
1527 5664 1743 5726 ferrent,
1766 5661 1978 5729 negotia
2001 5655 2296 5725 suscipere?

720 5755 845 5828 Quis
871 5765 918 5810 te
949 5759 1135 5829 cacgit,
1173 5758 1288 5831 quis
1317 5758 1658 5810 reluctantem
1701 5762 1752 5808 et
1777 5751 2062 5826 fugientem
2096 5749 2144 5802 vi
2172 5763 2291 5818 per-

2395 3080 2591 3134 traxit?
2617 3081 2685 3134 At
2706 3088 2759 3133 tu
2782 3071 2910 3133 nihil
2940 3095 3189 3150 umquam
3217 3081 3390 3135 simile
3419 3083 3620 3148 audies,
3649 3099 3820 3153 neque
3845 3098 3984 3154 pos--

2389 3169 2463 3224 sis
2494 3185 2740 3238 umquam
2771 3169 3074 3239 hujusmodi
3102 3171 3280 3225 delicti
3304 3173 3528 3240 teipsum
3557 3173 3834 3240 damnare,
3858 3192 3982 3231 om-

2391 3261 2652 3329 nibusque
2683 3263 2892 3328 Planum
2924 3269 3007 3316 est
3030 3271 3081 3316 te
3107 3278 3174 3316 ne
3205 3263 3468 3316 tantillum
3499 3257 3711 3332 quidem
3739 3266 3802 3320 ad
3835 3266 3980 3320 hunc

2390 3352 2783 3418 suscipiendum
2807 3351 3065 3406 honorem
3094 3353 3384 3417 laborasse,
3415 3354 3507 3407 sed
3537 3355 3584 3407 id
3609 3356 3831 3407 aliorum
3853 3371 3982 3423 ope-

2391 3459 2449 3498 ra
2481 3445 2670 3499 factum
2715 3459 2852 3498 esse.
2885 3451 3058 3514 Atque
3086 3446 3221 3498 adeo
3249 3446 3387 3514 qudd
3421 3447 3523 3499 illis
3563 3448 3758 3500 nullam
3790 3464 3983 3515 pecca-

2391 3545 2562 3591 torum
2592 3536 2798 3590 veniam
2832 3537 3102 3603 relinquit,
3131 3537 3231 3588 hoc
3258 3537 3350 3588 tibi
3382 3553 3624 3603 magnam
3648 3538 3981 3594 defensionis

2390 3625 2662 3678 materiam
2707 3626 3080 3695 suppeditabit.
3133 3625 3697 3692 CllRYSOSTUMUS.
3757 3629 3830 3682 Ad
3861 3633 3982 3683 tunc

2374 3731 2487 3781 ego
2514 3725 2671 3783 caput
2695 3730 2816 3768 eum
2850 3715 3158 3778 movissent,
3184 3718 3486 3786 sensimque
3512 3718 3838 3786 arri5tssem,
3875 3724 3980 3774 '10?

2391 3809 2549 3860 minis
2599 3808 2991 3875 simplicitatem
3045 3809 3284 3872 miratus,
3339 3810 3454 3864 tunc
3498 3812 3748 3880 loquutus
3795 3828 3914 3867 sum
3962 3831 3977 3866 :

2393 3900 2650 3966 Equidem
2684 3900 2909 3968 eptarim
2938 3916 3048 3954 rem
3080 3901 3149 3954 ita
3172 3917 3230 3955 se
3255 3901 3471 3962 habere.
3498 3911 3556 3955 ut
3580 3903 3731 3967 dicis,
3759 3905 3834 3956 vir
3853 3920 3982 3958 om-

2392 3993 2535 4045 nium
2566 3991 2784 4058 Optime,
2815 4007 2916 4045 non
2949 4002 3003 4045 ut
3031 3991 3080 4044 id
3113 3993 3382 4060 suscipere
3412 4007 3644 4060 possem,
3672 3995 3810 4063 quod
3834 4011 3986 4050 nunc

2392 4084 2578 4152 refugi.
2616 4084 2831 4136 Etiamsi
2862 4083 3001 4136 enim
3033 4084 3158 4137 mihi
3187 4084 3390 4137 nullum
3435 4084 3751 4152 supplicium
3779 4101 3987 4154 propo-

2392 4173 2549 4227 situm
2591 4183 2755 4237 esset,
2787 4173 2829 4226 si
2860 4171 3223 4240 perfunctorie
3261 4181 3315 4225 et
3361 4175 3606 4240 imperite
3637 4174 3830 4227 Christi
3857 4190 3986 4243 gre-

2393 4279 2508 4331 gem
2532 4279 2800 4317 curassem
2829 4282 2840 4316 :
2871 4273 2924 4316 at
2969 4265 3095 4317 illud
3128 4264 3255 4317 mihi
3287 4265 3430 4317 muni
3476 4266 3735 4333 supplicio
3761 4268 3985 4335 gravius

2395 4355 2550 4417 foret,
2579 4357 2621 4407 si
2653 4365 2770 4422 post
2821 4365 2992 4408 tantas
3025 4356 3152 4407 mihi
3197 4356 3533 4408 concreditae
3564 4372 3648 4409 res
3675 4372 3796 4426 erga
3827 4373 3981 4422 eum,

2394 4447 2482 4514 qui
2511 4444 2950 4507 concredidisset,
2985 4446 3056 4497 ita
3091 4445 3323 4512 ingratus
3349 4446 3575 4498 viderer.
3607 4447 3783 4511 Quare
3821 4448 3986 4514 igitur

2395 4535 2619 4602 optarim
2658 4535 2801 4587 illam
2834 4545 2973 4587 tuam
3019 4534 3321 4602 Opinionem
3351 4549 3453 4586 non
3484 4535 3668 4588 falsam
3701 4538 3858 4590 esse?
3908 4537 3986 4593 Ut

2396 4627 2605 4680 miseris
2630 4636 2683 4678 et
2730 4617 3030 4697 infelicibus
3074 4626 3173 4693 (sie
3209 4626 3349 4680 enim
3377 4627 3601 4679 vocandi
3629 4627 3686 4690 ii,
3735 4629 3821 4695 qui
3867 4629 3977 4696 hoc

2397 4719 2665 4786 itegutium
2696 4719 2858 4784 probe
2891 4727 3122 4772 tractare
3164 4718 3424 4782 nesciunt,
3462 4721 3702 4788 quamvis
3742 4736 3980 4776 sexcen-

2401 4810 2499 4862 ties
2532 4809 2672 4875 ipsos
2703 4809 2752 4861 vi
2782 4807 2998 4862 adactos
3025 4817 3078 4862 et
3109 4808 3414 4877 ignorantes
3445 4824 3666 4891 peccare
3697 4810 3884 4876 dicas),
3919 4825 3984 4867 ιιι

2399 4903 2522 4961 iliis.
2559 4904 2793 4971 inquam,
2846 4901 3078 4970 effugere
3107 4903 3262 4955 liceat
3307 4903 3481 4970 ignem
3516 4903 3661 4955 illum
3711 4904 3982 4958 inexstin-

2397 4994 2668 5060 guibilem,
2716 5003 2769 5046 et
2811 4992 3058 5058 tenebras
3101 4993 3416 5054 exteriores,
3450 5008 3789 5060 vermemque
3820 5011 3983 5048 num-

2399 5100 2554 5153 quam
2586 5085 2923 5146 morientem,
2972 5099 3039 5136 ne
3083 5083 3415 5135 disseccntur
3457 5091 3510 5134 et
3540 5097 3658 5135 cum
3691 5084 3984 5150 hypocritis

2400 5186 2640 5245 pereant.
2674 5176 2869 5229 Verum
2902 5163 3025 5244 quid
3054 5175 3147 5228 tibi
3174 5174 3362 5228 faciam
3387 5175 3408 5226 ?
3437 5174 3552 5226 Non
3583 5176 3652 5227 ita
3683 5189 3741 5228 sc
3771 5190 3857 5228 res
3889 5177 3986 5229 hae

2401 5272 2507 5332 bet,
2542 5283 2645 5319 non
2674 5268 2743 5320 ita
2770 5281 2914 5320 sane.
2940 5267 3017 5320 Ac
3042 5267 3084 5318 si
3112 5266 3212 5330 vis,
3237 5274 3294 5318 ut
3315 5280 3345 5317 a
3373 5279 3537 5332 regno
3570 5265 3979 5333 primum,quod

2400 5361 2537 5428 apud
2570 5362 2733 5414 Deum
2764 5361 2893 5412 tanti
2926 5374 3030 5412 non
3063 5367 3145 5412 est
3174 5359 3354 5426 quanti
3386 5359 3759 5423 sacerdotium,
3792 5374 3983 5418 eorum

2400 5468 2516 5520 qua:
2537 5452 2645 5524 dixi
2673 5450 2829 5503 fidem
2860 5450 3068 5503 faciam.
3089 5448 3215 5502 Saﬁl
3240 5450 3346 5512 ille,
3370 5448 3506 5500 ﬁlius
3527 5449 3633 5512 (Iis,
3658 5465 3763 5500 non
3794 5463 3987 5516 suapte

2402 5553 2548 5595 motu
2573 5553 2625 5594 et
2650 5557 2774 5594 cura
2802 5557 2894 5593 rex
2921 5538 3092 5592 factus
3117 5547 3200 5592 est
3229 5540 3306 5608 (l.
3338 5539 3464 5607 Reg.
3499 5539 3592 5608 9);
3622 5539 3714 5592 sed
3742 5540 3893 5604 abiit,
3927 5553 3988 5594 ut

2403 5640 2667 5700 quzereret
2697 5630 2893 5693 asinas,
2928 5640 2982 5682 ct
3020 5644 3182 5696 super
3212 5615 3273 5680 iis
3305 5629 3616 5697 prophetam
3654 5629 3990 5698 interrogare

2405 5723 2596 5797 cmpit;
2629 5722 2718 5774 ille
2761 5736 2889 5776 vero
2919 5720 2983 5776 de
3008 5735 3172 5794 regno
3199 5719 3368 5793 ipsum
3414 5719 3713 5790 alloquutus
3751 5728 3845 5785 est.
3877 5718 3986 5781 Ne.-
