4198 6324
306 436 404 491 set
444 424 454 431 “

301 566 406 622 quc
452 561 634 608 tanien
660 513 767 608 illc
792 553 975 609 statim
1020 529 1418 625 regnum-adiit,
1464 551 1590 608 licet
1615 549 1668 606 id
1696 559 1726 605 a
1754 562 1887 619 pro-

300 641 463 710 pheta
483 639 742 706 audisset,
764 640 860 696 sed
877 639 1288 710 deprecabatur,
1304 639 1666 710 renuebatque
1683 639 1887 694 dicens:

1513 437 1602 495 ne
1635 431 2085 494 εΑςειιοοπο.
2124 433 2254 493 un.
2294 434 2384 510 tv.

3481 451 3638 514 6ND

2000 557 2120 618 post
2147 548 2286 607 bella
2303 559 2357 608 et
2385 560 2585 622 impera
2606 561 2762 610 extra
2783 546 2982 614 terram
3016 559 3159 616 illam
3183 561 3336 632 obiit,
3359 579 3460 635 pro
3481 582 3582 639 qus

1993 645 2072 692 tot
2095 649 2408 709 susceperat
2449 641 2680 712 labores,
2705 648 2979 719 marisque
3001 651 3350 718 incommoda,
3371 671 3581 729 passus,

296 731 428 799 Quis
450 745 573 787 sum
599 747 723 803 ego,
753 739 810 789 et
840 747 962 802 qua:
986 733 1178 790 domus
1205 732 1370 802 patris
1396 731 1538 788 mei?
1561 729 1702 799 Quid
1720 728 1898 816 ergoi
1990 739 2176 798 portus
2192 731 2475 788 conmoda
2500 747 2610 790 non
2635 748 2954 814 asscquutus
2972 748 3076 806 est.
3101 739 3268 816 Vides
3293 760 3398 801 non
3414 728 3586 804 'modo

295 836 364 873 an
387 835 510 874 cum
533 819 741 876 honore
759 820 977 889 sibi'per
1002 819 1172 879 Deum
1194 819 1387 875 tradito
1411 818 1549 874 male
1569 833 1697 876 usus
1723 808 1898 884 esset;

294 907 468 979 potuit
511 890 595 963 bis
622 909 806 978 verbis
828 909 994 964 eximi
1022 909 1092 964 ab
1135 908 1211 963 ira
1234 908 1373 978 ejus,
1400 909 1495 978 qui
1534 920 1595 963 se
1622 907 1674 964 in
1705 921 1886 976 regem

290 999 685 1056 constituerat?
709 999 867 1069 Atqui
889 987 1116 1070 poterat
1149 1001 1220 1060 ad
1253 996 1555 1064 Samuelem
1598 998 1883 1067 increpari.-

291 1099 402 1150 tem
423 1077 640 1152 dicere:
665 1089 806 1159 Num
830 1104 932 1160 ego
953 1098 1180 1162 regnum
1206 1089 1421 1149 invasi?
1445 1104 1574 1148 num
1599 1089 1796 1145 inailivi
1824 1088 1878 1149 in

290 1179 432 1236 hanc
460 1179 792 1251 potentiam!
821 1181 981 1240 vitam
1005 1169 1288 1260 privatam,
1309 1181 1541 1241 otiosam
1564 1168 1622 1240 ct
1643 1180 1877 1251 quietam

289 1272 492 1328 ducere
516 1272 762 1329 volebam
785 1291 799 1326 :
830 1281 889 1330 tu
910 1286 1042 1328 vero
1064 1286 1154 1330 me
1176 1272 1232 1328 in
1251 1272 1392 1327 lianc
1412 1272 1725 1344 dignitatem
1747 1286 1878 1343 per-

291 1363 519 1418 traxisti.
542 1363 600 1419 Si
630 1364 683 1419 in
721 1365 820 1419 illa»
835 1346 1133 1421 humilitate
1163 1363 1598 1435 pet-mansissent,
1651 1364 1768 1420 haec
1794 1362 1883 1418 of-

290 1450 561 1509 fendicula
587 1453 745 1509 facile
771 1453 1166 1520 declinassem;
1197 1469 1319 1510 nam
1343 1469 1463 1509 cum
1489 1469 1558 1513 ex
1588 1453 1881 1524 vulgarium

289 1551 345 1598 et
361 1543 675 1614 ignobilium
699 1558 877 1612 essem
896 1554 1146 1609 numero,
1159 1544 1228 1598 ad
1241 1543 1344 1599 hoc
1359 1558 1495 1614 opus
1511 1544 1711 1605 missus
1728 1558 1883 1602 omne

286 1648 448 1703 quam
472 1632 690 1689 fuissem
714 1650 730 1689 :
759 1649 932 1705 neque
955 1633 1084 1690 mibi
1109 1633 1305 1689 bellum
1336 1643 1524 1689 contra
1551 1634 1878 1691 Amalecitas

291 1725 432 1781 Deus
459 1725 853 1790 commisisset;
881 1741 990 1796 quo
1014 1725 1143 1782 mihi
1166 1741 1273 1780 non
1302 1725 1589 1788 commisso
1609 1727 1663 1783 in
1689 1740 1878 1795 pecca-

291 1825 403 1870 tum
437 1813 748 1886 bujusmodi
797 1815 1456 1886 numquam'incidissem.
1513 1815 1714 1873 Verum
1763 1815 1903 1874 hec-

258 1911 472 1988 omnia
513 1908 586 1973 ad
627 1908 1000 1966 defensionem
1046 1908 1258 1968 inﬁrma
1307 1919 1470 1975 sunt;
1523 1925 1627 1968 nec
1667 1889 1878 1968 suam

288 2001 474 2069 modo,
494 2001 589 2068 sed
616 2001 932 2080 pericttlosa,
955 2016 1076 2072 quis
1098 2000 1193 2058 Dei
1216 2002 1389 2072 magis
1407 2002 1542 2058 iram
1560 2001 1876 2059 accendant.

291 2091 424 2146 Eum
451 2091 618 2154 enim,
649 2092 741 2161 qui
781 2090 989 2148 meritis
1297 2090 1612 2161 dignitatem
1639 2091 1892 2167 accepit,

288 2197 396 2237 non
415 2182 634 2251 oportet
652 2182 720 2235 ad
741 2190 1076 2252 peccatorum
1094 2181 1498 2241 executionem
1521 2179 1744 2236 honoris
1763 2195 1879 2251 ma-

247 2330 252 2334 ,
285 2271 620 2342 gnitudinem
647 2269 955 2337 ostendere,
976 2270 1072 2328 sed
1092 2271 1172 2350 ad,
1185 2270 1445 2341 majorem
1463 2271 1522 2326 iu
1537 2271 1732 2333 virtute
1753 2286 1876 2342 pro-

285 2360 489 2416 fectum
518 2359 596 2415 uti
640 2374 836 2432 magno
859 2359 953 2415 illo
980 2359 1075 2414 Dei
1120 2374 1246 2430 erga
1273 2375 1336 2416 se
1360 2359 1558 2416 studio.
1611 2357 1708 2416 ille
1746 2375 1877 2416 vero

283 2450 411 2520 quia
451 2446 732 2505 meliorem
775 2457 963 2506 nactus
987 2448 1326 2523 dignitatem,
1355 2449 1476 2506 ideo
1517 2465 1743 2522 peccare
1771 2451 1876 2508 sibi

283 2543 490 2619 licitum
514 2556 640 2614 esse
678 2541 1036 2609 existimabat,
1063 2541 1199 2600 nihil
1242 2541 1408 2605 aliud,
1454 2557 1614 2611 quam
1645 2541 1739 2596 Dei
1759 2541 1876 2597 cle-

283 2633 542 2690 mentiam
583 2642 923 2703 peccatorum
949 2622 1170 2698 suorum
1195 2647 1413 2690 causam
1452 2633 1878 2703 facere‘conatus

281 2733 388 2779 est.
417 2711 582 2793 Quod
595 2736 728 2781 sane
745 2723 945 2794 impiis,
972 2732 1030 2779 et
1049 2723 1116 2778 iis
1133 2722 1223 2793 qui
1250 2723 1414 2778 vitam
1435 2724 1622 2794 ignavo
1650 2724 1874 2792 ducunt,

283 2827 403 2876 mos
428 2821 515 2869 est
533 2811 735 2869 dicere.
770 2811 882 2877 Nos
903 2822 1085 2869 autem
1105 2828 1218 2869 non
1242 2814 1323 2869 sic
1362 2813 1584 2874 adnotes
1604 2828 1746 2884 esse,
1772 2828 1876 2871 nec

282 2902 340 2958 in
363 2901 594 2961 similem
629 2901 879 2959 decidere
923 2903 1187 2961 insaniam
1212 2902 1388 2972 decet,
1417 2903 1514 2970 sed
1552 2903 1748 2974 ubique
1773 2919 1892 2964 cu-.

281 3008 407 3049 rare
449 3001 509 3048 ut
529 3008 651 3064 quin
693 2993 1187 3060 facultatisnostrm
1229 3002 1354 3061 sunt
1393 2993 1783 3061 adhibeamus,
1809 2984 1877 3052 ac

281 3074 509 3138 bene'de
530 3082 641 3138 Deo
659 3081 955 3152 cogitemus
976 3089 1032 3138 et
1059 3082 1358 3152 loquamur.
1386 3081 1568 3153 Neque
1585 3083 1729 3138 enim
1755 3083 1871 3146 Heli

280 3172 362 3241 (1.
402 3171 535 3243 Reg.
563 3172 619 3228 ι.
669 3171 782 3244 18),
810 3180 871 3227 ut
895 3173 1062 3231 misso
1087 3187 1256 3244 regno
1282 3171 1350 3227 ad
1381 3170 1766 3238 sacerdotium,
1805 3173 1873 3229 de

277 3278 389 3334 quo
413 3276 555 3317 nunc
577 3263 772 3332 agitur,
805 3271 1159 3332 transeamus,
1195 3263 1550 3334 principatum
1579 3262 1759 3321 studio
1778 3277 1874 3318 ac-

275 3353 561 3423 quisierat.
586 3352 727 3422 Quid
764 3351 922 3422 igitur
946 3351 1001 3407 id
1040 3352 1118 3409 illi
1159 3352 1371 3422 profuit,
1404 3366 1526 3408 cum
1549 3351 1911 3424 peccasset?“

277 3443 419 3513 Quid
456 3444 600 3524 dico,
629 3444 991 3524 acquisiera'tl
1018 3459 1087 3501 ne
1121 3445 1169 3500 si
1206 3444 1466 3505 voluisset
1489 3444 1725 3524 quidem,
1755 3445 1874 3516 lege

277 3535 356 3592 ita
405 3519 650 3606 cogente,
703 3543 914 3605 poterat
959 3519 1195 3606 eﬂ'ugere
1226 3551 1241 3592 :
1275 3549 1400 3590 nam
1441 3550 1510 3591 ex
1559 3519 1698 3595 tribu
1743 3535 1874 3598 Levi

277 3636 400 3682 erat
421 3668 438 3694 ,
469 3633 525 3682 et
559 3628 910 3698 principatum
961 3643 1030 3683 ex
1077 3627 1288 3698 generis
1340 3635 1489 3683 retro
1533 3629 1872 3686 successione

279 3721 530 3790 accipere
575 3721 725 3775 illum
772 3719 1073 3791 oportebat.
1117 3715 1474 3774 Attamen‘e't
1519 3718 1604 3774 hic
1629 3733 1734 3774 non
1765 3720 1871 3774 mi-

277 3812 456 3867 nimas
512 3810 741 3866 ﬁliorum
796 3809 1159 3881 petulantim;‘
1202 3825 1390 3880 poenas
1432 3810 1547 3882 luit.
1600 3810 1736 3877 Quid
1772 3826 1870 3864 au~

281 3912 394 3959 tem
434 3904 526 3958 ille
553 3904 642 3973 qui
689 3903 894 3974 primus
917 3901 1224 3958 Judmorum
1249 3893 1500 3957 sacerdos
1527 3901 1643 3965 fuit,
1670 3901 1738 3957 de
1765 3916 1873 3972 quo

283 4004 395 4050 tam
439 3994 608 4050 multa
636 4009 759 4051 cum
805 3993 988 4065 Moyse
1015 3995 1156 4050 Deus
1182 3993 1347 4049 verba
1386 3993 1550 4049 fecit?
1591 3993 1724 4061 Quia
1764 4010 1871 4050 non

281 4087 455 4158 potuit
478 4088 626 4143 solus
640 4096 801 4142 tantm
821 4086 1178 4142 multitudinis
1202 4086 1366 4141 furori
1388 4086 1652 4142 obsistere
1675 4086 1869 4159 (Exod.

283 4176 377 4232 32.
409 4173 522 4248 10),
547 4190 724 4232 annon
745 4191 932 4247 parum
958 4176 1127 4231 abfuit
1154 4178 1281 4247 quin
1319 4177 1538 4246 periret,
1567 4177 1668 4232 uisi
1692 4175 1896 4240 fratris.

283 4268 638 4339 patrocinium
665 4268 763 4324 Dei
806 4269 940 4324 iram
983 4270 1296 4325 avertisset?
1319 4269 1454 4337 Quia
1499 4263 1628 4327 verti
1670 4268 1872 4341 Moysis

281 4360 612 4414 mention
643 4355 892 4425 fecimus,
917 4373 951 4415 e
977 4375 1036 4416 re
1067 4357 1228 4414 fuerit
1251 4360 1412 4414 etiam
1437 4375 1508 4416 ex
1537 4359 1604 4413 iis
1623 4375 1744 4430 quae
1773 4361 1872 4430 ipsi

279 4450 620 4521 contigerunt
637 4439 724 4505 rei
744 4451 1022 4506 veritatem
1041 4452 1292 4520 probare.
1316 4450 1414 4506 llic
1433 4451 1631 4520 quippe
1646 4452 1708 4506 Β.
1722 4451 1870 4523 Moy-

267 4558 365 4600 ses
392 4550 607 4599 tantum
635 4542 833 4608 abfuit,
859 4551 920 4598 ut
941 4543 1325 4613 praefecturam
1353 4542 1667 4598 Judmorum
1697 4541 1859 4599 inva-

267 4634 450 4698 deret,
484 4643 546 4689 ut
569 4634 810 4690 oblatam
848 4642 1134 4691 recusaret
1160 4635 1180 4704 (
1203 4633 1380 4689 Exod.
1406 4636 1464 4690 ὁ.
1503 4635 1615 4706 15),
1641 4632 1862 4702 Deoque

263 4723 504 4792 iubente
529 4729 808 4788 renuerst,
832 4730 998 4793 atque
1019 4724 1200 4794 ipsum
1230 4723 1494 4782 irritaret.
1515 4723 1706 4796 Neque
1729 4732 1863 4783 tunc

283 4805 512 4879 tantum,
533 4811 628 4878 sed
649 4812 809 4876 etiam
835 4819 1042 4881 postea,
1066 4826 1189 4866 cum
1210 4811 1565 4880 principatum
1585 4802 1870 4878 obtineret,

283 4903 477 4957 lubens
500 4909 730 4957 mortem
762 4901 1120 4968 subiisset,,ut
1135 4916 1258 4956 eum
1283 4909 1504 4956 exueret
1528 4918 1542 4954 :
1568 4895 1755 4954 Occide
1770 4917 1868 4968 me,

281 4993 475 5065 inquit,
495 4993 540 5048 si
565 4993 637 5047 ita
672 5009 868 5048 mum
896 4996 1128 5066 factum
1148 5009 1204 5048 es
1235 4991 1425 5066 (Nunt.
1461 4994 1549 5050 11.
1579 4993 1698 5066 15).
1735 4993 1874 5060 Quid

283 5085 467 5157 igitur,
510 5093 790 5156 postquam
811 5075 1050 5156 peccavit
1077 5083 1145 5140 ad
1171 5099 1385 5157 aquam,
1418 5094 1714 5156 potuerene
1739 5085 1874 5139 assi-

283 5177 405 5234 dua
440 5178 548 5246 illa
573 5167 937 5234 recitationes
971 5178 1147 5249 ipsum
1174 5176 1490 5246 defendere,
1513 5187 1569 5233 et
1591 5193 1622 5247 a
1648 5175 1761 5233 Deo
1783 5192 1877 5233 ve-

285 5272 431 5326 niam
478 5267 766 5342 impetrare
805 5269 993 5342 (Nam.
1031 5269 1284 5341 20.12)?
1325 5272 1616 5342 ccquan'am
1665 5269 1767 5323 alia
1807 5269 1876 5323 de

252 5348 260 5356 ’
281 5379 449 5422 causa
488 5373 630 5421 terra
656 5362 754 5431 illa,
773 5362 1144 5433 promissionis
1169 5346 1405 5440 privatus
1426 5363 1547 5425 est?
1573 5363 1731 5424 Certe
1767 5376 1878 5418 non

282 5455 411 5522 alia,
440 5462 505 5510 ut
538 5467 729 5510 omnes
765 5454 984 5519 scimus,
1017 5470 1177 5525 quam
1206 5464 1428 5526 propter
1455 5455 1557 5510 hoc
1579 5463 1872 5526 peccatum,

281 5547 438 5618 cuius
463 5561 627 5602 causa
651 5545 998 5601 admirandus
1019 5545 1111 5601 ille
1133 5544 1214 5600 vir
1241 5561 1348 5600 non
1375 5545 1588 5612 eadem,
1617 5561 1736 5617 quas
1760 5546 1883 5600 sub-

285 5636 404 5702 diti,
430 5637 686 5706 consequi
708 5636 916 5706 potuit;
941 5622 1036 5691 sed
1063 5644 1185 5706 post
1207 5635 1406 5690 multos
1426 5634 1639 5691 labores
1660 5635 1883 5689 multas-

291 5744 401 5799 que
423 5727 694 5794 miserias,
714 5735 836 5796 post
857 5727 1226 5799 evagationem
1260 5725 1406 5782 illam
1447 5725 1879 5796 inenarrabilem,

351 5835 372 5869 ι
404 5831 512 5886 alt.

1989 821 2314 890 raptoribus,
2343 824 2439 880 sed
2460 826 2624 880 etiam
2651 828 2719 882 iis
2741 828 2834 907 qui
2859 830 3083 885 aliorum
3113 834 3289 889 studio
3318 835 3422 892 huc
3451 854 3580 894 eve-
3634 846 3640 852 '

1985 909 2209 976 buntur,
2254 913 2459 973 nullam
2503 916 2740 987 relinqui,
2778 916 3137 988 peccatorum
3155 928 3577 989 excusgtionem.

1985 998 2212 1068 Quando
2253 1004 2402 1061 enim
2425 1003 2605 1076 ii,'qui.
2638 1007 2759 1069 Deo
2782 1024 2847 1065 se
2868 1010 3148 1068 ordinante
3177 1028 3574 1085 recusaverant,

1986 1089 2166 1146 tantas
2189 1091 2629 1164 pmuasluerunt,
2656 1097 3099 1170 nihilque‘potuit-
3118 1103 3189 1158 ab
3211 1104 3314 1160 hoc
3341 1109 3577 1177 periculo

1996 1177 2242 1249 exintera
2267 1180 2604 1247 Aaronmen
2630 1182 2772 1249 Heli,
2803 1200 2917 1246 non
2943 1187 3162 1242 beatum
3194 1188 3344 1246 illum
3377 1180 3578 1251 virum,

1988 1276 2263 1334 sanctum,
2288 1272 2640 1342 prophetam,
2657 1275 2981 1335 "mirabilem
3010 1310 3029 1342 ,
3060 1277 3436 1336 mitissimum.
3456 1294 3582 1334 om-

1987 1359 2143 1414 nium
2167 1361 2264 1432 qui
2283 1371 2443 1442 erant
2460 1379 2629 1436 super
2654 1376 2857 1428 terram
2877 1369 3068 1439 (Num.
3092 1370 3180 1425 l2.
3196 1370 3250 1440 ὅ)
3267 1364 3428 1442 quasi
3446 1369 3583 1428 a'mi-

1988 1464 2114 1508 cuui
2132 1466 2258 1513 cum
2275 1452 2389 1534 Deo
2401 1457 2808 1529 colloqtmntem
2825 1459 3025 1533 (Band.
3043 1462 3133 1522 55.
3155 1463 3276 1534 ll):
3293 1464 3380 1522 vis
3398 1464 3580 1530 nobis.

1981 1543 2076 1615 qui
2098 1543 2169 1604 ab
2193 1543 2340 1606 illius
2367 1548 2562 1610 virm
2587 1551 3095 1618 tantumabsumus,
3125 1553 3262 1614 Istis
3283 1553 3352 1612 ad
3378 1553 3572 1615 defcno.

1941 1690 1958 1703 λ
1980 1635 2188 1690 sionem
2227 1650 2354 1703 esse
2396 1618 2615 1708 poterit.
2659 1641 2802 1711 quod
2829 1641 2986 1699 nobis
3022 1644 3227 1701 conscii
3252 1643 3442 1712 simas,
3473 1661 3573 1702 nos

1957 1724 1964 1730 ’
1980 1726 2283 1798 huiusmodi
2302 1737 2495 1785 munus
2514 1731 2664 1789 nullo
2675 1732 2864 1788 studio
2880 1744 3238 1805 consequutus
3253 1749 3390 1801 esse,
3406 1748 3573 1795 tcum

1979 1819 2212 1874 maxime
2239 1819 2442 1895 inultae
2467 1836 2533 1876 es
2563 1821 2870 1891 huiusmodi
2897 1823 3324 1883 ordinationibus
3349 1840 3458 1887 non
3480 1826 3569 1900 di-

1976 1909 2100 1965 vina
2139 1910 2320 1980 gratis
2343 1900 2497 1978 ﬁant,
2537 1911 2633 1971 sed
2663 1912 2943 1973 hominum
2967 1906 3165 1972 studio.
3209 1914 3403 1976 Iudam
3427 1917 3571 1976 Deus

1977 1998 2160 2070 elegit,
2200 2008 2257 2056 et
2284 2000 2341 2057 in
2373 2009 2620 2079 sanctum
2646 2002 2799 2060 illum
2823 2003 3048 2064 chorum
3073 2004 3366 2075 cooptavit,
3395 2004 3572 2076 latque

1977 2087 2079 2158 ipsi
2106 2089 2463 2160 apostolicam
2485 2089 2802 2165 dignitatem
2818 2099 2888 2147 ut
2914 2090 3133 2164 reliquis
3161 2088 3414 2160 tradidit;
3452 2094 3572 2156 imo

1976 2177 2248 2251 quidpiam
2277 2180 2394 2249 plus
2419 2180 2577 2248 dedit,
2607 2194 2772 2252 quam
2812 2183 2955 2250 aliis,
2978 2171 3346 2252 pecuniarum
3374 2199 3573 2257 nempe

1976 2267 2434 2337 dispensationem
2480 2270 2662 2342 (locis.
2691 2271 2780 2327 12.
2826 2271 2905 2342 6).
2946 2271 3086 2340 Quid
3115 2273 3314 2343 igitur?
3338 2289 3408 2332 an
3444 2276 3578 2346 quia,

1974 2369 2207 2432 utroque
2240 2375 2466 2417 munere
2489 2373 2678 2418 contra
2717 2379 2877 2434 quam
2907 2364 3094 2421 debuit
3135 2377 3396 2444 ususest,
3444 2383 3574 2429 cum.
3597 2369 3613 2438 ,“

1955 2445 2326 2532 ,θυιιιίειιιθηι
2370 2453 2774 2524 pmdicandum
2819 2464 3164 2526 susceperat,
3198 2458 3468 2527 prodidit,
3512 2469 3572 2514 et

1975 2542 2210 2611 creditas
2239 2544 2493 2614 pecunias
2520 2545 2663 2605 male
2696 2546 2974 2616 impendit,
3003 2546 3323 2618 supplicium
3347 2548 3568 2620 cingit?

1974 2630 2132 2690 Certe
2158 2632 2260 2688 hoc
2290 2625 2632 2703 potissimum
2659 2636 2880 2692 nomine
3142 2635 3399 2709 .indeoisibi
3434 2653 3568 2709 sup-
3603 2641 3608 2648 “

1976 2723 2193 2793 plicium
2217 2725 2468 2791 attraxit;
2500 2725 2661 2797 idque
2679 2726 2802 2796 jure
2825 2725 3039 2793 merito.
3070 2727 3190 2784 Non
3216 2730 3360 2791 enim
3387 2744 3420 2786 a
3455 2729 3568 2786 Deo

1973 2816 2210 2884 acceptis
2238 2813 2536 2872 honoribus
2559 2815 2627 2872 ad
2653 2815 2773 2889 ejus
2796 2815 3148 2875 ofensionem
3173 2818 3432 2876 utendum
3455 2829 3559 2883 est,
3604 2867 3607 2870 _

1972 2902 2071 2958 sed
2097 2902 2164 2958 ad
2209 2903 2261 2958 ei
2299 2904 2472 2975 magis
2498 2904 2837 2982 placendum.
2886 2905 2982 2964 llle
3006 2923 3157 2975 vero,
3192 2909 3316 2979 quia
3361 2908 3569 2979 majore

1971 2987 2223 3068 dignatus
2247 2995 2477 3068 honore,
2499 2996 2630 3054 dum
2654 3006 2828 3070 rogat,
2840 2999 3092 3064 ‘debitum
3117 3001 3224 3060 sibi
3247 2990 3569 3072 supplicium

1973 3086 2210 3157 effugere
2249 3101 2408 3158 posse
2436 3088 2616 3154 liceat,
2645 3088 2870 3159 perinde
2905 3091 3017 3161 agit
3048 3106 3114 3146 ac
3135 3089 3184 3146 si
3227 3091 3348 3162 quis
3376 3107 3441 3146 ex
3487 3092 3568 3146 in;

1973 3178 2206 3234 credulis
2233 3178 2432 3234 iudicis
2455 3177 2728 3237 Christum
2757 3179 2986 3237 audiens
3011 3182 3300 3250 dicentem,
3330 3183 3449 3243 Nisi
3469 3201 3568 3238 νε-

1973 3272 2179 3338 sistam,
2202 3279 2252 3326 et
2276 3266 2516 3341 loquutus
2543 3271 2753 3342 [uisum
2779 3273 2874 3338 eis,
2896 3282 3155 3344 peccatum
3176 3292 3280 3330 non
3304 3274 3566 3341 haberent;

1973 3371 2022 3417 et
2047 3362 2148 3420 nisi
2171 3359 2319 3439 signs
2345 3361 2572 3432 [scissent
2596 3365 2693 3431 eis,
2721 3379 2836 3434 qua
2861 3365 3035 3424 suum
3057 3366 3192 3422 alius
3220 3370 3427 3438 fecerat,
3450 3385 3571 3439 pem

1973 3451 2526 3521 «inmundum
2546 3452 2728 3525 (Joan.
2752 3455 2842 3513 15.
2863 3453 2956 3511 22.
2984 3454 3102 3529 ΞΔ),
3132 3457 3472 3514 Servatorem
3500 3475 3565 3515 ac

1972 3542 2272 3601 beneficum
2291 3545 2562 3600 incusaret
2586 3545 2670 3599 bis
2688 3533 2905 3602 verbis:
2931 3546 3042 3602 Cur
3065 3549 3270 3603 venisti
3284 3536 3348 3605 ac
3375 3549 3567 3621 loquu-

1974 3642 2062 3689 tus
2083 3632 2180 3690 es?
2205 3635 2479 3706 cumigna
2524 3636 2716 3705 fecisti,
2747 3637 3042 3708 ut-majore
3066 3653 3165 3696 nos
3188 3640 3447 3710 supplicio
3482 3640 3566 3696 ai-

1922 3781 1938 3784 ,,
1974 3724 2200 3780 flueres?
2220 3724 2329 3780 Sed
2352 3723 2553 3782 furoris
2570 3741 2635 3784 ac
2662 3741 2888 3789 summie
2915 3727 3138 3790 insania:
3157 3731 3284 3785 sunt
3303 3730 3420 3786 hinc
3439 3746 3568 3786 vor-

1973 3816 2062 3871 ba.
2099 3814 2355 3883 Medicus
2382 3816 2529 3872 enim
2557 3832 2667 3872 non
2693 3827 2754 3873 ut
2778 3829 2833 3874 te
2858 3817 3138 3876 damnaret
3158 3806 3346 3888 venit,
3382 3821 3478 3878 sed
3508 3830 3568 3878 ut

1973 3918 2237 3973 curaret;
2274 3920 2382 3962 non
2423 3915 2484 3962 ut
2526 3916 2581 3963 te
2605 3891 2955 3980 aegrotantem
3000 3909 3322 3981 despiceret,
3363 3911 3460 3968 sed
3508 3922 3568 3969 ut

1972 4011 2004 4051 a
2019 3997 2210 4053 morbo
2232 3996 2442 4068 penitus
2454 3997 2725 4054 liberaret.
2739 3997 2816 4060 Te
2832 4007 3011 4055 autem
3029 4000 3172 4057 ultro
3181 4000 3298 4072 ejus
3319 4017 3402 4057 ma
3410 4002 3568 4066 nibus

1973 4085 2340 4162 summovisti:
2368 4087 2583 4157 gravius
2602 4088 2762 4158 igitur
2787 4088 3107 4160 supplicium
3124 4089 3339 4148 subeas.
3364 4089 3570 4158 Quem-

1973 4171 2260 4247 admodum
2286 4178 2430 4233 enim
2454 4178 2500 4239 si
2523 4179 2783 4256 mirationi
2814 4186 2867 4235 te
2891 4179 3241 4251 subdidisses,
3266 4196 3298 4237 a
3325 4182 3564 4254 pristinis

1974 4267 2130 4324 malis
2158 4267 2472 4323 liberareris
2509 4286 2524 4322 :
2575 4265 2654 4324 sic
2681 4269 2802 4339 quia
2833 4278 3151 4339 praesulem
3174 4270 3426 4342 effugisti,
3455 4287 3563 4328 non

1975 4357 2109 4414 ultra
2139 4359 2344 4430 poteris
2373 4358 2460 4413 illa
2489 4357 2818 4428 abstergere,
2848 4346 3080 4430 cumque
3108 4373 3212 4415 non
3243 4357 3437 4430 possis,
3467 4360 3566 4424 hoe

1973 4467 2094 4506 rum
2121 4465 2306 4522 pinnas
2329 4450 2518 4514 dabis;
2561 4457 2616 4520 et
2638 4449 2764 4522 quia
2792 4465 3005 4517 vanam,
3033 4460 3289 4522 quantum
3319 4447 3486 4523 penes
3511 4461 3565 4506 te

1973 4539 2093 4608 fuit,
2105 4541 2221 4610 ejus
2242 4539 2656 4610 sollicitudinem
2683 4537 2876 4607 fecisti;
2901 4540 3021 4595 ideo
3042 4556 3148 4601 non
3176 4531 3381 4614 parem,
3402 4557 3562 4612 quam

1972 4642 2098 4686 ante
2124 4630 2378 4690 collatum
2407 4631 2581 4700 {Deo
2626 4630 2909 4698 honorem,
2942 4631 3037 4686 sed
3067 4633 3225 4705 longe
3261 4621 3563 4706 graviorem

1973 4722 2267 4778 cruciatum
2294 4721 2604 4782 sustinebis.
2647 4722 2862 4786 Etenim
2901 4723 2970 4790 is,
3000 4717 3158 4795 quem
3189 4709 3448 4797 beneﬁcia
3474 4741 3561 4782 ac.
3599 4741 3602 4746 ·

1972 4821 2127 4884 cepta
2152 4813 2429 4874 meliorem
2451 4828 2560 4870 non
2578 4813 2832 4891 reddunt,
2855 4815 2978 4885 jure
2999 4805 3246 4872 acerbius
3271 4818 3429 4887 plecti
3449 4834 3564 4875 me-

1973 4913 2142 4959 retur.
2185 4904 2321 4973 Quia
2367 4904 2530 4976 igitur
2567 4905 2874 4975 huiusmodi
2920 4897 3163 4963 defensio
3206 4906 3416 4979 inﬁrma
3442 4924 3565 4966 esse

1973 4995 2397 5062 demonstratur,
2443 5010 2548 5051 nec
2572 4996 2749 5052 solum
2795 5011 2902 5052 non
2930 5005 3137 5053 tutatur
3169 5012 3267 5059 eos
3290 5000 3381 5069 qui
3401 4991 3471 5055 ad
3503 5002 3565 5055 il-

1974 5082 2081 5140 lam
2107 5077 2439 5157 confugiunt,
2485 5083 2582 5145 sed
2608 5087 2780 5158 magis
2808 5086 2970 5143 etiam
3005 5086 3208 5157 prodit,
3236 5089 3380 5144 aliud
3409 5082 3566 5153 nobis

1975 5175 2282 5246 praesidium
2309 5161 2700 5258 quaerendum;
2883 5257 2888 5258 ί
3092 5246 3096 5251 .

2047 5259 2324 5334 Quodnam
2350 5254 2522 5322 illud?
2562 5262 2733 5341 inquit
2775 5257 3104 5335 BASILIUS,
3132 5254 3564 5340 quandoquidem

1978 5370 2081 5428 ego
2114 5354 2168 5410 in
2195 5356 2405 5425 meipso
2431 5370 2555 5412 esse
2585 5353 2976 5431 non'possum:
3009 5366 3214 5414 tantum
3237 5358 3366 5413 mibi
3391 5367 3566 5415 terro-

1979 5448 2059 5504 ris
2081 5444 2464 5505 a'cformidinis‘
2489 5449 2653 5527 verba
2683 5458 2772 5506 tua
2801 5450 3162 5530 incusserunt.
3184 5444 3565 5531 CHRYSOBT.

1977 5540 2081 5610 Ne,
2317 5549 2374 5602 et
2398 5541 2648 5609 obsecro,
2670 5549 2726 5598 te
2749 5557 2988 5612 eousque
3011 5543 3251 5614 dejicias.
3270 5536 3378 5622 Est
3398 5529 3565 5608 enim,

1983 5643 2068 5692 est
2104 5649 2235 5690 sane
2261 5633 2569 5705 praesidium
2588 5625 2760 5711 nobis
2801 5632 3052 5703 inﬁmis,
3081 5623 3138 5688 ut
3166 5621 3468 5704 numquam
3491 5621 3568 5690 eo

1983 5725 2311 5809 incidamus;
2333 5723 2486 5780 vobis
2509 5731 2688 5781 autem
2717 5723 2963 5791 fortibus,
2986 5735 3044 5778 ut
3062 5739 3213 5795 spem
3238 5723 3426 5812 subitis
3445 5734 3568 5793 post

1988 5815 2085 5874 Dei
2110 5805 2334 5891 gratiam
2359 5830 2468 5873 non
2492 5813 2620 5874 alibi
2646 5817 2876 5888 ponatis,
2892 5831 3051 5889 quam
3068 5824 3127 5872 ut
3141 5815 3272 5872 nillil
3297 5805 3569 5888 indignam
