4158 6316
649 396 753 449 663

650 509 851 564 faciatis
880 508 967 562 illo
994 506 1133 575 dono
1160 514 1215 559 et
1244 504 1357 573 ipso
1388 503 1637 572 largitore
1664 499 1791 554 Deo.
1820 498 2046 552 Maximo
2072 495 2226 565 quip-

579 613 589 620 ’
650 615 716 671 pe
755 596 1018 668 supplicio
1045 594 1187 665 digni
1215 601 1372 648 erunt
1408 593 1461 656 ii,
1490 590 1582 660 qui
1616 600 1895 659 postquam
1932 584 2108 639 studio
2133 599 2230 638 suo

646 690 961 759 dignitatem
989 684 1289 755 bujusmodi
1322 692 1445 737 sunt
1468 681 1664 750 adepti,
1695 679 1778 733 vel
1807 694 1872 732 ex
1898 677 2127 747 ignavia,
2149 675 2233 730 vel

642 800 709 837 ex
736 782 1094 850 improbitate,
1123 777 1208 831 vel
1236 792 1299 829 ex
1334 774 1615 849 imperitia,
1646 788 1750 825 non
1781 771 1925 825 recte
1953 768 2040 822 illa
2069 777 2228 827 utun-

646 884 751 927 tur.
777 872 957 940 Neque
985 880 1161 924 tameu
1189 867 1309 921 ideo
1340 868 1422 933 iis,
1446 865 1536 935 qui
1566 864 1708 918 nullo
1734 862 1908 917 studio
1940 862 2105 929 ipsam
2145 874 2233 913 as-

645 962 855 1031 sequuti
896 969 1039 1023 sunt,
1074 958 1227 1013 venia
1258 957 1593 1025 relinquitur,
1625 940 1721 1008 sed
1749 968 1816 1007 ne
1850 952 1985 1021 ipsis
2015 950 2228 1020 quidem

650 1052 752 1105 ulla
779 1058 1023 1118 superest
1043 1048 1333 1103 excusatio.
1349 1046 1567 1115 Oportet
1585 1044 1749 1109 enim,
1775 1042 2021 1107 arbitror,
2039 1054 2227 1109 quam-

646 1144 727 1197 vis
761 1141 998 1197 sexcenti
1042 1140 1304 1194 advocent
1331 1146 1385 1193 et
1408 1144 1622 1206 cogant,
1651 1150 1755 1189 non
1789 1134 1907 1187 illos
1934 1132 2225 1203 respicere,

643 1235 736 1288 sed
784 1234 953 1304 primo
980 1232 1216 1286 animum
1247 1230 1527 1299 explorare
1553 1242 1731 1293 suum,
1772 1234 1827 1280 et
1850 1225 2028 1280 omnia
2066 1237 2226 1278 accu-

642 1336 757 1379 rate
784 1334 1075 1379 scrutatum
1105 1324 1175 1377 ita
1206 1322 1311 1376 vim
1340 1318 1691 1375 inferentibus
1719 1317 1932 1372 cedere.
1963 1314 2081 1371 Jam
2110 1316 2227 1368 nul-

643 1417 725 1471 lus
755 1433 812 1471 se
842 1417 1057 1471 domum
1085 1414 1470 1470 mdilicaturum
1498 1412 1735 1482 polliceri
1777 1410 1989 1475 audeat,
2020 1408 2119 1463 nisi
2148 1406 2228 1461 sit

644 1508 989 1575 architectus,
1033 1522 1205 1575 neque
1246 1505 1556 1575 mgrotantia
1599 1517 1821 1571 corpora
1868 1516 2077 1563 curare,
2126 1498 2224 1552 nisi

645 1600 963 1655 medicinam
990 1599 1214 1662 calleat;
1262 1596 1354 1651 sed
1374 1596 1580 1651 etiamsi
1608 1595 1712 1648 vim
1736 1591 1984 1654 inferant,
2016 1605 2227 1658 semper

643 1692 887 1755 obsistet,
910 1705 1009 1743 nec
1034 1688 1257 1760 pudebit
1284 1703 1406 1741 eum
1435 1686 1762 1755 ignorantiae.
1794 1683 2089 1741 Cuiautem
2118 1693 2225 1735 tam

645 1781 929 1835 multarum
956 1781 1251 1833 animarum
1289 1793 1415 1831 cura
1446 1776 1811 1831 concredenda
1842 1785 1944 1838 est,
1976 1775 2020 1827 is
2049 1788 2225 1827 nonne

644 1873 791 1941 prius
810 1872 1045 1940 seipsum
1074 1869 1391 1939 explorabit,
1415 1868 1531 1934 sed,
1565 1867 1771 1921 etiamsi
1794 1864 2030 1919 omnium
2052 1864 2224 1930 impe-

644 1964 929 2018 ritissimus
958 1963 1047 2027 sit,
1076 1960 1424 2015 ministerium
1456 1960 1728 2025 suscipiet,
1761 1957 1882 2025 quia
1912 1955 2048 2009 alius
2077 1954 2224 2023 quis-

644 2055 785 2124 piam
808 2054 859 2107 id
887 2054 1058 2122 jubet,
1099 2052 1340 2119 aliusque
1377 2050 1538 2118 cogit,
1570 2058 1622 2103 et
1648 2064 1715 2102 ne
1745 2048 1795 2100 in
1820 2046 2110 2115 cujuspiam
2141 2042 2223 2097 uf~

645 2146 940 2201 l'ensionem
972 2144 1243 2198 incurrat?
1270 2145 1457 2196 Annon
1487 2157 1546 2196 se
1589 2142 1703 2210 ipse
1733 2150 1923 2210 sponte
1958 2155 2079 2194 cum
2122 2140 2224 2192 illis

646 2238 698 2291 in
741 2235 1088 2306 praecipitium
1127 2234 1374 2303 conjicit?
1400 2232 1533 2287 Cum
1561 2232 1743 2286 liceret
1773 2232 1872 2285 sibi
1913 2231 2068 2284 saluti
2113 2246 2224 2285 sua:

643 2324 951 2392 consulere,
985 2326 1118 2380 alios
1145 2340 1323 2379 secum
1353 2324 1405 2378 in
1429 2324 1716 2393 perniciem
1742 2322 1921 2376 trahit.
1950 2322 2222 2377 Undenam

645 2420 873 2472 salutem
907 2432 1127 2487 sperare
1165 2415 1373 2485 possit?
1401 2414 1539 2468 unde
1564 2416 1771 2468 veniam
1794 2413 2047 2481 consequi
2066 2412 2089 2463 Ἰ
2108 2412 2223 2481 qui-

647 2526 769 2563 nam
803 2518 927 2563 tunc
952 2498 1106 2563 nobis
1130 2507 1645 2577 patrocinabantur?
1670 2521 1737 2559 an
1761 2506 1794 2558 ii
1825 2506 1912 2574 qui
1946 2505 2095 2558 nobis
2115 2504 2222 2557 vim

645 2615 787 2654 nunc
831 2599 1079 2665 inferunt,
1117 2584 1176 2653 et.
1220 2598 1287 2652 ad
1329 2598 1701 2651 necessitatem
1728 2596 1982 2665 adigunt?
2012 2596 2081 2649 At
2126 2595 2224 2648 hos

645 2693 791 2761 ipsos
819 2692 938 2760 quis
984 2691 1075 2745 illo
1104 2698 1344 2758 tempore
1370 2688 1634 2744 servabit?
1671 2702 1793 2741 nam
1819 2695 1874 2741 et
1903 2686 2000 2755 ipsi
2030 2686 2223 2755 depre-

645 2782 913 2838 catoribus
951 2782 1282 2851 indigebunt,
1318 2790 1373 2833 ut
1417 2781 1593 2849 ignem
1632 2778 1903 2847 effugiant.
1932 2778 2085 2843 Quod
2129 2792 2225 2830 au-

648 2886 753 2929 tem
781 2874 895 2929 hmc
920 2874 1091 2929 dicam
1123 2889 1227 2928 non
1257 2883 1311 2926 ut
1338 2872 1431 2927 tibi
1463 2880 1717 2927 terrorem
1751 2871 2027 2937 incutiam,
2050 2869 2144 2924 sed
2171 2878 2226 2924 ut

646 2966 846 3020 veritas
888 2965 1143 3035 postulat,
1191 2964 1313 3019 audi
1354 2962 1479 3033 quid
1522 2963 1715 3017 Paulus
1757 2961 1899 3016 dicat
1942 2961 2226 3017 Timotheo

646 3055 926 3124 discipulo,
975 3069 1227 3125 germano
1271 3055 1380 3109 lilio
1423 3062 1583 3123 atque
1625 3053 1863 3138 dilecto:
1908 3052 2093 3105 Manus
2122 3052 2221 3105 cito

1356 389 1407 444 S.
1451 384 1727 442 .lOANNlS
1764 377 2241 438 CllRYSOSTOMl
2266 375 2605 435 _ARClIIEP.
2637 376 3167 434 CONSTANTINOI‘.

3818 382 3917 471 σεξ

2334 490 2594 560 supplicia
2620 510 2633 546 :
2663 492 2887 548 fortasse
2912 497 3043 549 vero
3068 495 3300 563 majores
3322 510 3505 565 pmnas
3524 496 3673 551 dabit
3700 500 3789 567 qui
3813 514 3916 554 non

2336 585 2583 641 idoneum
2608 587 2902 641 constituit.
2952 587 3083 641 Nam
3124 588 3213 658 qui
3264 599 3576 658 potestatem
3604 592 3695 645 dat
3721 592 3913 645 volenti

2336 675 2627 730 Ecclesiam
2658 690 3020 747 corrumpere,
3044 678 3107 733 'is
3140 680 3429 733 facinorum
3456 680 3572 749 ejus
3602 691 3788 735 auctor
3809 682 3918 735 fue-

2334 767 2423 820 rit.
2448 768 2598 833 Quod
2625 770 2668 823 si
2700 770 2827 823 nulli
2852 786 3037 824 eorum
3059 772 3319 826 obnoxius
3346 772 3458 841 ipse
3485 773 3659 839 fuerit,
3683 774 3778 828 sed
3804 776 3915 828 vnl-

2332 858 2381 925 gi
2405 858 2656 925 opinione
2675 874 2734 913 se
2762 850 3043 929 deceptum
3064 861 3226 928 dicat,
3260 877 3327 915 ne
3352 861 3429 915 sic
3455 862 3667 932 quidem
3698 863 3911 933 impune

2335 949 2509 1014 fuerit,
2552 950 2645 1005 sed
2676 951 2832 1020 paulo
2879 952 3135 1017 minores,
3188 966 3344 1021 quam
3390 954 3477 1022 qui
3509 952 3789 1007 ordinatus
3812 964 3908 1011 est.

2334 1040 2481 1094 dabit
2510 1056 2715 1110 pmnas.
2748 1042 2961 1108 Quare?
2988 1041 3120 1107 Quia
3152 1043 3437 1097 verisimile
3469 1043 3674 1098 videtur
3702 1058 3797 1098 eos
3823 1046 3911 1113 qui

2332 1129 2546 1196 elegere
2574 1129 2703 1183 falsa
2742 1131 2881 1200 vulgi
2908 1133 3159 1201 opinione
3180 1130 3434 1201 deceptos
3466 1148 3533 1187 eo
3556 1133 3792 1187 animum
3813 1148 3910 1203 ap-

2332 1222 2559 1291 pulisse;
2579 1222 2675 1277 sed
2694 1224 2791 1292 qui
2804 1223 3007 1277 electus
3036 1222 3134 1278 fuit
3155 1239 3259 1278 non
3281 1224 3501 1293 perinde
3520 1225 3697 1279 dicere
3715 1233 3908 1295 potest,

2330 1312 2589 1382 Meipsum
2636 1314 2963 1383 ignorabam,
2994 1322 3051 1368 ut
3092 1314 3180 1368 alii
3209 1329 3267 1369 se
3311 1315 3583 1384 ignorasse
3625 1316 3797 1383 ipsum
3824 1314 3907 1369 di-

2330 1412 2475 1457 cunt.
2510 1403 2660 1458 Sicut
2690 1405 2847 1474 igitur
2872 1406 3082 1475 gravius
3107 1389 3418 1474 plectendus
3445 1414 3545 1470 est,
3579 1422 3736 1476 quam
3764 1408 3798 1460 ii
3820 1407 3905 1475 qui

2331 1494 2503 1562 ipsum
2531 1491 2870 1565 cooptarunt,
2912 1498 2981 1549 ita
3017 1499 3313 1552 accuratius
3357 1499 3436 1551 sni
3469 1499 3632 1567 ipsius
3662 1515 3905 1563 examen,

2329 1601 2486 1655 quam
2530 1586 2626 1651 illi,
2656 1587 2828 1641 facere
2867 1587 3063 1643 debet:
3097 1603 3159 1643 ac
3183 1589 3229 1642 si
3274 1590 3445 1659 ipsum
3484 1590 3561 1644 illi
3606 1591 3908 1659 ignorantes

2327 1675 2656 1745 pertrahant,
2698 1678 2905 1731 obviam
2936 1681 3014 1733 ire
3040 1679 3217 1744 debet,
3258 1680 3554 1751 docereque
3580 1696 3777 1736 causas
3792 1698 3906 1745 eas,

2330 1780 2425 1833 per
2450 1780 2582 1835 quas
2609 1766 2674 1820 ab
2703 1781 2887 1822 errore
2936 1767 3214 1832 desistant,
3261 1784 3423 1839 seque
3463 1771 3545 1824 vel
3595 1772 3909 1840 probatione

2330 1858 2601 1927 indignum
2624 1860 2932 1924 ostendens,
2966 1875 2995 1913 a
3024 1871 3282 1914 tantarum
3310 1861 3486 1916 rerum
3517 1863 3655 1917 mole
3690 1863 3905 1917 eximat.

2328 1946 2434 2002 Cur
2459 1950 2599 2003 enim
2630 1965 2752 2004 cum
2781 1950 2849 2006 de
2872 1967 2932 2006 re
2960 1952 3194 2018 militari,
3231 1951 3298 2007 de
3328 1962 3646 2019 mercatura,
3676 1954 3743 2009 de
3768 1957 3908 2024 agri-

2327 2042 2550 2107 cultura,
2599 2043 2770 2112 deque
2799 2044 2915 2097 aliis
2958 2044 3309 2099 saecularibus
3354 2045 3513 2099 rebus
3556 2045 3904 2111 deliberatur,

2328 2148 2434 2187 non
2461 2134 2692 2204 agricola
2724 2135 3137 2205 navigationem,
3184 2150 3282 2189 nec
3312 2136 3465 2190 miles
3508 2137 3907 2205 agriculturam,

2328 2240 2427 2279 nec
2471 2220 2796 2294 gubernator
2838 2226 3078 2280 militiam
3130 2226 3401 2295 suscipiat,
3433 2227 3638 2281 etiamsi
3684 2235 3908 2283 mortem

2327 2316 2434 2371 illis
2455 2318 2755 2373 sexcenties
2774 2318 3151 2373 committeris?
3165 2318 3365 2389 Nempe
3381 2320 3499 2388 quia
3529 2321 3820 2388 periculum
3844 2337 3909 2376 ex

2329 2408 2592 2475 imperitia
2639 2424 2919 2479 emergens
2962 2412 3153 2480 singuli
3199 2412 3544 2481 prospiciunt.
3586 2414 3731 2468 itane
3782 2429 3910 2483 ergo

2328 2497 2415 2551 ubi
2442 2499 2509 2552 de
2536 2498 2757 2553 modicis
2788 2500 2947 2554 rebus
2973 2501 3353 2568 periclitamur,
3385 2511 3528 2556 tanta
3556 2511 3765 2557 utemur
3790 2520 3885 2573 pro

2327 2588 2587 2654 videntia,
2634 2605 2808 2659 neque
2848 2576 3148 2670 cogentium
3190 2592 3455 2647 violentiae
3499 2593 3789 2649 cedemus:
3821 2594 3909 2647 ubi

2324 2689 2504 2734 autem
2534 2688 2797 2735 aeternum
2823 2680 3136 2750 supplicium
3166 2692 3400 2751 paratur,
3434 2684 3497 2738 iis
3518 2699 3651 2754 quos
3680 2699 3784 2738 non
3810 2700 3909 2739 no-

2328 2782 2473 2838 runt,
2512 2772 2869 2827 sacerdotium
2919 2774 3151 2840 tradunt,
3179 2789 3245 2828 an
3278 2785 3478 2831 temere
3507 2785 3560 2831 et
3590 2778 3908 2845 inconsulto,

2328 2866 2433 2919 vim
2460 2866 2527 2921 ab
2552 2866 2669 2921 aliis
2706 2865 2903 2920 illatam
2930 2867 3302 2933 obtendentes,
3334 2869 3385 2923 in
3411 2878 3613 2923 tantum
3641 2886 3739 2925 nos
3768 2873 3910 2940 peri-

2330 2956 2506 3011 culum
2543 2957 2933 3027 conjiciemus?
2972 2963 3042 3012 At
3081 2958 3195 3013 hare
3226 2975 3331 3013 non
3364 2961 3607 3015 tolerabit
3651 2963 3741 3032 qui
3788 2973 3915 3017 tunc

2331 3063 2427 3103 nos
2470 3049 2801 3117 judicaturus
2842 3061 2947 3106 est.
2987 3051 3274 3121 Oportebat
3303 3054 3443 3106 enim
3488 3054 3739 3124 majorem
3770 3055 3913 3107 circa

648 3146 832 3199 nemini
853 3146 1326 3216 imposueris,neque
1339 3144 1801 3199 commnnicaveris
1816 3142 2243 3215 peccatisalienia
2329 3139 2623 3209 spiritualia
2652 3143 2972 3208 cautionem,
3002 3157 3159 3211 quam
3185 3142 3325 3197 circa
3357 3145 3588 3198 carnalia
3617 3144 3907 3199 exhibere:

648 3236 726 3303 (l.
758 3234 886 3287 Tim.
922 3235 974 3289 5.
996 3234 1109 3306 22).
1143 3234 1328 3289 Viden”
1352 3243 1547 3304 quanta
1576 3249 1690 3299 eos,
1737 3235 1827 3304 qui
1872 3249 1969 3289 nos
2008 3233 2075 3289 ad
2105 3249 2223 3289 eam

649 3327 962 3396 dignitatem
978 3327 1282 3396 perducturi
1296 3335 1466 3394 erant,
1488 3341 1592 3381 non
1610 3319 2023 3396 reprehensione
2043 3327 2222 3394 modo,

647 3419 743 3474 sed
769 3420 926 3473 etiam
956 3433 1134 3488 pana,
1164 3426 1417 3486 quantum
1448 3418 1501 3471 in
1530 3417 1681 3472 nobis
1712 3416 1826 3482 fuit,
1849 3416 2227 3486 eripuerimus?

721 3512 776 3565 2.
806 3512 905 3577 Qui
923 3512 1070 3565 etiam
1092 3525 1180 3580 per
1201 3508 1539 3578 ignorantiam
1562 3508 1796 3579 indignos
1817 3508 2073 3575 ordinant,
2094 3524 2228 3577 sepe

650 3602 912 3673 puniendi.
942 3629 1013 3641 --
1038 3601 1188 3655 Sicut
1212 3600 1352 3657 enim
1382 3599 1466 3665 iis,
1490 3603 1575 3669 qui
1598 3600 1749 3654 electi
1778 3600 1943 3665 fuere,
1972 3601 2226 3654 nonsatis

650 3707 733 3751 est
758 3696 822 3750 ad
850 3695 1214 3749 defensionem
1244 3694 1443 3759 dicere,
1475 3692 1591 3746 Non
1638 3701 1825 3762 sponte
1854 3693 2077 3755 accessi,
2128 3708 2225 3747 nec

650 3802 765 3841 rem
808 3784 1135 3854 prospiciens
1165 3782 1343 3853 effugi,
1378 3784 1449 3836 ita
1489 3797 1589 3837 nec
1626 3797 1739 3849 eos,
1788 3783 1879 3852 qui
1926 3781 2223 3852 elegerunt,

647 3876 873 3947 juvabit,
919 3876 961 3930 si
1013 3874 1214 3940 dicant,
1262 3891 1321 3929 se
1350 3874 1649 3954 ordinatpm
1694 3891 1800 3929 non
1846 3876 2085 3941 novisse;
2134 3875 2226 3929 sed

652 3969 775 4023 ideo
803 3967 973 4037 majus
998 3967 1200 4022 crimen
1232 3966 1475 4032 efficitur,
1501 3966 1623 4037 quia
1648 3982 1806 4036 quem
1836 3982 1941 4021 non
1971 3975 2227 4021 noverant

654 4058 1036 4129 produxerunt,
1071 4068 1126 4113 et
1160 4074 1280 4128 quas
1317 4058 1527 4113 videtur
1552 4073 1673 4113 esse
1714 4057 1975 4126 defensio,
2024 4059 2225 4113 crimen

654 4160 828 4220 auget.
859 4149 1138 4217 Quomodo
1166 4150 1308 4204 enim
1340 4164 1445 4204 non
1474 4148 1763 4217 absurdum
1790 4148 1966 4213 fuerit,
2017 4164 2109 4205 eos
2140 4150 2229 4219 qui

656 4242 977 4310 mancipium
1006 4255 1187 4296 emere
1229 4241 1432 4306 volunt,
1482 4238 1536 4296 et
1575 4240 1797 4295 medicis
1826 4240 2127 4304 ostendere,
2178 4251 2231 4294 ct

657 4333 944 4403 emptionis
963 4348 1250 4403 sponsores
1268 4333 1557 4401 postulare,
1577 4342 1631 4387 et
1656 4333 1856 4387 vicinos
1877 4313 2228 4402 interrogare,

658 4445 756 4486 nec
782 4439 956 4485 tamen
984 4439 1166 4499 postea
1206 4429 1495 4495 confidere,
1539 4427 1634 4483 sed
1660 4428 1965 4483 diuturnum
1993 4428 2059 4482 ad
2103 4442 2230 4497 pro-

657 4522 925 4576 bationem
972 4529 1181 4591 tempus
1226 4536 1449 4591 poscere
1475 4539 1486 4574 :
1518 4520 1569 4575 in
1600 4528 1806 4574 tantum
1834 4535 1961 4574 vero
1991 4520 2233 4574 ministe-

659 4614 796 4667 rium
825 4612 1113 4667 inscribere
1135 4612 1436 4681 quempiam
1462 4612 1721 4677 volentes,
1746 4596 1948 4665 temere
1968 4618 2021 4665 et
2042 4619 2102 4663 ut
2122 4609 2233 4663 fors

659 4704 814 4768 ferat,
847 4705 958 4759 sive
987 4704 1053 4758 ad
1088 4702 1333 4773 gratiam}
1362 4704 1477 4759 sive
1504 4703 1568 4758 ad
1595 4703 1843 4758 invidiam
1872 4702 2231 4759 testimonium

655 4795 1018 4865 judiciumque
1060 4792 1221 4862 ferre,
1270 4794 1414 4849 nullo
1442 4794 1549 4849 aiio
1576 4794 1757 4848 habito
1792 4794 2077 4848 examine?
2104 4794 2235 4860 Quis

661 4901 788 4956 ergo
806 4902 899 4955 pro
916 4886 1209 4949 nobistunc
1224 4885 1614 4955 deprecabitur,
1633 4900 1753 4940 cum
1774 4886 1871 4957 ipsi
1890 4887 1979 4955 qui
2000 4887 2231 4955 patroci-

661 4979 777 5032 nari
792 4977 1060 5033 debebunt
1074 4979 1364 5045 patrocinio
1380 4987 1569 5047 egeant
1583 4978 1606 5031 τ
1622 4977 1853 5033 Proinde
1866 4988 2076 5047 oportet
2089 4994 2232 5044 eum,

661 5070 749 5138 qui
768 5068 1103 5123 ordinaturus
1124 5076 1225 5133 est,
1256 5069 1417 5122 multa
1440 5068 1586 5137 prius
1615 5068 1995 5138 perquisitione
2013 5069 2087 5123 uti
2107 5086 2122 5136 ;
2142 5070 2237 5123 sed

662 5162 829 5215 multo
853 5154 1223 5229 majore’eum,
1252 5160 1340 5230 qui
1370 5158 1695 5215 ordinandus
1718 5169 1819 5215 est.
1853 5160 2071 5214 Etiamsi
2095 5162 2237 5215 enim

666 5259 1003 5319 peccatorum
1035 5236 1279 5321 supplicii
1306 5259 1581 5306 consortes
1608 5250 1888 5306 habiturus
1912 5252 1982 5307 sit
2011 5266 2105 5307 eos
2148 5254 2239 5323 qui

667 5342 962 5410 elegerunt,
986 5350 1219 5397 attamen
1251 5356 1355 5395 non
1388 5343 1500 5410 ipse
1525 5342 1736 5411 quidem
1762 5342 1859 5397 hac
1876 5343 2081 5399 ratione
2108 5358 2238 5414 sup-

665 5430 882 5499 plicium
914 5432 1108 5496 evadit,
1142 5433 1247 5487 imo
1275 5432 1484 5501 gravius
1504 5433 1760 5499 sustinet;
1788 5434 1888 5487 nisi
1916 5435 2138 5490 fortasse
2166 5435 2240 5489 illi

668 5521 895 5575 humana
924 5522 1097 5592 aliqua
1126 5523 1331 5577 ratione
1359 5522 1534 5587 ducti,
1560 5532 1745 5577 contra
1768 5539 1928 5592 quam
1959 5534 2241 5579 consenta-

669 5630 827 5669 neum
858 5613 957 5669 sibi
1000 5615 1295 5680 videbatur,
1337 5615 1653 5671 electionem
1682 5614 1925 5671 fecerint.
1954 5616 2085 5671 Nam
2116 5618 2160 5672 si
2188 5619 2239 5673 in

668 5706 931 5775 ejusmodi
953 5707 1144 5761 delicto
1155 5707 1471 5776 deprehensi
1491 5707 1704 5774 fuerint,
1723 5717 1778 5763 et
1797 5724 1954 5779 quem
1971 5709 2241 5780 indignum

668 5804 815 5853 certo
834 5797 1283 5870 scirent,quadam
1304 5797 1370 5855 de
1393 5813 1552 5856 causa
1578 5792 1899 5872 cooptat-int,
1931 5801 2077 5874 paria
2094 5798 2242 5861 luent

2326 3232 2435 3302 jam
2456 3247 2585 3287 vero
2615 3248 2682 3286 ne
2706 3248 2888 3303 parem
2919 3234 3131 3303 quidem
3160 3234 3414 3288 exhibere
3440 3235 3909 3304 deprehendimur.

2331 3326 2423 3380 Dic
2451 3327 2593 3380 enim
2617 3327 2767 3391 mihi,
2794 3327 2835 3380 si
2858 3343 3013 3395 quem
3042 3328 3294 3396 suspicati
3314 3326 3522 3381 fabrum
3550 3342 3689 3393 esse,
3722 3329 3809 3397 qui
3834 3338 3916 3381 ta-

2329 3432 2452 3472 men
2499 3416 2651 3471 faber
2681 3431 2787 3470 non
2818 3426 2980 3483 esset,
3012 3417 3077 3471 ad
3118 3432 3250 3486 opus
3277 3432 3610 3486 vocaremus,
3655 3434 3913 3488 sequere-

2316 3518 2519 3578 turque
2544 3509 2675 3578 ipse,
2705 3508 2795 3579 qui
2824 3524 3011 3563 manus
3032 3508 3096 3564 ad
3128 3510 3404 3564 materiam
3426 3509 3649 3564 aedilicio
3674 3521 3913 3579 paratam

2331 3601 2641 3665 admovens,
2673 3601 2833 3671 ligna,
2866 3601 3173 3671 lapidesque
3212 3601 3570 3668 labefactaret,
3600 3603 3782 3671 sicque
3816 3602 3914 3655 do—

2331 3709 2476 3747 mum
2503 3702 2855 3759 construeret,
2897 3703 2952 3747 ut
2984 3694 3161 3747 statim
3188 3694 3565 3759 collaberetur,
3594 3710 3719 3747 num
3749 3694 3814 3748 ad
3844 3696 3912 3748 il-

2333 3787 2433 3841 lius
2455 3786 2820 3842 defensionem
2851 3790 2979 3841 satis
3003 3797 3166 3852 esset,
3198 3785 3338 3855 quod
3361 3798 3578 3841 coactus
3604 3801 3703 3840 nec
3724 3796 3916 3854 suapte

2333 3890 2479 3933 motu
2521 3879 2791 3932 venisset?
2839 3878 3201 3947 Nequaquam,
3236 3875 3393 3943 idque
3443 3876 3563 3945 jure
3592 3891 3654 3929 ac
3684 3876 3911 3931 merito:

2332 3970 2610 4038 oportebat
2651 3970 2794 4023 enim
2825 3970 2983 4022 etiam
3024 3968 3142 4021 aliis
3171 3968 3486 4022 vocantibus
3511 3967 3737 4021 resilire.
3768 3967 3917 4021 Itane

2333 4061 2419 4129 qui
2454 4062 2587 4130 ligna
2616 4052 2677 4113 et‘
2696 4059 2896 4129 lapides
2943 4058 3294 4123 labefactavit,
3327 4058 3531 4112 debitas
3560 4071 3742 4126 poenas
3767 4057 3915 4111 nullo

2334 4150 2494 4203 modo
2523 4149 2758 4219 eﬂ‘ugiat,
2803 4150 2892 4219 qui
2935 4159 3110 4225 autem
3151 4150 3353 4203 animas
3386 4148 3693 4218 perdiderit,
3726 4163 3787 4202 ac
3814 4164 3914 4202 ne-

2334 4242 2593 4311 gligenter
2614 4241 2979 4307 aedificaverit,
3011 4241 3114 4294 vim
3142 4240 3241 4295 sibi
3273 4239 3470 4294 illatam
3501 4241 3565 4293 ad
3596 4240 3913 4309 supplicium

2334 4332 2707 4387 declinandum
2733 4333 2832 4387 sibi
2861 4332 2992 4387 satis
3014 4346 3133 4386 esse
3166 4331 3406 4399 putabit?
3433 4330 3699 4400 quomodo
3734 4332 3783 4385 id
3808 4347 3913 4386 non

2335 4426 2620 4481 admodum
2649 4426 2887 4495 ineptum
2918 4425 3116 4479 fuerit?
3144 4424 3389 4479 Nondum
3419 4426 3559 4478 enim
3583 4424 3795 4493 adjicio,
3820 4441 3917 4478 no-

2335 4516 2533 4571 lentem
2560 4532 2590 4569 a
2620 4516 2833 4571 nemine
2859 4515 3104 4585 compelli
3132 4530 3308 4584 posse.
3331 4513 3441 4570 Sed
3470 4524 3607 4577 esto,
3646 4516 3917 4586 ingentem

2336 4611 2443 4665 vim
2475 4622 2662 4679 passus
2690 4611 2779 4677 sit,
2813 4609 3199 4678 machinisque
3221 4609 3380 4663 variis
3409 4606 3678 4677 impetitus
3702 4609 3917 4663 decide—

2337 4701 2442 4754 rit:
2476 4716 2542 4753 an
2570 4700 2670 4755 hoc
2697 4700 2848 4755 illum
2885 4700 3147 4770 supplicio
3172 4699 3409 4759 eximet?
3435 4698 3533 4765 Ne,
3565 4699 3813 4765 obsecro,
3847 4716 3917 4754 ne

2338 4806 2573 4862 eousque
2602 4807 2699 4846 nos
2731 4793 2874 4861 ipsos
2896 4791 3261 4861 decipiamus;
3304 4805 3375 4845 ne
3417 4806 3519 4845 nos
3550 4791 3795 4861 ignorare
3846 4792 3919 4847 si-

2338 4884 2600 4937 mulemus
2616 4898 2705 4949 ea,
2728 4898 2845 4952 qua:
2864 4883 2947 4937 vel
2969 4882 3201 4950 puerulis
3231 4892 3353 4936 nota
3372 4890 3515 4936 sunt.
3548 4882 3729 4953 Neque
3748 4884 3913 4948 enim,

2341 4976 2430 5031 ubi
2474 4978 2705 5031 rationes
2747 4976 3030 5031 reddendae
3067 4967 3243 5042 erunt,
3299 4977 3613 5047 ignorantiae
3651 4978 3920 5034 simulatio

2341 5068 2493 5122 nobis
2534 5068 2787 5138 prodesse
2818 5068 3029 5137 poterit.
3062 5068 3423 5137 Principatum
3461 5053 3763 5138 liujusinodi
3812 5086 3918 5123 non

2342 5159 2454 5227 ipse
2483 5159 2747 5214 ambivisti
2795 5159 3171 5214 imbecillitatis
3203 5169 3305 5213 tua:
3349 5159 3635 5214 conscius?
3668 5160 3834 5230 probe
3866 5172 3922 5216 et

2342 5252 2542 5319 optime
2592 5248 2742 5304 illud.
2790 5248 3084 5319 Oportebat
3129 5265 3275 5319 ergo,
3318 5265 3439 5303 cum
3468 5248 3519 5305 id
3561 5259 3705 5305 esset
3734 5252 3921 5314 animi,

2343 5344 2501 5398 etiam
2528 5343 2647 5396 aliis
2672 5341 2981 5397 vocantibus
3004 5340 3229 5395 resilire.
3253 5342 3335 5395 An
3356 5356 3478 5396 cum
3506 5357 3663 5398 nemo
3683 5354 3919 5405 vocaret,

2344 5434 2585 5491 infirmus
2623 5444 2677 5490 et
2706 5449 2811 5489 non
2843 5433 3067 5488 idoneus
3096 5447 3235 5499 eras,
3282 5434 3461 5487 statim
3489 5449 3615 5487 vero
3644 5442 3803 5502 atque
3834 5448 3922 5487 re-

2348 5527 2484 5596 perti
2527 5536 2652 5580 sunt
2673 5526 2760 5595 qui
2805 5523 2949 5579 hunc
2975 5513 3072 5579 tibi
3104 5520 3361 5579 honorem
3389 5523 3715 5589 conferrent,
3744 5524 3922 5578 statim

2347 5616 2499 5671 fortis
2526 5616 2744 5671 eﬂ‘ectus
2774 5616 2871 5670 es?
2900 5616 3025 5669 Hrec
3063 5616 3173 5669 risu
3200 5617 3355 5686 digna
3393 5627 3447 5670 et
3477 5633 3628 5708 nugae
3656 5629 3801 5683 sunt,
3830 5636 3924 5673 ex-

2348 5718 2626 5778 tremoque
2656 5708 2915 5777 supplicio
2937 5707 3113 5779 digna.
3136 5708 3266 5763 Nam
3298 5707 3577 5779 prapterea
3607 5722 3787 5767 monet
3819 5713 3924 5765 Do-

2351 5803 2529 5858 minus
2565 5800 2710 5874 (Luc.
2762 5800 2844 5856 H.
2885 5799 3000 5871 9.8),
3050 5816 3116 5857 ne
3161 5800 3248 5871 qui
3292 5804 3477 5857 turrim
3509 5806 3617 5861 vult
3663 5807 3927 5865 aediﬁcare
