4198 6324
155 392 255 452 663

155 509 213 561 τὸ
242 508 336 573 τὰς
361 507 584 570 ἐλπίδας
612 505 711 576 τῆς
741 501 1011 574 σωτηρίας
1036 502 1116 564 εἰς
1139 500 1326 571 ἕτερον
1359 499 1458 568 μὲν
1487 492 1826 576 ἀνηρτῆσθαι

161 592 318 662 μηδὲν
357 590 498 660 μετά
525 589 626 659 τὴν
663 573 760 640 τοῦ
795 573 928 639 Θεοῦ
962 585 1143 656 χάριν,
1175 582 1289 635 ἀλλ’
1326 582 1357 652 ἢ
1395 582 1474 643 εἰς
1510 579 1575 662 :0
1602 591 1628 618 ιι
1661 573 1830 662 μηδὲν

158 658 369 736 ἀνάξιον
410 658 673 742 πράττειν
703 669 803 739 τῆς
834 667 987 740 [405]
1019 666 1230 735 δωρεᾶς
1258 663 1475 742 ταύτης
1496 661 1591 715 καὶ
1619 658 1711 742 τοῦ
1743 658 1830 710 δε-

159 755 386 817 δωκότος
406 740 576 822 αύτὴν
599 751 754 804 Θεοῦ.
782 749 1058 818 Μεγίστης
1086 748 1184 818 μὲν
1206 746 1314 816 γὰρ
1337 744 1401 798 ἂν
1426 740 1533 796 εἶεν
1554 741 1830 800 κολάσεως

160 839 294 903 ἄξιοι
338 838 388 890 οἱ
429 835 567 906 μετά
596 835 658 887 :0
698 834 764 886 δι’
795 832 999 894 οἰκείας
1039 829 1276 900 σπουδῆς
1306 827 1510 897 ταύτης
1551 825 1830 906 ἐπιτυχεῖν

161 921 259 990 τῆς
290 904 490 990 ἀρχῆς.
525 916 559 988 ἢ
591 916 682 968 διὰ
725 914 1019 986 ῥᾳθυμίαν,
1058 912 1091 981 ἢ
1130 912 1217 982 διὰ
1248 911 1534 983 πονηρίαν,
1564 908 1597 979 ἢ
1625 908 1719 990 καὶ
1753 904 1831 990 δι’

161 988 632 1072 ἀπειρίανίκακῶς
661 997 994 1068 κεχρημένοι
1024 995 1101 1066 τῷ
1128 995 1446 1066 ’πράγματα
1483 992 1557 1044 Οὐ
1594 989 1699 1061 μὴν
1744 988 1834 1042 διὰ

161 1084 315 1138 τοῦτο
342 1086 455 1146 τοῖς
479 1083 579 1134 οὐκ
606 1080 965 1134 ἐσπουδακόσι
986 1076 1373 1132 καταλείπεταί
1405 1093 1489 1138 τις
1511 1072 1831 1143 συγγνώμη,

162 1166 298 1220 ἀλλά
329 1167 424 1219 καὶ
451 1157 598 1218 οῦτοι
616 1164 795 1232 πάσης
817 1161 1113 1228 ἀπολογίας
1130 1160 1468 1230 ἐστέρηνται.
1487 1159 1588 1210 Δεῖ
1604 1155 1733 1227 γὰρ,
1752 1153 1834 1208 οῖ-

165 1267 284 1318 μαι,
321 1249 424 1302 κᾶν
461 1247 642 1318 μυρίοι
679 1245 885 1298 καλῶσι
924 1244 1020 1297 καλ⁵
1061 1232 1538 1310 καταναγκάζωσι,
1587 1238 1662 1310 μὴ
1698 1238 1836 1308 πρὸς

163 1331 409 1391 ἐκείνους
446 1332 596 1401 όρᾷν,
629 1329 766 1382 ἀλλὰ
807 1327 1073 1398 πρότερον
1101 1327 1199 1395 τὴν
1228 1323 1423 1378 ἑαυτοῦ
1472 1321 1838 1392 βασανίσαντα

161 1414 364 1482 ψυχὴν,
396 1412 493 1465 καὶ
521 1413 701 1466 πάντα
735 1410 1221 1482 διερευνησάμενον
1247 1406 1511 1479 ἀκριϐῶς,
1552 1405 1726 1467 οὕτως
1756 1401 1837 1482 εί-

165 1498 248 1560 ξαι
274 1499 386 1558 τοῖς
417 1494 779 1564 βιαζομένοις.
807 1494 924 1547 Νῦν
956 1493 1012 1546 δὲ
1044 1492 1222 1546 οἰκίαν
1253 1491 1351 1561 μὲν
1379 1487 1838 1562 οἰκοδομήσασθαι

162 1579 340 1640 οὐδεὶς
381 1578 447 1630 ἂν
473 1577 806 1646 ὑποσχέσθαι
834 1576 1120 1645 τολμήσειε
1158 1575 1268 1626 τῶν
1292 1573 1390 1625 οὐκ
1421 1572 1590 1624 ὄντων
1631 1570 1838 1623 οἰκοδο-

167 1662 367 1733 μικῶν,
413 1661 534 1714 ούδέ
583 1661 853 1730 σωμάτων
883 1658 1122 1728 ἅψασθαι
1154 1656 1522 1724 νενοσηκότων
1562 1653 1843 1724 ἐπιχειρή-

165 1762 309 1797 σειεν
349 1744 413 1798 ἀν
446 1761 528 1806 τις
556 1743 663 1796 τῶν
697 1741 965 1812 ἰατρεύειν
997 1742 1096 1793 οὐκ
1130 1740 1369 1815 εἰδότων,
1408 1737 1544 1806 ἀλλά
1578 1736 1679 1789 κᾶν
1709 1735 1841 1787 πολ-

163 1825 246 1878 λοὶ
273 1829 322 1878 οί
356 1827 494 1895 πρὸς
526 1825 646 1895 βίαν
684 1824 950 1886 ὠθοῦντες
983 1817 1117 1884 ὧσι,
1167 1822 1581 1892 παραιτήσεται,
1621 1821 1714 1873 καὶ
1742 1820 1842 1874 οὐκ

166 1909 483 1979 ἐρυθριάσει
521 1909 617 1978 τὴν
660 1909 900 1976 ἄγνοιαν·
946 1906 1133 1976 ψυχῶν
1170 1906 1227 1958 δὲ
1259 1904 1577 1973 ἐπιμέλειαν
1631 1902 1843 1972 μέλλων

166 1989 522 2043 πιστεύεσθαι
551 1990 578 2029 δ
602 1989 872 2042 τοσούτων
907 1989 1006 2040 οὐκ
1043 1987 1284 2050 ἐξετάσει
1320 1987 1586 2056 πρότερον
1627 1986 1843 2061 ἐαυτδν,

166 2073 326 2139 ἀλλά,
360 2072 464 2126 κᾶν
501 2073 760 2125 ἁπάντων
795 2071 1153 2138 ἀπειρότατος
1192 2065 1248 2143 ᾖ,
1280 2069 1490 2134 δέξεται
1533 2068 1632 2139 τὴν
1673 2059 1849 2121 διακοο

167 2157 307 2219 νίαν,
351 2155 542 2225 ἐπειδὴ
571 2157 599 2208 ὁ
629 2154 778 2206 δεῖνα
810 2153 1044 2211 κελεύει,
1080 2152 1176 2204 καὶ
1211 2154 1238 2203 ὁ
1275 2151 1425 2203 δεῖνα
1453 2149 1722 2219 βιάζεται,
1753 2149 1850 2203 καὶ

169 2240 259 2293 ἵνα
282 2239 359 2309 μὴ
385 2236 738 2307 προσκρούσῃ
758 2236 836 2306 τῷ
866 2235 994 2288 δεῖνι
1016 2251 1030 2300 ;
1055 2234 1168 2287 Καὶ
1187 2234 1304 2296 πῶς
1333 2227 1434 2286 ούκ
1463 2235 1542 2297 εἰς
1571 2233 1848 2302 προῦπτον

160 2321 369 2376 ἐαυτὸν
405 2319 524 2387 μετ’
569 2318 794 2371 ἐκείνων
837 2315 1064 2387 ἐμϐαλεῖ
1100 2316 1299 2380 κακόν;
1347 2315 1498 2380 Ἐξὸν
1544 2316 1654 2388 γὰρ
1701 2315 1851 2386 αὐτῷ

172 2402 444 2467 σώζεσθαι
487 2401 610 2455 καθ’
650 2400 859 2463 ἐαυτὸν,
904 2400 999 2452 νῦν
1042 2398 1152 2452 καὶ.
1181 2400 1401 2470 ἐτέρους
1444 2400 1851 2470 προσαπόλλυσι

174 2486 296 2556 μεθ’
328 2483 550 2539 ἐαυτοῦ.
585 2484 754 2536 Πόθεν
778 2483 885 2553 γάρ
922 2483 1068 2535 ἔστιν
1092 2482 1309 2535 ἐλπίσαι
1340 2483 1649 2552 σωτηρίαν;
1688 2483 1853 2537 πόθεν

173 2567 507 2638 συγγνώμης
535 2569 757 2636 τυχεῖν;
793 2566 937 2627 τίνες
976 2566 1124 2635 ήμᾶς
1161 2565 1536 2634 ἐξαιτήσονται
1576 2567 1737 2619 τότεο
1762 2583 1776 2630 ;
1805 2568 1854 2619 οἱ

175 2651 490 2718 βιαζόμενοι
511 2647 607 2701 νῦν
632 2647 760 2710 ἴσως
783 2647 877 2700 καὶ
910 2647 1046 2712 πρὸς
1073 2647 1321 2716 ἀνάγκην
1345 2645 1626 2711 ἐλκοντες;
1655 2647 1857 2709 αὐτοὺς

170 2734 230 2788 δὲ
253 2734 475 2794 τούτους
503 2730 587 2794 τίς
611 2732 731 2784 κατ’
755 2730 961 2782 ἐκεῖνον
989 2728 1241 2781 διασώσει
1264 2729 1356 2781 τὸν
1385 2731 1609 2800 καιρόν;
1635 2735 1727 2783 καὶ
1748 2731 1857 2801 γὰρ

173 2818 270 2871 καὶ
319 2814 474 2869 αὐτοὶ
517 2813 866 2884 προσδέονται
897 2811 1118 2882 ἐτέρων,
1156 2811 1243 2864 ἵνα
1270 2811 1574 2880 διαφύγωσι
1617 2813 1678 2864 τὸ
1720 2813 1854 2882 πῦρ.

176 2902 300 2953 Ὀτι
329 2899 387 2952 δέ
422 2915 481 2950 σε
510 2898 572 2950 οὐ
604 2894 970 2965 δεδιττόμενος
992 2893 1164 2946 ταῦτα
1187 2893 1330 2961 λέγω
1353 2894 1469 2956 νῦν,
1492 2895 1618 2948 ἀλλ”
1639 2896 1714 2959 ὡς
1747 2897 1858 2964 ἔχει

173 2984 237 3036 :0
253 2982 487 3053 πρᾶγμα
511 2978 788 3047 ἀληθείας,
807 2976 972 3030 ἄκουε
1003 2974 1054 3028 τί
1076 2973 1153 3044 τῷ
1185 2975 1398 3046 μαθητῇ
1431 2993 1594 3045 φησιν
1624 2980 1652 3030 ὁ
1681 2977 1860 3046 μακά-

179 3082 296 3135 ριος
331 3061 544 3123 Παῦλος
577 3057 847 3129 Τιμοθέῳ,
881 3056 960 3126 τῷ
989 3057 1195 3127 γνησίῳ
1224 3057 1399 3129 τέκε-’ῳ
1433 3060 1527 3112 καὶ
1564 3060 1854 3130 ἀγαπητῷ.

174 3150 390 3215 Χεῖρας
414 3142 643 3213 ταχέως
657 3141 876 3211 μηδένί
906 3141 1170 3205 ἐπιτίθει,
1191 3140 1349 3211 μηδὲ
1371 3142 1643 3196 κοινώνει
1678 3145 1860 3211 ἁμαρ..

179 3231 335 3294 τίαις
394 3227 761 3293 ἀλλοτρίαις.
823 3220 976 3288 Εἶδες
1022 3225 1153 3294 ὅσης
1200 3227 1325 3287 τοὺς
1374 3226 1665 3295 μέλλοντας
1711 3231 1862 3298 ήμᾶς

177 3311 274 3364 ιτιπί⁵
297 3308 459 3361 τοῦτο
493 3305 766 3376 παράγειν
791 3303 818 3342 ά
849 3307 910 3358 οὐ
941 3304 1201 3379 μέμψεως
1241 3303 1421 3375 μόνον,
1471 3309 1608 3362 ἀλλά
1641 3311 1734 3364 καὶ
1777 3330 1861 3365 τι-

181 3394 399 3465 μωρίας
424 3391 484 3443 τό
503 3407 567 3458 γε
595 3389 860 3460 ἡμέτερον
889 3388 1279 3459 ἀπηλλάξαμεν
1308 3390 1506 3460 μέρος

254 3474 503 3544 β’.”οσπε
512 3490 543 3543 ρ
563 3473 671 3542 γὰρ
685 3474 797 3533 τοῖς
813 3471 1108 3542 αἱρεθεῖσιν
1122 3471 1221 3523 ούκ
1232 3471 1506 3542 αὔταρκες
1525 3474 1661 3541 πρὸς
1676 3476 1866 3530 ἀπολο-

178 3559 311 3626 γίαν
331 3557 394 3608 τὸ
415 3555 619 3622 λέγειν·
642 3554 744 3606 οὐκ
769 3553 1098 3623 αὐτόκλητος
1128 3550 1311 3623 ἦλθον,
1343 3555 1462 3606 ούδέ
1486 3557 1749 3625 προειδὼς
1767 3560 1866 3612 οὐκ

180 3633 490 3706 ἀπέφυγον·
532 3635 706 3697 οὔτως
732 3635 853 3687 οὐδέ
883 3635 1008 3698 τοὺς
1041 3635 1482 3707 χειροτονοῦντας
1509 3639 1789 3707 ὠφελῆσαί
1813 3659 1864 3694 τι

181 3728 433 3788 δύναται,
461 3725 511 3776 εἰ
537 3723 744 3790 λέγοιεν
771 3722 860 3774 τὸν
889 3723 1333 3793 χειροτονηθέντα
1359 3725 1591 3790 ἀγνοεῖν,
1625 3728 1762 3780 ἀλλά
1780 3730 1867 3782 διά

181 3811 347 3864 τοῦτο
370 3810 466 3862 καὶ
491 3807 672 3876 μεῖζον
693 3805 753 3857 :0
770 3804 1021 3875 ἔγκλημα
1041 3806 1272 3874 γίνεται,
1294 3807 1372 3859 ὅτι
1393 3807 1452 3859 ὃν
1474 3809 1702 3877 ἠγνόουν
1723 3827 1867 3880 παρ-

184 3898 419 3965 ήγαγον,
437 3892 534 3944 καὶ
555 3893 587 3959 ὴ
609 3889 838 3944 δοκοῦσα
870 3885 1009 3941 εἶναι
1035 3889 1301 3955 ἀπολογία
1335 3889 1489 3954 αῦξει
1516 3890 1614 3961 τὴν
1633 3909 1869 3962 κατηγο-

187 3978 333 4047 ρίαν.
370 3974 495 4036 Πῶς
523 3972 632 4042 γάρ
671 3973 770 4024 οὐκ
823 3971 1040 4034 ἄτοπον,
1086 3973 1415 4041 ἀνδράποδον
1459 3973 1557 4043 μὲν
1605 3975 1870 4045 πρίασθαι

187 4057 550 4128 βουλομένους
583 4056 676 4112 καὶ
705 4056 910 4123 ἰατροῖς
934 4054 1319 4119 ἐπιδεικνύναι,
1346 4057 1438 4108 καὶ
1475 4057 1574 4126 τῆς
1613 4053 1870 4127 πράσεωξ

184 4139 466 4210 ἐγγυητὰς
495 4139 764 4195 ἀπαιτεῖν,
797 4137 892 4189 καὶ
914 4137 1170 4204 γειτόνων
1201 4136 1587 4201 πυνθάνεσθαι,
1614 4141 1707 4193 καὶ
1733 4143 1872 4211 μετὰ

185 4223 363 4275 ταῦτα
401 4220 582 4272 πάντα
622 4218 844 4287 μηδέπω
887 4217 1130 4288 θαρρεῖν,
1169 4219 1305 4272 ἀλλά
1337 4219 1433 4272 καὶ
1471 4221 1662 4290 χρόνον
1683 4213 1873 4278 ’πολὺν

187 4307 331 4375 πρδς
379 4301 704 4370 δοκιμασίαν
759 4302 948 4352 αίτεῖν·
999 4302 1078 4363 εἰς
1124 4302 1181 4353 δὲ
1221 4302 1490 4372 τοσαύτην
1527 4303 1873 4376 λειτουργίαν

191 4385 494 4456 μέλλοντάς
525 4399 646 4434 τινα
674 4382 973 4450 ἐγγράφειν
994 4394 1040 4445 θ,
1088 4383 1274 4445 ἁπλῶς
1322 4384 1414 4436 καὶ
1449 4385 1525 4447 ὡς
1565 4385 1773 4456 ἔτυχεν,
1809 4389 1874 4442 ἂν

189 4471 270 4539 τῷ
315 4469 448 4521 δεῖνι
498 4464 645 4535 δόξῃ,
695 4465 831 4535 πρὸς
865 4465 1025 4536 χάριν
1065 4465 1097 4534 ἢ
1149 4465 1286 4536 πρὸς
1333 4467 1631 4535 ἀπέχθειαν
1670 4469 1873 4540 ἐτέρων
1909 4458 1928 4464 ⁸

194 4548 573 4620 μαρτυρῆσαι,
618 4545 916 4616 ἐγκρίνειν,
958 4547 1231 4615 μηδεμίαν
1272 4549 1632 4617 ποιουμένους
1681 4551 1876 4621 ἑτέραν

195 4633 486 4696 ἐξέτασινς
518 4626 613 4690 Τίς
647 4623 739 4679 οῦν
768 4628 919 4696 ἡμᾶς
958 4628 1305 4698 ἐξαιτήσεται
1351 4630 1371 4694 ξ
1408 4630 1551 4694 τότε,
1586 4631 1695 4683 τῶν
1728 4632 1876 4701 ὀφει-

190 4715 400 4766 λόντων
428 4709 732 4778 προστῆναι
761 4708 854 4762 καὶ
879 4709 1057 4762 αὐτῶν
1095 4709 1416 4779 προστατῶν
1443 4712 1752 4782 δεομένων;
1787 4719 1878 4770 Δεῖ

197 4798 300 4866 μὲν
337 4791 434 4847 οὖν
465 4795 561 4846 καὶ
593 4794 686 4846 τὸν
720 4795 1046 4863 χειροτονεῖν
1079 4792 1342 4862 μέλλοντα
1368 4794 1568 4865 πολλὴν
1600 4795 1876 4851 πὸιεῖσθαι

192 4878 298 4945 τὴν
325 4875 575 4946 ἔρευναν,
619 4874 798 4943 πολλῷ
831 4875 886 4926 δέ
925 4875 1146 4926 πλείονα
1178 4875 1369 4928 τούτου
1415 4876 1506 4928 τὸν
1535 4882 1878 4950 χειροτονού-

199 4974 383 5015 μενον.
434 4957 496 5007 El
525 4956 633 5023 γὰρ
671 4957 765 5007 καὶ
808 4956 1099 5017 κοινωνοὺς
1148 4955 1262 5025 ἔχει
1299 4957 1402 5024 τῆς
1439 4958 1713 5022 κολάσεως
1751 4962 1878 5025 τοὺς

198 5040 495 5108 ἑλομένους
516 5037 666 5109 [406]
701 5040 758 5090 ἐν
780 5033 860 5101 οἷς
886 5037 952 5090 ἂν
983 5039 1225 5108 ἁμάρτῃ,
1256 5040 1370 5092 ἀλλ’
1392 5040 1540 5110 ὅμως
1565 5042 1686 5094 οὐδὲ
1716 5045 1878 5109 αὐτὸς

206 5112 558 5190 ἀπήλλακται
596 5119 695 5188 τῆς
740 5120 1033 5190 τιμωρίας,
1071 5120 1207 5172 ἀλλά
1264 5122 1360 5172 καὶ
1407 5122 1631 5191 μείζονα
1672 5124 1875 5175 δίδωσι·

201 5205 367 5274 μόνον
404 5203 556 5272 εἰμὴ
586 5202 673 5255 διά
697 5220 818 5255 τινα
849 5204 1199 5274 ἀνθρωπίνην
1221 5203 1400 5255 αἰτίαν
1439 5203 1587 5275 παρὰ
1616 5207 1675 5258 τὸ
1711 5206 1880 5274 φανὲν

197 5290 389 5349 αὐτοῖς
418 5285 641 5352 εὔλογον
675 5288 698 5326 ε
729 5282 967 5354 ἔπραξαν
994 5286 1043 5337 οί
1072 5286 1336 5356 ἑλόμενοι.
1382 5288 1444 5339 Εἰ
1483 5288 1593 5359 γάρ
1627 5290 1684 5340 ἐν
1708 5294 1880 5360 τούτῳ

267 5423 292 5484 f
316 5422 519 5484 Aliquot
536 5433 650 5484 mss.
677 5420 819 5480 μηδὲν
840 5420 1029 5484 μετάᾐδὲ
1048 5422 1132 5476 τὴν
1152 5419 1237 5484 τοῦ
1256 5420 1382 5484 Θεοῦ
1397 5422 1538 5484 χάριν
1573 5424 1635 5478 εἰς
1652 5441 1723 5470 :0.

263 5482 296 5516 ἰ
322 5482 472 5528 Savil.
499 5487 552 5528 et
574 5482 764 5541 aliquoi
792 5494 908 5529 mss.
950 5481 1330 5542 ἐμπιστεύεσθαι,
1369 5481 1544 5531 Μὸύυι.
1595 5492 1647 5532 et
1685 5485 1767 5532 alii
1803 5502 1881 5532 πι-

199 5558 287 5592 re
299 5543 474 5591 ’awﬁm.

267 5608 290 5633 ε
321 5603 422 5650 Alii
443 5602 564 5656 τίνες
585 5603 698 5663 ἡμῖν
717 5602 1103 5663 παραστήσονται
1127 5604 1250 5651 τότε.

267 5668 294 5701 d
334 5664 539 5722 Aliquot
559 5677 675 5710 mss.
698 5663 937 5724 προάγειν.

274 5744 295 5784 [-
329 5726 359 5770 Α
373 5727 424 5784 lii
447 5724 773 5784 ἐγγράφεσθαι.

271 5783 289 5820 Ῐ
324 5785 377 5830 ΑΙ
405 5781 750 5842 ἱέξαιρήσεται.

265 5848 291 5886 ⁸
323 5845 402 5896 sic
425 5846 579 5910 ξονιι.
620 5850 671 5893 'el
696 5848 898 5895 maxima
921 5860 1029 5908 pars
1056 5860 1168 5894 mss.
1198 5843 1369 5894 Morel.
1398 5858 1513 5905 vero
1537 5849 1749 5899 εὐκοιλυν.

1454 382 1542 449 DE
1580 371 2033 435 SACERDOTIO.
2073 369 2198 425 LIB.
2242 368 2330 424 IV.

3502 366 3608 426 665

1932 487 2259 558 φωραθεῖεν,
2295 484 2390 539 καὶ
2433 484 2522 537 τὸν
2562 482 2780 550 ἀνάξιον
2817 483 3018 545 εἰδότες
3060 482 3148 536 διά
3187 499 3308 538 τινα
3336 482 3609 554 πρόφασιν

1929 571 2091 624 αὐτὸν
2129 570 2473 641 παρήγαγον,
2516 567 2580 632 ἐξ
2609 569 2732 638 ίσης
2762 566 2832 620 τά
2864 567 2972 619 τῶν
2997 566 3372 637 κολαστηρίων
3400 567 3605 631 αὐτοῖς’

1930 655 2069 725 τάχα
2095 653 2170 714 ,δέ
2207 654 2302 706 καὶ
2339 649 2560 722 μείζονα
2602 650 2678 721 τῷ
2715 651 2807 704 τὸν
2845 652 2946 703 οὐκ
2981 649 3288 720 ἐπιτήδειον
3333 653 3609 723 καταστή-

1933 754 2106 791 σαντι.
2153 728 2226 788 ’θ’
2247 735 2355 805 γὰρ
2391 736 2490 804 τὴν
2532 735 2784 798 ἐξουσίαν
2835 732 3136 805 παρασχὼν
3183 733 3260 803 τῷ
3302 733 3612 806 βουλομένῳ

1931 821 2240 890 διαφθεῖραι
2268 820 2366 890 τὴν
2403 819 2762 888 Ἐκκλησίαν,
2791 811 2947 881 οὗτος
2977 817 3043 870 ἂν
3075 817 3160 888 εῖη
3194 817 3305 871 τῶν
3339 817 3430 871 ὑπ’
3461 819 3607 872 ἐκεί-

1933 922 2024 957 νου
2047 903 2424 976 τολμηθέντων
2448 903 2638 965 αἴτιος.
2673 903 2736 954 Εἰ
2756 902 2816 954 δὲ’
2839 903 3044 956 τούτων
3078 903 3173 972 μὲν
3205 902 3381 954 οὐδενὶ
3403 901 3612 971 γένοιτο

1936 986 2255 1051 ὑπεύθυνος,
2288 986 2398 1039 ἀπὸ
2432 985 2491 1038 δέ
2519 985 2621 1051 τῆς
2647 983 2756 1036 τῶν
2787 983 2998 1037 πολλῶν
3031 983 3356 1055 ὑπολήψεως
3391 987 3614 1056 ήπατῆ-

1938 1062 2062 1141 σθαι
2107 1069 2275 1137 λέγοι,
2318 1069 2666 1143 ἀτιμώρητος
2705 1067 2802 1138 μέν
2837 1067 2957 1120 οὺδέ
2994 1067 3138 1120 οὕτω
3177 1068 3332 1137 μένοι
3359 1070 3410 1129 h.
3450 1069 3617 1141 ὀλίγῳ

1937 1155 1996 1208 δέ
2029 1154 2286 1207 ἐλάττονα
2305 1154 2400 1207 τοῦ
2436 1151 2909 1223 χειροτονηθέντπ
2935 1152 3116 1204 δίδωσι
3149 1152 3325 1223 δίκην.
3361 1153 3426 1206 Τί
3459 1155 3621 1223 δήπο-

1936 1257 2028 1304 τε;
2056 1240 2177 1291 Ὀτι
2214 1239 2341 1302 τοὺς
2385 1239 2483 1308 μὲν
2525 1238 2810 1308 ἑλομένους
2847 1239 2995 1301 εἰκὸς
3045 1238 3150 1290 ὑπὸ
3183 1238 3341 1309 δόξης
3387 1239 3619 1309 ψευδοῦς

1939 1323 2316 1392 ἀπατηθέντας
2353 1323 2445 1374 ἐπὶ
2473 1321 2632 1375 τοῦτο
2661 1322 2857 1374 ἐλθεῖν·
2887 1323 2916 1374 ό
2949 1322 3006 1392 δέ
3041 1323 3283 1394 αἱρεθεὶς
3313 1323 3414 1375 οὐκ
3446 1322 3525 1374 ἐτι
3552 1321 3621 1376 ἂν

1939 1406 2154 1459 δύναιτο
2195 1406 2514 1473 λέγεινμότι
2557 1405 2817 1472 Ἦγνόουν
2851 1405 3110 1474 ἐμαυτὸν,
3155 1405 3408 1475 καθάπερ
3461 1405 3620 1459 αὑτὸν

1940 1489 2140 1560 ἐτεροι.
2191 1489 2280 1553 Ὧς
2333 1485 2425 1543 οῦν
2485 1488 2785 1560 βαρύτερον
2827 1490 3090 1559 μέλλοντα
3136 1490 3460 1553 κολάζεσθαι
3519 1489 3622 1545 τῶν

1943 1572 2397 1642 παραγαγόντων,
2416 1570 2476 1624 οῦ
2490 1589 2588 1634 τως
2611 1573 2998 1644 ἀκριϐέστερον
3023 1573 3203 1625 αὐτῶν
3221 1572 3328 1643 χρὴ
3351 1572 3621 1630 ποιεῖσθαι

1942 1654 2042 1725 τὴν
2073 1655 2266 1706 ἐαυτοῦ
2309 1656 2655 1726 δοκιμασίαν·
2698 1653 2803 1708 κᾶν
2835 1654 3162 1723 ἀγνοοῦντες,
3194 1655 3426 1707 ἕλκωσιν
3481 1656 3619 1707 ἐκεϊσ

1944 1756 2046 1802 νοι,
2107 1737 2402 1806 προσιόντα
2455 1737 2726 1790 διδάσκειν
2774 1737 3023 1809 ἀκριϐῶς
3064 1738 3162 1800 τὰς
3203 1736 3404 1809 αἰτίας,
3445 1737 3513 1790 δι’
3545 1731 3623 1791 ὧν

1945 1819 2334 1890 ἠπατημένους
2359 1820 2579 1880 παύσει,
2607 1821 2700 1874 καὶ
2720 1806 2937 1886 ἀνάξιον
2961 1822 3152 1874 ἐαυτὸν
3180 1806 3624 1893 τῆςλδοκιμασίας

1946 1901 2235 1967 ἀποδείξας
2269 1900 2594 1971 ἐκφεύξεται
2619 1902 2892 1955 τοσούτων
2922 1903 3264 1973 πραγμάτων
3299 1904 3485 1971 ὄγκον.
3525 1905 3626 1956 Διά

1946 1986 1999 2049 τί
2023 1986 2132 2055 γὰρ
2167 1987 2295 2056 περὶ
2338 1986 2623 2056 στρατείας
2659 1989 2755 2038 καὶ
2785 1986 3055 2057 ἐμπορίας
3087 1986 3183 2056 καὶ
3225 1985 3500 2056 γεωργίας
3532 1988 3626 2038 καὶ

1947 2069 2056 2122 τῶν
2081 2067 2255 2123 ἄλλων
2305 2069 2416 2121 τῶν
2467 2068 2735 2138 βιωτικῶν
2784 2069 2980 2139 βουλῆς
3022 2068 3412 2140 προκειμένης,
3442 2066 3566 2121 οὔτε
3595 2067 3625 2120 ό

1949 2152 2194 2223 γεωργὸς
2233 2150 2394 2204 ἕλοιτ’
2430 2151 2497 2205 ἂν
2531 2152 2705 2213 πλεῖν,
2733 2151 2858 2205 οὕτε
2907 2154 2935 2204 ό
2968 2150 3310 2222 στρατιώτης
3335 2153 3622 2220 γεωργεῖν,

1921 2231 2074 2286 -ούτε
2103 2235 2130 2285 ό
2165 2234 2506 2304 κυϐερνήτης
2538 2233 2950 2302 στρατεύεσθαι,
2978 2233 3080 2286 κᾶν
3113 2232 3340 2303 μυρίους
3356 2233 3628 2296 τίς-ἀπει-

1950 2318 2092 2389 λήσῃ
2129 2317 2146 2357 ί
2180 2315 2479 2382 θανάτους;
2539 2318 2610 2370 Ἦ
2661 2317 2821 2387 δῆλον
2874 2317 2956 2369 ὃτι
2984 2317 3076 2369 τὸν
3114 2318 3178 2368 ἐκ
3215 2316 3316 2386 τῆς
3373 2317 3630 2388 ἀπειρίας

1954 2397 2329 2471 προορώμενοι
2367 2399 2609 2454 κίνδυνον
2638 2401 2886 2462 ἕκαστος.
2927 2399 3082 2463 Εἶτα,
3111 2400 3244 2453 ὅπου
3277 2400 3430 2470 μὲν-ἡ
3458 2402 3632 2473 ζημία

1956 2484 2086 2553 περὶ
2120 2483 2354 2554 μικρῶν,
2382 2482 2621 2554 τοσαύτῃ
2641 2481 2961 2554 χρησόμεθα
2987 2484 3235 2554 προνοίᾳ,
3260 2484 3354 2537 καὶ
3376 2484 3475 2536 οὐκ
3496 2483 3634 2548 εἴξο-

1961 2584 2059 2637 μεν
2086 2570 2151 2638 τῇ
2199 2567 2308 2620 τῶν
2353 2566 2688 2636 βιαζομένων
2739 2566 2990 2638 ἀνάγκη·
3037 2567 3181 2620 ὅπου
3221 2568 3277 2621 δέ
3320 2571 3354 2640 ή
3409 2568 3634 2631 κόλασις

1958 2650 2178 2711 αἰώνιος
2214 2653 2328 2713 τοῖς
2357 2651 2458 2704 οὑκ
2475 2650 2640 2703 εἰδόσι
2667 2649 3075 2720 μεταχειρίζεινν
3103 2651 3423 2722 ἱερωσύνην,
3444 2651 3635 2716 ἁπλῶς

1959 2735 2052 2787 καὶ
2085 2734 2162 2798 ὡς
2193 2735 2352 2804 ἔτυχε
2379 2733 2636 2786 τοσοῦτον
2675 2733 3044 2802 ἀναᾶξόμεθα
3083 2733 3346 2797 κίνδυνον,
3381 2735 3480 2804 τὴν
3513 2734 3634 2788 ἐτέ-

1952 2835 2071 2887 ρων
2119 2817 2547 2887 προὸαλλόμενοι
2602 2815 2762 2884 βίαν;
2807 2814 2947 2868 Ἀλλ’
2983 2816 3082 2869 οὐκ
3121 2816 3369 2881 ἀνέξεται
3396 2816 3570 2873 ταῦτα
3608 2820 3638 2871 ό

1959 2903 2080 2956 τότε
2120 2901 2324 2972 κρίνων
2351 2902 2520 2970 ἡμᾶς.
2549 2897 2698 2952 Ἔδει
2715 2934 2718 2939 -
2735 2899 2831 2968 μέν
2858 2898 2967 2969 γὰρ
2990 2900 3083 2951 καὶ
3113 2899 3296 2968 πολλῷ
3323 2900 3491 2952 πλείω
3526 2901 3636 2954 τῶν

1963 2985 2246 3056 σαρκικῶν
2274 2985 2402 3056 περὶ
2426 2983 2498 3038 τά
2537 2981 2884 3052 πνευματικά
2912 2983 3336 3052 τὴν-ἀσφάλειαν
3363 2984 3638 3049 ἐπιδείξα-

1964 3069 2114 3121 σθαι’
2147 3067 2241 3124 νῦν
2273 3067 2330 3119 δέ
2360 3067 2482 3122 οὐδὲ
2524 3064 2646 3136 ίσην
2681 3065 3050 3142 εὑρισκόμεθα
3084 3066 3470 3136 παρεχόμενοι.
3500 3067 3640 3121 Εἰπέ

1962 3151 2071 3219 γάρ
2108 3166 2218 3218 μοι,
2248 3147 2301 3200 εί
2332 3164 2456 3199 τινα
2481 3146 2918 3209 ὑποπτεύσαντες
2948 3145 3118 3216 ἄνδρα
3145 3144 3286 3200 εἷναι
3326 3147 3639 3201 τεκτονικὸν

1962 3236 2061 3286 οὐκ
2086 3233 2212 3284 ὄντα
2234 3230 2548 3284 τεκτονικὸν
2576 3231 2713 3301 πρὸς
2733 3230 2833 3299 τὴν
2862 3231 3121 3300 ἐργασίαν
3165 3232 3446 3300 καλοῖμεν,
3475 3231 3639 3296 αὐτὸς

1963 3318 2020 3371 δὲ
2068 3317 2253 3370 ἕποιτο
2276 3312 2339 3377 ‘i,
2387 3309 2505 3365 εἶτα
2552 3313 2831 3382 ἁψάμενος
2875 3313 2975 3383 τῆς
3025 3313 3164 3384 πρὸς
3208 3315 3308 3385 τὴν
3349 3316 3639 3387 οἰκοδομὴν

1966 3397 2492 3470 παρεσκευασμένης
2538 3395 2691 3466 ὕλης,
2749 3396 3002 3465 ἀφανίζοι
3055 3399 3154 3467 μέν
3195 3397 3352 3463 ξύλα,
3386 3400 3640 3468 ἀφανίζοι

1963 3483 2020 3535 δὲ
2048 3481 2248 3543 λίθους,
2293 3480 2578 3550 ἐργάζοιτο
2630 3479 2686 3530 δέ
2731 3479 2829 3550 τὴν
2881 3481 3058 3534 οἰκίαν
3088 3481 3280 3548 οὕτως,
3327 3482 3403 3550 ὡς
3439 3482 3641 3546 εὐθέως

1966 3547 2333 3626 καταπεσεῖν..
2361 3559 2469 3633 ἆρα
2497 3562 2722 3632 ἀρκέσει
2766 3547 2903 3632 πρὸς
2941 3563 3234 3631 ἀπολογίαν
3261 3547 3409 3634 αὐτῷ
3433 3565 3492 3617 :0
3509 3565 3640 3634 παρ’

1969 3648 2173 3716 ἐτέρων
2203 3645 2566 3715 ἠναγκάσθαι,
2588 3645 2684 3698 καὶ
2716 3645 2790 3716 μὴ
2830 3645 3270 3712 αὑτεπάγγελτον
3303 3646 3500 3714 ἦκεινς
3536 3647 3642 3705 Οὐ-

1967 3729 2154 3799 δαμῶς
2173 3746 2186 3761 ·
2223 3729 2318 3782 καὶ
2346 3726 2491 3796 μάλα
2527 3742 2591 3794 γε
2631 3726 2855 3789 εἰκότως
2880 3726 2973 3778 καὶ
2996 3727 3241 3790 δικαίως.
3288 3726 3486 3798 Ἐρχῆν
3509 3728 3653 3797 γὰρ,

1967 3813 2062 3865 καὶ
2083 3809 2285 3881 ἐτέρων
2319 3807 2650 3868 καλούντων,
2703 3808 3013 3876 ἀποπηδᾷν.
3064 3804 3197 3861 Εἶτα
3252 3809 3345 3879 τιῖι
3366 3810 3462 3879 μὲν
3511 3809 3644 3874 ξύλα

1969 3894 2284 3961 ἁφανίζοντι
2314 3893 2407 3945 καὶ
2457 3890 2637 3953 λίθους
2670 3890 2894 3960 οὐδεμία
2933 3890 3086 3943 ἔσται
3114 3893 3403 3963 καταφυγὴ
3425 3893 3562 3963 πρὸς
3581 3893 3644 3945 :0

1975 3981 2048 4048 μὴ
2068 3977 2251 4030 δοῦναι
2271 3975 2427 4045 δίκην
2447 3991 2458 4002 ·
2485 3976 2512 4027 ὁ
2540 3974 2596 4026 δέ
2622 3973 2720 4035 τὰς
2747 3973 2924 4042 ψυχὰς
2943 3973 3200 4039 ἀπολλὺς,
3224 3975 3319 4027 καὶ
3345 3975 3644 4046 οἰκοδομῶν

1971 4059 2209 4127 ἀμελῶς,
2259 4058 2359 4128 τὴν
2397 4059 2598 4127 ἐτέρων
2637 4054 2884 4126 ἀνάγκην
2925 4056 3184 4126 ἀποχρῆν·
3215 4053 3366 4126 αύτῷ
3406 4057 3540 4128 πρὸς
3585 4057 3648 4109 :0

1972 4143 2254 4212 διαφυγεῖν
2273 4141 2299 4178 ιι
2334 4141 2504 4192 οἴεται
2530 4155 2543 4202 ;
2577 4139 2671 4190 καὶ
2705 4138 2821 4201 πῶς
2847 4139 2909 4190 οὐ
2938 4139 3059 4191 λίαν
3097 4137 3286 4209 εὔηθες
3309 4156 3323 4204 ;
3349 4137 3517 4193 Οῦπω
3538 4139 3650 4211 γὰρ

1974 4222 2327 4294 προστίθημι,
2379 4224 2460 4274 ὅτι
2510 4221 2599 4272 τὸν
2642 4221 2716 4290 μὴ
2755 4220 3078 4290 βουλόμενον
3117 4221 3293 4284 οὐδεὶς
3337 4223 3646 4290 ἀναγκάσαι

1973 4306 2282 4375 δυνήσεται.
2325 4303 2465 4365 Ἀλλῖ
2508 4302 2648 4355 ἔστω
2711 4302 2913 4372 μυρίαν
2956 4304 3118 4362 αὐτὸν
3165 4305 3647 4374 ὑπομεμενηκέναι

1978 4389 2120 4460 βίαν,
2154 4388 2248 4440 καὶ
2288 4385 2537 4456 μηχανὰς
2569 4385 2964 4456 πολυτρόπους,
2997 4385 3147 4456 1407]
3181 4386 3320 4439 ὥστε
3352 4390 3609 4455 ἐμπεσεῖν
3630 4401 3644 4416 ⁸

1974 4473 2135 4526 τοῦτο
2163 4465 2258 4525 οὖν
2294 4471 2455 4523 αὑτὸν
2479 4469 2825 4540 ἐξαιρήσεται
2853 4470 2952 4537 τῆς
2973 4468 3245 4531 κολάσεως
3269 4487 3282 4532 ;
3320 4471 3431 4539 Μὴ,
3469 4487 3649 4540 παρα-

1979 4552 2147 4611 καλῶ,
2205 4551 2278 4620 μὴ
2320 4549 2410 4602 ἐπὶ
2441 4546 2696 4600 τοσοῦτον
2729 4548 3026 4617 ἀπατῶμεν
3069 4548 3315 4610 ἑαυτοὺς,
3347 4549 3478 4618 μηδέ
3516 4550 3650 4602 ὑπο-

1979 4627 2293 4702 κρινώμεθα
2326 4629 2538 4694 ἀγνοεῖν
2573 4626 2642 4679 τὰ
2676 4627 2769 4682 καὶ
2807 4628 2919 4688 τοῖς
2949 4626 3087 4694 ἄγαν
3124 4628 3279 4683 παισί
3315 4628 3550 4698 φανερά..
3575 4629 3658 4685 Οὐ,

1979 4709 2088 4779 γὰρ
2117 4709 2284 4776 δήπου
2326 4705 2421 4757 καὶ
2471 4704 2564 4756 ἐπὶ
2619 4704 2728 4759 τῶν
2760 4704 2999 4757 εὐθυνῶν
3057 4703 3196 4776 αὕτη
3231 4705 3334 4773 τῆς
3366 4706 3587 4770 ἀγνοίας
3615 4709 3648 4757 ᾖ

1981 4785 2342 4857 προσποίησις
2367 4784 2515 4853 ἡμᾶς
2542 4783 2822 4852 ὠφελῆσαι
2845 4783 3154 4853 δυνήσεται.
3177 4785 3289 4839 Ούκ
3313 4784 3653 4848 ἐσπούδασας

1978 4866 2140 4927 αὐτὸς
2186 4863 2390 4930 ταύτην
2434 4861 2688 4925 δέξασθαι
2736 4863 2837 4932 τὴν
2869 4861 3064 4932 ἀρχὴν,
3110 4863 3396 4916 ἀσθένειαν
3442 4863 3653 4930 σεαυτῷ

1980 4941 2268 5005 συνειδὼς;
2299 4937 2357 4994 εὖ
2412 4941 2508 4992 καί
2541 4940 2743 5004 καλῶς.
2797 4942 2998 5011 Ἐχρῆν
3051 4938 3147 4994 οῦν
3181 4942 3317 5012 μετά
3351 4943 3449 5010 τῆς
3484 4942 3654 5011 αὐτῆς

1978 5023 2373 5094 προαιρέσεως,
2398 5021 2492 5072 καὶ
2522 5020 2723 5089 ἐτέρων
2747 5020 3074 5082 καλούντων,
3119 5022 3426 5091 ἀποπηδᾷν.
3461 5023 3539 5072 Ἧι
3566 5021 3655 5072 ὅτε

1983 5104 2081 5170 μὲν
2113 5101 2284 5162 οὐδεὶς
2313 5098 2516 5160 ἐκάλει,
2548 5097 2781 5168 ἀσθενὴς
2817 5099 2881 5151 σὺ
2916 5100 3009 5152 καὶ
3039 5101 3140 5158 οὐκ
3168 5102 3472 5170 ἐπιτήδειος
3493 5115 3505 5126 ’
3534 5100 3656 5153 ἐπεὶ

1979 5181 2035 5234 δέ
2083 5177 2104 5217 ι
2172 5178 2476 5249 εὑρέθησαν
2509 5179 2558 5232 οἰ
2585 5175 2850 5241 δώσοντες
2878 5178 2978 5249 τὴν
3023 5175 3213 5249 τιμὴν,
3251 5179 3478 5246 γέγονας
3508 5179 3655 5244 ἐξαί-

1981 5277 2119 5329 φνης
2153 5257 2405 5327 ίσχυρός;
2440 5256 2616 5320 Γέλως
2644 5257 2816 5310 ταῦτα
2857 5259 2952 5314 καὶ
2992 5257 3161 5335 λῆρος,
3188 5260 3399 5329 καὶτῆς
3420 5261 3658 5329 ἐσχάτης

1983 5340 2106 5403 ἀξια
2127 5337 2414 5408 τιμωρίας.
2444 5336 2543 5389 Διά
2574 5338 2682 5409 γὰρ
2704 5335 2864 5390 τοῦτο
2896 5337 2989 5389 καὶ
3006 5340 3034 5391 ό
3065 5337 3268 5409 Κύριος
3287 5343 3560 5408 παραινεῖ,
3584 5339 3657 5408 μὴ

2044 5482 2072 5519 ll
2101 5483 2196 5530 Alii
2219 5484 2351 5543 μένῃ.

2052 5545 2187 5645 ιηῗιὶἱ
2209 5541 2397 5605 ἀπειλῇ.
2429 5543 2555 5593 Infra
2579 5542 2662 5592 alii
2686 5544 2766 5591 καὶ
2792 5545 2881 5592 οὐκ
2904 5545 2960 5592 ἂν
2985 5546 3195 5606 εἷξωμεν.
3223 5544 3347 5594 Infra
3379 5543 3460 5591 alii
3487 5541 3658 5589 ἐπιδεῖ-

2052 5615 2194 5652 )σ]αι.
2327 5643 2331 5647 .

1984 5624 2176 5653 κνυσυαι
2184 5643 2194 5653 .

2058 5667 2068 5715 i
2103 5669 2301 5726 Aliquot
2323 5679 2435 5712 mss.
2465 5667 2709 5727 καλοῖμεν.
2743 5664 2803 5714 Ὀ
2828 5667 2879 5714 δὲ
2903 5667 3081 5715 ἕποιτο.

2053 5730 2074 5765 k
2103 5724 2252 5776 Savi'.
2277 5735 2322 5772 (ιι
2345 5729 2530 5789 aliquot
2551 5724 2663 5773 més.
2695 5728 2809 5789 πρὸς
2829 5729 2884 5774 τὸ
2907 5729 3161 5789 διαφυγεῖν,
3185 5727 3356 5777 Morel.
3382 5734 3432 5775 et
3456 5724 3662 5787 υιίἱπρὸς

1991 5791 2056 5853 τὸ*
2086 5790 2328 5853 μῂλᾷιαφη
2352 5795 2410 5853 εί
2427 5788 2550 5853 infra
2573 5790 2652 5838 alii
2675 5788 2799 5837 ὥστε
2819 5792 2885 5850 μή
2915 5788 3153 5853 ἐμπεσεῖν.

2045 5849 2060 5888 Ι
2091 5849 2190 5900 Alii
2213 5850 2370 5901 ἐπειδή
2395 5851 2462 5899 δέ.
