4198 6324
223 526 230 532 ,
255 464 408 534 prius
429 457 592 532 iaciat
631 457 1060 522 fundamentum,
1086 465 1246 525 quam
1269 449 1414 506 vires
1453 445 1583 504 suas
1604 440 1856 534 explora-

253 554 416 620 verit,
446 568 516 608 ne
536 547 986 623 praetereuntibus
1001 549 1283 606 sescentas
1301 536 1509 594 ridendi
1534 546 1694 591 ansas
1719 545 1861 623 prai-

255 645 404 700 beat.
446 620 688 700 Atinius
713 638 929 711 quidem
970 636 1179 708 jactura
1204 632 1319 688 ωιι
1356 625 1630 685 derisione
1673 620 1859 679 termi-

257 747 416 790 natur
442 715 469 803 ;.
498 735 586 790 bic
611 747 742 788 vero
785 727 1105 803 supplicium
1147 733 1232 782 est
1261 721 1396 794 ignis
1433 712 1860 788 inauiuguibitis
1890 728 1892 730 '

258 824 483 899 (lout.
512 827 569 882 3.
593 824 710 896 12),
739 821 939 877 vermis
962 818 1056 890 qui
1079 831 1190 873 non
1225 813 1473 874 moritur.
1499 806 1703 899 stridor
1727 804 1860 860 den-

261 896 424 982 tium,
458 915 697 970 tenebrae
722 910 1038 966 exteriores.
1069 901 1349 966 dissecari,
1382 901 1436 956 in
1458 896 1860 969 bypocritarum

258 1001 498 1054 numero
517 994 781 1053 constitui
800 991 960 1066 (ικαὶ.
980 992 1174 1049 66.24.
1194 990 1503 1052 lattli.25.
1520 989 1636 1063 30).
1654 988 1864 1047 ﬂorum

260 1085 452 1145 ta'inen
478 1089 727 1144 omnium
758 1086 898 1142 nihil
923 1073 1266 1158 perpendere
1294 1085 1484 1166 volunt
1503 1087 1868 1141 accusatores

259 1181 440 1236 nostri
462 1196 478 1235 :
496 1179 743 1250 alioquin
759 1177 925 1234 linem
944 1177 1202 1250 culpandi
1217 1178 1340 1249 ejus
1358 1174 1619 1243 iacerent,
1637 1175 1732 1248 qui
1749 1177 1870 1232 neu

260 1274 467 1331 frustra
490 1273 668 1345 perire
689 1271 840 1328 velit.
860 1270 976 1328 Non
1003 1270 1179 1340 agitur
1202 1281 1346 1329 nunc
1372 1263 1443 1320 de
1462 1260 1866 1332 dispensatione

263 1365 522 1422 frumenti
541 1374 597 1422 et
620 1363 830 1429 hordei,
856 1363 1019 1418 boum
1041 1368 1103 1416 et
1123 1358 1326 1423 ovium,
1351 1354 1685 1423 aliorumque
1712 1349 1867 1406 simi-

261 1457 422 1525 lium,
452 1455 554 1512 sed
571 1453 643 1510 de
668 1433 788 1524 ipso
812 1451 942 1508 ,νοω
959 1463 1206 1521 corpore.
1232 1447 1367 1502 Nam
1395 1444 1638 1500 Ecclesia
1665 1439 1869 1497 Christi

261 1547 566 1608 secundum
582 1546 811 1604 beatum
835 1544 1066 1602 Pauhtm
1083 1556 1281 1611 corpus
1302 1538 1504 1596 Christi
1530 1546 1615 1594 est
1642 1535 1869 1609 (Colon.

263 1641 320 1696 f.
349 1636 446 1709 18)
488 1653 741 1710 :parque
781 1645 867 1694 est
889 1651 1039 1702 eum,
1066 1634 1156 1715 cui
1199 1646 1401 1703 corpus
1440 1631 1573 1686 illud
1599 1629 1870 1685 creditum

261 1739 374 1799 est,
399 1729 518 1801 ejus
542 1729 784 1788 acutum
811 1714 1099 1801 optimam,
1121 1733 1179 1783 et
1210 1726 1480 1796 ingentem
1509 1720 1870 1794 pulchritudi-

264 1837 402 1877 nem
437 1835 652 1877 summe
692 1834 917 1887 curare,
948 1826 1006 1874 et
1042 1816 1282 1887 undique
1315 1815 1758 1883 circumspicere,
1801 1827 1872 1868 ne

265 1914 508 1982 macula,
535 1910 623 1971 vel
669 1928 832 1985 ruga,
867 1912 953 1967 vel
982 1911 1130 1968 labes
1165 1909 1360 1964 similis
1386 1907 1504 1978 ejus
1531 1907 1768 1977 speciem
1806 1920 1875 1962 ac

263 2007 522 2064 decorem
565 2005 888 2068 dehonestet
933 2001 1151 2075 (Ephes.
1193 2003 1251 2060 5.
1294 2001 1409 2070 27).
1459 1999 1531 2056 Et
1555 1999 1684 2071 quid
1725 1998 1874 2082 aliud

267 2107 512 2168 praestet,
539 2113 702 2167 quam
739 2105 796 2151 ut
816 2095 948 2152 illud
977 2096 1154 2165 capite
1190 2089 1479 2171 immortali
1505 2107 1570 2148 ac
1601 2092 1761 2148 beato
1782 2087 1872 2146 di-

266 2205 434 2260 gnum
481 2181 774 2246 exhibeat?
797 2187 937 2263 Nam
971 2188 1062 2258 qui
1104 2186 1376 2242 athletice
1393 2181 1696 2245 habitudini
1736 2183 1870 2238 dant

267 2298 531 2354 operam,
573 2297 711 2352 opus
756 2279 958 2338 habent
1013 2279 1275 2347 medicis,
1323 2275 1672 2357 pedosribis,
1711 2275 1886 2332 diaeta.

272 2380 597 2443 temperata,
614 2371 1003 2428 exercitatione
1029 2369 1322 2442 frequenti,
1345 2368 1661 2442 inﬁnitaque
1681 2369 1877 2432 obsor-

274 2464 493 2520 vatione
529 2481 546 2518 :
591 2463 793 2518 etenim
822 2464 869 2517 si
892 2462 1023 2532 quid
1048 2463 1135 2522 vel
1159 2462 1440 2518 minimum
1469 2451 1797 2533 negligatur,
1819 2457 1897 2528 id.

269 2557 454 2611 omnia
480 2556 677 2611 evertit
701 2569 766 2610 ac
804 2554 991 2625 dejicit
1027 2571 1042 2609 :
1083 2553 1119 2609 ii
1154 2553 1351 2625 quibus
1388 2553 1635 2625 corporis
1674 2551 1875 2608 Christi

207 2646 210 2647 ⁷
270 2661 408 2713 (ιω-ι
427 2632 708 2720 incumbit,
735 2635 822 2701 cui
848 2645 1064 2715 corpori
1092 2653 1366 2702 certamen
1395 2655 1504 2711 est,
1543 2658 1652 2700 non
1684 2650 1872 2699 contra

270 2735 526 2807 corpora,
573 2734 670 2791 sed
695 2745 886 2791 contra
911 2734 1206 2803 invisibiles
1243 2742 1558 2806 potestates,
1603 2732 1881 2804 quomodo

273 2827 406 2888 illud
435 2827 703 2899 integrum
727 2835 785 2885 et
809 2841 1002 2883 sanum
1032 2842 1255 2887 servare
1298 2836 1576 2899 poterunt,
1599 2827 1731 2883 “nisi
1761 2827 1880 2882 'hu-

274 2932 493 2973 matiam
538 2919 792 2974 virtutem
832 2919 1058 2973 multum
1109 2919 1514 2986 transcendant,
1561 2926 1619 2974 et
1658 2933 1877 2975 omnem

271 3011 471 3068 anima:
495 3009 682 3067 utilem
709 3009 932 3065 curandi
952 3009 1173 3066 modum
1203 3011 1372 3080 probe
1399 3011 1625 3067 norint?

342 3094 402 3158 3.
431 3102 708 3160 Sacerdoti
749 3103 1216 3160 accusationem:
1245 3104 1536 3174 expeditam
1561 3105 1765 3159 ditandi
1786 3107 1880 3176 [a-

270 3196 537 3259 eattatan.
560 3225 638 3237 —
656 3197 742 3248 An
770 3193 989 3264 ignoras
1014 3195 1118 3261 hoc
1147 3209 1347 3264 corpus
1379 3195 1624 3266 pluribus
1649 3200 1720 3252 et;
1731 3210 1904 3277 mor-1

271 3285 362 3340 bis
383 3295 443 3342 et
465 3285 671 3341 insidiis
688 3285 988 3340 obnoxium
1015 3299 1158 3350 esse,
1185 3301 1348 3356 quam
1371 3301 1591 3342 carnem
1611 3297 1874 3358 nostram,

271 3376 514 3446 itemque
540 3375 702 3430 citius
732 3375 1009 3445 corrumpi
1037 3376 1349 3447 tardiusque
1384 3377 1604 3432 sanari?
1631 3378 1878 3435 Humana

271 3475 426 3523 certe
461 3482 692 3538 corpora
718 3467 1034 3525 conatibus
1057 3470 1204 3523 varia
1233 3469 1458 3526 inventa
1486 3479 1616 3526 sunt
1640 3471 1880 3528 medica-

271 3558 444 3624 mina,
492 3558 831 3614 diversorum
874 3558 1357 3625 instrumentorum
1408 3571 1720 3632 apparatus,
1773 3565 1878 3618 ali-

269 3657 468 3705 menta
481 3649 641 3719 aegris
673 3649 1023 3720 congruentia
1052 3665 1068 3703 :
1098 3652 1242 3706 aeris
1267 3666 1484 3722 quoque
1515 3665 1704 3709 natura
1729 3669 1878 3726 stupe

270 3738 475 3796 sufﬁcit
496 3739 578 3813 ad,
599 3740 735 3810 aegri
770 3741 1163 3808 valetudinem;
1194 3751 1279 3798 est
1302 3743 1464 3798 etiam
1502 3758 1628 3800 cum
1653 3759 1878 3803 somnus

269 3841 575 3902 opportune
610 3832 810 3890 cadens
859 3833 1088 3891 omnem.
1118 3834 1330 3892 medico
1365 3836 1607 3893 laborem
1645 3838 1875 3915 auferat.

273 3923 377 3980 Hic
401 3938 532 3979 vero
554 3924 686 3980 nihil
707 3925 892 3996 siuiile
931 3926 1226 3998 excogitari
1257 3937 1467 3997 potest;
1493 3929 1590 3986 sed
1620 3945 1726 3986 una
1753 3939 1878 4002 post

272 4031 503 4086 operum
530 4016 841 4086 exemplum
869 4016 1031 4073 datur
1052 4019 1301 4076 machina
1329 4019 1522 4091 viaque
1544 4020 1613 4076 ad
1641 4022 1879 4078 curatio-

242 4105 425 4172 ’ωδ
458 4117 666 4176 nempe
682 4107 832 4162 verbi
865 4106 1130 4163 doctrina.
1174 4109 1288 4166 [loc
1315 4118 1400 4166 est
1426 4111 1874 4182 instrumentum,

272 4196 380 4252 hoc
404 4210 537 4254 esca
554 4235 574 4261 ,
616 4196 725 4252 hoc
749 4198 894 4255 aeris
922 4200 1213 4270 temperies
1235 4202 1462 4272 optima,
1493 4203 1600 4260 hoc
1619 4205 1740 4261 vice
1761 4221 1876 4260 me-

271 4289 599 4355 dicamenti,
638 4288 1056 4363 hoeviceignis
1097 4294 1320 4350 acvice
1361 4295 1879 4366 ferri:siveuren-

271 4380 423 4448 Mm,
445 4381 573 4437 sive
588 4382 880 4438 secaiadum
907 4386 1004 4451 sit,
1025 4384 1120 4440 illo
1147 4384 1226 4440 uti
1257 4400 1483 4454 necesse
1505 4396 1591 4444 est
1617 4405 1631 4442 :
1663 4389 1710 4444 si
1741 4388 1879 4446 illud

271 4471 409 4528 nihil
450 4472 646 4542 possit,
668 4474 878 4544 reliqua
899 4474 1088 4551 oinnia
1107 4463 1388 4533 incassum
1427 4477 1648 4534 abeunt.
1680 4479 1798 4535 Hoc
1821 4488 1880 4536 et

268 4563 542 4633 iacentem
567 4563 802 4620 animam
825 4568 1146 4634 excitamus,
1168 4576 1225 4623 et
1254 4576 1551 4625 tumentem
1578 4562 1880 4642 compesci-

275 4672 397 4712 Inus
418 4698 437 4723 ,
463 4663 523 4711 et
559 4655 918 4729 redundantia
943 4657 1313 4726 prmeidimus,
1342 4667 1398 4715 et
1419 4659 1724 4718 deficientia
1750 4679 1881 4734 sup-

273 4749 507 4819 plemus,
550 4756 608 4803 et
634 4749 841 4828 reliqua
878 4749 1059 4804 omnia
1096 4748 1344 4818 facimus,
1393 4766 1515 4822 qtae
1561 4750 1631 4807 ad
1682 4755 1879 4811 animm

266 4838 562 4894 conferunt
580 4838 1028 4897 incolumitatem.
1053 4839 1189 4896 Nam
1217 4840 1285 4896 ad
1313 4842 1439 4898 vitae
1466 4841 1724 4914 Optimam
1748 4861 1881 4902 con-

269 4931 614 4986 stitutionem
631 4932 855 4988 alterius
875 4934 985 4988 vita
1013 4934 1082 4989 ad
1113 4935 1290 5008 simile
1317 4937 1551 4992 studium
1574 4947 1632 4994 et
1654 4941 1880 4996 temule-

275 5022 481 5077 tionem
507 5035 766 5079 revocare
789 5024 979 5092 possit.
1004 5025 1140 5080 Cum
1163 5033 1348 5082 autem
1372 5013 1549 5085 anima
1579 5031 1724 5086 circa
1744 5048 1875 5103 spu-

275 5114 353 5166 ria
381 5113 639 5185 dogmata
661 5125 915 5186 aegrotat,
937 5125 1067 5174 tunc
1091 5119 1242 5175 verbi
1264 5135 1396 5176 usus
1420 5122 1656 5179 maxime
1683 5140 1873 5181 neces-

273 5203 452 5259 sarius
473 5214 578 5272 est,
600 5221 708 5260 non
732 5206 800 5261 ad
823 5207 1248 5266 domesticorum
1273 5215 1618 5270 securitatem
1643 5226 1875 5285 tantum,

273 5310 464 5350 verum
499 5297 661 5352 ctiam
683 5299 752 5354 ad
776 5308 1003 5358 externa
1034 5303 1190 5359 bella.
1221 5303 1355 5359 Nam
1384 5307 1432 5361 si
1452 5308 1576 5378 quis
1615 5310 1874 5368 frameam

272 5385 498 5456 spiritus
517 5386 735 5455 habeat,
759 5391 1114 5464 elypeumque
1133 5393 1258 5452 ﬁdei
1286 5396 1470 5464 talem;
1499 5405 1560 5454 ut
1581 5387 1752 5470 possit
1777 5405 1879 5459 mi-

275 5476 456 5529 racula
485 5476 670 5543 edere,
701 5486 758 5533 et
784 5482 1046 5549 portentis
1073 5483 1466 5554 impudentiam
1509 5502 1604 5543 ora
1629 5491 1877 5548 obstrue-

238 5618 243 5622 .
272 5580 354 5634 re,
383 5567 518 5623 nihil
547 5583 686 5639 opus
708 5569 872 5633 fuerit
895 5567 1095 5642 verbo;
1127 5575 1238 5631 imo
1264 5591 1333 5632 ne
1363 5585 1490 5634 tunc
1510 5581 1726 5650 quidem
1752 5585 1875 5640 inu-

273 5657 384 5714 tilis
409 5667 560 5727 esset
586 5659 706 5731 ejus
744 5671 954 5732 natura,
986 5665 1082 5721 sed
1107 5667 1272 5722 etiam
1295 5668 1586 5742 admodum
1626 5687 1877 5731 necessa-

273 5749 371 5805 ria.
398 5748 615 5806 Etenim
639 5751 702 5807 Β.
729 5750 927 5811 Paulus
957 5755 1129 5825 imum
1159 5757 1420 5828 adhibuit,
1451 5760 1662 5820 etiamsi
1692 5765 1872 5837 signo-

1469 327 1558 385 ou
1592 319 2046 412 SACERDQ'I‘IO.
2084 320 2216 377 LIB.
2256 320 2348 378 iv.

3457 320 3563 378 665

1966 454 2087 494 rum
2115 426 2288 511 gratia
2311 437 2508 512 ubique
2529 414 2874 496 admii'ationi
2897 446 3060 496 esset.
3095 437 3164 494 Et
3185 436 3326 509 alius
3346 436 3565 509 quitiam

1962 546 2030 587 ex
2058 525 2248 586 eodem
2268 530 2438 587 choro
2457 573 2474 597 ,
2524 542 2586 588 ut
2611 531 2762 588 verbi
2789 532 2996 587 virtutis
3020 545 3205 586 curam
3246 526 3568 596 habeamus,

1963 632 2162 692 monet.
2182 624 2268 680 bis
2317 624 2505 680 verbis
2546 635 2565 679 :
2616 623 2802 678 Parati
2850 633 3008 678 estote
3045 621 3118 676 ad
3166 609 3570 696 satisfactionem

1963 716 2102 771 οωνιὶ
2129 700 2352 786 poscenti
2381 731 2470 770 eos
2504 716 2754 770 rationem
2773 715 2839 770 de
2870 731 2954 782 ea,
2983 730 3098 786 quc
3119 713 3175 769 in
3198 713 3336 769 vobis
3357 721 3452 780 est,
3477 727 3572 789 spe

1965 808 2016 880 (l
2048 798 2196 863 Patr.
2247 807 2305 864 5.
2333 807 2462 880 l5).
2497 807 2566 862 Et
2602 806 2993 886 quidempulla
3020 806 3124 862 alia
3149 804 3222 864 de
3249 818 3414 862 causa
3442 813 3574 860 tunc

1964 913 2157 971 omnes
2177 898 2454 969 Stephano
2471 897 2752 954 viduarum
2774 896 3132 962 meonomiam
3154 893 3571 960 commiserunt,

1945 1005 2126 1060 quam
2169 997 2230 1045 ut
2266 989 2367 1061 ipsi
2407 989 2560 1045 verbi
2588 989 2890 1063 ministerio
2931 996 3184 1043 vacarent
3205 985 3358 1058 (Act.
3378 984 3436 1041 6.
3471 982 3572 1056 2).

1966 1082 2348 1166 Verumtamen
2366 1097 2476 1138 non
2495 1082 2719 1154 perinde
2733 1081 2956 1166 verbum
2969 1082 3387 1150 requireremus,
3404 1078 3452 1134 si
3468 1078 3578 1146 vir-
3615 1088 3619 1095 ‘
3691 1080 3694 1084 ‘

1967 1182 2138 1230 tutem
2165 1161 2821 1246 signorum'haberemusi
2850 1173 2943 1230 Sin
2975 1172 3190 1240 virtutis
3213 1171 3353 1226 illius
3383 1174 3456 1226 ne
3481 1184 3579 1225 ve—

1967 1267 2187 1339 stigium
2229 1267 2449 1338 quidem
2480 1267 2837 1336 relinquitur,
2878 1264 3032 1320 multi
3057 1279 3190 1320 vero
3227 1257 3466 1334 undique
3492 1261 3579 1318 in-

1968 1369 2115 1417 stant
2161 1360 2385 1428 inimici,
2437 1354 3041 1417 sermonemuniamur
3086 1371 3311 1414 necesse
3352 1363 3458 1422 est,
3508 1369 3578 1411 ne

1971 1452 2312 1509 inimicorum
2352 1436 2474 1512 telis
2523 1451 2943 1519 confodiamur,
2969 1452 3078 1506 imo
3101 1449 3280 1524 potius
3325 1458 3384 1505 ut
3431 1448 3578 1520 ipsos

1971 1543 2254 1605 feriamus.
2517 1604 2519 1606 ,
3073 1594 3078 1597 ,

2044 1636 2112 1709 4.)
2132 1635 2214 1691 Ad
2230 1633 2433 1707 mauis
3096 1649 3206 1690 esse
3227 1640 3482 1704 oportere.
3506 1659 3581 1672 -—

1972 1718 2517 1802 Quapropteringeos
2539 1729 2797 1785 adhibere
2818 1729 3055 1785 studium
3074 1735 3310 1798 oportet,
3335 1733 3397 1781 ut
3419 1724 3583 1781 Clari-

1974 1825 2045 1879 sti
2071 1823 2296 1880 verbum
2336 1815 2544 1878 affatim
2573 1822 2628 1878 in
2665 1822 2825 1887 nobis
2865 1820 3070 1877 habitet
3094 1818 3332 1896 (Colon.
3361 1813 3581 1900 ὅτιὸ).

1973 1915 2163 1987 Neque
2191 1915 2335 1971 enim
2364 1914 2435 1969 ad
2460 1930 2626 1969 unum
2666 1927 2859 1984 pugna:
2878 1917 3366 1984 genussppanm
3394 1916 3590 1974 noster.

1975 2015 2094 2073 est,
2122 2005 2219 2062 sed
2244 2005 2522 2077 multiplex
2552 2005 2657 2062 hoc
2679 2004 2878 2060 bellum
2904 2012 2989 2060 est
3009 2045 3032 2072 ,
3071 2018 3139 2060 ea
3164 2000 3584 2071 variisque-cou-

1975 2106 2131 2155 stans
2144 2098 2394 2155 inimicis.
2416 2098 2603 2169 Neque
2621 2096 2737 2168 ipsi
2749 2095 2940 2151 iisdem
2961 2103 3183 2151 utuntur
3205 2086 3392 2160 armis,
3409 2106 3585 2162 neque

1977 2205 2088 2245 uno
2115 2197 2326 2244 tantum
2372 2187 2538 2265 modo
2577 2187 2858 2243 nobiscum
2907 2184 3167 2256 congredi
3209 2183 3581 2245 meditantur:

1977 2291 2220 2352 opusque
2238 2289 2324 2337 est
2347 2294 2493 2346 eum,
2522 2279 2617 2350 qui
2639 2294 2767 2335 cum
2789 2277 3041 2334 omnibus
3070 2291 3301 2348 pugnam
3324 2275 3584 2333 commis-

1977 2362 2137 2430 surus
2159 2372 2275 2438 est,
2295 2372 2536 2428 omnium
2565 2370 2790 2426 techsas
2816 2378 2971 2432 notas
2997 2369 3214 2434 habere.
3242 2382 3311 2424 ae
3332 2367 3585 2424 eumdem

1978 2479 2102 2520 esse
2125 2461 2460 2533 sagittarium
2485 2470 2544 2518 et
2567 2452 2897 2535 funrhtorem
2914 2500 2932 2525 ,
2959 2459 3234 2516 tribunum
3255 2465 3310 2538 et
3329 2457 3586 2528 manipuli

1980 2555 2284 2618 ductorem,
2313 2553 2539 2610 militem
2563 2561 2621 2608 et
2637 2550 3108 2625 ducere..th
3133 2557 3190 2606 et
3207 2550 3465 2620 equitem,
3491 2562 3590 2604 na-

1981 2638 2119 2702 salis
2145 2655 2200 2702 et
2221 2645 2442 2701 muralis
2463 2659 2656 2715 pugnae
2675 2642 2924 2713 peritum.
2954 2641 3167 2698 Etenim
3187 2641 3242 2696 in
3267 2639 3588 2699 militaribus

1981 2739 2199 2810 prmliis,
2230 2738 2378 2808 quod
2398 2737 2627 2808 quisque
2650 2751 2791 2807 opus
2815 2734 3178 2807 peragendum
3203 2734 3448 2805 suscipit.
3482 2734 3588 2790 hoc

1968 2816 2554 2901 iuuenes-propulsat
2586 2846 2601 2884 :
2629 2827 2720 2885 hic
2742 2844 2874 2884 vero
2909 2845 3018 2885 non
3041 2829 3115 2884 ita
3157 2843 3220 2885 se
3260 2843 3352 2885 res
3388 2827 3585 2894 habet;

1981 2924 2088 2978 nisi
2110 2923 2255 2978 enim
2280 2924 2372 2994 qui
2401 2922 2680 2978 victoriam
2701 2930 3072 2992 reportaturus
3090 2929 3200 2996 est,
3220 2935 3412 2978 omnes
3430 2920 3589 2978 dirui-

1979 3014 2139 3070 eandi
2163 3025 2311 3070 artes
2335 3017 2566 3081 noverit,
2592 3014 2742 3068 novit
2765 3012 3012 3069 diabolus
3036 3012 3122 3067 vel
3147 3027 3245 3083 per
3271 3013 3437 3068 unam
3458 3029 3586 3084 par-

1979 3116 2120 3174 tem,
2143 3109 2188 3163 si
2211 3121 2278 3163 ea
2317 3107 2639 3178 negligatur,
2664 3105 3009 3177 pradonibus
3032 3106 3145 3162 suis
3172 3099 3590 3163 immissis-oves

1979 3199 2237 3270 diripere.
2266 3201 2339 3254 At
2383 3215 2490 3255 non
2536 3200 2668 3256 item
2690 3214 2816 3255 cum
2862 3208 3132 3270 pastorem
3182 3200 3425 3255 senserit
3438 3200 3588 3255 omni

1980 3292 2208 3348 scientia
2239 3291 2520 3362 praeditum
2537 3305 2691 3357 esse,
2704 3304 3012 3362 “omnesque
3031 3293 3205 3363 ipsius
3223 3291 3444 3368 insidias
3465 3307 3602 3363 prem

1980 3383 2050 3440 be
2076 3384 2297 3439 callere.
2321 3383 2687 3451 Quamébrem
2714 3393 2929 3461 oportet
2955 3399 3058 3440 nos
3083 3385 3334 3462 erunibus
3363 3401 3428 3440 ex
3459 3399 3588 3454 pars

1979 3473 2126 3530 tibus
2161 3469 2400 3530 munitos
2435 3487 2579 3530 esse.
2603 3475 2816 3529 Etenim
2845 3475 2972 3530 urbs
2999 3475 3176 3531 donec
3217 3475 3451 3545 undique
3477 3477 3588 3531 cir-

1981 3565 2312 3620 cummunita
2338 3555 2784 3633 esg’obsidentes
2810 3580 2873 3623 se
2898 3567 3117 3632 irridet,
3162 3582 3226 3622 ac
3271 3582 3463 3624 secure
3488 3569 3588 3623 ad-

1981 3657 2202 3713 modum
2228 3658 2366 3728 agit;
2398 3659 2446 3713 si
2473 3659 2595 3728 quis
2639 3673 2772 3715 vero
2791 3674 3002 3714 murum
3045 3658 3273 3715 diruerit
3307 3660 3376 3716 ad
3410 3661 3618 3738 ianum.

1980 3751 2159 3824 solum
2188 3751 2636 3822 magnitudinem,
2662 3759 2790 3808 tunc
2818 3751 2951 3807 nihil
2979 3753 3053 3808 illi
3078 3753 3302 3824 prodest
3331 3764 3544 3824 septum
3569 3797 3586 3819 .

1976 3843 2108 3899 licet
2133 3844 2401 3915 reliquum
2445 3851 2610 3900 omne
2651 3841 2918 3900 munitum
2967 3847 3058 3901 sit.
3100 3846 3304 3901 Eodem
3348 3846 3510 3903 modo
3533 3861 3590 3907 et

1975 3934 2078 3989 ﬁci
2104 3932 2319 4004 civim,
2338 3935 2464 3990 dum
2484 3950 2605 3992 eam
2635 3936 2872 4015 undique
2901 3950 2999 4007 pro
3027 3952 3186 3993 muro
3210 3939 3378 3994 ambit
3402 3947 3588 4009 pasto-

1982 4027 2060 4081 ris
2079 4025 2303 4083 solertia
2328 4036 2492 4098 atque
2519 4027 2797 4098 prudentia
2817 4069 2851 4096 ,_
2880 4027 3207 4085 adversariis
3242 4044 3355 4086 sua:
3399 4045 3607 4087 omnes.

1981 4118 2249 4176 machinas
2284 4118 2348 4173 in
2393 4119 2742 4190 opprobrium
2769 4120 3049 4191 risumque
3098 4121 3317 4186 cedunt,
3355 4136 3591 4193 eamque

1983 4208 2280 4265 incolentes
2315 4210 2468 4266 illaesi
2495 4210 2764 4277 evadunt;
2808 4211 2898 4266 ubi
2939 4221 3119 4267 autem
3172 4213 3438 4284 quispiam
3467 4229 3588 4270 eam

1980 4315 2049 4356 ex
2075 4310 2228 4373 parte
2247 4301 2499 4358 demoliri
2523 4304 2714 4373 possit,
2734 4303 2947 4359 etiamsi
2973 4319 3081 4359 non
3114 4291 3280 4361 totam
3304 4305 3592 4363 destruxe-

1981 4392 2075 4459 rit,
2101 4408 2133 4449 a
2159 4395 2314 4464 parte
2339 4401 2516 4449 totum
2534 4433 2550 4458 ,
2582 4404 2641 4450 ut
2664 4394 2736 4452 ita
2765 4395 2964 4461 dicam,
3001 4392 3258 4468 deinceps
3292 4397 3588 4454 labefacta.

1985 4495 2093 4541 tur.
2122 4485 2264 4554 Quid
2290 4485 2439 4541 enim
2489 4486 2724 4557 cuipiam
2774 4485 3038 4556 profucrit
3076 4487 3335 4560 adversus
3359 4491 3608 4560 gentiles.

1982 4575 2201 4631 fortiter
2224 4591 2466 4646 pugnare
2482 4579 2577 4644 ,-si
2601 4577 2752 4632 illum
2775 4577 3105 4647 populentur
3125 4577 3337 4638 Judaei?
3365 4581 3494 4651 quid
3517 4583 3586 4647 si,

1984 4669 2227 4738 utrisque
2258 4657 2522 4735 devictis,
2550 4683 2582 4723 ι
2606 4668 2913 4727 Manichieis
2951 4669 3232 4741 diripiatur
3245 4672 3282 4725 ft
3302 4673 3387 4728 vel
3431 4674 3476 4728 si
3505 4673 3591 4729 bis

1981 4761 2146 4815 etiam
2176 4761 2491 4830 prostratis,
2544 4761 2636 4831 qui
2660 4760 2830 4816 bium
2873 4761 3159 4830 inducunt,
3214 4763 3358 4818 intus
3387 4764 3600 4834 positas.

1981 4845 2423 4921 oves'juguleutl
2451 4851 2660 4922 Ecquid
2674 4865 2827 4922 opus
2853 4860 2946 4909 est
2964 4859 3153 4909 attines
3179 4855 3379 4912 diaboli
3417 4857 3594 4914 bere-

1982 4955 2074 4998 scs
2101 4942 2428 4997 recensere?
2442 4957 2581 5012 quas
2601 4956 2799 4999 omnes
2822 4943 2926 4999 nisi
2955 4953 3140 5014 pastor
3161 4947 3298 5002 sciat
3315 4947 3486 5018 probe
3504 4962 3591 5004 re-
3619 4947 3622 4949 λ

1983 5035 2188 5103 fallere,
2217 5035 2308 5091 vel
2349 5051 2448 5106 per
2473 5050 2634 5092 unam
2671 5039 2848 5108 possit
2884 5039 3044 5110 lupus
3087 5043 3374 5104 maximam
3401 5046 3590 5100 ovlum

1981 5139 2192 5200 partem
2217 5131 2507 5195 devorare.
2538 5126 2685 5191 Sane
2716 5151 2841 5191 cum
2881 5135 2950 5192 da
2988 5137 3247 5196 militibus
3295 5142 3603 5213 agiturkab-

1983 5221 2051 5277 iis
2076 5223 2169 5294 qui
2194 5232 2415 5280 stantet
2431 5225 2707 5292 dimicant,
2734 5229 2849 5284 sive
2875 5230 3118 5297 victoria,
3145 5233 3259 5299 sive
3283 5234 3466 5290 clades
3492 5251 3594 5293 ex-

1980 5315 2272 5384 spectanda
2306 5325 2392 5371 est
2425 5333 2441 5372 :
2473 5317 2562 5374 hic
2592 5333 2728 5378 vero
2763 5322 2926 5392 longe
2950 5336 3128 5380 secus.
3152 5322 3316 5395 Saepe
3358 5344 3590 5400 namque
3629 5400 3632 5404 .

1981 5405 2213 5462 aliorum
2240 5422 2440 5478 pugna,
2469 5420 2565 5464 eos
2582 5410 2678 5482 qui
2707 5427 2776 5466 ne
2793 5413 2868 5467 ab
2888 5403 3043 5468 initio
3063 5415 3281 5484 quidem
3307 5422 3589 5489 congressi

1981 5506 2131 5564 sunt,
2153 5499 2353 5570 quique
2387 5500 2597 5556 nullum
2635 5500 2927 5573 suscepere
2955 5504 3217 5575 laborem,
3245 5510 3591 5579 quiescentes

1980 5587 2339 5672 sedentesque
2378 5592 2615 5650 victores
2637 5596 2915 5652 constituit
2943 5612 2958 5650 :
2992 5605 3103 5652 tum
3131 5601 3176 5654 is
3200 5599 3293 5670 qui
3321 5614 3430 5658 non
3469 5618 3589 5658 ma-

1980 5693 2218 5750 gnopere
2245 5684 2574 5741 exercitatus
2598 5693 2714 5752 est,
2754 5687 2974 5758 proprio
2996 5689 3281 5746 confossus
3306 5691 3502 5763 gladio,
3531 5704 3588 5750 ct

1981 5772 2170 5829 amicis
2190 5782 2244 5829 et
2259 5773 2491 5833 inimicis
2515 5791 2576 5835 se
2595 5777 2951 5836 deridendum
2977 5780 3247 5858 propinat.
3279 5781 3437 5839 Vcrbi
3458 5799 3581 5853 gra-
