4198 6324
684 360 791 421 667

683 478 752 530 tia
783 478 928 550 (nam
959 476 1051 531 tibi
1077 475 1214 530 dicta
1246 490 1361 530 mea
1390 472 1634 543 exemplo
1672 473 1844 543 palam
1874 471 2049 525 facere
2100 477 2259 523 cona-

682 568 823 634 bor),
856 570 1023 644 legem
1045 584 1074 622 a
1108 569 1215 622 Deo
1236 561 1402 638 Moysi
1425 567 1600 620 datam
1626 576 1732 618 tum
1764 563 2029 619 Valentini
2050 572 2103 615 et
2124 561 2263 614 Mar-

614 704 627 715 .
679 659 848 712 ciouis
902 658 1118 711 insanitu
1165 672 1443 728 sequaces,
1493 666 1601 710 tum
1642 656 1730 709 alii
1770 662 2029 723 quotquot
2075 652 2261 706 eodem

681 752 869 805 morbo
893 752 1122 806 contacti
1142 762 1265 805 sunt
1284 767 1348 805 ex
1377 750 1673 804 divinarum
1700 749 2087 817 Scripturarum
2116 754 2262 799 cata—

681 846 807 914 logo
836 856 1180 914 expungunt:
1210 843 1379 899 Judu-i
1429 858 1557 897 vero
1589 851 1734 897 tanto
1764 842 1903 896 illam
1958 840 2008 893 in
2064 838 2265 892 honore

684 936 900 1001 habent,
929 944 986 989 ut
1009 937 1167 990 etiam
1201 943 1410 988 vetante
1443 944 1681 1002 tempore
1705 934 1882 987 omnia
1910 930 2259 992 contentiosa,

684 1025 764 1079 vel
797 1034 990 1093 pra-ter
1035 1026 1127 1079 Dei
1173 1025 1423 1094 placitum
1455 1024 1755 1078 observent.
1790 1024 1854 1076 At
1902 1020 2136 1083 Ecclesia
2173 1019 2264 1072 Dei

682 1116 959 1170 amborum
1007 1106 1411 1171 immoderatam
1460 1115 1776 1169 sententiam
1805 1112 2046 1168 devitans
2092 1110 2265 1165 media

682 1207 877 1271 incedit
906 1207 1010 1273 via,
1057 1216 1116 1263 ut
1162 1222 1262 1263 nec
1314 1206 1597 1276 illiusjugo
1644 1221 1703 1261 se
1728 1202 1992 1273 subjiciat,
2026 1217 2123 1257 nec
2147 1217 2263 1257 eam

681 1299 967 1368 improbari
998 1299 1264 1368 patiatur;
1298 1298 1405 1351 imo
1444 1298 1589 1351 illam
1618 1298 1704 1352 vel
1731 1305 2029 1351 cessantem
2053 1295 2261 1355 laudat,

678 1392 801 1460 quia
831 1391 955 1445 olim
1000 1392 1050 1445 in
1082 1400 1319 1459 tempore
1365 1405 1462 1444 suo
1493 1390 1635 1443 utilis
1673 1388 1789 1442 fttit.
1820 1388 2042 1457 Oportet
2089 1397 2263 1439 autem

680 1498 826 1547 eum,
858 1483 948 1551 qui
999 1482 1255 1535 adversus
1286 1481 1569 1535 utroslibet
1618 1480 1980 1534 debellaturus
2004 1478 2094 1539 sit,
2126 1477 2265 1528 hunc

681 1558 897 1626 modum
937 1574 1152 1627 callere.
1182 1571 1311 1626 Nam
1341 1571 1386 1624 si
1415 1572 1630 1625 Judzeos
1667 1570 1860 1623 docere
1886 1569 2090 1631 volens,
2124 1568 2263 1635 quod

682 1662 1053 1732 intempestive
1091 1661 1193 1732 legi
1230 1662 1396 1716 veteri
1443 1661 1697 1725 hmreant,
1724 1660 1918 1713 acriter
1942 1658 2085 1711 illam
2114 1658 2265 1711 incu-

678 1768 801 1808 sare
824 1748 1194 1824 aggrediatur,
1217 1750 1482 1805 haereticis
1511 1750 1677 1819 ipsam
1705 1750 2011 1818 vituperare
2038 1746 2263 1801 volenti-

680 1845 780 1899 bus
802 1859 906 1899 non
928 1833 1152 1915 parvam
1169 1841 1377 1898 dederit
1400 1858 1582 1896 ansam
1614 1841 1750 1903 :sin,
1780 1841 2151 1895 haereticorum
2172 1852 2264 1891 ora

682 1936 934 1991 abiurare
974 1935 1209 2000 volensi,‘
1233 1933 1377 1987 illam
1406 1932 1691 1986 immodice
1734 1930 2010 1993 extulerit,
2038 1939 2091 1982 et
2114 1928 2262 1997 quasi

677 2026 734 2080 in
767 2025 1017 2095 praesenti
1047 2022 1400 2078 necessariam
1430 2019 1884 2075 commendaverit
1904 2059 1919 2081 ,
1959 2017 2261 2072 Judmorum

680 2124 774 2170 ora
800 2115 1024 2183 aperiet.
1078 2112 1283 2166 Rursus
1326 2114 1565 2181 quicum
1616 2108 1850 2164 Sabellio
1892 2108 2181 2171 insaniunt,
2210 2116 2266 2162 et

678 2218 813 2274 quos
840 2204 950 2258 Arii
979 2192 1152 2256 rabios
1174 2200 1390 2264 invasit,
1419 2200 1576 2253 ambo
1602 2199 1739 2252 ultra
1766 2196 1985 2252 modum
2013 2209 2264 2266 progres-

679 2297 745 2356 si,
776 2309 805 2351 a
834 2307 961 2347 sana
992 2293 1094 2346 ﬁde
1125 2291 1255 2360 lapsi
1284 2292 1435 2353 sunt;
1468 2305 1530 2343 ac
1556 2280 1749 2343 nomen
1772 2288 1983 2357 quidem
2005 2286 2261 2341 Christia-

684 2389 874 2453 norum‘
898 2383 1105 2453 utrique
1132 2382 1373 2434 obtinent
1400 2398 1412 2432 :
1444 2381 1487 2434 si
1519 2381 1638 2449 quis
1660 2395 1787 2434 vero
1813 2394 1997 2433 eorum
2020 2377 2265 2446 dogmata

680 2474 996 2545 expcndcrit
1020 2516 1035 2539 ,
1069 2474 1201 2527 alios
1228 2472 1365 2525 haud
1399 2471 1588 2525 melius
1616 2486 1775 2539 quam
1803 2469 2017 2524 Iudaeos
2047 2468 2266 2523 affectos

681 2583 803 2622 esse
829 2566 1192 2635 deprehendet
1215 2576 1247 2629 ,'
1269 2578 1373 2617 uno
1400 2570 1602 2616 tantum
1638 2560 1863 2631 'cxccpto
1888 2561 2162 2614 nominum
2184 2558 2266 2611 di-

682 2657 965 2721 scriminc;
1014 2657 1148 2710 alios
1173 2669 1299 2708 vero
1328 2668 1571 2722 magnam
1617 2651 1925 2707 afﬁnitatem
1969 2665 2087 2705 cum
2120 2648 2267 2703 Pauli

682 2746 1015 2801 Samo‘sateni
1071 2746 1270 2801 haeresi
1320 2745 1518 2800 habere
1552 2762 1564 2796 :
1599 2743 1691 2797 sed
1722 2742 1974 2811 utrosque
2019 2742 2198 2811 procul
2237 2755 2267 2793 a

680 2840 910 2895 veritate
932 2853 1072 2893 esse.
1102 2838 1347 2907 Magnum
1397 2835 1668 2905 igiturhic
1695 2832 2011 2904 periculum,
2043 2844 2185 2887 arcta
2216 2840 2270 2887 et

684 2939 906 3001 angusta
962 2930 1043 2983 via
1093 2938 1195 2994 est,
1250 2927 1554 2997 prmcipitiis
1604 2927 1873 2990 utrimque
1929 2925 2265 2991 intercepta:

686 3031 969 3089 metusque
989 3028 1071 3073 est
1095 3034 1199 3073 non
1226 3018 1488 3081 modicus,
1529 3033 1597 3072 ne
1623 3017 1739 3087 quis
1766 3016 1926 3069 alium
1962 3013 2122 3071 ferire
2147 3024 2262 3069 stu-

684 3095 819 3167 dens
846 3110 916 3166 ab
938 3110 1044 3164 alio
1072 3108 1424 3165 confodialur.
1448 3109 1579 3163 Nam
1601 3109 1643 3162 si
1667 3109 1787 3178 quis
1808 3122 1964 3161 unam
1992 3106 2133 3160 dicat
2156 3104 2270 3159 dei-

687 3213 875 3265 tatem,
908 3201 1045 3256 hanc
1077 3201 1253 3255 statim
1276 3214 1458 3255 vocem
1488 3198 1747 3255 Sabellius
1772 3198 1838 3252 ad
1854 3211 2021 3252 ‘suam
2064 3205 2269 3265 pertra-

688 3292 1091 3355 bctinsaniatni
1118 3310 1139 3358 ;η
1178 3292 1261 3345 sin
1290 3291 1610 3352 distinxerit,
1669 3298 1721 3343 et
1765 3289 1926 3343 alium
1974 3288 2114 3342 dicat
2151 3302 2271 3341 esse

690 3384 921 3449 Patrem,
943 3383 1104 3437 alium
1127 3383 1339 3449 Filium,
1361 3383 1522 3436 alium
1546 3381 1797 3449 Spiritum
1826 3388 2086 3443 snnctum,
2113 3380 2274 3433 instat

690 3474 849 3529 Arius
877 3473 929 3529 in
972 3474 1329 3528 diversitatem
1360 3473 1669 3528 substantia:
1706 3486 2053 3541 personarum
2079 3470 2271 3523 distin-

688 3569 920 3623 ctionem
944 3568 1429 3637 trahens-Oportet
1453 3577 1632 3622 autem
1658 3577 1711 3622 et
1740 3558 1953 3636 impiam
1981 3565 2119 3619 illius
2147 3579 2273 3618 con-

691 3659 954 3714 fusionem
994 3668 1051 3713 et
1078 3658 1333 3713 furiosam
1379 3659 1537 3727 hujus
1587 3658 1898 3711 divisionem
1952 3656 2182 3709 aversari
2221 3662 2275 3710 et

692 3748 898 3818 fugere,
944 3747 1272 3805 divinitatem
1324 3749 1517 3813 Patris,
1570 3748 1691 3802 Filii
1740 3757 1794 3801 et
1832 3746 2059 3815 Spiritus
2104 3745 2273 3799 sancti

692 3857 851 3896 unam
880 3841 1217 3906 conﬁtentes,
1248 3851 1355 3894 tres
1384 3834 1561 3895 autem
1585 3839 1896 3911 hypostases
1925 3838 2274 3906 adjicientes:

696 3933 793 3987 bac
818 3933 1013 4003 quippe
1044 3934 1247 3986 ratione
1274 3942 1617 4000 utrorumque
1646 3932 1889 3984 incursus
1917 3942 2102 3982 arcere
2124 3935 2275 3996 pote-

696 4024 883 4077 rimus.
912 4023 1103 4078 Biultos
1125 4023 1248 4086 item
1273 4023 1405 4076 alios
1427 4036 1743 4091 congressus
1763 4035 2015 4075 enarrare
2041 4020 2131 4073 tibi
2154 4033 2277 4088 pos-

693 4129 910 4181 semus,
942 4116 993 4173 in
1031 4116 1242 4184 quibus,
1285 4114 1383 4167 nisi
1417 4113 1625 4169 fortiter
1654 4114 2043 4183 diligenterque
2072 4127 2268 4182 pugna-

697 4209 857 4271 veris,
890 4207 1113 4275 plurima
1144 4222 1208 4261 ex
1232 4206 1521 4260 certamine
1544 4206 1761 4260 vulnera
1795 4204 2016 4259 referes.

762 4298 819 4350 ὅ.
856 4296 1063 4364 Oportet
1088 4297 1233 4357 illum
1259 4296 1471 4365 petitum
1494 4312 1601 4349 esse
1619 4295 1913 4349 dialectices.
1937 4326 2005 4335 —
2020 4295 2137 4351 Jam
2159 4296 2280 4364 quis

698 4403 977 4444 recensere
1008 4387 1172 4457 possit
1202 4385 1617 4442 domesticorum
1645 4386 1828 4440 rixas?
1856 4386 1971 4448 Non
2002 4386 2143 4440 enim
2175 4386 2282 4440 illa:

697 4480 932 4534 minores
957 4488 1081 4532 sunt
1100 4478 1337 4532 externis
1364 4478 1663 4547 insultibus,
1689 4478 1795 4531 imo
1816 4475 2045 4547 majOres
2071 4478 2284 4547 pariunt

696 4571 908 4626 docenti
937 4569 1179 4623 sudores.
1210 4569 1309 4622 Alii
1344 4584 1571 4638 namque
1606 4584 1715 4637 pra:
1744 4568 2050 4624 curiositate
2080 4578 2283 4623 temere

697 4663 877 4719 omnia
908 4662 1157 4730 indagare
1188 4661 1373 4715 volunt
1396 4703 1409 4727 ,
1441 4675 1503 4714 ex
1531 4675 1757 4729 quorum
1785 4654 1969 4715 uetitia
1998 4661 2129 4714 nihil
2156 4676 2282 4715 eve-

702 4756 815 4811 uiat
857 4753 1014 4815 lucri,
1055 4752 1161 4804 imo
1196 4767 1315 4821 quas
1355 4751 1519 4805 edisci
1561 4753 1863 4820 neutiquam
1898 4760 2164 4821 possunt:
2196 4752 2285 4806 alii

702 4862 887 4903 rursus
927 4845 1022 4900 Dei
1058 4843 1378 4913 iudiciorum
1418 4844 1652 4898 rationes
1689 4844 1755 4899 ab
1795 4860 1861 4899 eo
1894 4836 2199 4914 postulant,
2234 4854 2288 4900 et

702 4940 952 5008 abyssum
1002 4936 1147 4989 illam
1193 4935 1413 5008 multam
1456 4935 1700 4990 demetiri
1746 4946 2008 4991 conantur
2038 4955 2052 4992 :
2080 4937 2288 4992 Iudicia

704 5042 932 5097 namque
965 5036 1071 5093 tua,
1103 5018 1302 5093 inquit,
1331 5025 1541 5095 abyssus
1568 5027 1726 5080 multa
1748 5028 1766 5097 (
1791 5026 1935 5081 Psal.
1969 5028 2057 5083 55.
2086 5028 2179 5101 7
2212 5031 2288 5085 De

693 5115 809 5177 'ﬁde
839 5108 1015 5174 autem
1045 5127 1099 5174 et
1122 5117 1190 5174 de
1218 5119 1339 5173 vitae
1375 5117 1707 5175 institutione
1738 5135 1936 5189 paucos
1973 5136 2161 5177 curare
2189 5123 2285 5177 de-

706 5211 1003 5281 prehendas
1028 5251 1047 5276 ,
1078 5210 1171 5265 sed
1204 5212 1371 5265 multo
1403 5212 1583 5279 plures
1612 5212 1726 5265 haec
1750 5196 1961 5269 curiose
1990 5225 2289 5271 scrutantes

707 5304 1199 5375 perquirentesque,
1221 5318 1339 5373 quas
1361 5309 1460 5357 nec
1482 5303 1703 5357 inveniri
1730 5306 1952 5373 possint,
1976 5321 2037 5361 ac
2058 5323 2287 5377 quorum

707 5395 990 5464 exquisitio
1012 5395 1175 5449 Deum
1199 5394 1391 5449 irritet.
1414 5393 1545 5451 Nam
1569 5394 1657 5449 ubi
1677 5410 1736 5449 ea
1755 5396 1993 5459 ediscere
2010 5413 2286 5467 conamur,

701 5501 826 5556 quae
856 5484 946 5539 ille
971 5500 1070 5540 nos
1101 5486 1241 5540 scire
1280 5500 1386 5565 non
1417 5486 1582 5551 velit,
1612 5501 1711 5541 nec
1737 5487 1970 5541 sciemus
1996 5504 2245 5559 umquam
2271 5532 2286 5556 ,

707 5580 724 5640 t
752 5576 843 5647 qui
870 5577 1011 5631 enim
1044 5576 1260 5631 nolente
1285 5575 1435 5631 Deo?
1460 5577 1479 5645 )
1508 5576 1559 5631 id
1586 5592 1745 5630 unum
1773 5580 2164 5647 reportabimus
2189 5622 2203 5646 ,
2234 5591 2294 5636 ut

712 5666 999 5740 quaerendo
1024 5667 1407 5734 periclitemur.
1434 5667 1703 5733 Attamen,
1731 5666 1844 5723 lucc
1870 5685 1990 5724 cum
2016 5672 2084 5730 ita
2112 5688 2170 5729 se
2197 5673 2293 5728 ha-

771 5759 791 5793 ι
826 5755 928 5816 Alii,
952 5756 1266 5819 iniquitatem.

1396 356 1455 411 S.
1497 350 1776 441 JOA‘NNIS
1814 344 2295 409 CHRYSOSTOMI
2333 344 2650 402 ARCHIEP.
2693 349 3224 409 CONSTANTINOP.

3851 359 3962 418 668

2372 467 2567 533 beant,
2599 484 2718 523 cum
2762 473 2881 540 quis
2921 474 3237 529 auctoritate
3278 475 3583 545 interposita
3619 480 3960 542 curiosorum

2371 558 2643 613 hominum
2686 576 2779 615 ora
2828 563 3171 627 obstrinxerit,
3219 570 3534 636 arrogantiae
3575 581 3630 626 et
3675 573 3963 643 imperitiae

2370 660 2550 706 notam
2588 653 2688 707 sibi
2731 655 2911 709 inurit.
2943 656 3302 723 Quamobrem
3339 660 3424 715 hic
3463 663 3625 715 multa
3658 680 3795 733 Opus
3820 669 3965 721 anti-

2369 744 2477 797 stiti
2512 745 2787 813 prudentia
2812 786 2827 807 ,
2859 758 2914 801 ut
2947 751 3111 817 possit
3135 765 3227 803 eos
3258 765 3285 803 a
3314 754 3690 825 quaestionibus
3723 768 3826 811 tam
3858 759 3963 812 ab-

2368 835 2545 888 surdis
2582 835 2881 900 abdu-cere,
2908 846 2963 891 et
2999 852 3158 907 supra
3198 851 3516 896 memoratas
3556 845 3963 909 criminationes

2368 924 2655 985 declinare.
2686 926 2955 982 Adversus
2979 927 3090 982 haec
3112 931 3286 983 omnia
3310 931 3440 984 nihil
3462 933 3599 987 aliud
3624 951 3780 1003 quam
3806 938 3960 993 verbi

2369 1016 2629 1069 auxilium
2658 1017 2837 1071 datum
2867 1027 2950 1072 est
2968 1058 2983 1084 ,
3010 1034 3111 1087 qua
3144 1004 3391 1077 facultate
3417 1024 3461 1077 si
3493 1028 3714 1081 antistes
3737 1038 3959 1096 careat,

2369 1106 2699 1159 subditorum
2731 1108 2895 1162 animi
2934 1108 3102 1163 nihilo
3131 1111 3320 1165 melius
3346 1129 3503 1181 quam
3539 1116 3795 1172 naviculae
3824 1135 3959 1189 pro-

2368 1197 2517 1251 cellis
2545 1199 2757 1267 agitatas
2792 1199 2967 1254 affecti
2994 1208 3149 1254 erunt
3177 1218 3191 1255 :
3219 1202 3285 1258 de
3322 1204 3387 1256 iis
3429 1204 3637 1273 loquor,
3674 1210 3768 1277 qui
3803 1210 3961 1264 inﬁr-

2370 1288 2567 1342 miores
2585 1298 2641 1343 et
2665 1289 2984 1345 curiosiores
3006 1300 3149 1345 sunt.
3173 1292 3529 1358 Quamobrem
3558 1314 3653 1365 par
3676 1310 3758 1353 est
3777 1316 3960 1356 sacer-

2368 1380 2547 1433 dotem
2576 1381 2706 1435 nilul
2733 1397 2838 1436 non
2863 1398 3055 1452 agere,
3088 1394 3144 1437 ut
3171 1385 3271 1439 sibi
3297 1384 3599 1443 facultatem
3636 1390 3770 1446 hanc
3798 1407 3954 1448 com-

2376 1482 2543 1540 paret.

2439 1562 2573 1616 Tum
2605 1564 2909 1620 BASlLlUS
2937 1580 2951 1623 :
2981 1565 3090 1619 Cur
3116 1581 3216 1636 ego
3242 1568 3461 1635 Paulus,
3492 1570 3682 1639 inquit,
3715 1572 3853 1628 hanc
3882 1574 3958 1627 si-

2368 1654 2419 1708 bi
2443 1653 2745 1709 facultatem
2773 1670 3085 1724 comparare
3106 1660 3122 1689 ¹
3152 1674 3256 1712 non
3285 1662 3511 1727 curavit,
3545 1678 3717 1732 neque
3741 1664 3808 1718 de
3836 1665 3951 1722 clo-

2367 1746 2594 1814 qucnlim
2626 1747 2798 1814 inopia
2826 1748 3065 1811 erubuit,
3096 1748 3205 1801 imo
3232 1751 3402 1819 palam
3434 1751 3625 1807 fatetur
3650 1769 3706 1809 se
3734 1755 3957 1809 idiotam

2368 1838 2670 1906 esse,idque
2687 1838 2751 1890 ad
2768 1836 3069 1893 Corinthios
3083 1839 3343 1907 scribens,
3363 1842 3451 1911 qui
3468 1844 3783 1913 eloquentia:
3798 1846 3960 1900 laude

2372 1926 2649 1993 florebant,
2679 1927 2747 1981 de
2772 1943 2874 1997 qua
2902 1943 3107 1984 summe
3134 1932 3497 2000 gloriabantur
3514 1923 3589 2005 (Ξ.
3611 1933 3727 1988 Cor.
3755 1936 3961 2008 11.6)?

2464 2019 2515 2073 6.
2560 2018 2791 2072 Paulam
2846 2021 2899 2073 in
2950 2022 3046 2074 hoc
3095 2024 3315 2077 maxime
3360 2036 3609 2079 versatum
3659 2031 3833 2099 fuisse.
3884 2059 3950 2069 —

2368 2110 2738 2167 CHRYSOST.
2780 2112 2891 2167 Hoc
2916 2125 3017 2177 est,
3052 2115 3289 2183 inquam,
3324 2116 3424 2171 hoc
3450 2127 3552 2183 est,
3583 2120 3722 2189 quod
3757 2123 3958 2190 pleros.

2368 2217 2472 2269 que
2502 2201 2764 2269 perdidit,
2802 2212 2856 2257 et
2880 2205 3019 2258 circa
3053 2221 3233 2260 veram
3259 2206 3553 2263 doctrinam
3583 2212 3854 2280 segniores
3879 2213 3962 2267 ef-

2369 2290 2509 2344 fecit.
2534 2290 2666 2345 Cum
2694 2293 2836 2346 enim
2861 2295 3165 2363 apostolica
3193 2298 3387 2351 mentis
3414 2299 3745 2355 altitudinem
3769 2312 3961 2358 exacte

2369 2383 2593 2435 scrutari
2616 2398 2719 2437 non
2742 2396 2982 2473 possent,
3007 2403 3179 2457 neque
3200 2390 3482 2445 verborum
3505 2408 3718 2447 sensum
3740 2410 3953 2465 capere,
3991 2371 3998 2375 ’

2369 2488 2529 2528 omne
2564 2484 2775 2545 tempus
2816 2478 3189 2534 somnulentiae
3228 2490 3283 2535 et
3322 2484 3614 2538 oscitantlaz
3648 2486 3977 2554 dederunt,

2370 2562 2633 2617 inscitiam
2662 2565 2804 2618 illam
2832 2566 3139 2636 amplexati,
3164 2574 3270 2623 nun
3295 2587 3395 2641 qua
3423 2572 3618 2627 Paulus
3643 2590 3699 2629 se
3726 2576 3956 2631 inscium

2370 2666 2490 2706 esse
2514 2653 2659 2717 dicit,
2683 2654 2776 2708 sed
2805 2670 2834 2708 a
2863 2672 2964 2725 qua
2994 2666 3140 2711 tanto
3161 2658 3251 2712 ille
3271 2660 3437 2715 abfuit
3458 2663 3757 2730 intervallo,
3780 2682 3956 2735 quau-

2373 2752 2426 2797 to
2452 2744 2628 2798 nullus
2657 2744 2954 2815 hominum,
2986 2749 3073 2817 qui
3104 2751 3202 2804 sub
3230 2752 3362 2805 cado
3391 2762 3533 2807 sunt.
3565 2753 3829 2810 Cancrum
3857 2758 3962 2813 hoc

2372 2838 2795 2905 pertractandum
2830 2839 2970 2892 aliud
3010 2841 3061 2893 in
3097 2850 3307 2910 tempus
3336 2858 3714 2905 reservamus:
3743 2848 3959 2903 interim

2373 2926 2500 2980 illud
2530 2927 2702 2982 dicam
2737 2946 2749 2980 :
2782 2929 3048 2985 Ponamus
3076 2930 3298 2987 Paulum
3325 2949 3445 2990 esse
3468 2934 3683 2990 idiotam
3711 2922 3958 2996 etiamin

2374 3017 2483 3084 illa,
2517 3034 2617 3088 qua
2649 3020 2747 3087 ipsi
2778 3022 2981 3084 volunt,
3014 3033 3164 3092 parte
3195 3040 3209 3077 :
3240 3025 3366 3092 quid
3390 3028 3491 3080 hoc
3514 3027 3580 3081 ad
3603 3037 3799 3087 nostra:
3826 3038 3960 3083 teta-

2375 3109 2442 3162 tis
2468 3109 2752 3163 homines?
2779 3111 2871 3165 llle
2900 3112 3096 3183 quippe
3114 3112 3292 3168 multo
3320 3116 3575 3184 majorem
3602 3119 3771 3173 verbo
3796 3121 3963 3175 virtu-

2376 3207 2480 3253 tem
2521 3198 2733 3264 habuit,
2764 3217 2881 3270 qtun
2922 3203 3076 3271 longe
3115 3204 3264 3273 plura
3304 3215 3558 3274 praestare
3596 3219 3961 3277 posset;_nam

2373 3290 2660 3345 ostendens
2689 3306 2747 3345 se
2775 3300 2977 3346 tantum
3003 3309 3067 3347 ac
3093 3303 3271 3349 tacens
3299 3282 3627 3353 daemonibus
3652 3301 3959 3356 formidabi-

2375 3384 2445 3440 lis
2459 3393 2577 3439 erat
2596 3404 2607 3438 :
2637 3386 2882 3441 hodierni
2904 3393 3085 3440 autem
3111 3387 3360 3443 homines
3379 3402 3569 3439 omnes
3586 3389 3749 3439 simul
3763 3390 3965 3449 coacti,

2376 3476 2608 3531 inﬁnitis
2634 3471 2744 3530 tum
2766 3478 3047 3548 precibus.
3074 3486 3188 3531 tum
3218 3479 3497 3548 lacrymis,
3532 3494 3811 3547 nunquam
3838 3489 3969 3533 tan-

2374 3577 2488 3623 tum
2509 3568 2742 3638 possint,
2769 3576 3032 3637 quantum
3054 3569 3183 3621 olim
3206 3567 3357 3621 Pauli
3377 3570 3716 3623 semicinctia
3737 3578 3973 3638 potuere

2375 3661 2518 3729 (Act.
2547 3650 2767 3720 19.11).
2800 3656 3002 3711 Paulus
3038 3657 3255 3726 quidem
3283 3660 3540 3727 precibus
3567 3668 3814 3714 mortuos
3840 3676 3975 3716 sus-

2374 3751 2600 3815 citabat,
2623 3751 2795 3803 etalia
2820 3750 3043 3818 insuper
3066 3748 3327 3802 miracula
3356 3751 3629 3817 ejusmodi
3654 3753 3868 3816 edebat,
3901 3761 3970 3806 ut

2376 3844 2444 3897 ab
2460 3842 2704 3897 externis
2723 3842 2857 3894 deus
2881 3858 3003 3896 esse
3028 3850 3311 3910 putaretur
3328 3840 3434 3912 (Ib.
3460 3842 3546 3895 Η.
3569 3843 3679 3908 H),
3698 3858 3781 3905 ac,
3812 3843 3973 3912 prius

2375 3949 2538 4003 quam
2567 3950 2631 3988 ex
2662 3933 2765 3986 hac
2804 3934 2916 3987 vita
2946 3933 3367 3996 transferretur,
3400 3934 3602 4003 dignus
3632 3934 3850 3989 habitus
3878 3944 3974 3991 est
4052 3936 4053 3943 “

2376 4027 2467 4097 qui
2491 4035 2778 4096 raperetur
2802 4041 2976 4095 usque
2996 4026 3062 4079 ad
3091 4026 3309 4079 tertium
3329 4026 3542 4087 caalum,
3563 4026 3974 4094 verborumque

2377 4120 2649 4189 particeps
2678 4118 2849 4177 ﬁeret,
2878 4133 2998 4186 quae
3025 4117 3319 4169 humanam
3349 4116 3541 4169 audire
3572 4123 3827 4172 naturam
3853 4131 3970 4171 non

2379 4213 2503 4265 licet
2528 4210 2603 4280 (2.
2640 4210 2763 4263 Cor.
2799 4211 2888 4263 12.
2932 4210 3009 4279 2).
3047 4209 3113 4261 At
3143 4209 3234 4277 qui
3266 4223 3409 4262 nunc
3440 4208 3630 4261 vivunt
3665 4207 3835 4277 (nihil
3865 4222 3975 4277 ego

2376 4302 2558 4370 eloqui
2588 4312 2807 4370 possum
2836 4298 3016 4367 'quod
3042 4299 3329 4351 molestum
3348 4297 3430 4350 vel
3454 4311 3620 4365 grave
3640 4311 3762 4351 esse
3778 4295 3974 4349 videa-

2380 4401 2501 4447 tur:
2530 4393 2645 4445 haec
2664 4390 2865 4459 quippe
2880 4405 2989 4443 non
3017 4390 3291 4443 insultans
3315 4388 3396 4442 eis
3421 4386 3569 4451 dico,
3602 4384 3697 4440 sed
3725 4385 3975 4439 admira-

2381 4488 2531 4541 tione
2552 4485 2803 4554 captus),
2824 4484 3100 4554 quomodo
3132 4496 3237 4534 non
3267 4481 3717 4550 perhorrescunt,
3754 4477 3881 4531 dum
3909 4491 3978 4532 se

2380 4579 2939 4644 tali'virocomparant
2962 4574 3127 4628 lNam
3146 4572 3512 4637 si,miracu|is
3525 4571 3766 4633 omissis,
3800 4568 3863 4621 ad
3888 4568 3974 4621 vi-

2370 4680 2493 4725 tam
2518 4670 2659 4723 beati
2682 4668 2830 4721 illius
2848 4666 2947 4719 viri
2974 4664 3327 4726 accedamus,
3348 4662 3579 4731 ejusque
3595 4674 3777 4714 mores
3802 4672 3967 4726 ange-

2384 4762 2520 4814 licos
2550 4757 2945 4826 disquiramus,
2975 4754 3030 4806 in
3056 4753 3159 4805 hac
3183 4767 3243 4805 re
3272 4752 3465 4820 magis,
3491 4764 3654 4819 quam
3685 4749 3738 4801 in
3767 4746 3972 4815 signis,

2370 4846 2587 4902 Christi
2606 4837 2863 4898 athletam
2880 4843 2900 4873 ³
2921 4850 3271 4909 superantem
3294 4837 3679 4903 videbis.Quid
3694 4838 3838 4891 enim
3860 4850 3977 4889 me-

2384 4953 2565 4993 mores
2583 4936 2846 4998 studium,
2866 4933 3217 5003 probitatem,
3233 4930 3538 4999 frequentia
3562 4929 3827 4997 pericula,
3846 4942 3980 4980 con-

2386 5034 2568 5089 tinuas
2579 5027 2999 5086 sollicitudines,
3026 5024 3426 5077 indesinentem
3450 5036 3548 5089 pro
3567 5019 3829 5073 Ecclesiis
3844 5005 4002 5072 mo:-~

2386 5139 2567 5179 rorem
2590 5121 2696 5193 (Ib.
2724 5121 2813 5174 11.
2835 5120 2949 5189 26),
2973 5133 3100 5187 erga
3130 5117 3381 5171 inﬁrmos
3402 5114 3974 5171 commiserationem.

2386 5220 2588 5273 multas
2607 5230 2901 5278 aerumnas,
2931 5226 3103 5267 novas
3120 5210 3602 5280 persequutiones,
3625 5198 3983 5276 quotidianas

2387 5320 2595 5368 mortes
2611 5311 2683 5382 (Ι.
2704 5303 3008 5375 Cor.9.22)?
3024 5303 3157 5370 Quis
3179 5304 3327 5359 orbis
3348 5304 3649 5370 locus,quae
3662 5298 3979 5356 continens,

2394 5395 2535 5465 quod
2566 5408 2711 5446 mare
2737 5392 2864 5461 justi
2893 5390 3051 5460 hujus
3077 5390 3362 5444 certamina
3390 5388 3651 5458 ignoravit
3671 5387 3696 5443 ’ἓ
3714 5386 3866 5441 Illum
3893 5386 3982 5441 inv-

2463 5579 2477 5610 ¹
2514 5575 2676 5641 savil.,
2700 5576 2836 5641 (hanc
2879 5574 2973 5641 sibi
3004 5573 3280 5641 facultatem
3323 5584 3622 5641 comparare.
3658 5577 3989 5641 Itagua_pars

2399 5650 2503 5691 Mss.
2512 5676 2526 5699 ,
2539 5634 2773 5702 nuncubi.
2784 5674 2814 5685 ..
2830 5634 3016 5702 Morel.,
3028 5634 3153 5702 limit;
3168 5648 3469 5702 comparare.
3485 5634 3704 5685 savilium
3715 5634 3987 5695 sequimur.

2466 5705 2485 5732 ’
2514 5696 2625 5758 Ἀιὶἱ,
2649 5699 2769 5748 nihil
2790 5711 2876 5759 ego
2897 5696 3052 5759 eloqui
3078 5699 3195 5749 toto.

2467 5765 2487 5796 ⁸
2520 5762 2626 5824 Alii,
2656 5761 2737 5811 Dei
2762 5759 3007 5810 athletam.
